4026 6186
265 327 364 387 365

1415 325 1517 384 DE
1563 323 1742 384 CAIN
1788 322 1889 384 ET
1937 322 2140 384 ABEL
2184 323 2332 385 LIB.
2379 325 2456 386 Il.

3539 326 3654 390 366

259 459 497 525 haberet,
531 471 652 529 quo
682 459 880 530 posset
909 457 1181 513 evadere:
1219 455 1430 512 Christi
1464 462 1657 512 autem
1704 456 1896 511 mani-
1927 455 1981 520 Α
2081 470 2222 532 sum,
2256 464 2306 510 et
2348 460 2540 512 contra
2558 474 2578 518 ;
2610 459 2671 511 ut
2723 457 3062 526 E-vangelicis
3108 458 3371 530 exemplis
3410 473 3655 532 compro-

257 548 387 604 festa
413 547 474 602 in
500 563 706 603 omnes
737 546 1090 618 praedicetur
1121 543 1565 612 misericordia;
1623 560 1689 598 eo
1738 543 1893 615 quod

257 636 290 692 ii
316 636 409 709 qui
441 641 706 708 pereunt,
742 652 850 691 sua
880 638 1126 706 pereunt
1150 632 1538 706 negligentia:
1571 630 1672 704 qui
1697 636 1892 687 autem

256 725 557 792 salvantur,
577 724 905 780 secundum
929 723 1142 778 Christi
1163 722 1518 778 sententiam
1548 721 1890 787 liberentur,

256 815 340 887 qui
368 830 571 870 omnes
601 812 871 869 homines
899 812 1024 867 vult
1054 811 1245 868 salvos
1277 811 1424 878 ﬁeri,
1462 815 1519 866 et
1556 810 1615 865 in
1649 809 1894 883 agnitio-

255 919 369 959 nem
401 901 663 958 veritatis
691 902 909 958 venire.
944 901 1204 972 Denique
1229 903 1286 955 et
1301 900 1556 956 Sodoma
1576 899 1625 955 si
1655 899 1896 955 habuis-

257 996 330 1048 set
358 990 788 1064 quinquaginta
821 991 1043 1062 justos,
1094 1006 1207 1045 non
1265 993 1422 1046 esset
1469 1004 1687 1056 eversa,
1737 993 1793 1044 et
1842 988 1892 1044 si

255 1082 439 1137 decem
471 1077 794 1144 habuisset,
828 1082 984 1134 esset
1011 1077 1315 1149 redempta
1348 1094 1362 1144 ;
1397 1092 1462 1132 eo
1495 1077 1650 1149 quod
1699 1092 1892 1132 sermo

256 1167 604 1227 remissionis
651 1172 1020 1240 peccatorum
1065 1166 1322 1222 animam
1375 1167 1655 1222 servitute
1697 1170 1892 1231 exuat,

254 1264 300 1316 et
323 1257 644 1330 disciplina
670 1256 971 1329 plenitudo
1004 1255 1275 1328 perfecta
1301 1259 1558 1311 mentem
1590 1271 1706 1310 non
1738 1254 1895 1310 sinat

252 1347 399 1404 edaci
430 1345 750 1402 libidinum
779 1361 992 1418 vapore
1023 1345 1314 1401 consumi.

312 1439 396 1491 12.
433 1433 763 1490 Plurimum
795 1439 992 1490 tamen
1019 1434 1213 1501 refert,
1242 1437 1298 1489 et
1329 1432 1610 1488 moralem
1649 1433 1894 1488 aedificat

251 1526 538 1591 affectum,
572 1524 619 1580 si
653 1525 832 1580 etiam
863 1538 1180 1578 numerum
1208 1523 1507 1593 justorum
1549 1521 1894 1594 simpliciter

251 1613 600 1686 accipiamus
622 1612 899 1683 prodesse
930 1611 1278 1684 populorum
1310 1610 1506 1666 saluti.
1549 1609 1895 1682 Comprimit

247 1709 294 1758 et
338 1705 565 1757 resecat
618 1699 922 1765 invidiam,
966 1699 1272 1754 confundit
1295 1699 1752 1771 improbitatem,
1783 1698 1896 1753 vir-

247 1797 356 1847 tem
384 1789 614 1855 incitat,
656 1793 831 1861 auget
879 1788 1150 1861 gratiam.
1201 1789 1382 1844 Nemo
1421 1787 1578 1843 enim
1636 1787 1894 1844 invidere

245 1881 406 1935 debet
436 1877 606 1934 alteri
638 1877 870 1932 laudem
901 1892 1030 1948 qua
1063 1875 1172 1932 sibi
1206 1876 1428 1948 prosit:
1460 1880 1634 1949 atque
1676 1876 1893 1949 impro-

244 1969 350 2024 bus
395 1966 650 2039 quisque
715 1965 1142 2036 redemptorem
1199 1981 1374 2021 suum
1428 1966 1570 2021 dum
1626 1965 1891 2038 suscipit,

245 2057 576 2127 frequenter
603 2053 913 2122 imitatur;
966 2057 1119 2109 certe
1173 2058 1504 2120 veneratur,
1545 2055 1893 2126 plerumque

243 2144 412 2199 etiam
444 2143 656 2216 diligit.
691 2144 818 2214 Ipse
849 2141 1027 2198 etiam
1059 2141 1108 2197 si
1139 2141 1269 2197 aliis
1302 2143 1676 2213 profuturum
1725 2144 1890 2211 sciat,

243 2231 455 2289 studiis
506 2236 772 2304 augetur,
823 2245 1006 2302 eaque
1045 2231 1234 2302 gratia
1283 2232 1574 2287 connectit
1622 2231 1890 2303 populos,

240 2319 578 2390 accumulat
624 2319 969 2375 charitatem
1037 2318 1276 2386 civium,
1335 2321 1570 2375 urbium
1622 2319 1888 2393 gloriam.

242 2413 426 2477 Quam
474 2409 646 2464 beata
689 2408 893 2464 civitas
940 2425 1070 2480 qua
1120 2406 1404 2479 plurimos
1446 2409 1638 2479 justos
1697 2409 1893 2481 habet,

241 2517 418 2573 quam
452 2495 820 2554 celebrabilis
849 2513 946 2552 ore
975 2496 1238 2551 omnium
1275 2515 1287 2551 :
1315 2499 1605 2568 quomodo
1651 2498 1893 2554 benedi-

241 2589 396 2645 citur
421 2591 549 2643 tota
580 2587 649 2642 de
681 2589 864 2658 parte,
900 2590 957 2640 et
985 2585 1194 2641 beatus
1225 2589 1401 2657 atque
1431 2591 1746 2659 perpetuus
1767 2588 1896 2658 ejus

153 2745 160 2748 _
237 2681 430 2732 status
462 2675 823 2730 astimaturl
860 2676 1042 2739 Quam
1065 2674 1288 2747 gaudeo
1319 2690 1453 2729 cum
1476 2674 1702 2747 aliquos
1726 2676 1896 2732 mites

235 2782 302 2825 ac
331 2765 636 2837 sapientes
666 2762 766 2817 diu
795 2762 985 2817 vivere
1013 2761 1198 2828 video,
1233 2778 1367 2817 cum
1397 2763 1650 2834 virgines
1682 2768 1895 2835 castas,

229 2855 444 2911 viduas
493 2867 697 2926 graves
739 2850 959 2922 aspicio
1001 2849 1313 2922 longaevas,
1366 2849 1527 2905 velut
1575 2853 1894 2923 quamdam

232 2944 519 2998 incanum
575 2937 843 2996 Ecclesia
904 2938 1129 2993 curiam
1213 2955 1341 3010 qua
1402 2941 1720 3010 pratendat
1769 2941 1897 3013 ipso

233 3031 496 3104 quodam
528 3027 694 3084 vultu
711 3032 769 3084 et
786 3026 978 3099 specie
998 3026 1302 3096 gravitatis
1325 3029 1476 3099 quod
1504 3033 1894 3097 revereantur,

233 3121 394 3193 quod
426 3119 756 3184 imitentur,
816 3131 932 3187 quo
958 3115 1031 3170 ad
1081 3132 1316 3170 omnem
1358 3133 1588 3172 morum
1646 3117 1895 3190 gratiam

2083 527 2259 582 batur.

2076 633 2159 688 13.
2197 633 2330 689 Ideo
2363 649 2501 706 ergo
2533 633 2954 707 primogenitos
2983 639 3039 691 et
3069 637 3465 708 redemptores
3487 640 3652 694 cate-

2005 737 2206 776 rorum
2257 722 2484 778 Levitas
2529 723 2755 795 Moyses
2803 723 3113 796 appellavit
3153 725 3336 796 (Nam.
3374 743 3459 796 III,
3514 727 3652 796 12);

2003 809 2158 880 quod
2192 810 2528 866 maturioris
2553 815 2610 866 et
2636 811 2795 866 utilis
2827 812 3125 867 sententia
3173 814 3280 867 viri
3327 814 3508 870 altero
3561 831 3652 870 se-

2004 903 2299 955 nectutem
2335 900 2654 970 quamdam
2695 900 2903 955 anima
2936 901 3262 973 praferant,
3323 903 3502 959 altero
3561 920 3653 959 re-

2001 988 2399 1059 demptionem
2432 989 2751 1044 conferant.
2789 989 2951 1045 Unde
2967 994 3023 1045 et
3040 991 3300 1046 civitates
3320 991 3651 1048 Levitarum

2002 1077 2062 1132 in
2126 1075 2317 1132 Veteri
2379 1078 2751 1132 Testamento
2826 1078 3238 1150 redemptrices
3303 1079 3653 1152 significavit

2004 1167 2230 1238 Moyses
2281 1167 2462 1236 (Num.
2525 1183 2696 1234 xxxv,
2753 1167 2849 1238 6):
2909 1167 3046 1238 quia
3105 1168 3155 1222 is
3204 1169 3304 1239 qui
3390 1170 3653 1242 confugit

2003 1256 2073 1312 ad
2106 1273 2235 1311 eam
2267 1255 2546 1321 animam,
2574 1255 2633 1311 in
2666 1273 2783 1328 qua
2812 1255 3036 1312 habitat
3065 1256 3166 1312 Dei
3196 1257 3470 1327 Verbum,
3524 1275 3650 1330 qua

2006 1345 2169 1400 urbis
2201 1345 2374 1400 modo
2407 1344 2637 1399 munita
2667 1349 2842 1416 atque
2898 1343 3115 1401 vallata
3158 1345 3252 1412 sit,
3311 1350 3650 1418 perpetuam

2001 1432 2330 1488 libertatem
2363 1431 2613 1504 acquirit
2642 1432 2772 1488 sibi.
2808 1432 2971 1488 Sicut
3000 1433 3156 1488 enim
3205 1433 3264 1488 in
3315 1435 3650 1492 civitatibus

2003 1521 2328 1577 Levitarum
2365 1525 2486 1576 erat
2517 1537 2814 1593 panarum
2845 1521 3152 1591 remissio;
3188 1527 3254 1578 ut
3310 1523 3358 1578 si
3391 1523 3524 1596 quis
3577 1525 3650 1580 ad

2002 1627 2100 1666 eas
2121 1610 2482 1682 confugeret,
2503 1609 2604 1681 qui
2630 1625 2744 1664 non
2761 1607 3151 1666 voluntariam
3170 1627 3370 1667 necem
3395 1610 3652 1669 hominis

2002 1699 2342 1762 admiserat,
2371 1696 2516 1752 nulli
2548 1714 2684 1753 eum
2733 1697 2991 1754 occidere
3023 1698 3222 1755 liceret
3266 1699 3422 1756 intra
3475 1701 3652 1756 urbes

2004 1789 2287 1843 duntaxat
2308 1787 2566 1858 positum
2588 1785 2909 1842 Levitarum
2931 1804 2944 1842 :
2979 1787 3063 1842 Ita
3085 1803 3262 1858 quem
3286 1787 3505 1860 peccati
3526 1804 3656 1860 pro-

2004 1879 2116 1950 prii
2147 1877 2408 1950 pocnitet,
2453 1877 2610 1948 quod
2669 1881 2770 1932 aut
2822 1876 3226 1948 imprudenter
3267 1881 3372 1934 aut
3432 1877 3650 1934 invitus

2003 1967 2265 2036 admisit,
2288 1966 2336 2021 si
2361 1965 2690 2020 Levitarum
2710 1964 3286 2032 adharatincolatui,
3333 1969 3391 2021 et
3414 1965 3487 2021 ab
3535 1965 3652 2023 illis

2003 2054 2454 2130 praceptoribus
2487 2053 2587 2126 qui
2616 2053 2714 2109 Dei
2747 2054 3026 2108 mandata
3071 2053 3434 2126 dispensant,
3493 2069 3654 2112 rece-
3699 2046 3709 2053 ’

2004 2146 2260 2203 dendum
2293 2159 2407 2199 non
2431 2146 2617 2215 putet,
2648 2141 2740 2198 lex
2769 2141 2899 2214 ipsa
2921 2143 2992 2198 ab
3016 2142 3176 2198 omni
3193 2158 3326 2198 eum
3349 2143 3651 2200 commissi

2006 2233 2205 2306 flagitii
2240 2249 2413 2305 pcena
2443 2229 2852 2304 supplicioque
2878 2230 3104 2287 liberat.

2079 2325 2162 2378 14.
2195 2323 2310 2378 Nec
2342 2321 2665 2376 absurdum
2700 2325 2870 2392 putes
2902 2321 3055 2392 quod
3107 2321 3420 2377 facinorosi
3480 2321 3654 2378 coha-

2004 2413 2195 2468 bitant
2225 2410 2359 2482 piis,
2392 2425 2459 2464 ac
2474 2407 2754 2464 maculosi
2779 2409 3046 2464 sacratis.
3071 2408 3232 2480 Opus
3253 2410 3412 2466 enim
3434 2410 3656 2467 habent

2005 2499 2300 2573 purificari
2332 2497 2430 2569 qui
2457 2495 2653 2568 aliquo
2685 2496 2892 2567 polluti
2924 2501 3063 2552 sunt
3109 2497 3456 2554 delictorum
3514 2515 3653 2555 con-

2004 2589 2182 2660 tagio.
2215 2589 2284 2642 Et
2309 2584 2741 2658 quodammodo
2785 2584 3012 2640 diverso
3051 2600 3261 2656 genere
3291 2603 3470 2642 causa
3515 2604 3652 2642 con-

2005 2679 2205 2733 currit.
2239 2677 2400 2731 Sicut
2429 2673 2586 2728 enim
2627 2672 2851 2728 Levites
2884 2673 3200 2730 mundanis
3253 2675 3655 2747 voluptatibus

2005 2766 2332 2828 abdicatus,
2364 2762 2524 2818 cxsul
2556 2764 2644 2816 est
2674 2760 2879 2833 culpa,
2912 2761 2994 2817 ita
3036 2763 3343 2835 sanguinis
3372 2780 3530 2831 reus,
3561 2765 3657 2820 fu-

2006 2855 2220 2928 gitivus
2252 2856 2340 2908 est
2369 2851 2586 2923 patria.
2619 2850 2730 2905 Sed
2762 2849 2871 2904 hoc
2899 2850 3160 2921 interest,
3217 2853 3374 2923 quod
3405 2853 3514 2909 iste
3553 2868 3654 2909 ne-

2006 2943 2276 2999 cessitate
2335 2957 2475 2996 suos
2506 2939 2724 2995 deserit
2752 2943 2989 3010 propter
3019 2943 3238 2995 metum
3270 2940 3446 3014 legis:
3479 2941 3656 2996 mini-

2008 3038 2127 3088 ster
2157 3035 2353 3086 autem
2396 3028 2496 3084 Dei
2547 3028 2941 3083 humanarum
2991 3029 3302 3084 consortiis
3361 3030 3658 3086 renuntiat

2009 3120 2372 3194 passionum,
2399 3122 2457 3174 et
2485 3117 2738 3188 quadam
2769 3116 3320 3173 carnalisillecebra
3340 3134 3402 3173 se
3422 3119 3657 3175 abdicat

233 3187 613 3264 celarentur!
648 3205 774 3260 Non
814 3204 972 3260 enim
1019 3204 1165 3278 ipsis
1195 3206 1442 3276 gaudeo,
1475 3223 1606 3261 cum
1652 3187 1897 3263 vivendo
1929 3187 1971 3254 C
2011 3187 2450 3268 necessitudine
2483 3187 2719 3279 propter
2749 3206 2948 3261 studia
2975 3206 3229 3262 virtutis.
3269 3207 3457 3263 Etiam
3505 3207 3652 3264 illud

234 3297 429 3353 multa
460 3288 714 3352 subeant
742 3293 914 3349 tadia
943 3292 1137 3350 saculi
1168 3293 1365 3365 hujus,
1418 3296 1518 3350 sed
1574 3295 1712 3368 quia
1767 3314 1900 3368 pro-

233 3390 382 3442 sunt
410 3383 709 3457 pluribus.
741 3380 1027 3438 Similiter
1055 3383 1195 3438 dum
1213 3381 1429 3454 aliquis
1447 3382 1786 3454 hujusmodi
1810 3387 1902 3442 de-

236 3474 403 3540 cidit,
439 3472 710 3546 quamvis
764 3471 938 3543 longa
956 3475 1257 3527 senectute
1286 3472 1609 3544 depositus,
1640 3475 1899 3545 afficior;

239 3560 745 3635 quiadestituitur
767 3560 1200 3634 grexjuvenum
1226 3577 1395 3615 muro
1431 3561 1620 3618 senili.
1646 3563 1904 3638 Denique

237 3652 541 3723 peritura,
579 3650 762 3713 urbis,
815 3653 916 3704 aut
961 3647 1252 3703 malorum
1301 3649 1762 3720 imminentium,
1814 3653 1902 3709 vel

237 3741 454 3796 futura
495 3737 647 3795 labis
679 3737 787 3793 hoc
837 3738 1098 3808 primum
1145 3737 1428 3792 indicium
1483 3744 1589 3809 est,
1640 3741 1689 3796 si
1738 3742 1904 3798 dece-

239 3828 524 3898 dant(49)
565 3827 675 3881 viri
730 3825 1138 3894 consultiores,
1199 3825 1289 3882 vel
1350 3828 1528 3883 etiam
1612 3830 1908 3902 graviores

238 3918 502 3974 femina.
537 3915 680 3971 Hinc
715 3914 968 3987 primum
1001 3914 1403 3988 ingruentium
1437 3925 1601 3989 porta
1649 3920 1911 3990 aperitur

239 4007 563 4062 malorum.
620 4005 785 4060 Sicut
831 4019 967 4076 ergo
1013 4003 1157 4060 urbs
1199 4007 1318 4059 tota
1378 4006 1662 4062 solidatur
1733 4012 1908 4081 atque

243 4100 495 4167 urgetur
540 4097 686 4149 catu
743 4091 1121 4164 sapientium,
1154 4091 1243 4147 vel
1274 4092 1438 4148 obitu
1485 4094 1904 4154 labefactatur:

247 4183 327 4237 ita
353 4198 553 4238 sermo
597 4181 810 4252 gravis,
865 4185 922 4236 et
967 4179 1203 4252 quidem
1251 4181 1474 4252 senilis
1501 4184 1654 4241 212
1697 4184 1908 4258 plenus

250 4271 579 4342 prudentia
640 4268 899 4325 stabilire
966 4269 1436 4342 uniuscujusque
1507 4273 1785 4341 animam,
1852 4281 1910 4332 et

250 4360 607 4415 confirmare
639 4362 896 4414 mentem
917 4357 1083 4414 solet.
1105 4359 1138 4414 J
1145 4376 1238 4414 am
1254 4359 1302 4415 si
1327 4361 1565 4417 accedat
1585 4363 1906 4420 multarum

249 4447 573 4504 lectionum
609 4463 774 4514 usus,
804 4446 1193 4518 plurimorum
1228 4454 1648 4521 praceptorum
1679 4456 1735 4508 et
1765 4469 1906 4509 con-

2010 3316 2126 3355 non
2156 3297 2429 3354 abhorret
2454 3311 2488 3349 a
2516 3311 2672 3360 vero,
2706 3293 2863 3364 quod
2911 3297 2968 3348 et
3006 3293 3116 3349 iste
3162 3293 3320 3350 velut
3367 3297 3656 3367 quasdam

2008 3389 2070 3444 in
2100 3403 2163 3443 se
2193 3402 2407 3441 manus
2457 3382 2682 3454 injicit;
2729 3387 2794 3437 ut
2839 3382 3151 3439 interficiat
3182 3383 3509 3457 voluptates
3565 3385 3659 3443 sui

2011 3475 2290 3548 corporis,
2324 3478 2382 3528 et
2421 3471 2734 3545 quemdam
2777 3488 2895 3526 sua
2951 3472 3144 3528 carnis
3193 3478 3464 3546 operetur
3517 3474 3664 3530 inte-

2011 3566 2212 3622 ritum.
2245 3559 2539 3617 Interfecit
2569 3576 2776 3630 nempe
2797 3560 3025 3632 Moyses
3036 3561 3391 3634 Egyptium,
3409 3567 3468 3620 et
3489 3564 3666 3637 fugax

2011 3657 2197 3710 factus
2228 3655 2319 3707 est
2348 3649 2418 3704 de
2447 3653 2598 3704 terra
2629 3648 2874 3720 Egypti,
2909 3654 2975 3702 ut
3004 3649 3322 3707 declinaret
3349 3653 3478 3724 ejus
3498 3655 3663 3708 terra

2013 3749 2354 3816 tyrannum.
2390 3738 2501 3794 Sed
2541 3753 2655 3792 non
2706 3739 2838 3792 ante
2885 3735 3051 3792 illum
3083 3738 3468 3797 interfecisset
3495 3745 3666 3814 Egy-

2014 3831 2204 3904 ptium
2235 3827 2556 3892 hominem,
2589 3825 2702 3880 nisi
2736 3824 2974 3897 priusin
3009 3842 3072 3881 se
3088 3828 3358 3898 nequitia
3381 3828 3664 3901 spiritalis

2015 3917 2348 3991 Egyptium
2381 3914 2792 3984 interemisset,
2825 3917 2881 3968 et
2911 3914 3240 3971 abdicasset
3282 3931 3344 3971 se
3376 3915 3664 3988 regalium

2013 4008 2153 4064 luxu
2186 4006 2498 4070 honorum,
2533 4004 2727 4074 majus
2753 4003 3173 4074 patrimonium
3204 4005 3500 4061 astimans
3535 4004 3664 4061 the-

2015 4096 2208 4154 sauris
2252 4093 2472 4166 Egypti
2526 4092 2910 4164 opprobrium
2962 4091 3196 4148 Christi.
3243 4093 3404 4157 Quod
3464 4093 3665 4151 stultis

2015 4185 2254 4259 quidem
2281 4183 2512 4239 videtur
2541 4181 2958 4253 opproprium:
3021 4182 3190 4238 nobis
3266 4187 3460 4239 autem
3517 4183 3666 4239 illud

2015 4272 2395 4348 oppr0prium
2425 4271 2742 4327 Dominica
2773 4271 2963 4327 crucis
2994 4271 3178 4326 virtus
3206 4270 3304 4327 Dei
3359 4275 3449 4328 est
3491 4275 3666 4344 atque

2015 4363 2321 4436 sapientia.

2087 4453 2173 4508 45.
2207 4450 2443 4507 Accedit
2481 4465 2569 4516 eo,
2597 4449 2750 4520 quod
2785 4447 2899 4503 duo
2932 4449 3198 4520 quaedam
3229 4450 3289 4505 in
3329 4450 3446 4506 Deo
3504 4448 3669 4523 prin-

250 4536 522 4593 siliorum
575 4536 816 4608 quidam
851 4540 1114 4606 senatus,
1161 4535 1322 4592 velut
1363 4543 1706 4610 perpetuum
1756 4543 1920 4601 urbis
1948 4552 1996 4618 D
2029 4541 2239 4615 cipalia
2271 4544 2411 4595 sunt
2441 4554 2652 4611 genera
2675 4537 2980 4604 virtutum,
3020 4555 3202 4594 unum
3238 4556 3354 4612 quo
3402 4538 3666 4607 remittit,

252 4625 384 4695 ejus
427 4641 558 4696 qua
609 4625 667 4679 in
719 4624 1090 4697 singulorum
1139 4630 1230 4681 est
1282 4627 1634 4697 praecordiis,
1696 4633 1915 4688 statum

257 4713 454 4768 efﬁcit.

903 4874 1136 4930 CAPUT
1169 4875 1262 4930 IV.

263 4983 447 5055 Quare
477 4979 682 5052 Hoyses
713 4983 924 5036 Levita:
972 4983 1264 5053 appellarit
1306 4986 1696 5055 primogenitos
1735 4993 1788 5044 et
1829 5004 1917 5044 re-

332 5051 659 5131 demptores,
705 5051 1012 5131 eorumque
1036 5051 1192 5131 urbes
1235 5051 1615 5131 redempti-toea
1664 5059 1916 5131 designa-

295 5184 298 5185 ν
331 5122 727 5199 ήιῗϐειν-ηοῃ
755 5126 826 5199 sit
857 5122 1155 5199 absurdum
1199 5127 1310 5199 piis
1347 5122 1664 5183 cohabitare
1705 5122 1916 5199 facino-

292 5210 294 5213 ·
336 5209 491 5248 roso:
513 5194 539 5247 ?
568 5195 642 5249 De
674 5194 882 5249 duabus
929 5196 988 5249 in
1028 5196 1133 5251 Deo
1177 5194 1494 5263 i‘irtutibus,
1542 5194 1920 5258 misericordia

330 5273 387 5320 et
405 5267 651 5343 justitia,
685 5269 846 5337 atque
877 5282 1068 5321 earum
1096 5268 1395 5343 ministris:
1448 5269 1617 5340 deque
1663 5288 1722 5327 eo
1779 5273 1920 5343 quoi

329 5338 575 5393 malitia
605 5353 852 5406 egressus
891 5352 1103 5410 semper
1143 5340 1366 5394 virtutis
1413 5338 1664 5411 operetur
1706 5338 1918 5414 ingres-

335 5488 454 5562 (ῥῼ)
483 5488 611 5562 Vet.
645 5489 782 5562 edit.
816 5494 872 5546 et
930 5491 1046 5546 duo
1094 5507 1261 5553 mss.,
1295 5493 1346 5545 .ςί
1389 5490 1642 5546 decidant
1675 5510 1689 5560 ;
1742 5510 1919 5562 unus,

265 5558 683 5640 sidecidangar.
736 5561 953 5618 Omnes
996 5563 1158 5631 edit.,
1203 5564 1313 5619 viri
1352 5558 1724 5638 consultores;
1775 5558 1918 5626 mss.

268 5633 380 5691 viri
402 5633 782 5693 comultiores.

2026 4630 2186 4687 aliud
2219 4645 2334 4700 quo
2363 4627 2638 4682 vindicat.
2689 4625 3089 4681 Remittuntur
3133 4632 3369 4700 peccata
3415 4645 3519 4700 per
3565 4626 3667 4682 Dei

2023 4720 2266 4775 verbum
2313 4717 2448 4788 (50),
2500 4715 2668 4784 cujus
2717 4707 2955 4771 Levites‘
2978 4715 3265 4788 interpres
3328 4720 3386 4771 et
3431 4715 3669 4786 quidem

2024 4810 2330 4863 exsecutor
2358 4808 2447 4860 est
2491 4804 2600 4875 (23,
2653 4820 2709 4874 q.
2760 4805 2814 4871 5,
2867 4821 2992 4876 cap.
3044 4806 3440 4864 Remittuntur;
3486 4804 3543 4856 et
3596 4799 3672 4855 De

2020 4897 2213 4969 pauit.
2283 4893 2422 4950 dict.
2487 4893 2539 4959 1,
2585 4909 2711 4964 cap.
2767 4893 2995 4949 Verbum
3058 4894 3218 4964 Dei):
3289 4890 3672 4946 remittuntur

2025 4985 2202 5040 etiam
2251 4999 2354 5054 per
2399 4981 2556 5038 213
2614 4981 2874 5036 officium
2923 4980 3263 5046 sacerdotis,
3319 4994 3673 5050 sacrumque

2026 5072 2422 5128 ministerium
2448 5089 2460 5126 :
2494 5071 2822 5142 puniuntur
2835 5085 3066 5141 quoque
3085 5085 3186 5140 per
3208 5066 3498 5134 homines,
3517 5067 3674 5123 sicut

2028 5180 2130 5235 per
2152 5161 2405 5233 judices,
2437 5159 2535 5232 qui
2568 5162 2850 5231 potestate
2881 5159 2951 5213 ad
2984 5158 3492 5228 tempus,utuntur
3518 5157 3675 5214 sicut

2028 5249 2343 5322 Apostolus
2376 5249 2542 5304 docet
2573 5247 2810 5302 dicens:
2852 5248 2936 5303 Vis
2967 5248 3149 5300 autem
3177 5262 3288 5301 non
3343 5247 3540 5302 timere
3580 5262 3676 5318 po-

2026 5342 2328 5396 testatem?
2376 5341 2591 5392 Bonum
2643 5339 2752 5408 fac,
2811 5341 2860 5390 et
2900 5335 3120 5390 habebis
3162 5335 3382 5392 laudem
3408 5352 3479 5392 ea:
3535 5337 3673 5400 illa;

2123 5490 2218 5562 50)
2257 5488 2608 5562 Gratianus,
2647 5486 2713 5540 de
2756 5489 2981 5562 Paruit,
3002 5486 3192 5562 _dist._,
3217 5503 3266 5542 c.
3294 5490 3527 5562 Verbum
3556 5491 3672 5556 Dei,

2031 5565 2088 5619 et
2110 5557 2396 5634 Magister
2417 5562 2564 5613 sent.
2596 5557 2655 5612 in
2687 5574 2762 5625 ιν,
2783 5559 2932 5634 dist.
2962 5559 3053 5634 18ἱ
3073 5558 3274 5634 inhoc
3293 5559 3419 5618 loco
3442 5562 3674 5623 citando

2031 5650 2137 5695 nec
2166 5630 2341 5693 verba
2359 5645 2467 5692 nec
2501 5645 2743 5691 sensum
2765 5630 3058 5692 Ambrosii
3078 5630 3370 5694 exhibent.
