4166 6154
445 281 577 342 3ϐτ

1906 279 1969 341 S.
2015 278 2393 343 A‘MBRDSII

446 414 548 469 Dei
573 413 723 469 enim
749 412 1007 469 nanister
1033 416 1111 468 est
1138 413 1243 469 tibi
1280 414 1343 468 in
1390 415 1591 468 bonum
1635 412 1769 485 (51).
1816 413 1877 469 Si
1916 417 2100 469 autem
2131 419 2182 483 Α
2211 413 2541 487 ingreditur
2589 412 2877 480 Christus,
2918 412 3033 470 nisi
3060 409 3297 470 nt'vitia
3350 411 3644 481 excludat;
3695 415 3832 490 (τω

445 502 653 556 malum
682 502 900 572 feceris,
926 502 1076 557 time.
1109 503 1225 557 Non
1254 502 1404 556 enim
1456 502 1577 556 sine
1625 517 1792 557 causa
1845 502 2093 571 gladium

439 591 660 662 portat;
689 592 794 647 Dei
819 591 971 646 enim
991 590 1244 646 minister
1270 591 1368 657 est,
1399 589 1602 645 vindex
1629 591 1691 645 in
1720 592 1870 645 iram
1917 592 1972 645 ei
1998 592 2097 662 qui

443 679 657 735 malum
706 681 823 752 agit
863 679 1037 751 (Rom.
1078 694 1203 746 xm,
1235 678 1290 745 3,
1322 678 1397 750 4).
1460 678 1795 734 Puniuntur
1859 684 2095 751 peccata

446 758 625 824 etiam
656 785 760 842 per
803 767 1071 842 populos,
1105 766 1258 822 sicut
1316 766 1571 841 legimus
1621 767 1748 839 (lea.
1797 783 1925 835 xm,
1984 768 2090 835 l7;

448 857 587 928 quia
616 871 768 929 saepe
793 857 864 911 ab
879 854 1226 927 alienigenis
1252 856 1353 912 Dei
1367 857 1543 928 jussu
1570 857 1837 913 excitatis
1859 861 2095 929 propter

446 945 654 1000 divinae
680 944 1005 1015 maiestatis
1062 944 1346 1002 offensam
1404 946 1703 1017 subjectus
1762 946 1953 1002 factus
2006 949 2096 1001 est

445 1031 695 1105 pepulus
719 1031 1078 1089 Judzeorum.
1109 1033 1225 1089 Nec
1252 1034 1304 1090 is
1336 1034 1573 1106 quidem
1604 1036 1717 1103 (45,
1751 1051 1808 1105 q.
1862 1036 1913 1104 1,
1962 1051 2091 1106 cap.

442 1122 547 1178 Nec
574 1123 622 1178 is
649 1122 766 1194 qui)
797 1121 899 1193 qui
927 1122 1144 1178 invitus
1176 1123 1414 1195 aliquod
1454 1123 1653 1180 fecerit
1683 1124 2091 1191 homicidium,

442 1216 604 1267 extra
654 1209 1047 1267 ministeritJm
1092 1216 1201 1268 est.
1248 1211 1549 1284 Siquidem
1597 1212 1689 1268 lex
1736 1212 1818 1269 ait
1869 1212 1939 1268 de
1985 1227 2089 1268 eo:

443 1300 585 1368 Quia
616 1300 752 1356 Deus
773 1299 921 1355 dedit
946 1316 1073 1357 eum
1101 1302 1163 1355 in
1180 1318 1376 1356 manus
1400 1302 1537 1371 eius.
1571 1302 1772 1372 (Exod.
1828 1317 1945 1369 XXI,
1981 1301 2091 1371 13).

440 1388 646 1446 Manus
675 1405 812 1462 ergo
842 1389 975 1461 ejus
998 1388 1379 1445 instrumenti
1408 1391 1581 1445 modo
1642 1390 1852 1445 divinae
1884 1389 2093 1445 ultioni

440 1476 835 1534 ministerium
880 1477 1276 1548 praebuerunt.
1313 1477 1537 1534 Levites
1593 1477 1775 1550 igitur
1824 1476 2095 1533 minister

439 1565 803 1623 remissionis
832 1571 953 1621 est:
989 1582 1301 1638 percussor
1356 1571 1556 1622 autem
1587 1565 1687 1637 qui
1738 1570 1936 1621 tamen
1975 1582 2092 1621 non

438 1670 509 1709 ex
535 1654 939 1727 dispositione,
971 1654 1074 1711 sed
1104 1657 1312 1726 printer
1336 1654 1696 1711 voluntatem
1757 1654 1956 1711 fecerit
1984 1653 2091 1709 ho-

440 1742 768 1811 micidium,
801 1743 1009 1799 divinis
1038 1743 1308 1800 minister
1333 1747 1423 1799 est
1443 1743 1698 1799 ultionis.

518 1832 600 1886 16.
641 1830 793 1887 Illud
835 1846 1066 1904 quoque
1111 1837 1328 1904 specta,
1376 1832 1515 1904 quia
1556 1848 1692 1887 cum
1740 1831 2091 1888 interﬁcitur

440 1919 679 1992 impius“,
728 1919 999 1976 Christus
1044 1920 1393 1976 infunditur.
1446 1921 1515 1975 Et
1574 1921 1673 1975 ubi
1734 1919 2088 1976 abominatio

441 2006 723 2076 aboletur,
757 2008 1141 2065 sanctiﬁcatio
1172 2011 1566 2082 congregatur
1596 2009 1750 2080 (5'2);
1791 2009 1932 2080 quia
1976 2008 2087 2064 Do-

442 2096 639 2154 minus
670 2096 816 2176 dixit
827 2099 948 2165 ,z'In
974 2114 1040 2153 ea
1066 2096 1157 2152 die
1183 2114 1293 2169 qua
1342 2099 1601 2169 interfeci
1631 2113 1792 2153 omne
1817 2099 2091 2169 primoge-

440 2187 628 2241 nitum
657 2188 879 2259 [Egi/pii
918 2229 932 2255 ,
954 2187 1296 2256 sanctiﬁcavi
1321 2187 1466 2243 mihi
1492 2202 1651 2243 omne
1657 2188 2091 2259 primogenitum

439 2274 824 2347 Israet'(Num.
857 2292 938 2344 ιιι,
973 2276 1062 2343 13,
1093 2291 1253 2344 xvm,
1288 2276 1377 2347 17)
1412 2316 1426 2330 .
1461 2276 1624 2341 Quod
1659 2292 1775 2332 non
1806 2276 1877 2331 ad
1901 2288 2089 2331 unum

440 2363 597 2420 diem
649 2363 982 2420 sfﬂictionis
1029 2364 1258 2437 ngypti
1328 2365 1564 2434 referes,
1618 2364 1722 2419 sed
1790 2364 1863 2420 ad
1920 2379 2093 2420 omne

438 2454 695 2524 tempus.
726 2457 869 2508 Cum
897 2453 1055 2508 enim
1114 2453 1487 2508 renuntiatur
1542 2452 1904 2524 improbitati
1954 2453 2090 2525 (32),

439 2556 493 2611 q.
531 2558 569 2608 ι,
598 2557 728 2613 cap.
762 2540 898 2596 Cum
916 2541 1316 2612 renuntiatur),
1337 2541 1537 2596 statim
1559 2540 1870 2597 asciscitur
1884 2541 2092 2596 virtus.

435 2632 722 2701 Egrewus
738 2632 898 2687 enim
920 2630 1155 2686 malitiae
1176 2629 1412 2685 virtutis
1434 2634 1709 2702 operatur
1735 2629 2091 2702 ingressum:

435 2718 757 2791 audiamque
780 2718 978 2775 studio
998 2735 1113 2790 quo
1144 2718 1366 2774 crimen
1387 2716 1736 2785 excluditur,
1758 2718 2098 2773 innocentia

437 2806 764 2877 copulatur.
799 2807 990 2862 Habes
1018 2806 1131 2862 hoc
1172 2807 1232 2861 in
1265 2803 1575 2877 Evangelio
1606 2807 1798 2873 (Joan.
1832 2821 1955 2873 xm,
2007 2806 2096 2878 2);

437 2894 579 2966 quia
606 2895 705 2950 ubi
728 2895 976 2951 Satanas
1008 2893 1259 2950 immisit
1289 2910 1351 2950 se
1389 2899 1442 2949 in
1475 2909 1576 2949 cor
1603 2893 1792 2961 Judea,
1826 2894 2115 2951 Christus

439 2982 681 3041 recessit
708 2982 781 3038 ab
839 2999 929 3050 eo,
961 2987 1378 3054 momentoque
1405 2997 1471 3037 eo
1515 2998 1631 3053 quo
1661 2982 1829 3038 illum
1861 2985 2099 3056 recepit,

443 3070 603 3128 hunc
658 3071 879 3127 amisit.
938 3071 1199 3143 Denique
1228 3071 1314 3126 sic
1342 3071 1628 3142 scriptum
1676 3075 1801 3127 est:
1852 3072 1919 3126 Et
1979 3075 2102 3144 post

2206 519 2320 558 non
2343 502 2642 559 cohabitat
2667 502 2986 559 erroribus.
3020 503 3280 576 Denique
3308 503 3382 559 de
3408 504 3615 577 templo
3651 506 3821 578 ejicia-

2202 591 2306 647 bat
2335 590 2788 660 nummularios,
2822 591 2962 663 quia
2979 591 3106 665 ipse
3133 590 3648 650 volebat‘habitars.
3675 590 3839 654 Uade'

2202 680 2476 737 Zachmus
2504 680 2614 736 hoc
2633 680 2987 754 intelligens,
3022 681 3163 753 quia
3200 680 3496 738 Christum
3522 686 3835 742 vetere-sue

2204 769 2503 841 suscipere
2531 768 2740 825 affectu
2768 785 2887 825 non
2921 772 3169 843 poterat,
3192 768 3495 842 superiora
3510 769 3833 830 vitiaextire

2203 873 2311 912 suo
2335 857 2518 928 jussit
2593 857 2872 931 hospitio,
2902 861 2968 914 ut
2997 856 3265 915 Christus
3322 857 3585 915 intraret.
3638 858 3841 916 Meritv

2202 944 2384 1019 igitur
2411 947 2568 1003 214
2595 946 2902 1003 Pharisaeis
2932 947 3525 1003 obmurmurantihus‘
3541 947 3693 1019 quod
3728 947 3843 1004 Dav

2204 1034 2405 1090 minus
2430 1034 2605 1091 Jesus
2633 1035 2706 1090 ad
2759 1035 3036 1092 hominen
3104 1039 3466 1109 peccatorum
3520 1036 3835 1093 divertissat

2204 1139 2461 1189 manere,
2493 1122 2639 1178 dixit
2658 1123 2732 1179 ad
2752 1123 3065 1180 Dominum
3085 1140 3099 1180 :
3125 1124 3255 1180 Ecce
3277 1123 3572 1182 dimidium

2201 1224 2469 1280 meorum,
2510 1212 2758 1279 Domine,
2789 1211 2858 1268 do
2881 1212 3257 1285 pauperibus;
3310 1216 3369 1268 et
3401 1214 3454 1269 si
3499 1214 3591 1268 cui
3632 1211 3843 1286 aliquid

2200 1300 2398 1371 fraude
2425 1301 2628 1356 abstuli
2680 1300 2842 1357 reddo
2869 1300 3244 1374 quadruplum
3286 1301 3457 1374 (Ibid.
3488 1297 3566 1373 8).
3615 1305 3685 1357 In
3729 1316 3849 1375 qua

2204 1388 2323 1444 illis
2372 1386 2674 1460 respondit
2722 1388 2822 1462 qui
2871 1389 3147 1446 dicebant
3191 1393 3559 1463 peccatum
3620 1388 3847 1448 Christo-

2203 1475 2526 1550 hospitium
2571 1493 2688 1534 non
2736 1477 3012 1534 debuisse
3067 1478 3376 1551 praebere:
3419 1478 3541 1536 Hoc
3580 1482 3690 1549 est;
3722 1479 3857 1551 jaur

2204 1583 2320 1623 non
2352 1582 2486 1622 sum
2516 1564 2888 1638 publicanus,
2919 1582 3036 1623 non
3062 1582 3197 1624 sum
3254 1566 3355 1624 ille
3378 1567 3676 1637 Zanhaus,
3732 1581 3849 1625 non:

2202 1655 2419 1727 praedo,
2453 1671 2567 1711 non
2599 1655 2916 1712 fraudator.
2951 1656 3150 1713 Reddo
3208 1672 3337 1730 quis
3387 1656 3627 1727 sustuli,
3675 1656 3859 1714 redde

2204 1745 2305 1817 qui
2346 1744 2575 1801 auferre
2623 1757 3037 1802 consueveram
3090 1744 3226 1819 (53).
3275 1746 3599 1804 Jamdono
3640 1743 3859 1820 paup?

2200 1833 2386 1900 ribus,
2412 1850 2559 1905 quos
2578 1838 2713 1890 ante
2743 1835 3042 1891 uudabam
3067 1853 3080 1891 :
3109 1836 3237 1907 jam
3264 1850 3407 1893 mea
3438 1836 3696 1905 confero,
3748 1835 3853 1908 qui?

2198 1922 2388 1979 aliena
2420 1923 2735 1995 rapiebam.
2758 1923 3057 1996 Fugerunt
3083 1923 3334 1981 crimina
3364 1924 3853 1999 postquam'ﬂhrih

2200 2016 2331 2070 stus
2354 2012 2609 2067 intravit.
2644 2012 3041 2070 Discussa-est
3058 2013 3252 2069 omnis
3283 2013 3620 2071 carnalium
3633 2014 3865 2071 oscitat

2201 2101 2565 2174 passionum,
2596 2100 2696 2157 ubi
2728 2106 2954 2159 internae
2983 2100 3111 2157 vitea
3141 2101 3636 2159 lumeniufusum
3679 2106 3784 2160 est.

2199 2323 2397 2396 Adipes
2416 2340 2482 2379 ac
2504 2321 2776 2397 pinguedo
2805 2325 3205 2467 saqriﬁpﬁigerzzn
3258 2333 3311 2382 et
3386 2325 3701 2385 hostiarum
3729 2323 3854 2399 quid

2854 2412 3000 2467 signi
3172 2438 3185 2451 .

2854 2411 3185 2467 significent.

2275 2503 2362 2556 17.
2395 2501 2659 2556 Diximus
2695 2502 2764 2558 de
2797 2501 3225 2576 primogenitis,
3255 2504 3542 2562 dicamus
3579 2504 3758 2561 etiam
3796 2504 3862 2561 de

2204 2590 2492 2663 adipibus,
2525 2591 2594 2646 de
2625 2592 2841 2663 quibus
2868 2591 3011 2648 satis
3041 2592 3211 2649 docet
3239 2593 3430 2650 David
3452 2593 3691 2651 dicens:
3723 2592 3865 2650 Sicut

2203 2680 2363 2751 adipe
2410 2688 2463 2735 et
2521 2680 2862 2752 pinguedine
2918 2680 3201 2753 repleatur
3256 2683 3462 2738 anima
3505 2698 3639 2739 mea
3705 2681 3873 2753 (Ρωιη,

2206 2784 2341 2835 an,
2369 2769 2446 2840 6).
2476 2769 2546 2824 Et
2575 2786 2755 2841 supra
2782 2769 2896 2825 ait:
2944 2772 3010 2826 Et
3038 2770 3426 2827 holocaustum
3476 2778 3639 2829 tuum
3672 2774 3871 2849 pingue
3901 2818 3911 2828 .

2206 2857 2304 2927 ﬁat
2350 2859 2528 2930 (Psal.
2583 2874 2699 2926 χιχ,
2754 2858 2829 2929 4).
2892 2858 3010 2914 Hoc
3060 2859 3696 2933 docensacceptabile
3752 2875 3875 2917 esse

2208 2946 2586 3014 sacrificium,
2620 2947 2775 3019 quod
2798 2947 3038 3020 pingue,
3072 2948 3229 3020 quod
3260 2947 3559 3019 nitidum,
3618 2953 3680 3006 et
3737 2963 3874 3022 quo-

2208 3035 2344 3092 dam
2375 3035 2586 3108 pabulo
2614 3036 2747 3092 ﬁdei
2782 3052 2848 3092 ac
2878 3035 3224 3105 devotionis,
3282 3037 3587 3113 verbique

451 3122 1914 3231 ἧφιιᾶῑάέοειῑίῑιῖξ...ἐξιὶέιξιέξᾱιίάῑτέτῑ
1940 3122 2098 3219 nisi
2128 3152 2170 3219 ο
2210 3124 2477 3231 rariore
2507 3122 2788 3231 αξξεπμοηίε
2815 3125 3151 3231 εεείξιαιιξαι
3181 3129 3293 3183 εει.
3323 3127 3710 3231 Frequenter
3750 3126 3876 3228 pgn-

450 3264 587 3321 ergo
612 3247 699 3303 illi
728 3247 930 3304 Jesus:
954 3247 1105 3315 Quod
1140 3248 1300 3318 facis,
1330 3251 1420 3317 fac
1447 3247 1680 3303 celerius
1709 3248 1913 3321 (Ibid.).
1948 3249 2095 3315 Quid

446 3336 641 3394 illud?
684 3337 757 3393 Ut
802 3337 941 3409 quia
990 3335 1296 3394 introierat
1340 3334 1400 3391 in
1444 3334 1613 3392 illum
1660 3336 1928 3407 Satanas,
1969 3339 2096 3412 ipse

442 3425 632 3482 abiret
660 3443 695 3481 a
721 3424 969 3482 Christo.
1005 3424 1249 3497 Ejicitur
1270 3424 1468 3497 itaque
1514 3428 1572 3480 et
1625 3425 1973 3497 excluditur,
2027 3444 2097 3485 eo

442 3514 760 3587 quod‘jam
789 3530 925 3569 cum
958 3512 1204 3569 Domino
1223 3517 1364 3569 Jesu
1391 3530 1522 3570 esse
1552 3530 1671 3570 non
1702 3515 1926 3588 possit;
1955 3516 2095 3590 quia

445 3607 696 3676 cmperat
724 3619 853 3660 esse
878 3619 1013 3659 cum
1041 3601 1278 3658 Diabolo
1311 3619 1325 3670 ;
1358 3602 1520 3659 nulla
1547 3603 1704 3659 enim
1763 3605 2092 3661 communi-

439 3693 588 3749 catio
614 3692 831 3749 Christi
864 3706 1001 3748 cum
1059 3691 1256 3747 Belial.
1291 3691 1452 3747 Unde
1482 3692 1681 3747 statim
1703 3692 1950 3765 imperio
1994 3710 2091 3750 ex-

436 3781 951 3856 pulsus‘abcessit,
980 3780 1416 3853 sicutlegimus,
1450 3780 1679 3837 dicente
1699 3782 2088 3855 Evangelista:

439 3873 544 3942 Qui
575 3888 700 3929 cum
727 3873 1020 3945 accepisset
1048 3870 1365 3936 buccellam,
1413 3872 1585 3924 exivit
1624 3872 1881 3926 continuo
1918 3872 2087 3944 (Ibid.

439 3962 568 4033 30);
603 3965 728 4018 erat
755 3961 913 4017 enim
938 3976 1072 4015 nox.
1104 3958 1230 4015 Non
1255 3957 1447 4014 solum
1503 3958 1701 4027 exivit,
1752 3960 1851 4015 sed
1906 3961 2089 4017 conti-

434 4062 574 4117 nuo,
604 4054 662 4107 et
692 4054 859 4107 nocte
887 4048 1083 4105 exivit.
1116 4047 1232 4103 Nec
1254 4047 1471 4101 mirum
1504 4046 1553 4103 si
1585 4048 1772 4104 noctis
1816 4050 2090 4108 tenebras

432 4138 706 4205 habebat,
738 4138 840 4210 qui
869 4137 1169 4194 Christum
1192 4135 1515 4192 deserebat.
1538 4135 1753 4192 Verum
1777 4137 1933 4194 sicut
1962 4138 2090 4211 ipse

432 4232 702 4300 receptus
731 4244 766 4283 a
795 4224 1051 4295 diabolo,
1082 4225 1354 4281 exclusus
1380 4242 1415 4280 a
1443 4224 1673 4281 Christo
1704 4230 1828 4282 est:
1858 4226 1940 4283 ita
1983 4228 2083 4283 Za-

431 4317 629 4371 chaeus
650 4315 993 4371 renuntians
1024 4314 1299 4381 avarities,
1332 4314 1632 4370 Christum
1655 4315 1891 4388 recepit.
1916 4316 2086 4372 Meri-

432 4407 610 4475 toque
638 4402 842 4459 videns
873 4403 1139 4458 studium
1160 4404 1309 4475 ejus,
1338 4404 1494 4474 quod
1514 4403 1572 4458 in
1596 4405 1865 4460 arborem
1886 4420 2086 4462 ascen-

2205 3229 2318 3286 gue
2347 3230 2495 3286 opus
2527 3213 2778 3270 dicimus
2809 3214 2967 3285 quod
2996 3213 3258 3287 spissum
3291 3219 3349 3273 et
3409 3234 3745 3292 operosum
3797 3216 3883 3273 in-

2203 3301 2386 3375 telligi
2417 3300 2703 3359 velimus:
2738 3306 2795 3358 et
2816 3302 3013 3375 opima
3042 3302 3237 3361 hostia
3294 3306 3699 3377 pradicatur,
3759 3320 3880 3380 qua

2203 3407 2319 3446 non
2351 3390 2431 3446 sit
2458 3390 2678 3458 tenuis,
2711 3407 2828 3448 non
2858 3391 2937 3447 sit
2967 3391 3152 3451 exilis.
3184 3391 3361 3451 Unde.
3408 3399 3475 3452 et
3524 3394 3897 3454 sacrificium.

2201 3479 2419 3552 pingue
2475 3483 2626 3536 recte
2673 3496 3113 3553 nuncupamus,
3165 3482 3322 3554 quod
3401 3485 3692 3558 opimum
3726 3483 3885 3557 cupi-

2203 3585 2337 3624 mus
2366 3565 2660 3625 declarare
2705 3569 2840 3639 (54).
2898 3570 3007 3626 Sed
3056 3570 3233 3627 etiam
3289 3569 3451 3630 illud
3506 3574 3891 3642 documento,

2200 3661 2290 3713 est
2345 3657 2502 3731 quod
2562 3656 2810 3731 pingues
2866 3674 3053 3715 vaccas
3109 3659 3472 3732 prophetica
3533 3664 3893 3737 interpreta-

2199 3747 2358 3804 tione
2389 3746 2560 3804 annis
2590 3746 2882 3803 fertilibus
2922 3751 3273 3822 comparate:
3325 3755 3490 3809 sunt
3544 3751 3714 3825 (Gen.
3773 3765 3893 3819 xu.

2199 3836 2313 3908 26).

2199 4041 2341 4109 Quid
2368 4040 2477 4096 sibi
2505 4041 2637 4096 velit
2665 4039 2808 4113 quod
2834 4042 3107 4114 Dominus
3120 4044 3203 4100 ait
3221 4059 3245 4105 ;
3284 4042 3345 4100 Si
3416 4050 3597 4104 recte
3658 4047 3913 4114 ollares;-

2270 4128 2384 4192 npn
2443 4116 2625 4192 recte_
2648 4112 3204 4192 autem___d_ividas,_
3249 4119 3562 4187 peccasti,
3657 4112 3913 4192 qm:

2268 4183 2420 4263 (Gen.
2482 4200 2561 4250 ιν,
2590 4182 2761 4263 7‘§e_c.
2813 4181 3021 4254 LXX);
3064 4189 3136 4263 _et_
3168 4181 3555 4263 cie-quatuor
3596 4181 3901 4263 ger-ierim

2266 4254 2465 4381 gibus
2488 4256 2760 4381 samgicia
2787 4254 3342 4326 commandabantur,
3380 4254 3653 4334 quarunt
3683 4262 3740 4318 si
3768 4257 3917 4335 quid

2335 4328 2431 4381 sit.
2466 4328 2614 4381 sacri
2654 4329 2801 4381 cium
2826 4343 2932 4381 non
2963 4326 3253 4381 urebatur-
3300 4342 3447 4381 cum
3496 4330 3901 4381 nntnbmim

2335 4328 2431 4393 sit,
2466 4326 2801 4406 sacriﬁcium
2826 4343 2932 4406 non
2959 4326 3253 4406 probatur,
3300 4326 3447 4388 cuin
3493 4326 3901 4406 pulcherrima

2268 4400 2495 4455 istorum
2518 4400 2725 4454 morali
2755 4399 3219 4470 interpretatione.
3493 4399 3513 4406 “
3886 4420 3893 4427 υ

432 4493 638 4560 disset,
670 4495 735 4547 ut
752 4495 1167 4588 transeuntem
1188 4492 1391 4588 Jesum
1421 4493 1661 4588 videret,
1695 4494 1839 4549 dicit
1884 4494 2082 4551 Domi-
2113 4524 2161 4588 D
2272 4498 2351 4550 l8.
2402 4494 2568 4551 Nunc
2589 4494 3030 4551 considerem-us
3059 4496 3204 4569 quid
3234 4496 3535 4572 sitquod
3574 4496 3900 4560 ait'Domb

430 4597 579 4639 nus:
638 4580 879 4645 Zacluee,
908 4582 1177 4652 festinans
1208 4581 1484 4647 descende,
1519 4584 1651 4651 quia
1670 4583 1830 4638 hodie
1850 4582 2081 4639 indomo

2215 4601 2304 4640 ius
2338 4602 2352 4652 ;
2384 4583 2445 4639 Si
2470 4592 2615 4640 recto
2643 4585 2862 4657 offeras,
2893 4598 3006 4641 non
3046 4589 3233 4642 autem
3283 4592 3453 4646 recte
3484 4591 3754 4660 dividas,
3785 4604 3909 4664 pec.

426 4681 521 4730 tua
576 4680 801 4727 micuere
857 4687 950 4726 me
988 4662 1214 4740 oportet.
1263 4672 1330 4725 Et
1361 4670 1633 4726 descendit
1681 4673 1975 4743 festinans,
2033 4681 2087 4729 et
2188 4674 2343 4741 casti,
2376 4675 2580 4745 quisce.
2611 4674 2772 4740 Quod
2804 4672 3092 4729 indicium
3147 4679 3238 4731 est
3290 4675 3512 4735 Deum
3577 4698 3710 4738 non
3773 4662 3904 4737 mu-

421 4763 636 4835 excepit
685 4761 848 4816 illum
893 4760 1135 4830 gaudens
1192 4761 1341 4829 (Luc.
1375 4777 1492 4827 χιχ,
1539 4762 1595 4823 5,
1651 4762 1728 4832 6).
1763 4762 1872 4815 Sed
1926 4762 2079 4817 exci-
2189 4762 2427 4817 neribus
2459 4761 2672 4818 oblatis
2703 4761 2943 4833 placari,
2978 4763 3082 4818 sed
3113 4763 3439 4824 offerentis
3476 4771 3741 4827 affectu.
3800 4771 3908 4827 De-

421 4852 634 4925 piendo
720 4849 1039 4915 Christum,
1123 4848 1372 4905 exclusit
1426 4849 1750 4919 avaritiam,
1806 4849 2080 4923 relegavit
2189 4849 2366 4922 nique
2427 4850 2798 4907 condemnati
2871 4848 3187 4909 oblationis
3244 4852 3578 4914 intellexit
3635 4859 3764 4916 Deo
3816 4872 3908 4913 sa-

419 4940 750 5014 perﬂdiam,
781 4938 1137 4995 renuntiavit
1185 4938 1508 5025 fraudibus.
1543 4937 1723 4992 Aliter
1747 4938 1903 4992 enim
1960 4955 2076 4993 non
2185 4937 2468 4994 oriﬁcium
2501 4954 2674 4995 suum
2707 4955 2824 4995 non
2857 4940 3193 5012 probatum,
3223 4944 3280 4999 et
3308 4944 3545 5004 tristis
3567 4953 3673 5007 est
3690 4948 3911 5006 factus.

490 5109 606 5180 (51)
640 5108 833 5164 Codex
855 5107 985 5164 Vat.
1023 5123 1198 5169 unus,
1230 5107 1340 5180 Dei
1356 5106 1801 5180 enim_ministe1:
1816 5109 1896 5180 est
1941 5108 2065 5180 vine

555 5176 616 5234 in
647 5181 811 5246 iram,
834 5180 935 5235 tibi
966 5181 1025 5233 in
1051 5180 1270 5232 bonum.
1303 5178 1454 5231 Edit.
1488 5176 1615 5231 Era.
1658 5181 1716 5231 et
1762 5176 1921 5245 Gill.,
1967 5178 2067 5233 Dei

421 5252 571 5317 enim
592 5252 854 5321 (ministra
884 5257 961 5304 est
993 5250 1096 5321 tibi
1125 5250 1183 5303 in
1213 5248 1430 5321 bonum;

494 5319 607 5390 (52)
641 5320 779 5376 Mss.
830 5321 969 5385 duo,
1001 5318 1362 5376 censecratur.
1398 5318 1547 5373 Edit.
1584 5318 1776 5383 Rom.,
1821 5320 2068 5375 cumula-

420 5398 530 5446 tur.
562 5390 686 5445 Vet.
747 5407 883 5445 cum
911 5391 1095 5446 tribus
1138 5391 1271 5445 aliis
1303 5407 1471 5460 mss.,
1554 5398 1932 5460 congregatur.
2003 5390 2072 5446 Et

418 5464 556 5534 post
586 5463 697 5515 tria
725 5461 1030 5534 verba‘ubi
1082 5462 1247 5534 Rom.
1283 5461 1419 5517 edit.
1454 5477 1588 5534 cum
1619 5460 1850 5516 duobus
1897 5476 2066 5534 mss.,

415 5531 507 5603 die
534 5545 639 5603 qua
669 5532 953 5603 interfeci,
990 5537 1142 5602 etc.;
1191 5533 1269 5588 ibi
1323 5537 1436 5587 vet.
1496 5532 1636 5589 edit.
1697 5545 1831 5587 cum
1878 5531 2068 5590 tribus

412 5602 897 5670 aliis’codicibus,
923 5602 1013 5665 die
1044 5606 1105 5663 in
1142 5621 1251 5684 qua
1279 5605 1668 5683 interfecero...
1719 5603 2068 5680 sanctiﬁcabo

2180 5106 2343 5179 mihi,
2373 5110 2484 5163 etc.
2522 5124 2535 5173 ;
2570 5107 2654 5163 sic
2684 5108 2861 5164 etiam
2894 5107 3156 5179 Gratian,
3191 5108 3321 5168 loco
3377 5113 3613 5176 citato.
3639 5117 3767 5177 Sed
3791 5115 3914 5174 hac

2180 5177 2357 5263 lectio‘
2372 5194 2507 5263 cum
2533 5194 2697 5263 sacro
2710 5183 2877 5263 textu
2896 5180 3094 5238 minus
3115 5177 3456 5263 consentit;
3484 5187 3733 5263 legitur
3747 5188 3911 5246 enim

2179 5256 2231 5334 iv
2272 5257 2306 5322 ᾗ
2333 5256 2496 5323 ἡμέρᾳ
2551 5257 2765 5319 ἐπάταξα
2819 5263 2917 5308 πᾶν
2971 5258 3335 5325 πρωτότοκονί.
3365 5301 3461 5317 ...
3524 5256 3910 5334 utrius-aluei,

2180 5324 2362 5467 et???)
2395 5392 2562 5467 BQID-
2595 5389 2757 5467 θάίῖον
2790 5406 2917 5467 (1υέ
2943 5396 3165 5467 ιὲαΐεηε
3190 5410 3659 5467 consueveram.

2273 5464 2366 5551 5’4)
2398 5463 2796 5551 'vet.rac
2846 5463 3029 5537 Paris,
3062 5466 3367 5540 quaedam,
3407 5475 3577 5546 quod
3625 5476 3913 5551 optimum

2188 5533 2439 5608 cupimus
2466 5533 2764 5593 declarare.
