4166 6154
1511 311 1613 375 DE
1656 311 1840 376 CAIN
1885 310 1984 378 ET
2027 310 2233 376 ABEL
2274 313 2424 378 LIB.
2470 316 2549 379 II.

3612 313 3730 376 370

296 446 544 519 Quando
569 446 738 512 enim
767 463 929 514 meas
954 445 1071 514 sibi
1101 441 1265 514 recti
1305 452 1404 509 est
1429 449 1688 518 conscia,
1721 450 1974 523 gratula-
1999 444 2056 520 Α
2084 448 2276 509 ritaiis
2307 451 2504 524 gratim
2535 449 2753 512 colorat
2775 468 3022 529 vapore:
3070 453 3442 515 rationabilis
3496 461 3730 527 quoque

294 545 419 608 tur,
445 543 512 602 et
540 539 836 602 infnsione
859 540 1108 615 quadam
1140 535 1414 609 spiritali
1447 539 1705 611 repletur
1743 539 1975 596 animus

295 629 538 705 gaudio,
573 644 712 687 eum
743 631 987 703 alicuius
1013 627 1101 686 vel
1143 627 1384 694 studia,
1443 629 1533 685 vel
1591 647 1766 701 opera
1795 647 1829 686 a
1859 630 1975 687 Deo

294 719 917 793 probantur.Tristitia
945 719 1118 793 igitur
1145 715 1282 772 Cain
1315 718 1704 775 conscientiae
1738 723 1975 776 testmo-

298 808 492 874 nium,
527 806 778 880 repulsae
808 807 1081 867 indicium
1127 809 1232 863 est.
1287 804 1378 862 Et
1439 809 1710 880 quamvis
1765 809 1977 866 obtulit

298 913 528 959 munus
553 912 572 950 :
605 901 807 957 tamen
839 897 974 968 quia
1000 914 1112 956 non
1142 897 1291 952 recte
1328 899 1399 952 et
1420 897 1559 968 jure
1587 898 1804 968 divisit,
1850 898 1972 955 cul-

297 1002 440 1060 pam
458 984 691 1042 incidit.

377 1076 466 1132 19.
487 1075 769 1139 Quatuor
799 1074 955 1133 enim
985 1091 1191 1149 genere
1217 1077 1371 1130 sunt
1423 1075 1640 1147 quibus
1687 1079 1973 1136 sacriﬁcia

297 1163 898 1221 eommendabantur.
948 1164 1006 1220 Si
1055 1167 1153 1219 aut
1211 1180 1368 1218 nova
1416 1181 1699 1221 novorum
1752 1172 1969 1233 essent,

297 1258 407 1311 aut
438 1252 612 1319 frixa,
643 1255 749 1306 aut
779 1251 966 1308 divisa
994 1256 1095 1308 aut
1129 1251 1413 1308 continua
1472 1254 1605 1325 (55).
1654 1254 1810 1310 Nova
1867 1273 1968 1311 no-

293 1358 511 1400 vorum
537 1340 736 1413 primo
768 1343 1030 1412 tempore
1079 1340 1236 1410 anni,
1295 1358 1427 1413 quae
1485 1343 1680 1415 epecie
1741 1346 1852 1416 (56)
1908 1346 1966 1401 in

294 1429 722 1506 primogenitis
744 1429 1032 1488 fructibus
1059 1430 1510 1487 aestimabantur
1542 1450 1554 1488 :
1589 1451 1745 1489 nunc
1771 1439 1964 1492 autem

295 1519 628 1578 revelatum
656 1523 752 1576 est
777 1534 878 1576 eos
919 1517 1259 1592 signiﬁcari,
1305 1521 1406 1591 qui
1441 1537 1544 1593 per
1595 1523 1967 1594 baptismatis

294 1609 454 1668 215
490 1611 872 1666 sacramenta
894 1612 1265 1664 renovantur.
1329 1609 1448 1665 Hoc
1480 1614 1567 1666 est
1623 1612 1780 1667 enim
1835 1630 1966 1669 vere

291 1697 662 1759 sacriﬁcium
724 1695 1107 1768 primitivum,
1168 1698 1405 1769 quando
1436 1701 1846 1773 unusquisque
1901 1719 1964 1758 se

292 1788 472 1848 oﬂert
511 1785 774 1844 hostiam
826 1787 997 1858 (Rom.
1031 1803 1142 1852 ⁵λιιι,
1190 1787 1266 1857 1),
1319 1791 1376 1843 et
1418 1805 1453 1844 a
1508 1805 1570 1845 se
1615 1789 1846 1862 incipit,
1900 1795 1966 1847 ut

291 1881 508 1951 postea
538 1891 766 1934 munus
815 1890 989 1932 suum
1039 1875 1237 1946 possit
1292 1877 1518 1933 oti‘erre.
1577 1878 1736 1934 Nova
1784 1879 1965 1952 igitur

291 1966 447 2024 ﬁdes
490 1968 930 2030 renovatornm,
973 1963 1186 2032 valida,
1221 1965 1573 2037 pubescens,
1625 1967 1962 2025 incremen-

290 2059 424 2116 tum
451 2053 694 2112 virtutis
735 2052 1066 2124 nequimus,
1124 2070 1240 2110 non
1301 2055 1566 2123 remissa,
1609 2073 1728 2113 non
1785 2058 1960 2128 fessa,

292 2161 416 2204 non
447 2142 618 2202 senio
643 2142 914 2215 quodam
930 2142 1298 2211 marcida,~et
1321 2143 1518 2216 vigore
1543 2144 1772 2217 ignava,
1826 2151 1964 2218 apta

292 2231 734 2296 mriﬁoioest,
769 2247 900 2302 qua:
940 2229 1190 2302 pullulet
1245 2232 1502 2302 quodam
1559 2233 1768 2290 virenti
1825 2251 1960 2306 ger-

290 2320 459 2380 mine
487 2319 814 2392 sapientia,
846 2318 1162 2390 etjuvenili
1193 2319 1401 2377 divina:
1443 2322 1792 2394 cognitionis
1848 2325 1961 2379 fer-

288 2426 435 2470 vore
465 2410 800 2482 pubescat;
862 2407 1077 2466 habeat
1129 2412 1331 2465 tamen
1387 2426 1628 2467 succum
1684 2412 1960 2470 doctrina

286 2498 533 2560 veteris.
566 2497 735 2556 Sicut
761 2495 918 2555 enim
943 2496 1107 2565 Novi,
1142 2497 1224 2553 ita
1252 2500 1313 2554 et
1342 2498 1565 2556 Veteris
1607 2502 1962 2558 Testamenti

287 2589 474 2650 debet
530 2586 805 2645 doctrina
850 2601 1218 2652 concurrere,
1281 2587 1422 2658 quia
1475 2589 1762 2661 scriptum
1822 2593 1956 2647 est:

289 2677 634 2740 landum“
661 2679 851 2732 vetem
879 2679 1143 2743 ueterum,
1173 2679 1230 2732 et
1275 2679 1460 2733 uetera
1505 2694 1548 2733 .a
1599 2679 1744 2749 faeie
1795 2695 1960 2736 novo-

289 2784 426 2826 rum
493 2766 712 2836 auferte
776 2763 973 2836 (lauit.
1039 2780 1196 2831 xxv1,
1266 2764 1376 2835 10).
1439 2764 1618 2821 Cibus
1664 2765 1834 2822 nobis
1886 2767 1964 2823 sit

290 2854 565 2929 cognitio
589 2851 1093 2926 patriarcharum,
1123 2852 1396 2924 epuletur
1419 2854 1654 2911 animus
1709 2854 1768 2912 in
1828 2872 1960 2927 pro-

291 2945 620 3018 phetarum
652 2940 911 2998 oraculis
943 2956 958 2996 :
993 2940 1095 2996 tali
1125 2941 1336 3014 sagina
1364 2957 1531 2998 mens
1563 2946 1839 3016 pascatur
1871 2942 1963 2999 in-

289 3033 502 3092 terior.
531 3031 646 3088 Sed
670 3031 800 3102 jam
827 3046 942 3088 non
999 3030 1227 3102 species
1283 3030 1419 3101 agni
1480 3031 1575 3098 sit,
1637 3036 1696 3088 at
1750 3032 1964 3090 veritas

292 3119 567 3195 corporis
647 3117 887 3177 Christi.
945 3118 1072 3178 Non
1130 3118 1344 3174 umbra
1401 3117 1546 3192 legis
1606 3120 1964 3194 perstringat

2088 540 2325 596 inventa
2355 543 2708 609 corroborat,
2742 544 3125 619 dissolvitque
3156 563 3386 603 omnem
3417 543 3533 600 vim
3582 541 3728 596 irra-

2084 629 2454 686 tionabilium
2486 634 2849 704 passionum.
2885 636 3137 707 Ideoque
3169 637 3318 692 Esau
3347 634 3554 691 laxatis
3610 627 3728 684 vir-

2080 720 2226 776 tutis
2250 737 2369 776 suae
2401 722 2644 777 nexibus
2695 723 3018 780 dissolutus
3065 729 3174 780 est.
3232 725 3317 780 Illi
3375 728 3570 780 autem
3628 716 3730 789 qui

2083 810 2367 868 succincti
2397 809 2628 866 lumbos
2679 829 2790 867 non
2846 814 3115 879 crudum,
3148 831 3335 886 neque
3382 821 3612 869 coctum
3670 806 3732 862 in

2081 915 2252 970 aqua,
2288 900 2389 954 sed
2418 903 2681 956 assatum
2713 901 2769 955 in
2802 901 2932 973 igne
2955 907 3129 974 caput
3161 903 3296 974 agni
3341 903 3512 958 edere
3558 898 3732 970 jube-

2081 987 2314 1055 bantur,
2350 988 2502 1043 sicut
2529 989 2711 1044 habes
2742 989 2799 1044 in
2832 991 3024 1047 Exodo
3075 992 3268 1063 (Exod.
3331 1008 3432 1058 xu,
3465 989 3543 1059 9),
3597 986 3733 1042 forti

2081 1094 2146 1132 ac
2176 1077 2334 1132 ﬁdeli
2366 1077 2581 1144 animo,
2629 1079 2882 1150 pedestri
2927 1079 3132 1136 itinere
3161 1080 3354 1136 maria
3382 1076 3731 1132 transfreta-

2079 1170 2233 1222 runt.
2272 1168 2333 1221 In
2366 1167 2672 1240 Evangelio
2728 1185 2958 1238 quoque
3005 1186 3170 1225 assos
3199 1169 3396 1242 pisces
3446 1165 3739 1222 Dominus

2076 1256 2248 1312 Jesus
2281 1257 2691 1323 manducabat,
2713 1256 2865 1312 sicut
2890 1258 3174 1329 scriptum
3225 1261 3318 1314 est
3359 1257 3516 1328 (Luc.
3579 1272 3735 1324 xxw,

2077 1344 2188 1414 43),
2222 1344 2281 1400 in
2315 1362 2430 1415 quo
2458 1344 2760 1416 plenitudo
2793 1346 2974 1401 sancti
3021 1347 3276 1418 Spiritus
3337 1343 3735 1401 redundabat.

2076 1433 2138 1487 Et
2175 1433 2419 1488 fortasse
2447 1434 2580 1488 Ideo
2613 1434 2914 1490 deﬁciebat
2951 1436 3123 1501 Esau,
3158 1436 3302 1506 quia
3361 1436 3604 1489 coctum
3676 1435 3739 1496 in

2074 1537 2224 1591 aqua
2253 1521 2621 1577 desiderabat
2651 1522 2868 1590 cibum,
2887 1540 3061 1594 quem
3090 1524 3271 1580 Jacob
3297 1522 3482 1594 quasi
3515 1521 3743 1582 inhabi-

2072 1607 2186 1665 lem
2218 1610 2328 1664 sibi
2361 1611 2595 1666 donavit
2624 1610 2876 1666 inﬁrmo.

2143 1700 2233 1753 21.
2266 1697 2632 1754 Oblationem
2663 1703 2857 1754 autem
2886 1705 3058 1771 atque
3117 1701 3452 1757 orationem
3513 1706 3746 1772 oportet

2074 1804 2189 1844 non
2222 1788 2525 1844 confusam
2559 1803 2708 1856 esse,
2743 1789 2844 1844 sed
2877 1790 3228 1860 competenti
3260 1788 3563 1845 divisione
3620 1791 3738 1849 dis-

2073 1875 2336 1933 tinctam.
2391 1877 2454 1932 In
2500 1876 2661 1932 omni
2691 1877 2847 1932 enim
2880 1894 2940 1932 re
2971 1877 3312 1934 confusione
3372 1877 3597 1934 melior
3652 1888 3744 1941 est

2073 1966 2370 2022 distinctio
2402 1966 2555 2038 (58):
2591 1965 2778 2021 multo
2811 1967 2998 2038 magis
3024 1967 3083 2021 in
3116 1966 3379 2023 oratione
3426 1971 3612 2040 atque
3641 1973 3742 2028 ob-

2072 2053 2308 2121 latione,
2343 2073 2470 2127 qua:
2502 2055 2617 2110 nisi
2648 2059 2836 2111 certas
2869 2055 3182 2112 divisiones
3209 2055 3451 2127 habeat,
3515 2059 3586 2114 ﬁt
3641 2061 3738 2118 ob-

2071 2144 2314 2200 scurior.
2351 2146 2600 2216 Ideoque
2657 2144 2858 2199 hostia
2905 2144 3258 2216 .plerumque
3316 2147 3600 2206 membra
3644 2149 3736 2208 lex

2071 2229 2249 2286 dividi
2273 2231 2462 2301 jubet,
2495 2236 2552 2286 et
2581 2230 2922 2286 holocausta
2951 2232 3142 2287 olferri
3176 2234 3372 2302 (Leoit.
3407 2253 3450 2300 Ι,
3503 2237 3562 2308 6)
3597 2254 3611 2293 z
3670 2242 3738 2295 ut

2070 2319 2197 2374 sine
2223 2319 2636 2375 administione
2666 2323 2722 2374 et
2741 2319 3097 2390 operimento
3129 2320 3324 2393 aliquo
3357 2324 3473 2396 (59)
3503 2327 3734 2385 nudum

2070 2407 2422 2464 sacriﬁcium
2449 2408 2526 2464 sit
2558 2424 2570 2463 :
2604 2424 2670 2463 eo
2702 2409 2855 2479 quod
2887 2409 3246 2482 nudaatque
3263 2413 3560 2472 ‘omnibus
3590 2431 3732 2478 eau-

2069 2500 2131 2552 ta
2154 2496 2473 2552 involucris
2492 2497 2699 2552 debeat
2731 2497 2873 2553 ﬁdes
2904 2503 3104 2554 nostra
3133 2499 3356 2558 fervere
3387 2519 3401 2557 :
3437 2518 3510 2558 ne
3567 2505 3734 2577 vagis

2070 2589 2127 2641 et
2157 2584 2463 2642 fallacibus
2493 2586 2606 2656 (69)
2649 2585 3025 2657 opinionibus
3081 2588 3382 2653 induatur.
3419 2592 3521 2648 sed
3577 2610 3734 2664 pura

2071 2679 2247 2746 atque
2277 2674 2505 2730 sincera
2535 2673 2879 2746 simplicitas
2910 2676 3122 2731 mentis
3154 2683 3453 2749 appareat.
3505 2680 3730 2738 Deinde

2070 2763 2130 2818 in
2162 2767 2359 2834 partes
2403 2763 2697 2818 dividatur
2755 2780 3062 2838 congruas.
3108 2765 3315 2822 Virtus
3344 2767 3503 2824 enim
3571 2771 3727 2827 210

2069 2867 2256 2925 genus
2286 2856 2394 2920 est,
2425 2869 2553 2924 quae
2585 2852 2864 2909 dividitur
2892 2853 2950 2908 in
2983 2853 3269 2926 plurimas
3299 2855 3521 2928 species
3557 2874 3570 2913 :
3617 2858 3726 2914 sed

2069 2939 2422 3013 principales
2455 2945 2710 3012 quatuor
2753 2947 2914 3014 sunt,
2946 2943 3276 3014 prudentia,
3311 2947 3728 3018 temperantia,

2070 3029 2369 3096 fortitudo,
2391 3029 2642 3102 justitia.
2663 3031 2943 3088 Redoleat
2971 3031 3153 3103 igitur
3184 3035 3368 3091 oratio
3425 3039 3530 3092 tua
3585 3052 3725 3108 pru-

2072 3117 2332 3174 dentiam
2365 3134 2503 3188 erga
2530 3121 2924 3191 cognitionem
2957 3120 3076 3187 Dei,
3109 3126 3168 3177 et
3196 3124 3500 3180 veritatem
3537 3124 3674 3182 ﬁdei
3707 3141 3722 3182 :

293 3185 508 3270 oculos
534 3226 555 3264 7:
590 3209 693 3266 sed
725 3210 924 3279 aperte
953 3206 1265 3266 Βοωὶηὶοω
1315 3185 1502 3280 gratia
1562 3185 1896 3281 passionis:
1905 3215 1962 3266 et
1991 3185 2034 3252 C
2074 3205 2331 3262 redoleat
2357 3185 2803 3277 temperantiam
2856 3225 3032 3280 quam
3064 3185 3252 3266 etiam
3284 3229 3319 3267 a
3369 3212 3722 3284 conjugibus

296 3297 584 3372 splendor
647 3294 1094 3354 resurrectionis
1161 3295 1346 3352 aciem
1413 3298 1628 3354 mentis
1712 3297 1904 3355 illumi
1936 3329 1962 3342 -

296 3392 428 3448 net.

365 3475 467 3534 20.
501 3473 561 3531 Si
592 3475 792 3530 autem
844 3473 1051 3530 offeres
1109 3473 1463 3531 sacriﬁcium
1522 3476 1592 3531 de
1650 3476 1964 3547 primitivis

296 3563 532 3631 ovibus,
561 3562 778 3618 frixum
802 3561 862 3616 in
896 3561 1048 3635 igne,
1083 3562 1299 3618 frixum
1332 3563 1569 3636 pingue,
1606 3565 1812 3622 offeres
1866 3584 1959 3623 sa-

304 3651 598 3711 criﬁcium
629 3649 1083 3724 primitivorum,
1127 3650 1280 3708 sicut
1309 3651 1593 3725 scriptum
1625 3658 1714 3710 est
1769 3655 1960 3727 (Levii.

304 3758 412 3812 tu,
437 3741 498 3811 2)
530 3740 733 3813 :rquod
765 3738 1060 3811 signiﬁcat
1085 3740 1264 3798 ﬁdem
1296 3744 1460 3798 tuam
1491 3741 1651 3800 velut
1677 3743 1798 3816 igni
1829 3763 1962 3817 pro-

306 3831 514 3891 batam
543 3843 669 3888 esse
698 3828 932 3897 debere,
958 3832 1020 3884 et
1064 3833 1264 3886 sancto
1316 3831 1535 3887 fervere
1591 3832 1821 3904 spiritu.
1857 3834 1965 3890 De-

309 3919 491 3994 nique
520 3917 670 3976 coxit
695 3916 915 3974 lentem
944 3917 1146 3988 Jacob,
1172 3922 1229 3974 et
1273 3919 1439 3974 fratri
1468 3920 1757 3992 primatus
1789 3923 1964 3980 bene-

314 4006 592 4069 dictionis
610 4005 857 4079 eripuit,
887 4022 1035 4077 quos
1063 4007 1264 4079 utique
1294 4008 1482 4066 solida
1509 4017 1967 4084 consequeretur

317 4096 484 4158 ﬁdes.
509 4095 609 4155 Hic
637 4111 773 4169 ergo
805 4095 1083 4154 robustus
1113 4099 1169 4152 et
1196 4096 1424 4154 vividus
1449 4099 1562 4170 (57)
1593 4101 1917 4173 augebatur
1952 4121 1966 4158 :

319 4183 424 4243 illo
449 4186 648 4242 autem
678 4184 780 4258 qui
808 4183 1003 4240 cibum
1036 4201 1213 4242 suum
1245 4203 1494 4258 coquere
1534 4189 1849 4259 nesciebat,
1884 4190 1968 4246 fa-

320 4274 543 4346 tigatus
570 4276 754 4345 atque
809 4273 1085 4330 deﬁciens
1140 4274 1455 4331 deﬂuebat.
1518 4276 1732 4333 Uretur
1787 4278 1971 4351 igitur

320 4362 499 4420 verba
535 4359 760 4418 Domini
787 4361 944 4418 sicut
966 4362 1100 4435 igne
1129 4361 1315 4421 virtus
1371 4365 1580 4422 animae
1635 4370 1767 4421 tua.
1824 4367 1970 4424 Vide

322 4454 530 4512 ustum
556 4449 796 4521 Jeseph,
829 4449 982 4510 sicut
1017 4451 1306 4525 scriptum
1337 4457 1463 4510 est:
1521 4455 1813 4526 Eloquium
1867 4458 1972 4512 Dn-

2069 3294 2410 3366 exigendam
2442 3297 2670 3365 putavit
2711 3297 3027 3370 Apostolus
3053 3297 3252 3356 dicens
3287 3319 3300 3356 :
3360 3300 3536 3356 Nolite
3563 3301 3721 3369 frau-

2070 3384 2201 3440 dare
2228 3385 2482 3449 invicem,
2514 3386 2630 3440 nisi
2671 3388 2811 3456 forte
2839 3401 2909 3442 ex
2955 3403 3224 3444 consensu
3275 3388 3345 3445 ad
3401 3397 3630 3460 (surptus,
3659 3389 3723 3452 ut

2071 3473 2270 3530 vacetis
2301 3473 2540 3527 orationi
2567 3475 2615 3540 (Ι
2635 3473 2755 3529 Cor.
2812 3491 2932 3540 vm,
2989 3476 3066 3547 5).
3126 3477 3198 3534 Et
3227 3477 3320 3534 lex
3370 3477 3726 3536 castiﬁcatos

2073 3563 2206 3634 (61),
2243 3563 2375 3614 ante
2399 3559 2741 3616 hesternum
2766 3566 2824 3616 et
2861 3564 3403 3624 nudiustertianum
3436 3567 3589 3622 diem
3651 3563 3724 3620 ad

2074 3648 2426 3709 sacriﬁcium
2479 3650 2753 3704 accedere
2769 3651 2941 3720 jubet
2969 3652 3162 3723 (Exod.
3203 3674 3322 3724 xix,
3387 3656 3495 3724 10).
3543 3652 3726 3710 Forti-

2073 3738 2337 3796 tudinem
2371 3739 2564 3792 teneat
2593 3737 2800 3804 oratio,
2829 3743 2894 3793 ut
2924 3739 3084 3796 nullo
3118 3741 3502 3815 interpoletur
3543 3743 3726 3806 metu,

2073 3826 2237 3884 nulla
2264 3824 2611 3882 lassitudine
2637 3825 2886 3882 deﬁciat.
2931 3828 3096 3883 Tunc
3153 3830 3309 3885 enim
3371 3830 3544 3886 debet
3599 3842 3730 3882 esse

2075 3915 2320 3974 intentio
2351 3915 2422 3970 ad
2482 3915 2840 3986 precandum
2900 3917 3215 3984 robustior,
3269 3933 3404 3972 cum
3453 3929 3731 3987 urgemur

2076 4004 2354 4066 adversis.
2399 4004 2701 4060 Justitiam
2756 4006 3052 4061 custodiat
3107 4006 3390 4078 precatio,
3450 4018 3629 4077 quam
3677 4001 3727 4057 si

2077 4095 2364 4152 tenuisset
2393 4093 2599 4161 Judas,
2633 4110 2748 4150 non
2779 4092 2839 4148 in
2871 4098 3178 4166 peccatum
3211 4095 3361 4152 facta
3391 4095 3544 4150 esset
3600 4091 3730 4163 ejus

2077 4185 2281 4242 oratio.
2315 4183 2557 4248 Quando
2589 4183 2746 4239 enim
2773 4184 2963 4256 magis
2993 4186 3068 4240 ab
3093 4183 3334 4257 injustis
3359 4181 3614 4256 operatis
3664 4197 3732 4238 ac

2081 4274 2274 4348 pravis
2341 4271 2554 4328 studiis
2616 4271 2915 4329 abstinere
2975 4274 3278 4341 debemus,
3349 4288 3526 4344 quam
3587 4273 3732 4326 tunc

2082 4361 2316 4435 quando
2347 4360 2446 4415 Dei
2476 4360 2772 4431 justitiam
2805 4361 3192 4434 deprecamur
3220 4362 3247 4415 ‘2
3275 4361 3346 4416 Et
3373 4359 3504 4416 ideo
3535 4357 3733 4415 Domi-

2084 4469 2216 4517 nus,
2249 4452 2315 4506 ut
2342 4447 2501 4503 cordi
2541 4449 2711 4504 nobis
2743 4453 2900 4504 esset
2947 4449 3182 4521 justitia
3215 4468 3226 4506 :
3285 4451 3461 4514 Beati,
3519 4447 3734 4518 inquit,

323 4539 472 4596 niui
499 4539 642 4598 uexit
667 4553 794 4596 eum
821 4539 989 4609 (Psal.
1021 4557 1129 4609 σιν,
1163 4542 1274 4610 19).
1307 4543 1623 4600 Torreatur
1679 4543 1824 4600 ﬁdes
1872 4550 1974 4602 tua
2003 4553 2052 4618 Ι)
2083 4542 2177 4614 qui
2249 4538 2684 4610 persecutionem
2763 4539 3060 4607 patiuntur
3134 4542 3359 4610 propter
3405 4537 3686 4611 justitiam
3718 4550 3734 4590 :

323 4627 483 4686 sicut
539 4626 710 4699 spica
767 4628 1068 4686 messium.
1116 4631 1280 4688 Tunc
1329 4631 1492 4687 enim
1573 4632 1974 4690 maturitatem

325 4716 628 4774 fructuum
657 4715 989 4787 praeferunt,
1011 4734 1144 4773 cum
1184 4733 1281 4774 eas
1308 4719 1497 4789 primo
1527 4719 1667 4775 solis
1699 4738 1976 4793 processu

325 4810 596 4876 tempora
624 4803 821 4860 aestiva
854 4806 1187 4862 terruerint.
1221 4808 1423 4863 Sermo
1475 4809 1655 4881 igitur
1685 4809 1976 4882 plurimus

327 4892 731 4968 Sripturarum
758 4892 1013 4950 animam
1069 4896 1396 4964 conﬁrmat,
1429 4903 1486 4953 et
1543 4898 1798 4970 quodam
1859 4900 1977 4972 spi-

397 5060 520 5139 (55)
549 5061 732 5139 Apud
747 5061 1046 5139 Philonem
1077 5081 1112 5118 a
1137 5080 1259 5139 quo
1282 5065 1428 5139 haec
1451 5067 1785 5139 desumpsit
1840 5070 1977 5124 Am-

326 5131 836 5204 bmsiusflegitur
855 5135 936 5182 καὶ
964 5133 1041 5184 ἐπὶ
1066 5131 1209 5203 aia—tv
1240 5136 1448 5200 ἐρεικτά,
1508 5139 1566 5194 id
1624 5131 1732 5203 est,
1769 5144 1826 5195 et
1853 5149 1978 5195 tan-

327 5205 459 5261 dem
485 5206 840 5283 comminata.
885 5206 992 5261 Sed
1030 5207 1088 5261 in
1145 5207 1622 5281 interpretatione
1672 5209 1982 5283 allegorica

332 5291 455 5332 non
487 5273 788 5330 differunt.

405 5345 526 5421 (56)
551 5345 1036 5421 Sictres‘mss..et
1077 5347 1212 5405 edit.
1246 5353 1366 5405 ant.
1418 5351 1526 5408 Ms.
1591 5353 1798 5421 Laud.,
1857 5368 1982 5421 quae

329 5417 526 5492 spinae.
560 5417 755 5499 Lectio
775 5417 917 5476 forte
945 5437 1060 5477 non
1082 5423 1527 5480 contemnenda.
1582 5425 1749 5480 Rom.
1784 5417 1980 5492 'edit.,

330 5503 719 5564 ςυφξρςειξεο

407 5558 529 5637 (57)
557 5558 850 5637 God:_l)_iy.
883 5566 939 5617 et
968 5562 1172 5633 Laud.,
1204 5565 1301 5620 Hic
1327 5581 1452 5637 ergo
1482 5567 1650 5622 rubus
1683 5565 1849 5637 (forte
1885 5584 1982 5623 ru-

337 5630 487 5704 bens)
505 5630 572 5688 et
599 5631 933 5690 individuus.

2086 4629 2345 4701 quoniam
2393 4626 2638 4696 ipsorum
2692 4627 2766 4680 est
2825 4642 3050 4698 regnum
3106 4628 3366 4683 caelorum
3421 4623 3646 4697 (Matth,
3675 4638 3734 4687 γ,

2089 4718 2196 4788 10).
2222 4721 2352 4770 Haec
2382 4713 2539 4769 enim
2571 4713 2758 4770 defuit
2783 4715 2950 4770 Judte
2986 4735 2998 4771 :
3034 4733 3169 4772 nam
3201 4715 3251 4772 si
3283 4714 3584 4777 adfuisset,
3618 4725 3736 4765 non

2087 4803 2427 4862 tradidisset
2457 4803 2797 4872 Dominum,
2827 4821 2944 4860 non
2977 4804 3334 4878 prodidisset
3364 4799 3736 4873 magistrum.

2089 4893 2282 4950 Defuit
2311 4891 2597 4947 sacriﬁcio
2619 4891 2795 4947 etiam
2827 4893 2968 4949 Cain
3029 4893 3220 4960 istius,
3254 4891 3354 4962 qui
3413 4888 3461 4944 si
3522 4883 3741 4942 tenuis-

2161 5062 2445 5144 (58)_Mss.
2479 5062 2592 5144 duo
2623 5062 2778 5144 Vet.,
2811 5063 2935 5144 Div.
2986 5068 3043 5144 et
3095 5061 3297 5144 Laud:2
3360 5071 3494 5144 cum

2092 5126 2342 5202 edit,’In
2397 5136 2548 5189 omni
2596 5126 2772 5188 enim'
2801 5134 3116 5205 confusione
3161 5131 3356 5186 melior
3411 5133 3490 5184 est
3541 5126 3738 5181 distin-

2091 5215 2279 5346 ειιῖέξὶ)
2308 5276 2434 5331 Vet.
2478 5275 2618 5329 edit.
2681 5291 2816 5329 cum

2092 5363 2254 5431 aqua
2287 5366 2301 5416 ;
2333 5365 2364 5404 e
2417 5345 2630 5418 quibus
2688 5362 2842 5400 unus

2093 5428 2277 5564 δηξθο)
2308 5490 2431 5564 vet.
2465 5487 2601 5542 edit.
2635 5490 2700 5564 et
2716 5487 2846 5564 cod.
2881 5487 3057 5554 Flor.,
3086 5489 3163 5543 Ne
3189 5487 3347 5542 vanis
3375 5489 3424 5541 et
3453 5482 3744 5557 fallacibus

2095 5559 2267 5620 Rom.
2298 5559 2442 5623 sola,
2474 5575 2546 5611 ne
2574 5559 2770 5626 variis,
2814 5563 2924 5615 etc.

2101 5689 2106 5695 .
2165 5635 2281 5706 (61)
2311 5631 2459 5688 Edit.
2495 5645 2719 5698 omnes,
2749 5630 2939 5706 Etiam
2962 5632 3282 5702 castigatos,
3318 5631 3428 5685 etc.

2915 5278 3128 5329 uatuor
3183 5287 3326 5327 mss.
3339 5312 3353 5338 ,
3405 5270 3738 5340 operimento

2923 5350 3024 5412 at.,
3075 5343 3348 5400 mundum
3401 5341 3741 5412 sacriﬁcium
