  <div class='ocr_page' id='page_1' title='image "/cluster/home/n/w/nwhite01/storage/ocr_20150623/14/hvd.32044048207138/191.png"; bbox 0 0 4166 6154; ppageno 0'>
   <div class='ocr_carea' id='block_1_1' title="bbox 470 261 583 327">
    <p class='ocr_par' dir='ltr' id='par_1_1' title="bbox 470 261 583 327">
     <span class='ocr_line' id='line_1_1' title="bbox 470 261 583 327; baseline 0.009 -1"><span class='ocrx_word' id='word_1_1' title='bbox 470 261 583 327; x_wconf 78' lang='grc'><strong>371</strong></span> 
     </span>
    </p>
   </div>
   <div class='ocr_carea' id='block_1_2' title="bbox 1931 265 2425 333">
    <p class='ocr_par' dir='ltr' id='par_1_2' title="bbox 1931 265 2425 333">
     <span class='ocr_line' id='line_1_2' title="bbox 1931 265 2425 333; baseline 0.008 -4"><span class='ocrx_word' id='word_1_2' title='bbox 1931 267 1997 329; x_wconf 94' lang='lat' dir='ltr'><strong>S.</strong></span> <span class='ocrx_word' id='word_1_3' title='bbox 2041 265 2425 333; x_wconf 76' lang='lat' dir='ltr'><strong>AMBROSII</strong></span> 
     </span>
    </p>
   </div>
   <div class='ocr_carea' id='block_1_3' title="bbox 3742 284 3846 347">
    <p class='ocr_par' dir='ltr' id='par_1_3' title="bbox 3742 284 3846 347">
     <span class='ocr_line' id='line_1_3' title="bbox 3742 284 3846 347; baseline 0 -1"><span class='ocrx_word' id='word_1_4' title='bbox 3742 284 3846 347; x_wconf 68' lang='lat'><strong>372</strong></span> 
     </span>
    </p>
   </div>
   <div class='ocr_carea' id='block_1_4' title="bbox 471 395 3855 484">
    <p class='ocr_par' dir='ltr' id='par_1_4' title="bbox 471 395 3855 484">
     <span class='ocr_line' id='line_1_4' title="bbox 471 395 3855 484; baseline 0.006 -30"><span class='ocrx_word' id='word_1_5' title='bbox 471 400 561 456; x_wconf 87' lang='lat' dir='ltr'><strong>set</strong></span> <span class='ocrx_word' id='word_1_6' title='bbox 581 395 902 469; x_wconf 82' lang='lat' dir='ltr'><strong>justitiam,</strong></span> <span class='ocrx_word' id='word_1_7' title='bbox 939 396 1186 457; x_wconf 89' lang='lat' dir='ltr'><strong>Domino</strong></span> <span class='ocrx_word' id='word_1_8' title='bbox 1243 401 1446 458; x_wconf 82' lang='lat' dir='ltr'><strong>debuit</strong></span> <span class='ocrx_word' id='word_1_9' title='bbox 1501 400 1798 474; x_wconf 88' lang='lat' dir='ltr'><strong>primitiva</strong></span> <span class='ocrx_word' id='word_1_10' title='bbox 1848 417 2114 469; x_wconf 89' lang='lat' dir='ltr'><strong>munera,</strong></span> <span class='ocrx_word' id='word_1_11' title='bbox 2147 405 2197 474; x_wconf 79' lang='grc' dir='ltr'>Α</span> <span class='ocrx_word' id='word_1_12' title='bbox 2231 419 2369 478; x_wconf 87' lang='lat' dir='ltr'><strong>ergo</strong></span> <span class='ocrx_word' id='word_1_13' title='bbox 2397 405 2696 479; x_wconf 82' lang='lat' dir='ltr'><strong>quantitas</strong></span> <span class='ocrx_word' id='word_1_14' title='bbox 2728 407 3058 477; x_wconf 81' lang='lat' dir='ltr'><strong>solutionis,</strong></span> <span class='ocrx_word' id='word_1_15' title='bbox 3085 403 3186 466; x_wconf 89' lang='lat' dir='ltr'><strong>sed</strong></span> <span class='ocrx_word' id='word_1_16' title='bbox 3227 404 3463 466; x_wconf 90' lang='lat' dir='ltr'><strong>animus</strong></span> <span class='ocrx_word' id='word_1_17' title='bbox 3485 410 3782 484; x_wconf 88' lang='lat' dir='ltr'><strong>reddentis,</strong></span> <span class='ocrx_word' id='word_1_18' title='bbox 3801 422 3855 475; x_wconf 83' lang='lat' dir='ltr'><strong>et</strong></span> 
     </span>
    </p>
   </div>
   <div class='ocr_carea' id='block_1_5' title="bbox 469 486 2117 562">
    <p class='ocr_par' dir='ltr' id='par_1_5' title="bbox 469 486 2117 562">
     <span class='ocr_line' id='line_1_5' title="bbox 469 486 2117 562; baseline 0.002 -20"><span class='ocrx_word' id='word_1_19' title='bbox 469 502 585 542; x_wconf 88' lang='lat' dir='ltr'><strong>non</strong></span> <span class='ocrx_word' id='word_1_20' title='bbox 617 486 939 558; x_wconf 81' lang='lat' dir='ltr'><strong>posteriora</strong></span> <span class='ocrx_word' id='word_1_21' title='bbox 991 489 1231 546; x_wconf 84' lang='lat' dir='ltr'><strong>deferre.</strong></span> <span class='ocrx_word' id='word_1_22' title='bbox 1287 490 1480 544; x_wconf 87' lang='lat' dir='ltr'><strong>Defuit</strong></span> <span class='ocrx_word' id='word_1_23' title='bbox 1532 491 1726 562; x_wconf 85' lang='lat' dir='ltr'><strong>itaque</strong></span> <span class='ocrx_word' id='word_1_24' title='bbox 1779 490 1830 544; x_wconf 89' lang='lat' dir='ltr'><strong>ei</strong></span> <span class='ocrx_word' id='word_1_25' title='bbox 1889 490 2117 556; x_wconf 83' lang='lat' dir='ltr'><strong>divisio,</strong></span> 
     </span>
    </p>
   </div>
   <div class='ocr_carea' id='block_1_6' title="bbox 467 572 2125 652">
    <p class='ocr_par' dir='ltr' id='par_1_6' title="bbox 467 572 2125 652">
     <span class='ocr_line' id='line_1_6' title="bbox 467 572 2125 652; baseline 0.003 -23"><span class='ocrx_word' id='word_1_26' title='bbox 467 572 714 646; x_wconf 83' lang='lat' dir='ltr'><strong>ideoque</strong></span> <span class='ocrx_word' id='word_1_27' title='bbox 747 593 1091 649; x_wconf 76' lang='lat' dir='ltr'><strong>responsum</strong></span> <span class='ocrx_word' id='word_1_28' title='bbox 1121 578 1202 633; x_wconf 91' lang='lat' dir='ltr'><strong>ait</strong></span> <span class='ocrx_word' id='word_1_29' title='bbox 1235 597 1247 633; x_wconf 89' lang='lat'><strong>:</strong></span> <span class='ocrx_word' id='word_1_30' title='bbox 1306 578 1368 633; x_wconf 88' lang='lat' dir='ltr'><strong>Si</strong></span> <span class='ocrx_word' id='word_1_31' title='bbox 1416 587 1557 634; x_wconf 81' lang='lat' dir='ltr'><strong>recte</strong></span> <span class='ocrx_word' id='word_1_32' title='bbox 1612 577 1830 652; x_wconf 68' lang='lat' dir='ltr'><strong>olferas,</strong></span> <span class='ocrx_word' id='word_1_33' title='bbox 1863 595 1968 636; x_wconf 88' lang='lat' dir='ltr'><strong>non</strong></span> <span class='ocrx_word' id='word_1_34' title='bbox 2028 596 2125 634; x_wconf 82' lang='lat' dir='ltr'><strong>au-</strong></span> 
     </span>
    </p>
   </div>
   <div class='ocr_carea' id='block_1_7' title="bbox 471 669 2121 742">
    <p class='ocr_par' dir='ltr' id='par_1_7' title="bbox 471 669 2121 742">
     <span class='ocr_line' id='line_1_7' title="bbox 471 669 2121 742; baseline 0.002 -19"><span class='ocrx_word' id='word_1_35' title='bbox 471 669 580 723; x_wconf 83' lang='lat' dir='ltr'><strong>tem</strong></span> <span class='ocrx_word' id='word_1_36' title='bbox 607 677 751 724; x_wconf 75' lang='lat' dir='ltr'><strong>recte</strong></span> <span class='ocrx_word' id='word_1_37' title='bbox 780 669 1013 735; x_wconf 86' lang='lat' dir='ltr'><strong>dividas,</strong></span> <span class='ocrx_word' id='word_1_38' title='bbox 1043 674 1296 740; x_wconf 82' lang='lat' dir='ltr'><strong>peccasti,</strong></span> <span class='ocrx_word' id='word_1_39' title='bbox 1330 671 1560 738; x_wconf 76' lang='lat' dir='ltr'><strong>quiesce.</strong></span> <span class='ocrx_word' id='word_1_40' title='bbox 1593 671 1763 725; x_wconf 85' lang='lat' dir='ltr'><strong>Vides</strong></span> <span class='ocrx_word' id='word_1_41' title='bbox 1831 675 2121 742; x_wconf 89' lang='lat' dir='ltr'><strong>quantum</strong></span> 
     </span>
    </p>
   </div>
   <div class='ocr_carea' id='block_1_8' title="bbox 473 755 2122 824">
    <p class='ocr_par' dir='ltr' id='par_1_8' title="bbox 473 755 2122 824">
     <span class='ocr_line' id='line_1_8' title="bbox 473 755 2122 824; baseline 0.002 -12"><span class='ocrx_word' id='word_1_42' title='bbox 473 755 552 813; x_wconf 89' lang='lat' dir='ltr'><strong>sit</strong></span> <span class='ocrx_word' id='word_1_43' title='bbox 575 757 720 814; x_wconf 89' lang='lat' dir='ltr'><strong>vitii.</strong></span> <span class='ocrx_word' id='word_1_44' title='bbox 755 757 860 814; x_wconf 90' lang='lat' dir='ltr'><strong>Ubi</strong></span> <span class='ocrx_word' id='word_1_45' title='bbox 892 759 1056 814; x_wconf 89' lang='lat' dir='ltr'><strong>deest</strong></span> <span class='ocrx_word' id='word_1_46' title='bbox 1085 756 1322 824; x_wconf 87' lang='lat' dir='ltr'><strong>divisio,</strong></span> <span class='ocrx_word' id='word_1_47' title='bbox 1375 758 1455 813; x_wconf 90' lang='lat' dir='ltr'><strong>ibi</strong></span> <span class='ocrx_word' id='word_1_48' title='bbox 1514 763 1704 816; x_wconf 85' lang='lat' dir='ltr'><strong>totum</strong></span> <span class='ocrx_word' id='word_1_49' title='bbox 1765 760 2122 816; x_wconf 86' lang='lat' dir='ltr'><strong>sacriﬁcium</strong></span> 
     </span>
    </p>
   </div>
   <div class='ocr_carea' id='block_1_9' title="bbox 473 846 780 924">
    <p class='ocr_par' dir='ltr' id='par_1_9' title="bbox 473 846 780 924">
     <span class='ocr_line' id='line_1_9' title="bbox 473 846 780 924; baseline 0 -23"><span class='ocrx_word' id='word_1_50' title='bbox 473 846 780 924; x_wconf 83' lang='lat' dir='ltr'><strong>refutatur.</strong></span> 
     </span>
    </p>
   </div>
   <div class='ocr_carea' id='block_1_10' title="bbox 543 935 2128 1012">
    <p class='ocr_par' dir='ltr' id='par_1_10' title="bbox 543 935 2128 1012">
     <span class='ocr_line' id='line_1_10' title="bbox 543 935 2128 1012; baseline 0.003 -24"><span class='ocrx_word' id='word_1_51' title='bbox 543 937 632 989; x_wconf 89' lang='lat'><strong>22.</strong></span> <span class='ocrx_word' id='word_1_52' title='bbox 665 938 938 1006; x_wconf 80' lang='lat' dir='ltr'><strong>Superest</strong></span> <span class='ocrx_word' id='word_1_53' title='bbox 972 938 1034 990; x_wconf 89' lang='lat' dir='ltr'><strong>ut</strong></span> <span class='ocrx_word' id='word_1_54' title='bbox 1063 935 1134 991; x_wconf 89' lang='lat' dir='ltr'><strong>de</strong></span> <span class='ocrx_word' id='word_1_55' title='bbox 1166 937 1446 993; x_wconf 86' lang='lat' dir='ltr'><strong>continua</strong></span> <span class='ocrx_word' id='word_1_56' title='bbox 1475 943 1532 994; x_wconf 87' lang='lat' dir='ltr'><strong>et</strong></span> <span class='ocrx_word' id='word_1_57' title='bbox 1553 940 1682 1012; x_wconf 89' lang='lat' dir='ltr'><strong>jugi</strong></span> <span class='ocrx_word' id='word_1_58' title='bbox 1733 940 1992 996; x_wconf 89' lang='lat' dir='ltr'><strong>oratione</strong></span> <span class='ocrx_word' id='word_1_59' title='bbox 2045 940 2128 993; x_wconf 89' lang='lat' dir='ltr'><strong>di-</strong></span> 
     </span>
    </p>
   </div>
   <div class='ocr_carea' id='block_1_11' title="bbox 476 1023 2124 1102">
    <p class='ocr_par' dir='ltr' id='par_1_11' title="bbox 476 1023 2124 1102">
     <span class='ocr_line' id='line_1_11' title="bbox 476 1023 2124 1102; baseline 0.003 -23"><span class='ocrx_word' id='word_1_60' title='bbox 476 1039 699 1091; x_wconf 88' lang='lat' dir='ltr'><strong>camus,</strong></span> <span class='ocrx_word' id='word_1_61' title='bbox 733 1025 884 1095; x_wconf 88' lang='lat' dir='ltr'><strong>quod</strong></span> <span class='ocrx_word' id='word_1_62' title='bbox 917 1023 1218 1082; x_wconf 82' lang='lat' dir='ltr'><strong>immorari</strong></span> <span class='ocrx_word' id='word_1_63' title='bbox 1252 1043 1359 1084; x_wconf 89' lang='lat' dir='ltr'><strong>nos</strong></span> <span class='ocrx_word' id='word_1_64' title='bbox 1389 1032 1664 1085; x_wconf 88' lang='lat' dir='ltr'><strong>etvacare</strong></span> <span class='ocrx_word' id='word_1_65' title='bbox 1691 1031 2124 1102; x_wconf 87' lang='lat' dir='ltr'><strong>orationiopor-</strong></span> 
     </span>
    </p>
   </div>
   <div class='ocr_carea' id='block_1_12' title="bbox 473 1111 2124 1190">
    <p class='ocr_par' dir='ltr' id='par_1_12' title="bbox 473 1111 2124 1190">
     <span class='ocr_line' id='line_1_12' title="bbox 473 1111 2124 1190; baseline 0.004 -23"><span class='ocrx_word' id='word_1_66' title='bbox 473 1113 574 1167; x_wconf 82' lang='lat' dir='ltr'><strong>tet.</strong></span> <span class='ocrx_word' id='word_1_67' title='bbox 597 1111 980 1169; x_wconf 89' lang='lat' dir='ltr'><strong>Pernoctabat</strong></span> <span class='ocrx_word' id='word_1_68' title='bbox 999 1114 1288 1172; x_wconf 88' lang='lat' dir='ltr'><strong>Dominus</strong></span> <span class='ocrx_word' id='word_1_69' title='bbox 1317 1117 1376 1173; x_wconf 93' lang='lat' dir='ltr'><strong>in</strong></span> <span class='ocrx_word' id='word_1_70' title='bbox 1409 1119 1690 1190; x_wconf 88' lang='lat' dir='ltr'><strong>oratione,</strong></span> <span class='ocrx_word' id='word_1_71' title='bbox 1723 1135 1838 1176; x_wconf 89' lang='lat' dir='ltr'><strong>non</strong></span> <span class='ocrx_word' id='word_1_72' title='bbox 1870 1123 1936 1175; x_wconf 90' lang='lat' dir='ltr'><strong>ut</strong></span> <span class='ocrx_word' id='word_1_73' title='bbox 1983 1119 2124 1175; x_wconf 88' lang='lat' dir='ltr'><strong>sibi-</strong></span> 
     </span>
    </p>
   </div>
   <div class='ocr_carea' id='block_1_13' title="bbox 473 1202 2126 1282">
    <p class='ocr_par' dir='ltr' id='par_1_13' title="bbox 473 1202 2126 1282">
     <span class='ocr_line' id='line_1_13' title="bbox 473 1202 2126 1282; baseline 0.007 -26"><span class='ocrx_word' id='word_1_74' title='bbox 473 1206 595 1257; x_wconf 87' lang='lat' dir='ltr'><strong>met</strong></span> <span class='ocrx_word' id='word_1_75' title='bbox 623 1202 945 1274; x_wconf 89' lang='lat' dir='ltr'><strong>prodesset,</strong></span> <span class='ocrx_word' id='word_1_76' title='bbox 969 1205 1069 1259; x_wconf 93' lang='lat' dir='ltr'><strong>sed</strong></span> <span class='ocrx_word' id='word_1_77' title='bbox 1101 1209 1166 1260; x_wconf 89' lang='lat' dir='ltr'><strong>ut</strong></span> <span class='ocrx_word' id='word_1_78' title='bbox 1196 1223 1302 1262; x_wconf 91' lang='lat' dir='ltr'><strong>nos</strong></span> <span class='ocrx_word' id='word_1_79' title='bbox 1333 1208 1582 1264; x_wconf 91' lang='lat' dir='ltr'><strong>doceret.</strong></span> <span class='ocrx_word' id='word_1_80' title='bbox 1618 1210 1912 1282; x_wconf 87' lang='lat' dir='ltr'><strong>Frequens</strong></span> <span class='ocrx_word' id='word_1_81' title='bbox 1969 1209 2126 1268; x_wconf 91' lang='lat' dir='ltr'><strong>enim</strong></span> 
     </span>
    </p>
   </div>
   <div class='ocr_carea' id='block_1_14' title="bbox 474 1290 2122 1370">
    <p class='ocr_par' dir='ltr' id='par_1_14' title="bbox 474 1290 2122 1370">
     <span class='ocr_line' id='line_1_14' title="bbox 474 1290 2122 1370; baseline 0.007 -24"><span class='ocrx_word' id='word_1_82' title='bbox 474 1290 657 1346; x_wconf 89' lang='lat' dir='ltr'><strong>oratio</strong></span> <span class='ocrx_word' id='word_1_83' title='bbox 716 1293 1034 1363; x_wconf 89' lang='lat' dir='ltr'><strong>quamdam</strong></span> <span class='ocrx_word' id='word_1_84' title='bbox 1103 1300 1378 1366; x_wconf 89' lang='lat' dir='ltr'><strong>operatur</strong></span> <span class='ocrx_word' id='word_1_85' title='bbox 1442 1298 1816 1370; x_wconf 90' lang='lat' dir='ltr'><strong>disciplinam</strong></span> <span class='ocrx_word' id='word_1_86' title='bbox 1870 1301 2122 1357; x_wconf 87' lang='lat' dir='ltr'><strong>orandi:</strong></span> 
     </span>
    </p>
   </div>
   <div class='ocr_carea' id='block_1_15' title="bbox 473 1379 2126 1454">
    <p class='ocr_par' dir='ltr' id='par_1_15' title="bbox 473 1379 2126 1454">
     <span class='ocr_line' id='line_1_15' title="bbox 473 1379 2126 1454; baseline 0.008 -22"><span class='ocrx_word' id='word_1_87' title='bbox 473 1379 614 1450; x_wconf 88' lang='lat' dir='ltr'><strong>quia</strong></span> <span class='ocrx_word' id='word_1_88' title='bbox 636 1379 761 1452; x_wconf 90' lang='lat' dir='ltr'><strong>ipse</strong></span> <span class='ocrx_word' id='word_1_89' title='bbox 792 1397 938 1435; x_wconf 89' lang='lat' dir='ltr'><strong>usus</strong></span> <span class='ocrx_word' id='word_1_90' title='bbox 966 1381 1243 1438; x_wconf 89' lang='lat' dir='ltr'><strong>docibiles</strong></span> <span class='ocrx_word' id='word_1_91' title='bbox 1280 1384 1379 1440; x_wconf 89' lang='lat' dir='ltr'><strong>Dei</strong></span> <span class='ocrx_word' id='word_1_92' title='bbox 1413 1385 1570 1454; x_wconf 88' lang='lat' dir='ltr'><strong>facit,</strong></span> <span class='ocrx_word' id='word_1_93' title='bbox 1634 1387 1977 1444; x_wconf 91' lang='lat' dir='ltr'><strong>indocibiles</strong></span> <span class='ocrx_word' id='word_1_94' title='bbox 2026 1405 2126 1445; x_wconf 86' lang='lat' dir='ltr'><strong>ne-</strong></span> 
     </span>
    </p>
   </div>
   <div class='ocr_carea' id='block_1_16' title="bbox 472 1467 2126 1550">
    <p class='ocr_par' dir='ltr' id='par_1_16' title="bbox 472 1467 2126 1550">
     <span class='ocr_line' id='line_1_16' title="bbox 472 1467 2126 1550; baseline 0.008 -28"><span class='ocrx_word' id='word_1_95' title='bbox 472 1467 767 1541; x_wconf 88' lang='lat' dir='ltr'><strong>gligentia.</strong></span> <span class='ocrx_word' id='word_1_96' title='bbox 803 1469 964 1525; x_wconf 88' lang='lat' dir='ltr'><strong>Bona</strong></span> <span class='ocrx_word' id='word_1_97' title='bbox 992 1469 1175 1542; x_wconf 87' lang='lat' dir='ltr'><strong>igitur</strong></span> <span class='ocrx_word' id='word_1_98' title='bbox 1205 1474 1556 1530; x_wconf 83' lang='lat' dir='ltr'><strong>exercitatio.</strong></span> <span class='ocrx_word' id='word_1_99' title='bbox 1605 1476 1866 1549; x_wconf 88' lang='lat' dir='ltr'><strong>Denique</strong></span> <span class='ocrx_word' id='word_1_100' title='bbox 1922 1494 2126 1550; x_wconf 88' lang='lat' dir='ltr'><strong>corpo-</strong></span> 
     </span>
    </p>
   </div>
   <div class='ocr_carea' id='block_1_17' title="bbox 473 1557 2127 1636">
    <p class='ocr_par' dir='ltr' id='par_1_17' title="bbox 473 1557 2127 1636">
     <span class='ocr_line' id='line_1_17' title="bbox 473 1557 2127 1636; baseline 0.007 -24"><span class='ocrx_word' id='word_1_101' title='bbox 473 1557 556 1613; x_wconf 90' lang='lat' dir='ltr'><strong>ris</strong></span> <span class='ocrx_word' id='word_1_102' title='bbox 594 1557 780 1614; x_wconf 91' lang='lat' dir='ltr'><strong>virtus</strong></span> <span class='ocrx_word' id='word_1_103' title='bbox 820 1560 1228 1616; x_wconf 85' lang='lat' dir='ltr'><strong>exercitatione</strong></span> <span class='ocrx_word' id='word_1_104' title='bbox 1258 1568 1506 1634; x_wconf 88' lang='lat' dir='ltr'><strong>augetur</strong></span> <span class='ocrx_word' id='word_1_105' title='bbox 1536 1564 1825 1636; x_wconf 84' lang='lat' dir='ltr'><strong>frequenti</strong></span> <span class='ocrx_word' id='word_1_106' title='bbox 1856 1584 1873 1620; x_wconf 93' lang='lat'><strong>:</strong></span> <span class='ocrx_word' id='word_1_107' title='bbox 1905 1571 1964 1622; x_wconf 91' lang='lat' dir='ltr'><strong>at</strong></span> <span class='ocrx_word' id='word_1_108' title='bbox 2011 1568 2127 1624; x_wconf 92' lang='lat' dir='ltr'><strong>ine-</strong></span> 
     </span>
    </p>
   </div>
   <div class='ocr_carea' id='block_1_18' title="bbox 472 1647 2126 1714">
    <p class='ocr_par' dir='ltr' id='par_1_18' title="bbox 472 1647 2126 1714">
     <span class='ocr_line' id='line_1_18' title="bbox 472 1647 2126 1714; baseline 0.006 -12"><span class='ocrx_word' id='word_1_109' title='bbox 472 1647 750 1703; x_wconf 83' lang='lat' dir='ltr'><strong>xercitata</strong></span> <span class='ocrx_word' id='word_1_110' title='bbox 781 1648 1072 1704; x_wconf 90' lang='lat' dir='ltr'><strong>minuitur</strong></span> <span class='ocrx_word' id='word_1_111' title='bbox 1099 1653 1156 1705; x_wconf 91' lang='lat' dir='ltr'><strong>et</strong></span> <span class='ocrx_word' id='word_1_112' title='bbox 1187 1651 1421 1707; x_wconf 88' lang='lat' dir='ltr'><strong>labitur.</strong></span> <span class='ocrx_word' id='word_1_113' title='bbox 1455 1652 1697 1709; x_wconf 87' lang='lat' dir='ltr'><strong>Plurimi</strong></span> <span class='ocrx_word' id='word_1_114' title='bbox 1757 1656 1913 1711; x_wconf 90' lang='lat' dir='ltr'><strong>enim</strong></span> <span class='ocrx_word' id='word_1_115' title='bbox 1971 1673 2126 1714; x_wconf 88' lang='lat' dir='ltr'><strong>exer-</strong></span> 
     </span>
    </p>
   </div>
   <div class='ocr_carea' id='block_1_19' title="bbox 475 1735 2204 1843">
    <p class='ocr_par' dir='ltr' id='par_1_19' title="bbox 475 1735 2204 1843">
     <span class='ocr_line' id='line_1_19' title="bbox 475 1735 2204 1843; baseline 0.006 -54"><span class='ocrx_word' id='word_1_116' title='bbox 475 1735 595 1790; x_wconf 92' lang='lat' dir='ltr'><strong>citii</strong></span> <span class='ocrx_word' id='word_1_117' title='bbox 630 1735 1036 1793; x_wconf 86' lang='lat' dir='ltr'><strong>dissuetudine</strong></span> <span class='ocrx_word' id='word_1_118' title='bbox 1065 1739 1242 1794; x_wconf 89' lang='lat' dir='ltr'><strong>etiam</strong></span> <span class='ocrx_word' id='word_1_119' title='bbox 1275 1741 1601 1798; x_wconf 89' lang='lat' dir='ltr'><strong>naturalem</strong></span> <span class='ocrx_word' id='word_1_120' title='bbox 1643 1744 1961 1801; x_wconf 87' lang='lat' dir='ltr'><strong>dissolvere</strong></span> <span class='ocrx_word' id='word_1_121' title='bbox 2016 1746 2124 1800; x_wconf 91' lang='lat' dir='ltr'><strong>vir—</strong></span> <span class='ocrx_word' id='word_1_122' title='bbox 2153 1777 2204 1843; x_wconf 84' lang='lat' dir='ltr'><strong>B</strong></span> 
     </span>
    </p>
   </div>
   <div class='ocr_carea' id='block_1_20' title="bbox 479 1823 2120 1892">
    <p class='ocr_par' dir='ltr' id='par_1_20' title="bbox 479 1823 2120 1892">
     <span class='ocr_line' id='line_1_20' title="bbox 479 1823 2120 1892; baseline 0.009 -15"><span class='ocrx_word' id='word_1_123' title='bbox 479 1825 691 1878; x_wconf 89' lang='lat' dir='ltr'><strong>tutem.</strong></span> <span class='ocrx_word' id='word_1_124' title='bbox 748 1823 1030 1881; x_wconf 87' lang='lat' dir='ltr'><strong>Similiter</strong></span> <span class='ocrx_word' id='word_1_125' title='bbox 1081 1827 1291 1884; x_wconf 68' lang='lat' dir='ltr'><strong>anima:</strong></span> <span class='ocrx_word' id='word_1_126' title='bbox 1339 1830 1618 1888; x_wconf 85' lang='lat' dir='ltr'><strong>fortitudo</strong></span> <span class='ocrx_word' id='word_1_127' title='bbox 1689 1833 2120 1892; x_wconf 85' lang='lat' dir='ltr'><strong>exercitationis</strong></span> 
     </span>
    </p>
   </div>
   <div class='ocr_carea' id='block_1_21' title="bbox 477 1910 2122 1996">
    <p class='ocr_par' dir='ltr' id='par_1_21' title="bbox 477 1910 2122 1996">
     <span class='ocr_line' id='line_1_21' title="bbox 477 1910 2122 1996; baseline 0.007 -29"><span class='ocrx_word' id='word_1_128' title='bbox 477 1910 822 1969; x_wconf 89' lang='lat' dir='ltr'><strong>assiduitate</strong></span> <span class='ocrx_word' id='word_1_129' title='bbox 853 1913 1178 1971; x_wconf 88' lang='lat' dir='ltr'><strong>solidatur:</strong></span> <span class='ocrx_word' id='word_1_130' title='bbox 1213 1922 1277 1973; x_wconf 89' lang='lat' dir='ltr'><strong>ut</strong></span> <span class='ocrx_word' id='word_1_131' title='bbox 1304 1917 1468 1976; x_wconf 89' lang='lat' dir='ltr'><strong>labor</strong></span> <span class='ocrx_word' id='word_1_132' title='bbox 1496 1919 1622 1993; x_wconf 90' lang='lat' dir='ltr'><strong>ipse</strong></span> <span class='ocrx_word' id='word_1_133' title='bbox 1669 1922 1990 1996; x_wconf 79' lang='lat' dir='ltr'><strong>disciplinae</strong></span> <span class='ocrx_word' id='word_1_134' title='bbox 2044 1923 2122 1979; x_wconf 89' lang='lat' dir='ltr'><strong>sit</strong></span> 
     </span>
    </p>
   </div>
   <div class='ocr_carea' id='block_1_22' title="bbox 476 2002 2120 2074">
    <p class='ocr_par' dir='ltr' id='par_1_22' title="bbox 476 2002 2120 2074">
     <span class='ocr_line' id='line_1_22' title="bbox 476 2002 2120 2074; baseline 0.008 -19"><span class='ocrx_word' id='word_1_135' title='bbox 476 2015 591 2056; x_wconf 88' lang='lat' dir='ltr'><strong>non</strong></span> <span class='ocrx_word' id='word_1_136' title='bbox 623 2002 782 2057; x_wconf 91' lang='lat' dir='ltr'><strong>oneri</strong></span> <span class='ocrx_word' id='word_1_137' title='bbox 814 2003 1069 2074; x_wconf 83' lang='lat' dir='ltr'><strong>futurus,</strong></span> <span class='ocrx_word' id='word_1_138' title='bbox 1097 2007 1198 2061; x_wconf 85' lang='lat' dir='ltr'><strong>sed</strong></span> <span class='ocrx_word' id='word_1_139' title='bbox 1258 2008 1410 2064; x_wconf 90' lang='lat' dir='ltr'><strong>usui.</strong></span> <span class='ocrx_word' id='word_1_140' title='bbox 1465 2009 1631 2066; x_wconf 90' lang='lat' dir='ltr'><strong>Hunc</strong></span> <span class='ocrx_word' id='word_1_141' title='bbox 1683 2011 1881 2068; x_wconf 90' lang='lat' dir='ltr'><strong>cibum</strong></span> <span class='ocrx_word' id='word_1_142' title='bbox 1938 2012 2120 2068; x_wconf 90' lang='lat' dir='ltr'><strong>menti</strong></span> 
     </span>
    </p>
   </div>
   <div class='ocr_carea' id='block_1_23' title="bbox 475 2091 2122 2166">
    <p class='ocr_par' dir='ltr' id='par_1_23' title="bbox 475 2091 2122 2166">
     <span class='ocr_line' id='line_1_23' title="bbox 475 2091 2122 2166; baseline 0.007 -20"><span class='ocrx_word' id='word_1_143' title='bbox 475 2092 688 2146; x_wconf 74' lang='lat' dir='ltr'><strong>nostras</strong></span> <span class='ocrx_word' id='word_1_144' title='bbox 719 2091 1072 2162; x_wconf 82' lang='lat' dir='ltr'><strong>deferamus,</strong></span> <span class='ocrx_word' id='word_1_145' title='bbox 1101 2095 1200 2166; x_wconf 92' lang='lat' dir='ltr'><strong>qui</strong></span> <span class='ocrx_word' id='word_1_146' title='bbox 1232 2096 1418 2154; x_wconf 90' lang='lat' dir='ltr'><strong>multa</strong></span> <span class='ocrx_word' id='word_1_147' title='bbox 1460 2100 1694 2156; x_wconf 90' lang='lat' dir='ltr'><strong>attritus</strong></span> <span class='ocrx_word' id='word_1_148' title='bbox 1747 2101 2122 2158; x_wconf 86' lang='lat' dir='ltr'><strong>meditatione</strong></span> 
     </span>
    </p>
   </div>
   <div class='ocr_carea' id='block_1_24' title="bbox 477 2178 2122 2251">
    <p class='ocr_par' dir='ltr' id='par_1_24' title="bbox 477 2178 2122 2251">
     <span class='ocr_line' id='line_1_24' title="bbox 477 2178 2122 2251; baseline 0.007 -15"><span class='ocrx_word' id='word_1_149' title='bbox 477 2195 543 2236; x_wconf 88' lang='lat' dir='ltr'><strong>ac</strong></span> <span class='ocrx_word' id='word_1_150' title='bbox 572 2178 811 2251; x_wconf 80' lang='lat' dir='ltr'><strong>politus,</strong></span> <span class='ocrx_word' id='word_1_151' title='bbox 845 2197 944 2236; x_wconf 90' lang='lat' dir='ltr'><strong>cor</strong></span> <span class='ocrx_word' id='word_1_152' title='bbox 975 2182 1230 2242; x_wconf 84' lang='lat' dir='ltr'><strong>hominis</strong></span> <span class='ocrx_word' id='word_1_153' title='bbox 1260 2187 1412 2243; x_wconf 90' lang='lat' dir='ltr'><strong>sicut</strong></span> <span class='ocrx_word' id='word_1_154' title='bbox 1439 2187 1582 2244; x_wconf 92' lang='lat' dir='ltr'><strong>illud</strong></span> <span class='ocrx_word' id='word_1_155' title='bbox 1617 2189 1848 2247; x_wconf 82' lang='lat' dir='ltr'><strong>caeleste</strong></span> <span class='ocrx_word' id='word_1_156' title='bbox 1903 2207 2122 2247; x_wconf 91' lang='lat' dir='ltr'><strong>manna</strong></span> 
     </span>
    </p>
   </div>
   <div class='ocr_carea' id='block_1_25' title="bbox 477 2267 2123 2352">
    <p class='ocr_par' dir='ltr' id='par_1_25' title="bbox 477 2267 2123 2352">
     <span class='ocr_line' id='line_1_25' title="bbox 477 2267 2123 2352; baseline 0.007 -27"><span class='ocrx_word' id='word_1_157' title='bbox 477 2267 802 2325; x_wconf 88' lang='lat' dir='ltr'><strong>conﬁrmet.</strong></span> <span class='ocrx_word' id='word_1_158' title='bbox 839 2271 1000 2336; x_wconf 91' lang='lat' dir='ltr'><strong>Quod</strong></span> <span class='ocrx_word' id='word_1_159' title='bbox 1029 2289 1144 2328; x_wconf 90' lang='lat' dir='ltr'><strong>non</strong></span> <span class='ocrx_word' id='word_1_160' title='bbox 1175 2274 1356 2332; x_wconf 91' lang='lat' dir='ltr'><strong>otiose</strong></span> <span class='ocrx_word' id='word_1_161' title='bbox 1384 2277 1589 2333; x_wconf 89' lang='lat' dir='ltr'><strong>tritum</strong></span> <span class='ocrx_word' id='word_1_162' title='bbox 1622 2295 1688 2334; x_wconf 88' lang='lat' dir='ltr'><strong>ac</strong></span> <span class='ocrx_word' id='word_1_163' title='bbox 1727 2279 1974 2352; x_wconf 90' lang='lat' dir='ltr'><strong>politum</strong></span> <span class='ocrx_word' id='word_1_164' title='bbox 2034 2296 2123 2336; x_wconf 89' lang='lat' dir='ltr'><strong>ac-</strong></span> 
     </span>
    </p>
   </div>
   <div class='ocr_carea' id='block_1_26' title="bbox 477 2356 2118 2439">
    <p class='ocr_par' dir='ltr' id='par_1_26' title="bbox 477 2356 2118 2439">
     <span class='ocr_line' id='line_1_26' title="bbox 477 2356 2118 2439; baseline 0.006 -25"><span class='ocrx_word' id='word_1_165' title='bbox 477 2356 776 2428; x_wconf 90' lang='lat' dir='ltr'><strong>cipimus:</strong></span> <span class='ocrx_word' id='word_1_166' title='bbox 835 2381 902 2420; x_wconf 93' lang='lat' dir='ltr'><strong>eo</strong></span> <span class='ocrx_word' id='word_1_167' title='bbox 933 2365 1088 2435; x_wconf 90' lang='lat' dir='ltr'><strong>quod</strong></span> <span class='ocrx_word' id='word_1_168' title='bbox 1141 2363 1462 2421; x_wconf 87' lang='lat' dir='ltr'><strong>caelestium</strong></span> <span class='ocrx_word' id='word_1_169' title='bbox 1494 2367 1920 2439; x_wconf 88' lang='lat' dir='ltr'><strong>scripturarum</strong></span> <span class='ocrx_word' id='word_1_170' title='bbox 1977 2368 2118 2425; x_wconf 89' lang='lat' dir='ltr'><strong>allo-</strong></span> 
     </span>
    </p>
   </div>
   <div class='ocr_carea' id='block_1_27' title="bbox 477 2452 2122 2529">
    <p class='ocr_par' dir='ltr' id='par_1_27' title="bbox 477 2452 2122 2529">
     <span class='ocr_line' id='line_1_27' title="bbox 477 2452 2122 2529; baseline 0.002 -21"><span class='ocrx_word' id='word_1_171' title='bbox 477 2452 617 2526; x_wconf 91' lang='lat' dir='ltr'><strong>quia</strong></span> <span class='ocrx_word' id='word_1_172' title='bbox 645 2454 747 2510; x_wconf 89' lang='lat' dir='ltr'><strong>diu</strong></span> <span class='ocrx_word' id='word_1_173' title='bbox 777 2460 962 2513; x_wconf 91' lang='lat' dir='ltr'><strong>terere</strong></span> <span class='ocrx_word' id='word_1_174' title='bbox 1021 2473 1086 2512; x_wconf 90' lang='lat' dir='ltr'><strong>ac</strong></span> <span class='ocrx_word' id='word_1_175' title='bbox 1144 2455 1326 2529; x_wconf 90' lang='lat' dir='ltr'><strong>polire</strong></span> <span class='ocrx_word' id='word_1_176' title='bbox 1383 2457 1685 2524; x_wconf 90' lang='lat' dir='ltr'><strong>debemus,</strong></span> <span class='ocrx_word' id='word_1_177' title='bbox 1745 2461 1866 2514; x_wconf 91' lang='lat' dir='ltr'><strong>toto</strong></span> <span class='ocrx_word' id='word_1_178' title='bbox 1925 2457 2122 2513; x_wconf 88' lang='lat' dir='ltr'><strong>animo</strong></span> 
     </span>
    </p>
   </div>
   <div class='ocr_carea' id='block_1_28' title="bbox 474 2545 2122 2618">
    <p class='ocr_par' dir='ltr' id='par_1_28' title="bbox 474 2545 2122 2618">
     <span class='ocr_line' id='line_1_28' title="bbox 474 2545 2122 2618; baseline 0 -18"><span class='ocrx_word' id='word_1_179' title='bbox 474 2548 535 2600; x_wconf 90' lang='lat' dir='ltr'><strong>et</strong></span> <span class='ocrx_word' id='word_1_180' title='bbox 557 2546 729 2601; x_wconf 91' lang='lat' dir='ltr'><strong>corde</strong></span> <span class='ocrx_word' id='word_1_181' title='bbox 755 2548 1057 2602; x_wconf 87' lang='lat' dir='ltr'><strong>versantes</strong></span> <span class='ocrx_word' id='word_1_182' title='bbox 1083 2563 1096 2601; x_wconf 94' lang='lat'><strong>:</strong></span> <span class='ocrx_word' id='word_1_183' title='bbox 1132 2549 1197 2601; x_wconf 92' lang='lat' dir='ltr'><strong>ut</strong></span> <span class='ocrx_word' id='word_1_184' title='bbox 1226 2561 1438 2602; x_wconf 88' lang='lat' dir='ltr'><strong>succus</strong></span> <span class='ocrx_word' id='word_1_185' title='bbox 1468 2545 1565 2602; x_wconf 89' lang='lat' dir='ltr'><strong>ille</strong></span> <span class='ocrx_word' id='word_1_186' title='bbox 1595 2545 1876 2618; x_wconf 90' lang='lat' dir='ltr'><strong>spiritalis</strong></span> <span class='ocrx_word' id='word_1_187' title='bbox 1907 2545 2023 2601; x_wconf 92' lang='lat' dir='ltr'><strong>cibi</strong></span> <span class='ocrx_word' id='word_1_188' title='bbox 2063 2547 2122 2600; x_wconf 92' lang='lat' dir='ltr'><strong>in</strong></span> 
     </span>
    </p>
   </div>
   <div class='ocr_carea' id='block_1_29' title="bbox 475 2633 2122 2707">
    <p class='ocr_par' dir='ltr' id='par_1_29' title="bbox 475 2633 2122 2707">
     <span class='ocr_line' id='line_1_29' title="bbox 475 2633 2122 2707; baseline 0 -17"><span class='ocrx_word' id='word_1_189' title='bbox 475 2649 681 2690; x_wconf 90' lang='lat' dir='ltr'><strong>omnes</strong></span> <span class='ocrx_word' id='word_1_190' title='bbox 709 2650 771 2690; x_wconf 91' lang='lat' dir='ltr'><strong>se</strong></span> <span class='ocrx_word' id='word_1_191' title='bbox 817 2650 996 2690; x_wconf 89' lang='lat' dir='ltr'><strong>venas</strong></span> <span class='ocrx_word' id='word_1_192' title='bbox 1063 2633 1270 2690; x_wconf 87' lang='lat' dir='ltr'><strong>animae</strong></span> <span class='ocrx_word' id='word_1_193' title='bbox 1338 2634 1649 2690; x_wconf 80' lang='lat' dir='ltr'><strong>diffundat.</strong></span> <span class='ocrx_word' id='word_1_194' title='bbox 1708 2635 1858 2707; x_wconf 88' lang='lat' dir='ltr'><strong>Ergo</strong></span> <span class='ocrx_word' id='word_1_195' title='bbox 1888 2634 1938 2690; x_wconf 90' lang='lat' dir='ltr'><strong>si</strong></span> <span class='ocrx_word' id='word_1_196' title='bbox 1995 2639 2122 2690; x_wconf 89' lang='lat' dir='ltr'><strong>tan-</strong></span> 
     </span>
    </p>
   </div>
   <div class='ocr_carea' id='block_1_30' title="bbox 477 2723 2125 2796">
    <p class='ocr_par' dir='ltr' id='par_1_30' title="bbox 477 2723 2125 2796">
     <span class='ocr_line' id='line_1_30' title="bbox 477 2723 2125 2796; baseline 0 -18"><span class='ocrx_word' id='word_1_197' title='bbox 477 2739 657 2795; x_wconf 90' lang='lat' dir='ltr'><strong>quam</strong></span> <span class='ocrx_word' id='word_1_198' title='bbox 683 2723 1012 2796; x_wconf 88' lang='lat' dir='ltr'><strong>pubescens</strong></span> <span class='ocrx_word' id='word_1_199' title='bbox 1044 2723 1339 2779; x_wconf 87' lang='lat' dir='ltr'><strong>adolescat</strong></span> <span class='ocrx_word' id='word_1_200' title='bbox 1369 2723 1534 2792; x_wconf 90' lang='lat' dir='ltr'><strong>ﬁdes,</strong></span> <span class='ocrx_word' id='word_1_201' title='bbox 1565 2740 1692 2795; x_wconf 75' lang='lat' dir='ltr'><strong>quae</strong></span> <span class='ocrx_word' id='word_1_202' title='bbox 1718 2724 2006 2779; x_wconf 89' lang='lat' dir='ltr'><strong>defectum</strong></span> <span class='ocrx_word' id='word_1_203' title='bbox 2040 2737 2125 2778; x_wconf 88' lang='lat' dir='ltr'><strong>se-</strong></span> 
     </span>
    </p>
   </div>
   <div class='ocr_carea' id='block_1_31' title="bbox 477 2811 2122 2883">
    <p class='ocr_par' dir='ltr' id='par_1_31' title="bbox 477 2811 2122 2883">
     <span class='ocr_line' id='line_1_31' title="bbox 477 2811 2122 2883; baseline 0.001 -17"><span class='ocrx_word' id='word_1_204' title='bbox 477 2812 772 2868; x_wconf 89' lang='lat' dir='ltr'><strong>nescentis</strong></span> <span class='ocrx_word' id='word_1_205' title='bbox 815 2811 1138 2867; x_wconf 89' lang='lat' dir='ltr'><strong>devotionis</strong></span> <span class='ocrx_word' id='word_1_206' title='bbox 1196 2811 1449 2883; x_wconf 89' lang='lat' dir='ltr'><strong>ableget,</strong></span> <span class='ocrx_word' id='word_1_207' title='bbox 1503 2816 1562 2867; x_wconf 92' lang='lat' dir='ltr'><strong>et</strong></span> <span class='ocrx_word' id='word_1_208' title='bbox 1614 2811 1824 2883; x_wconf 89' lang='lat' dir='ltr'><strong>spiritu</strong></span> <span class='ocrx_word' id='word_1_209' title='bbox 1885 2813 2122 2878; x_wconf 87' lang='lat' dir='ltr'><strong>ferveat,</strong></span> 
     </span>
    </p>
   </div>
   <div class='ocr_carea' id='block_1_32' title="bbox 477 2899 2124 2974">
    <p class='ocr_par' dir='ltr' id='par_1_32' title="bbox 477 2899 2124 2974">
     <span class='ocr_line' id='line_1_32' title="bbox 477 2899 2124 2974; baseline 0.002 -20"><span class='ocrx_word' id='word_1_210' title='bbox 477 2901 536 2955; x_wconf 92' lang='lat' dir='ltr'><strong>et</strong></span> <span class='ocrx_word' id='word_1_211' title='bbox 560 2915 821 2971; x_wconf 89' lang='lat' dir='ltr'><strong>congrua</strong></span> <span class='ocrx_word' id='word_1_212' title='bbox 847 2899 1221 2955; x_wconf 88' lang='lat' dir='ltr'><strong>distinctione</strong></span> <span class='ocrx_word' id='word_1_213' title='bbox 1249 2902 1517 2955; x_wconf 89' lang='lat' dir='ltr'><strong>teneatur</strong></span> <span class='ocrx_word' id='word_1_214' title='bbox 1546 2917 1824 2956; x_wconf 88' lang='lat' dir='ltr'><strong>mensura</strong></span> <span class='ocrx_word' id='word_1_215' title='bbox 1851 2900 2124 2974; x_wconf 64' lang='lat' dir='ltr'><strong>legitimae</strong></span> 
     </span>
    </p>
   </div>
   <div class='ocr_carea' id='block_1_33' title="bbox 479 2985 2122 3062">
    <p class='ocr_par' dir='ltr' id='par_1_33' title="bbox 479 2985 2122 3062">
     <span class='ocr_line' id='line_1_33' title="bbox 479 2985 2122 3062; baseline 0.002 -20"><span class='ocrx_word' id='word_1_216' title='bbox 479 2985 803 3057; x_wconf 85' lang='lat' dir='ltr'><strong>divisionis,</strong></span> <span class='ocrx_word' id='word_1_217' title='bbox 873 2991 930 3043; x_wconf 92' lang='lat' dir='ltr'><strong>et</strong></span> <span class='ocrx_word' id='word_1_218' title='bbox 995 2988 1314 3046; x_wconf 89' lang='lat' dir='ltr'><strong>assiduitas</strong></span> <span class='ocrx_word' id='word_1_219' title='bbox 1381 2989 1751 3045; x_wconf 89' lang='lat' dir='ltr'><strong>commendet</strong></span> <span class='ocrx_word' id='word_1_220' title='bbox 1826 2991 2122 3062; x_wconf 83' lang='lat' dir='ltr'><strong>gratiam;</strong></span> 
     </span>
    </p>
   </div>
   <div class='ocr_carea' id='block_1_34' title="bbox 478 3075 2126 3152">
    <p class='ocr_par' dir='ltr' id='par_1_34' title="bbox 478 3075 2126 3152">
     <span class='ocr_line' id='line_1_34' title="bbox 478 3075 2126 3152; baseline 0.003 -21"><span class='ocrx_word' id='word_1_221' title='bbox 478 3078 620 3131; x_wconf 90' lang='lat' dir='ltr'><strong>tunc</strong></span> <span class='ocrx_word' id='word_1_222' title='bbox 648 3076 714 3132; x_wconf 92' lang='lat' dir='ltr'><strong>ﬁt</strong></span> <span class='ocrx_word' id='word_1_223' title='bbox 741 3075 886 3131; x_wconf 91' lang='lat' dir='ltr'><strong>illud</strong></span> <span class='ocrx_word' id='word_1_224' title='bbox 909 3075 1144 3149; x_wconf 83' lang='lat' dir='ltr'><strong>pingue,</strong></span> <span class='ocrx_word' id='word_1_225' title='bbox 1171 3081 1228 3133; x_wconf 93' lang='lat' dir='ltr'><strong>et</strong></span> <span class='ocrx_word' id='word_1_226' title='bbox 1243 3081 1526 3148; x_wconf 90' lang='lat' dir='ltr'><strong>tanquam</strong></span> <span class='ocrx_word' id='word_1_227' title='bbox 1575 3077 1804 3150; x_wconf 89' lang='lat' dir='ltr'><strong>adipale</strong></span> <span class='ocrx_word' id='word_1_228' title='bbox 1849 3079 2126 3152; x_wconf 87' lang='lat' dir='ltr'><strong>precatio-</strong></span> 
     </span>
    </p>
   </div>
   <div class='ocr_carea' id='block_1_35' title="bbox 2230 495 3862 577">
    <p class='ocr_par' dir='ltr' id='par_1_35' title="bbox 2230 495 3862 577">
     <span class='ocr_line' id='line_1_35' title="bbox 2230 495 3862 577; baseline 0.009 -30"><span class='ocrx_word' id='word_1_229' title='bbox 2230 495 2484 566; x_wconf 89' lang='lat' dir='ltr'><strong>qualitas</strong></span> <span class='ocrx_word' id='word_1_230' title='bbox 2547 497 2974 567; x_wconf 90' lang='lat' dir='ltr'><strong>consideratur,</strong></span> <span class='ocrx_word' id='word_1_231' title='bbox 3031 503 3090 554; x_wconf 88' lang='lat' dir='ltr'><strong>et</strong></span> <span class='ocrx_word' id='word_1_232' title='bbox 3143 499 3407 554; x_wconf 81' lang='lat' dir='ltr'><strong>affectus.</strong></span> <span class='ocrx_word' id='word_1_233' title='bbox 3469 500 3637 558; x_wconf 83' lang='lat' dir='ltr'><strong>Recte</strong></span> <span class='ocrx_word' id='word_1_234' title='bbox 3692 504 3862 577; x_wconf 83' lang='lat' dir='ltr'><strong>igitur</strong></span> 
     </span>
    </p>
   </div>
   <div class='ocr_carea' id='block_1_36' title="bbox 2229 585 3863 660">
    <p class='ocr_par' dir='ltr' id='par_1_36' title="bbox 2229 585 3863 660">
     <span class='ocr_line' id='line_1_36' title="bbox 2229 585 3863 660; baseline 0.006 -18"><span class='ocrx_word' id='word_1_235' title='bbox 2229 585 2367 642; x_wconf 90' lang='lat' dir='ltr'><strong>Cain</strong></span> <span class='ocrx_word' id='word_1_236' title='bbox 2400 587 2614 642; x_wconf 88' lang='lat' dir='ltr'><strong>obtulit</strong></span> <span class='ocrx_word' id='word_1_237' title='bbox 2647 605 2660 654; x_wconf 90' lang='lat'><strong>;</strong></span> <span class='ocrx_word' id='word_1_238' title='bbox 2693 589 2832 660; x_wconf 84' lang='lat' dir='ltr'><strong>quia</strong></span> <span class='ocrx_word' id='word_1_239' title='bbox 2862 587 3080 643; x_wconf 84' lang='lat' dir='ltr'><strong>oblatio</strong></span> <span class='ocrx_word' id='word_1_240' title='bbox 3143 587 3374 660; x_wconf 85' lang='lat' dir='ltr'><strong>insigne</strong></span> <span class='ocrx_word' id='word_1_241' title='bbox 3426 589 3758 660; x_wconf 89' lang='lat' dir='ltr'><strong>devotionis,</strong></span> <span class='ocrx_word' id='word_1_242' title='bbox 3811 590 3863 651; x_wconf 69' lang='lat' dir='ltr'><strong>et</strong></span> 
     </span>
    </p>
   </div>
   <div class='ocr_carea' id='block_1_37' title="bbox 2230 675 3862 754">
    <p class='ocr_par' dir='ltr' id='par_1_37' title="bbox 2230 675 3862 754">
     <span class='ocr_line' id='line_1_37' title="bbox 2230 675 3862 754; baseline 0.006 -24"><span class='ocrx_word' id='word_1_243' title='bbox 2230 675 2513 731; x_wconf 89' lang='lat' dir='ltr'><strong>indicium</strong></span> <span class='ocrx_word' id='word_1_244' title='bbox 2543 677 2865 749; x_wconf 88' lang='lat' dir='ltr'><strong>gratiarum</strong></span> <span class='ocrx_word' id='word_1_245' title='bbox 2897 681 3020 732; x_wconf 87' lang='lat' dir='ltr'><strong>est:</strong></span> <span class='ocrx_word' id='word_1_246' title='bbox 3049 677 3149 732; x_wconf 90' lang='lat' dir='ltr'><strong>sed</strong></span> <span class='ocrx_word' id='word_1_247' title='bbox 3181 694 3297 732; x_wconf 91' lang='lat' dir='ltr'><strong>non</strong></span> <span class='ocrx_word' id='word_1_248' title='bbox 3317 681 3471 734; x_wconf 88' lang='lat' dir='ltr'><strong>recte</strong></span> <span class='ocrx_word' id='word_1_249' title='bbox 3492 677 3715 747; x_wconf 84' lang='lat' dir='ltr'><strong>divisit;</strong></span> <span class='ocrx_word' id='word_1_250' title='bbox 3739 684 3862 754; x_wconf 90' lang='lat' dir='ltr'><strong>quia</strong></span> 
     </span>
    </p>
   </div>
   <div class='ocr_carea' id='block_1_38' title="bbox 2231 765 3862 842">
    <p class='ocr_par' dir='ltr' id='par_1_38' title="bbox 2231 765 3862 842">
     <span class='ocr_line' id='line_1_38' title="bbox 2231 765 3862 842; baseline 0.003 -22"><span class='ocrx_word' id='word_1_251' title='bbox 2231 769 2366 820; x_wconf 86' lang='lat' dir='ltr'><strong>ante</strong></span> <span class='ocrx_word' id='word_1_252' title='bbox 2391 765 2590 820; x_wconf 89' lang='lat' dir='ltr'><strong>omnia</strong></span> <span class='ocrx_word' id='word_1_253' title='bbox 2620 769 2731 820; x_wconf 92' lang='lat' dir='ltr'><strong>Deo</strong></span> <span class='ocrx_word' id='word_1_254' title='bbox 2763 765 2966 820; x_wconf 87' lang='lat' dir='ltr'><strong>debuit</strong></span> <span class='ocrx_word' id='word_1_255' title='bbox 2996 765 3218 820; x_wconf 88' lang='lat' dir='ltr'><strong>deferre</strong></span> <span class='ocrx_word' id='word_1_256' title='bbox 3245 765 3555 838; x_wconf 88' lang='lat' dir='ltr'><strong>primitias,</strong></span> <span class='ocrx_word' id='word_1_257' title='bbox 3587 772 3651 822; x_wconf 89' lang='lat' dir='ltr'><strong>ut</strong></span> <span class='ocrx_word' id='word_1_258' title='bbox 3678 785 3710 824; x_wconf 91' lang='lat' dir='ltr'><strong>a</strong></span> <span class='ocrx_word' id='word_1_259' title='bbox 3747 785 3862 842; x_wconf 87' lang='lat' dir='ltr'><strong>gra-</strong></span> 
     </span>
    </p>
   </div>
   <div class='ocr_carea' id='block_1_39' title="bbox 2233 851 3863 916">
    <p class='ocr_par' dir='ltr' id='par_1_39' title="bbox 2233 851 3863 916">
     <span class='ocr_line' id='line_1_39' title="bbox 2233 851 3863 916; baseline 0.006 -9"><span class='ocrx_word' id='word_1_260' title='bbox 2233 851 2316 908; x_wconf 91' lang='lat' dir='ltr'><strong>tia</strong></span> <span class='ocrx_word' id='word_1_261' title='bbox 2347 853 2645 910; x_wconf 88' lang='lat' dir='ltr'><strong>inchoaret</strong></span> <span class='ocrx_word' id='word_1_262' title='bbox 2675 854 2949 909; x_wconf 89' lang='lat' dir='ltr'><strong>auctoris.</strong></span> <span class='ocrx_word' id='word_1_263' title='bbox 2983 853 3213 910; x_wconf 89' lang='lat' dir='ltr'><strong>Etenim</strong></span> <span class='ocrx_word' id='word_1_264' title='bbox 3244 853 3547 911; x_wconf 89' lang='lat' dir='ltr'><strong>divisionis</strong></span> <span class='ocrx_word' id='word_1_265' title='bbox 3594 855 3685 912; x_wconf 89' lang='lat' dir='ltr'><strong>hic</strong></span> <span class='ocrx_word' id='word_1_266' title='bbox 3737 860 3863 916; x_wconf 91' lang='lat' dir='ltr'><strong>ordo</strong></span> 
     </span>
    </p>
   </div>
   <div class='ocr_carea' id='block_1_40' title="bbox 2233 942 3866 1018">
    <p class='ocr_par' dir='ltr' id='par_1_40' title="bbox 2233 942 3866 1018">
     <span class='ocr_line' id='line_1_40' title="bbox 2233 942 3866 1018; baseline 0.002 -20"><span class='ocrx_word' id='word_1_267' title='bbox 2233 945 2343 1010; x_wconf 89' lang='lat' dir='ltr'><strong>est,</strong></span> <span class='ocrx_word' id='word_1_268' title='bbox 2377 946 2442 997; x_wconf 93' lang='lat' dir='ltr'><strong>ut</strong></span> <span class='ocrx_word' id='word_1_269' title='bbox 2474 942 2663 1016; x_wconf 90' lang='lat' dir='ltr'><strong>prima</strong></span> <span class='ocrx_word' id='word_1_270' title='bbox 2693 943 2990 1011; x_wconf 89' lang='lat' dir='ltr'><strong>secundis,</strong></span> <span class='ocrx_word' id='word_1_271' title='bbox 3022 959 3138 997; x_wconf 91' lang='lat' dir='ltr'><strong>non</strong></span> <span class='ocrx_word' id='word_1_272' title='bbox 3171 943 3377 1014; x_wconf 90' lang='lat' dir='ltr'><strong>primis</strong></span> <span class='ocrx_word' id='word_1_273' title='bbox 3422 944 3676 1000; x_wconf 88' lang='lat' dir='ltr'><strong>secunda</strong></span> <span class='ocrx_word' id='word_1_274' title='bbox 3729 964 3866 1018; x_wconf 64' lang='lat' dir='ltr'><strong>prie-</strong></span> 
     </span>
    </p>
   </div>
   <div class='ocr_carea' id='block_1_41' title="bbox 2235 1030 3863 1100">
    <p class='ocr_par' dir='ltr' id='par_1_41' title="bbox 2235 1030 3863 1100">
     <span class='ocr_line' id='line_1_41' title="bbox 2235 1030 3863 1100; baseline 0.003 -13"><span class='ocrx_word' id='word_1_275' title='bbox 2235 1034 2476 1087; x_wconf 89' lang='lat' dir='ltr'><strong>currant</strong></span> <span class='ocrx_word' id='word_1_276' title='bbox 2509 1047 2521 1086; x_wconf 93' lang='lat'><strong>:</strong></span> <span class='ocrx_word' id='word_1_277' title='bbox 2554 1034 2611 1086; x_wconf 91' lang='lat' dir='ltr'><strong>et</strong></span> <span class='ocrx_word' id='word_1_278' title='bbox 2648 1030 2905 1087; x_wconf 75' lang='lat' dir='ltr'><strong>cmlestia</strong></span> <span class='ocrx_word' id='word_1_279' title='bbox 2944 1031 3213 1100; x_wconf 91' lang='lat' dir='ltr'><strong>terrenis,</strong></span> <span class='ocrx_word' id='word_1_280' title='bbox 3248 1047 3362 1087; x_wconf 92' lang='lat' dir='ltr'><strong>non</strong></span> <span class='ocrx_word' id='word_1_281' title='bbox 3413 1036 3643 1088; x_wconf 88' lang='lat' dir='ltr'><strong>terrena</strong></span> <span class='ocrx_word' id='word_1_282' title='bbox 3684 1034 3863 1092; x_wconf 70' lang='lat' dir='ltr'><strong>coales-</strong></span> 
     </span>
    </p>
   </div>
   <div class='ocr_carea' id='block_1_42' title="bbox 2235 1119 2833 1191">
    <p class='ocr_par' dir='ltr' id='par_1_42' title="bbox 2235 1119 2833 1191">
     <span class='ocr_line' id='line_1_42' title="bbox 2235 1119 2833 1191; baseline 0 -17"><span class='ocrx_word' id='word_1_283' title='bbox 2235 1119 2396 1174; x_wconf 91' lang='lat' dir='ltr'><strong>tibus</strong></span> <span class='ocrx_word' id='word_1_284' title='bbox 2425 1120 2833 1191; x_wconf 70' lang='lat' dir='ltr'><strong>praeferantur.</strong></span> 
     </span>
    </p>
   </div>
   <div class='ocr_carea' id='block_1_43' title="bbox 2889 1236 3283 1293">
    <p class='ocr_par' dir='ltr' id='par_1_43' title="bbox 2889 1236 3283 1293">
     <span class='ocr_line' id='line_1_43' title="bbox 2889 1236 3283 1293; baseline 0 -1"><span class='ocrx_word' id='word_1_285' title='bbox 2889 1236 3118 1292; x_wconf 86' lang='lat' dir='ltr'>CAPUT</span> <span class='ocrx_word' id='word_1_286' title='bbox 3161 1237 3283 1293; x_wconf 91' lang='lat' dir='ltr'><strong>VII.</strong></span> 
     </span>
    </p>
   </div>
   <div class='ocr_carea' id='block_1_44' title="bbox 2237 1325 3870 1397">
    <p class='ocr_par' dir='ltr' id='par_1_44' title="bbox 2237 1325 3870 1397">
     <span class='ocr_line' id='line_1_44' title="bbox 2237 1325 3870 1397; baseline 0.003 -18"><span class='ocrx_word' id='word_1_287' title='bbox 2237 1325 2406 1397; x_wconf 76' lang='lat' dir='ltr'><strong>Deum</strong></span> <span class='ocrx_word' id='word_1_288' title='bbox 2436 1327 2531 1396; x_wconf 88' lang='lat' dir='ltr'><strong>qui</strong></span> <span class='ocrx_word' id='word_1_289' title='bbox 2564 1327 2619 1380; x_wconf 86' lang='lat' dir='ltr'><strong>in</strong></span> <span class='ocrx_word' id='word_1_290' title='bbox 2651 1326 2852 1380; x_wconf 82' lang='lat' dir='ltr'><strong>Adamo</strong></span> <span class='ocrx_word' id='word_1_291' title='bbox 2897 1325 3082 1397; x_wconf 75' lang='lat' dir='ltr'><strong>docuit</strong></span> <span class='ocrx_word' id='word_1_292' title='bbox 3107 1343 3217 1381; x_wconf 85' lang='lat' dir='ltr'><strong>non</strong></span> <span class='ocrx_word' id='word_1_293' title='bbox 3242 1325 3598 1397; x_wconf 86' lang='lat' dir='ltr'><strong>peccandum,</strong></span> <span class='ocrx_word' id='word_1_294' title='bbox 3631 1328 3690 1380; x_wconf 88' lang='lat' dir='ltr'><strong>in</strong></span> <span class='ocrx_word' id='word_1_295' title='bbox 3721 1328 3870 1384; x_wconf 75' lang='grc' dir='ltr'><em>σαίηο</em></span> 
     </span>
    </p>
   </div>
   <div class='ocr_carea' id='block_1_45' title="bbox 2306 1395 3874 1470">
    <p class='ocr_par' dir='ltr' id='par_1_45' title="bbox 2306 1395 3874 1470">
     <span class='ocr_line' id='line_1_45' title="bbox 2306 1395 3874 1470; baseline 0.003 -20"><span class='ocrx_word' id='word_1_296' title='bbox 2306 1395 2554 1470; x_wconf 78' lang='lat' dir='ltr'><strong>docuisse</strong></span> <span class='ocrx_word' id='word_1_297' title='bbox 2580 1413 2692 1470; x_wconf 86' lang='lat' dir='ltr'><strong>non</strong></span> <span class='ocrx_word' id='word_1_298' title='bbox 2721 1396 3118 1470; x_wconf 78' lang='lat' dir='ltr'><strong>defendendum</strong></span> <span class='ocrx_word' id='word_1_299' title='bbox 3141 1395 3445 1470; x_wconf 77' lang='lat' dir='ltr'><strong>peccatum.</strong></span> <span class='ocrx_word' id='word_1_300' title='bbox 3498 1397 3562 1452; x_wconf 82' lang='lat' dir='ltr'><strong>Et</strong></span> <span class='ocrx_word' id='word_1_301' title='bbox 3592 1398 3670 1452; x_wconf 86' lang='lat' dir='ltr'><strong>ibi</strong></span> <span class='ocrx_word' id='word_1_302' title='bbox 3721 1417 3874 1470; x_wconf 82' lang='lat' dir='ltr'><strong>quam</strong></span> 
     </span>
    </p>
   </div>
   <div class='ocr_carea' id='block_1_46' title="bbox 2307 1468 3872 1549">
    <p class='ocr_par' dir='ltr' id='par_1_46' title="bbox 2307 1468 3872 1549">
     <span class='ocr_line' id='line_1_46' title="bbox 2307 1468 3872 1549; baseline 0.004 -28"><span class='ocrx_word' id='word_1_303' title='bbox 2307 1468 2550 1549; x_wconf 77' lang='lat' dir='ltr'><strong>proclive</strong></span> <span class='ocrx_word' id='word_1_304' title='bbox 2577 1469 2651 1522; x_wconf 87' lang='lat' dir='ltr'><strong>sit</strong></span> <span class='ocrx_word' id='word_1_305' title='bbox 2679 1468 2748 1522; x_wconf 89' lang='lat' dir='ltr'><strong>ab</strong></span> <span class='ocrx_word' id='word_1_306' title='bbox 2779 1469 3056 1540; x_wconf 79' lang='lat' dir='ltr'><strong>impietate</strong></span> <span class='ocrx_word' id='word_1_307' title='bbox 3079 1468 3284 1525; x_wconf 30' lang='lat' dir='ltr'><strong>in‘alia</strong></span> <span class='ocrx_word' id='word_1_308' title='bbox 3311 1469 3519 1524; x_wconf 82' lang='lat' dir='ltr'><strong>scelera</strong></span> <span class='ocrx_word' id='word_1_309' title='bbox 3571 1468 3872 1542; x_wconf 55' lang='lat' dir='ltr'><strong>pracipuo-</strong></span> 
     </span>
    </p>
   </div>
   <div class='ocr_carea' id='block_1_47' title="bbox 2308 1555 2382 1592">
    <p class='ocr_par' dir='ltr' id='par_1_47' title="bbox 2308 1555 2382 1592">
     <span class='ocr_line' id='line_1_47' title="bbox 2308 1555 2382 1592; baseline -0.014 0"><span class='ocrx_word' id='word_1_310' title='bbox 2308 1555 2382 1592; x_wconf 77' lang='grc' dir='ltr'><strong>νι.</strong></span> 
     </span>
    </p>
   </div>
   <div class='ocr_carea' id='block_1_48' title="bbox 2307 1652 3875 1725">
    <p class='ocr_par' dir='ltr' id='par_1_48' title="bbox 2307 1652 3875 1725">
     <span class='ocr_line' id='line_1_48' title="bbox 2307 1652 3875 1725; baseline 0.004 -19"><span class='ocrx_word' id='word_1_311' title='bbox 2307 1653 2397 1707; x_wconf 78' lang='grc'><strong>24.</strong></span> <span class='ocrx_word' id='word_1_312' title='bbox 2422 1653 2532 1708; x_wconf 92' lang='lat' dir='ltr'><strong>Sed</strong></span> <span class='ocrx_word' id='word_1_313' title='bbox 2561 1652 2698 1725; x_wconf 88' lang='lat' dir='ltr'><strong>quia</strong></span> <span class='ocrx_word' id='word_1_314' title='bbox 2729 1653 2867 1710; x_wconf 90' lang='lat' dir='ltr'><strong>Cain</strong></span> <span class='ocrx_word' id='word_1_315' title='bbox 2903 1653 3169 1710; x_wconf 91' lang='lat' dir='ltr'><strong>confudit</strong></span> <span class='ocrx_word' id='word_1_316' title='bbox 3197 1653 3358 1710; x_wconf 89' lang='lat' dir='ltr'><strong>hunc</strong></span> <span class='ocrx_word' id='word_1_317' title='bbox 3400 1655 3690 1723; x_wconf 90' lang='lat' dir='ltr'><strong>ordinem,</strong></span> <span class='ocrx_word' id='word_1_318' title='bbox 3747 1656 3875 1712; x_wconf 87' lang='lat' dir='ltr'><strong>dici-</strong></span> 
     </span>
    </p>
   </div>
   <div class='ocr_carea' id='block_1_49' title="bbox 2234 1741 3880 1816">
    <p class='ocr_par' dir='ltr' id='par_1_49' title="bbox 2234 1741 3880 1816">
     <span class='ocr_line' id='line_1_49' title="bbox 2234 1741 3880 1816; baseline 0.004 -20"><span class='ocrx_word' id='word_1_319' title='bbox 2234 1744 2333 1796; x_wconf 91' lang='lat' dir='ltr'><strong>tur</strong></span> <span class='ocrx_word' id='word_1_320' title='bbox 2361 1741 2412 1798; x_wconf 91' lang='lat' dir='ltr'><strong>ei</strong></span> <span class='ocrx_word' id='word_1_321' title='bbox 2448 1760 2460 1797; x_wconf 94' lang='lat'><strong>:</strong></span> <span class='ocrx_word' id='word_1_322' title='bbox 2492 1745 2752 1809; x_wconf 82' lang='lat' dir='ltr'><strong>Peccasti,</strong></span> <span class='ocrx_word' id='word_1_323' title='bbox 2785 1744 3000 1815; x_wconf 77' lang='lat' dir='ltr'><strong>quiesce</strong></span> <span class='ocrx_word' id='word_1_324' title='bbox 3029 1744 3184 1816; x_wconf 91' lang='lat' dir='ltr'><strong>(Gen.</strong></span> <span class='ocrx_word' id='word_1_325' title='bbox 3220 1761 3294 1811; x_wconf 85' lang='lat' dir='ltr'><strong>IV,</strong></span> <span class='ocrx_word' id='word_1_326' title='bbox 3349 1745 3429 1802; x_wconf 74' lang='lat' dir='ltr'><strong>7i.</strong></span> <span class='ocrx_word' id='word_1_327' title='bbox 3463 1744 3675 1800; x_wconf 91' lang='lat' dir='ltr'><strong>Omnia</strong></span> <span class='ocrx_word' id='word_1_328' title='bbox 3728 1746 3880 1802; x_wconf 88' lang='lat' dir='ltr'><strong>docet</strong></span> 
     </span>
    </p>
   </div>
   <div class='ocr_carea' id='block_1_50' title="bbox 2233 1830 3874 1903">
    <p class='ocr_par' dir='ltr' id='par_1_50' title="bbox 2233 1830 3874 1903">
     <span class='ocr_line' id='line_1_50' title="bbox 2233 1830 3874 1903; baseline 0.002 -17"><span class='ocrx_word' id='word_1_329' title='bbox 2233 1830 2408 1887; x_wconf 90' lang='lat' dir='ltr'><strong>Deus.</strong></span> <span class='ocrx_word' id='word_1_330' title='bbox 2443 1830 2708 1886; x_wconf 89' lang='lat' dir='ltr'><strong>Primum</strong></span> <span class='ocrx_word' id='word_1_331' title='bbox 2743 1849 2812 1888; x_wconf 91' lang='lat' dir='ltr'><strong>ne</strong></span> <span class='ocrx_word' id='word_1_332' title='bbox 2842 1847 3066 1903; x_wconf 89' lang='lat' dir='ltr'><strong>pecces,</strong></span> <span class='ocrx_word' id='word_1_333' title='bbox 3138 1836 3204 1887; x_wconf 88' lang='lat' dir='ltr'><strong>ut</strong></span> <span class='ocrx_word' id='word_1_334' title='bbox 3234 1833 3291 1886; x_wconf 90' lang='lat' dir='ltr'><strong>in</strong></span> <span class='ocrx_word' id='word_1_335' title='bbox 3357 1833 3548 1888; x_wconf 89' lang='lat' dir='ltr'><strong>Adam</strong></span> <span class='ocrx_word' id='word_1_336' title='bbox 3617 1835 3874 1889; x_wconf 90' lang='lat' dir='ltr'><strong>monuit:</strong></span> 
     </span>
    </p>
   </div>
   <div class='ocr_carea' id='block_1_51' title="bbox 2232 1919 3876 1992">
    <p class='ocr_par' dir='ltr' id='par_1_51' title="bbox 2232 1919 3876 1992">
     <span class='ocr_line' id='line_1_51' title="bbox 2232 1919 3876 1992; baseline 0.003 -18"><span class='ocrx_word' id='word_1_337' title='bbox 2232 1919 2514 1985; x_wconf 89' lang='lat' dir='ltr'><strong>secundo,</strong></span> <span class='ocrx_word' id='word_1_338' title='bbox 2547 1919 2596 1975; x_wconf 91' lang='lat' dir='ltr'><strong>si</strong></span> <span class='ocrx_word' id='word_1_339' title='bbox 2627 1921 2976 1992; x_wconf 89' lang='lat' dir='ltr'><strong>peccaveris,</strong></span> <span class='ocrx_word' id='word_1_340' title='bbox 3009 1921 3302 1992; x_wconf 90' lang='lat' dir='ltr'><strong>quiescas,</strong></span> <span class='ocrx_word' id='word_1_341' title='bbox 3335 1925 3402 1977; x_wconf 89' lang='lat' dir='ltr'><strong>ut</strong></span> <span class='ocrx_word' id='word_1_342' title='bbox 3432 1921 3495 1976; x_wconf 93' lang='lat' dir='ltr'><strong>in</strong></span> <span class='ocrx_word' id='word_1_343' title='bbox 3525 1922 3666 1978; x_wconf 84' lang='lat' dir='ltr'><strong>Cain</strong></span> <span class='ocrx_word' id='word_1_344' title='bbox 3722 1923 3876 1979; x_wconf 88' lang='lat' dir='ltr'><strong>doce-</strong></span> 
     </span>
    </p>
   </div>
   <div class='ocr_carea' id='block_1_52' title="bbox 2233 2008 3878 2085">
    <p class='ocr_par' dir='ltr' id='par_1_52' title="bbox 2233 2008 3878 2085">
     <span class='ocr_line' id='line_1_52' title="bbox 2233 2008 3878 2085; baseline 0.004 -23"><span class='ocrx_word' id='word_1_345' title='bbox 2233 2008 2337 2063; x_wconf 91' lang='lat' dir='ltr'><strong>ris.</strong></span> <span class='ocrx_word' id='word_1_346' title='bbox 2363 2008 2710 2066; x_wconf 89' lang='lat' dir='ltr'><strong>Erubescere</strong></span> <span class='ocrx_word' id='word_1_347' title='bbox 2734 2009 2891 2065; x_wconf 88' lang='lat' dir='ltr'><strong>enim</strong></span> <span class='ocrx_word' id='word_1_348' title='bbox 2913 2010 3217 2079; x_wconf 88' lang='lat' dir='ltr'><strong>debemus,</strong></span> <span class='ocrx_word' id='word_1_349' title='bbox 3245 2014 3304 2066; x_wconf 90' lang='lat' dir='ltr'><strong>et</strong></span> <span class='ocrx_word' id='word_1_350' title='bbox 3331 2011 3729 2068; x_wconf 88' lang='lat' dir='ltr'><strong>condemnare</strong></span> <span class='ocrx_word' id='word_1_351' title='bbox 3757 2027 3878 2085; x_wconf 88' lang='lat' dir='ltr'><strong>pec-</strong></span> 
     </span>
    </p>
   </div>
   <div class='ocr_carea' id='block_1_53' title="bbox 2233 2099 3885 2173">
    <p class='ocr_par' dir='ltr' id='par_1_53' title="bbox 2233 2099 3885 2173">
     <span class='ocr_line' id='line_1_53' title="bbox 2233 2099 3885 2173; baseline 0.002 -20"><span class='ocrx_word' id='word_1_352' title='bbox 2233 2101 2452 2164; x_wconf 88' lang='lat' dir='ltr'><strong>catum,</strong></span> <span class='ocrx_word' id='word_1_353' title='bbox 2486 2115 2601 2154; x_wconf 90' lang='lat' dir='ltr'><strong>non</strong></span> <span class='ocrx_word' id='word_1_354' title='bbox 2635 2099 2942 2155; x_wconf 86' lang='lat' dir='ltr'><strong>defendere</strong></span> <span class='ocrx_word' id='word_1_355' title='bbox 2976 2117 2990 2169; x_wconf 90' lang='lat'><strong>;</strong></span> <span class='ocrx_word' id='word_1_356' title='bbox 3023 2100 3304 2172; x_wconf 88' lang='lat' dir='ltr'><strong>quoniam</strong></span> <span class='ocrx_word' id='word_1_357' title='bbox 3342 2101 3577 2172; x_wconf 90' lang='lat' dir='ltr'><strong>pudore</strong></span> <span class='ocrx_word' id='word_1_358' title='bbox 3596 2099 3766 2173; x_wconf 91' lang='lat' dir='ltr'><strong>culpa</strong></span> <span class='ocrx_word' id='word_1_359' title='bbox 3792 2099 3885 2155; x_wconf 87' lang='lat' dir='ltr'><strong>mi-</strong></span> 
     </span>
    </p>
   </div>
   <div class='ocr_carea' id='block_1_54' title="bbox 2233 2187 3882 2261">
    <p class='ocr_par' dir='ltr' id='par_1_54' title="bbox 2233 2187 3882 2261">
     <span class='ocr_line' id='line_1_54' title="bbox 2233 2187 3882 2261; baseline 0.001 -19"><span class='ocrx_word' id='word_1_360' title='bbox 2233 2187 2459 2256; x_wconf 90' lang='lat' dir='ltr'><strong>nuitur,</strong></span> <span class='ocrx_word' id='word_1_361' title='bbox 2489 2187 2826 2244; x_wconf 89' lang='lat' dir='ltr'><strong>defensione</strong></span> <span class='ocrx_word' id='word_1_362' title='bbox 2855 2188 3212 2244; x_wconf 82' lang='lat' dir='ltr'><strong>cumulatur.</strong></span> <span class='ocrx_word' id='word_1_363' title='bbox 3241 2189 3308 2244; x_wconf 91' lang='lat' dir='ltr'><strong>Et</strong></span> <span class='ocrx_word' id='word_1_364' title='bbox 3364 2188 3603 2245; x_wconf 90' lang='lat' dir='ltr'><strong>silendo</strong></span> <span class='ocrx_word' id='word_1_365' title='bbox 3659 2188 3882 2261; x_wconf 88' lang='lat' dir='ltr'><strong>corrigi-</strong></span> 
     </span>
    </p>
   </div>
   <div class='ocr_carea' id='block_1_55' title="bbox 2234 2276 3885 2349">
    <p class='ocr_par' dir='ltr' id='par_1_55' title="bbox 2234 2276 3885 2349">
     <span class='ocr_line' id='line_1_55' title="bbox 2234 2276 3885 2349; baseline 0.002 -19"><span class='ocrx_word' id='word_1_366' title='bbox 2234 2291 2388 2343; x_wconf 92' lang='lat' dir='ltr'><strong>mur,</strong></span> <span class='ocrx_word' id='word_1_367' title='bbox 2423 2276 2795 2333; x_wconf 89' lang='lat' dir='ltr'><strong>contentione</strong></span> <span class='ocrx_word' id='word_1_368' title='bbox 2820 2276 3208 2349; x_wconf 88' lang='lat' dir='ltr'><strong>prolabimur.</strong></span> <span class='ocrx_word' id='word_1_369' title='bbox 3256 2277 3346 2334; x_wconf 90' lang='lat' dir='ltr'><strong>Sit</strong></span> <span class='ocrx_word' id='word_1_370' title='bbox 3366 2277 3592 2334; x_wconf 88' lang='lat' dir='ltr'><strong>saltem</strong></span> <span class='ocrx_word' id='word_1_371' title='bbox 3621 2293 3885 2334; x_wconf 89' lang='lat' dir='ltr'><strong>verecun-</strong></span> 
     </span>
    </p>
   </div>
   <div class='ocr_carea' id='block_1_56' title="bbox 2233 2364 3886 2435">
    <p class='ocr_par' dir='ltr' id='par_1_56' title="bbox 2233 2364 3886 2435">
     <span class='ocr_line' id='line_1_56' title="bbox 2233 2364 3886 2435; baseline 0 -15"><span class='ocrx_word' id='word_1_372' title='bbox 2233 2365 2350 2435; x_wconf 90' lang='lat' dir='ltr'><strong>dia,</strong></span> <span class='ocrx_word' id='word_1_373' title='bbox 2384 2365 2485 2420; x_wconf 91' lang='lat' dir='ltr'><strong>ubi</strong></span> <span class='ocrx_word' id='word_1_374' title='bbox 2517 2381 2632 2420; x_wconf 89' lang='lat' dir='ltr'><strong>non</strong></span> <span class='ocrx_word' id='word_1_375' title='bbox 2664 2370 2756 2422; x_wconf 91' lang='lat' dir='ltr'><strong>est</strong></span> <span class='ocrx_word' id='word_1_376' title='bbox 2783 2364 3096 2422; x_wconf 89' lang='lat' dir='ltr'><strong>absolutio.</strong></span> <span class='ocrx_word' id='word_1_377' title='bbox 3145 2367 3284 2422; x_wconf 88' lang='lat' dir='ltr'><strong>Inde</strong></span> <span class='ocrx_word' id='word_1_378' title='bbox 3331 2365 3488 2422; x_wconf 88' lang='lat' dir='ltr'><strong>illud</strong></span> <span class='ocrx_word' id='word_1_379' title='bbox 3527 2382 3540 2420; x_wconf 89' lang='lat'><strong>:</strong></span> <span class='ocrx_word' id='word_1_380' title='bbox 3600 2367 3781 2422; x_wconf 80' lang='lat' dir='ltr'><strong>Justus</strong></span> <span class='ocrx_word' id='word_1_381' title='bbox 3833 2368 3886 2421; x_wconf 87' lang='lat' dir='ltr'><strong>in</strong></span> 
     </span>
    </p>
   </div>
   <div class='ocr_carea' id='block_1_57' title="bbox 2231 2454 3888 2527">
    <p class='ocr_par' dir='ltr' id='par_1_57' title="bbox 2231 2454 3888 2527">
     <span class='ocr_line' id='line_1_57' title="bbox 2231 2454 3888 2527; baseline -0.001 -18"><span class='ocrx_word' id='word_1_382' title='bbox 2231 2454 2458 2511; x_wconf 76' lang='lat' dir='ltr'><strong>exordio</strong></span> <span class='ocrx_word' id='word_1_383' title='bbox 2486 2457 2754 2511; x_wconf 77' lang='lat' dir='ltr'><strong>sermonis</strong></span> <span class='ocrx_word' id='word_1_384' title='bbox 2773 2457 3054 2511; x_wconf 78' lang='lat' dir='ltr'><strong>accusator</strong></span> <span class='ocrx_word' id='word_1_385' title='bbox 3079 2463 3160 2512; x_wconf 83' lang='lat' dir='ltr'><strong>est</strong></span> <span class='ocrx_word' id='word_1_386' title='bbox 3187 2456 3278 2510; x_wconf 89' lang='lat' dir='ltr'><strong>sui</strong></span> <span class='ocrx_word' id='word_1_387' title='bbox 3323 2456 3520 2527; x_wconf 86' lang='lat' dir='ltr'><strong>(Prov.</strong></span> <span class='ocrx_word' id='word_1_388' title='bbox 3575 2472 3736 2520; x_wconf 79' lang='lat' dir='ltr'><strong>xvm,</strong></span> <span class='ocrx_word' id='word_1_389' title='bbox 3788 2455 3888 2525; x_wconf 86' lang='grc'><strong>17).</strong></span> 
     </span>
    </p>
   </div>
   <div class='ocr_carea' id='block_1_58' title="bbox 2232 2542 3886 2617">
    <p class='ocr_par' dir='ltr' id='par_1_58' title="bbox 2232 2542 3886 2617">
     <span class='ocr_line' id='line_1_58' title="bbox 2232 2542 3886 2617; baseline 0.001 -20"><span class='ocrx_word' id='word_1_390' title='bbox 2232 2542 2302 2598; x_wconf 85' lang='lat' dir='ltr'><strong>Et</strong></span> <span class='ocrx_word' id='word_1_391' title='bbox 2330 2543 2543 2598; x_wconf 90' lang='lat' dir='ltr'><strong>iterum</strong></span> <span class='ocrx_word' id='word_1_392' title='bbox 2575 2545 2647 2599; x_wconf 93' lang='lat' dir='ltr'><strong>ab</strong></span> <span class='ocrx_word' id='word_1_393' title='bbox 2681 2544 2808 2616; x_wconf 91' lang='lat' dir='ltr'><strong>ipso</strong></span> <span class='ocrx_word' id='word_1_394' title='bbox 2834 2542 3089 2600; x_wconf 91' lang='lat' dir='ltr'><strong>Domino</strong></span> <span class='ocrx_word' id='word_1_395' title='bbox 3121 2543 3260 2600; x_wconf 90' lang='lat' dir='ltr'><strong>alibi</strong></span> <span class='ocrx_word' id='word_1_396' title='bbox 3303 2543 3543 2600; x_wconf 89' lang='lat' dir='ltr'><strong>dictum</strong></span> <span class='ocrx_word' id='word_1_397' title='bbox 3599 2543 3844 2617; x_wconf 86' lang='lat' dir='ltr'><strong>legimus</strong></span> <span class='ocrx_word' id='word_1_398' title='bbox 3874 2560 3886 2597; x_wconf 94' lang='lat'><strong>:</strong></span> 
     </span>
    </p>
   </div>
   <div class='ocr_carea' id='block_1_59' title="bbox 2233 2632 3891 2704">
    <p class='ocr_par' dir='ltr' id='par_1_59' title="bbox 2233 2632 3891 2704">
     <span class='ocr_line' id='line_1_59' title="bbox 2233 2632 3891 2704; baseline 0.001 -18"><span class='ocrx_word' id='word_1_399' title='bbox 2233 2632 2331 2687; x_wconf 88' lang='lat' dir='ltr'><strong>Dic</strong></span> <span class='ocrx_word' id='word_1_400' title='bbox 2357 2633 2673 2704; x_wconf 87' lang='lat' dir='ltr'><strong>iniquitates</strong></span> <span class='ocrx_word' id='word_1_401' title='bbox 2695 2642 2838 2700; x_wconf 85' lang='lat' dir='ltr'><strong>tuas,</strong></span> <span class='ocrx_word' id='word_1_402' title='bbox 2880 2641 2941 2688; x_wconf 84' lang='lat' dir='ltr'><strong>ut</strong></span> <span class='ocrx_word' id='word_1_403' title='bbox 2990 2633 3315 2704; x_wconf 80' lang='lat' dir='ltr'><strong>justiﬁceris</strong></span> <span class='ocrx_word' id='word_1_404' title='bbox 3379 2633 3504 2704; x_wconf 86' lang='lat' dir='ltr'><strong>(Isa</strong></span> <span class='ocrx_word' id='word_1_405' title='bbox 3569 2648 3729 2703; x_wconf 74' lang='lat' dir='ltr'><strong>xuii,</strong></span> <span class='ocrx_word' id='word_1_406' title='bbox 3784 2632 3891 2702; x_wconf 85' lang='lat'><strong>26).</strong></span> 
     </span>
    </p>
   </div>
   <div class='ocr_carea' id='block_1_60' title="bbox 2233 2719 3894 2794">
    <p class='ocr_par' dir='ltr' id='par_1_60' title="bbox 2233 2719 3894 2794">
     <span class='ocr_line' id='line_1_60' title="bbox 2233 2719 3894 2794; baseline 0 -18"><span class='ocrx_word' id='word_1_407' title='bbox 2233 2719 2461 2784; x_wconf 88' lang='lat' dir='ltr'><strong>Quanta</strong></span> <span class='ocrx_word' id='word_1_408' title='bbox 2489 2720 2732 2793; x_wconf 91' lang='lat' dir='ltr'><strong>pudoris</strong></span> <span class='ocrx_word' id='word_1_409' title='bbox 2757 2721 2965 2794; x_wconf 89' lang='lat' dir='ltr'><strong>gratia,</strong></span> <span class='ocrx_word' id='word_1_410' title='bbox 2999 2725 3066 2777; x_wconf 90' lang='lat' dir='ltr'><strong>ut</strong></span> <span class='ocrx_word' id='word_1_411' title='bbox 3113 2721 3417 2792; x_wconf 87' lang='lat' dir='ltr'><strong>justitiam</strong></span> <span class='ocrx_word' id='word_1_412' title='bbox 3492 2726 3694 2778; x_wconf 89' lang='lat' dir='ltr'><strong>teneat</strong></span> <span class='ocrx_word' id='word_1_413' title='bbox 3747 2736 3894 2778; x_wconf 87' lang='lat' dir='ltr'><strong>vere-</strong></span> 
     </span>
    </p>
   </div>
   <div class='ocr_carea' id='block_1_61' title="bbox 2233 2809 3895 2882">
    <p class='ocr_par' dir='ltr' id='par_1_61' title="bbox 2233 2809 3895 2882">
     <span class='ocr_line' id='line_1_61' title="bbox 2233 2809 3895 2882; baseline 0.002 -19"><span class='ocrx_word' id='word_1_414' title='bbox 2233 2809 2468 2877; x_wconf 91' lang='lat' dir='ltr'><strong>cundia,</strong></span> <span class='ocrx_word' id='word_1_415' title='bbox 2504 2826 2681 2882; x_wconf 90' lang='lat' dir='ltr'><strong>quam</strong></span> <span class='ocrx_word' id='word_1_416' title='bbox 2704 2810 2886 2882; x_wconf 83' lang='lat' dir='ltr'><strong>culpae</strong></span> <span class='ocrx_word' id='word_1_417' title='bbox 2917 2814 3118 2867; x_wconf 89' lang='lat' dir='ltr'><strong>reatus</strong></span> <span class='ocrx_word' id='word_1_418' title='bbox 3147 2811 3473 2868; x_wconf 88' lang='lat' dir='ltr'><strong>abstulerit</strong></span> <span class='ocrx_word' id='word_1_419' title='bbox 3497 2811 3510 2866; x_wconf 94' lang='lat' dir='ltr'><strong>l</strong></span> <span class='ocrx_word' id='word_1_420' title='bbox 3545 2811 3684 2868; x_wconf 85' lang='lat' dir='ltr'><strong>Ideo</strong></span> <span class='ocrx_word' id='word_1_421' title='bbox 3713 2814 3895 2868; x_wconf 88' lang='lat' dir='ltr'><strong>autem</strong></span> 
     </span>
    </p>
   </div>
   <div class='ocr_carea' id='block_1_62' title="bbox 2235 2897 3897 2973">
    <p class='ocr_par' dir='ltr' id='par_1_62' title="bbox 2235 2897 3897 2973">
     <span class='ocr_line' id='line_1_62' title="bbox 2235 2897 3897 2973; baseline -0.001 -19"><span class='ocrx_word' id='word_1_422' title='bbox 2235 2897 2316 2954; x_wconf 87' lang='lat' dir='ltr'><strong>ait</strong></span> <span class='ocrx_word' id='word_1_423' title='bbox 2348 2914 2361 2952; x_wconf 91' lang='lat'><strong>:</strong></span> <span class='ocrx_word' id='word_1_424' title='bbox 2392 2899 2634 2966; x_wconf 77' lang='lat' dir='ltr'><strong>Quiesce,</strong></span> <span class='ocrx_word' id='word_1_425' title='bbox 2676 2898 2954 2970; x_wconf 90' lang='lat' dir='ltr'><strong>quoniam</strong></span> <span class='ocrx_word' id='word_1_426' title='bbox 2989 2915 3104 2955; x_wconf 91' lang='lat' dir='ltr'><strong>non</strong></span> <span class='ocrx_word' id='word_1_427' title='bbox 3173 2899 3352 2956; x_wconf 88' lang='lat' dir='ltr'><strong>habes</strong></span> <span class='ocrx_word' id='word_1_428' title='bbox 3428 2901 3596 2973; x_wconf 92' lang='lat' dir='ltr'><strong>quod</strong></span> <span class='ocrx_word' id='word_1_429' title='bbox 3647 2914 3897 2957; x_wconf 80' lang='lat' dir='ltr'><strong>excuses.</strong></span> 
     </span>
    </p>
   </div>
   <div class='ocr_carea' id='block_1_63' title="bbox 2234 2985 3898 3060">
    <p class='ocr_par' dir='ltr' id='par_1_63' title="bbox 2234 2985 3898 3060">
     <span class='ocr_line' id='line_1_63' title="bbox 2234 2985 3898 3060; baseline 0.001 -19"><span class='ocrx_word' id='word_1_430' title='bbox 2234 2985 2426 3058; x_wconf 67' lang='lat' dir='ltr'><strong>Culpa:</strong></span> <span class='ocrx_word' id='word_1_431' title='bbox 2459 2986 2646 3060; x_wconf 88' lang='lat' dir='ltr'><strong>ipsius</strong></span> <span class='ocrx_word' id='word_1_432' title='bbox 2677 2988 2748 3043; x_wconf 88' lang='lat' dir='ltr'><strong>ad</strong></span> <span class='ocrx_word' id='word_1_433' title='bbox 2779 2991 2836 3043; x_wconf 92' lang='lat' dir='ltr'><strong>te</strong></span> <span class='ocrx_word' id='word_1_434' title='bbox 2865 2987 3165 3044; x_wconf 89' lang='lat' dir='ltr'><strong>conversio</strong></span> <span class='ocrx_word' id='word_1_435' title='bbox 3194 2991 3302 3043; x_wconf 90' lang='lat' dir='ltr'><strong>est.</strong></span> <span class='ocrx_word' id='word_1_436' title='bbox 3360 2987 3505 3045; x_wconf 89' lang='lat' dir='ltr'><strong>Non</strong></span> <span class='ocrx_word' id='word_1_437' title='bbox 3567 2988 3727 3045; x_wconf 89' lang='lat' dir='ltr'><strong>enim</strong></span> <span class='ocrx_word' id='word_1_438' title='bbox 3793 2987 3898 3042; x_wconf 84' lang='lat' dir='ltr'><strong>fra-</strong></span> 
     </span>
    </p>
   </div>
   <div class='ocr_carea' id='block_1_64' title="bbox 2234 3076 3902 3149">
    <p class='ocr_par' dir='ltr' id='par_1_64' title="bbox 2234 3076 3902 3149">
     <span class='ocr_line' id='line_1_64' title="bbox 2234 3076 3902 3149; baseline 0.001 -19"><span class='ocrx_word' id='word_1_439' title='bbox 2234 3077 2324 3131; x_wconf 90' lang='lat' dir='ltr'><strong>ter</strong></span> <span class='ocrx_word' id='word_1_440' title='bbox 2347 3076 2398 3131; x_wconf 91' lang='lat' dir='ltr'><strong>ei</strong></span> <span class='ocrx_word' id='word_1_441' title='bbox 2433 3076 2747 3132; x_wconf 88' lang='lat' dir='ltr'><strong>adducitur</strong></span> <span class='ocrx_word' id='word_1_442' title='bbox 2770 3077 2905 3149; x_wconf 91' lang='lat'><strong>(62),</strong></span> <span class='ocrx_word' id='word_1_443' title='bbox 2967 3077 3069 3133; x_wconf 87' lang='lat' dir='ltr'><strong>sed</strong></span> <span class='ocrx_word' id='word_1_444' title='bbox 3117 3093 3280 3133; x_wconf 91' lang='lat' dir='ltr'><strong>error</strong></span> <span class='ocrx_word' id='word_1_445' title='bbox 3331 3078 3693 3147; x_wconf 87' lang='lat' dir='ltr'><strong>ascribitur,</strong></span> <span class='ocrx_word' id='word_1_446' title='bbox 3742 3077 3902 3148; x_wconf 71' lang='lat' dir='ltr'><strong>cuius</strong></span> 
     </span>
    </p>
   </div>
   <div class='ocr_carea' id='block_1_65' title="bbox 478 3143 3904 3240">
    <p class='ocr_par' dir='ltr' id='par_1_65' title="bbox 478 3143 3904 3240">
     <span class='ocr_line' id='line_1_65' title="bbox 478 3143 3904 3240; baseline -0 -20"><span class='ocrx_word' id='word_1_447' title='bbox 478 3163 572 3221; x_wconf 90' lang='lat' dir='ltr'><strong>nis</strong></span> <span class='ocrx_word' id='word_1_448' title='bbox 603 3180 810 3238; x_wconf 90' lang='lat' dir='ltr'><strong>genus,</strong></span> <span class='ocrx_word' id='word_1_449' title='bbox 843 3143 1060 3237; x_wconf 62' lang='lat' dir='ltr'><strong>dequo</strong></span> <span class='ocrx_word' id='word_1_450' title='bbox 1090 3143 1233 3222; x_wconf 84' lang='lat' dir='ltr'><strong>dicit</strong></span> <span class='ocrx_word' id='word_1_451' title='bbox 1265 3143 1553 3238; x_wconf 71' lang='lat' dir='ltr'><strong>Propheta</strong></span> <span class='ocrx_word' id='word_1_452' title='bbox 1584 3184 1597 3220; x_wconf 90' lang='lat'><strong>:</strong></span> <span class='ocrx_word' id='word_1_453' title='bbox 1657 3143 2019 3240; x_wconf 52' lang='lat' dir='ltr'><strong>Iinpinéuasti</strong></span> <span class='ocrx_word' id='word_1_454' title='bbox 2063 3170 2125 3224; x_wconf 87' lang='lat' dir='ltr'><strong>in</strong></span> <span class='ocrx_word' id='word_1_455' title='bbox 2155 3143 2198 3210; x_wconf 79' lang='lat' dir='ltr'>C</span> <span class='ocrx_word' id='word_1_456' title='bbox 2236 3163 2362 3236; x_wconf 89' lang='lat' dir='ltr'><strong>ipse</strong></span> <span class='ocrx_word' id='word_1_457' title='bbox 2391 3165 2502 3220; x_wconf 88' lang='lat' dir='ltr'><strong>sibi</strong></span> <span class='ocrx_word' id='word_1_458' title='bbox 2535 3169 2740 3221; x_wconf 91' lang='lat' dir='ltr'><strong>auctor</strong></span> <span class='ocrx_word' id='word_1_459' title='bbox 2774 3143 2899 3222; x_wconf 36' lang='lat' dir='ltr'><strong>est:</strong></span> <span class='ocrx_word' id='word_1_460' title='bbox 2935 3165 2999 3220; x_wconf 89' lang='lat' dir='ltr'><strong>In</strong></span> <span class='ocrx_word' id='word_1_461' title='bbox 3029 3170 3110 3234; x_wconf 83' lang='lat' dir='ltr'><strong>te,</strong></span> <span class='ocrx_word' id='word_1_462' title='bbox 3159 3165 3370 3238; x_wconf 87' lang='lat' dir='ltr'><strong>inquit,</strong></span> <span class='ocrx_word' id='word_1_463' title='bbox 3431 3143 3757 3224; x_wconf 80' lang='lat' dir='ltr'><strong>revertitur</strong></span> <span class='ocrx_word' id='word_1_464' title='bbox 3800 3143 3904 3221; x_wconf 63' lang='lat' dir='ltr'><strong>cri-&#39;</strong></span> 
     </span>
    </p>
   </div>
   <div class='ocr_carea' id='block_1_66' title="bbox 477 3253 2124 3331">
    <p class='ocr_par' dir='ltr' id='par_1_66' title="bbox 477 3253 2124 3331">
     <span class='ocr_line' id='line_1_66' title="bbox 477 3253 2124 3331; baseline 0.004 -23"><span class='ocrx_word' id='word_1_465' title='bbox 477 3253 595 3309; x_wconf 84' lang='lat' dir='ltr'><strong>oteo</strong></span> <span class='ocrx_word' id='word_1_466' title='bbox 622 3257 785 3326; x_wconf 85' lang='lat' dir='ltr'><strong>caput</strong></span> <span class='ocrx_word' id='word_1_467' title='bbox 810 3270 997 3310; x_wconf 84' lang='lat' dir='ltr'><strong>meum</strong></span> <span class='ocrx_word' id='word_1_468' title='bbox 1027 3254 1197 3326; x_wconf 86' lang='lat' dir='ltr'><strong>(Psal.</strong></span> <span class='ocrx_word' id='word_1_469' title='bbox 1229 3271 1368 3322; x_wconf 80' lang='lat' dir='ltr'><strong>xm,</strong></span> <span class='ocrx_word' id='word_1_470' title='bbox 1422 3256 1500 3326; x_wconf 89' lang='lat'><strong>5).</strong></span> <span class='ocrx_word' id='word_1_471' title='bbox 1555 3255 1720 3311; x_wconf 91' lang='lat' dir='ltr'><strong>Sicut</strong></span> <span class='ocrx_word' id='word_1_472' title='bbox 1775 3257 1931 3313; x_wconf 90' lang='lat' dir='ltr'><strong>enim</strong></span> <span class='ocrx_word' id='word_1_473' title='bbox 1988 3259 2124 3331; x_wconf 90' lang='lat' dir='ltr'><strong>agni</strong></span> 
     </span>
    </p>
   </div>
   <div class='ocr_carea' id='block_1_67' title="bbox 478 3340 2121 3418">
    <p class='ocr_par' dir='ltr' id='par_1_67' title="bbox 478 3340 2121 3418">
     <span class='ocr_line' id='line_1_67' title="bbox 478 3340 2121 3418; baseline 0.004 -21"><span class='ocrx_word' id='word_1_474' title='bbox 478 3340 664 3397; x_wconf 91' lang='lat' dir='ltr'><strong>multo</strong></span> <span class='ocrx_word' id='word_1_475' title='bbox 693 3341 845 3398; x_wconf 87' lang='lat' dir='ltr'><strong>lacte</strong></span> <span class='ocrx_word' id='word_1_476' title='bbox 874 3343 1289 3416; x_wconf 89' lang='lat' dir='ltr'><strong>pinguescunt,</strong></span> <span class='ocrx_word' id='word_1_477' title='bbox 1321 3346 1378 3399; x_wconf 92' lang='lat' dir='ltr'><strong>et</strong></span> <span class='ocrx_word' id='word_1_478' title='bbox 1406 3343 1560 3400; x_wconf 90' lang='lat' dir='ltr'><strong>sicut</strong></span> <span class='ocrx_word' id='word_1_479' title='bbox 1589 3360 1723 3400; x_wconf 91' lang='lat' dir='ltr'><strong>oves</strong></span> <span class='ocrx_word' id='word_1_480' title='bbox 1753 3345 1899 3402; x_wconf 91' lang='lat' dir='ltr'><strong>bene</strong></span> <span class='ocrx_word' id='word_1_481' title='bbox 1941 3351 2121 3418; x_wconf 75' lang='lat' dir='ltr'><strong>pastae</strong></span> 
     </span>
    </p>
   </div>
   <div class='ocr_carea' id='block_1_68' title="bbox 477 3429 2120 3505">
    <p class='ocr_par' dir='ltr' id='par_1_68' title="bbox 477 3429 2120 3505">
     <span class='ocr_line' id='line_1_68' title="bbox 477 3429 2120 3505; baseline 0.005 -21"><span class='ocrx_word' id='word_1_482' title='bbox 477 3429 650 3501; x_wconf 87' lang='lat' dir='ltr'><strong>adipe</strong></span> <span class='ocrx_word' id='word_1_483' title='bbox 677 3429 868 3487; x_wconf 87' lang='lat' dir='ltr'><strong>nitent</strong></span> <span class='ocrx_word' id='word_1_484' title='bbox 899 3447 912 3485; x_wconf 92' lang='lat'><strong>:</strong></span> <span class='ocrx_word' id='word_1_485' title='bbox 946 3432 1032 3488; x_wconf 90' lang='lat' dir='ltr'><strong>Ita</strong></span> <span class='ocrx_word' id='word_1_486' title='bbox 1060 3431 1376 3504; x_wconf 90' lang='lat' dir='ltr'><strong>apostolico</strong></span> <span class='ocrx_word' id='word_1_487' title='bbox 1407 3449 1580 3489; x_wconf 90' lang='lat' dir='ltr'><strong>succo</strong></span> <span class='ocrx_word' id='word_1_488' title='bbox 1632 3437 1802 3505; x_wconf 88' lang='lat' dir='ltr'><strong>pasta</strong></span> <span class='ocrx_word' id='word_1_489' title='bbox 1857 3435 2120 3492; x_wconf 85' lang='lat' dir='ltr'><strong>fidelium</strong></span> 
     </span>
    </p>
   </div>
   <div class='ocr_carea' id='block_1_69' title="bbox 474 3517 1038 3590">
    <p class='ocr_par' dir='ltr' id='par_1_69' title="bbox 474 3517 1038 3590">
     <span class='ocr_line' id='line_1_69' title="bbox 474 3517 1038 3590; baseline 0.009 -18"><span class='ocrx_word' id='word_1_490' title='bbox 474 3517 806 3590; x_wconf 89' lang='lat' dir='ltr'><strong>pinguescit</strong></span> <span class='ocrx_word' id='word_1_491' title='bbox 833 3520 1038 3577; x_wconf 88' lang='lat' dir='ltr'><strong>oratio.</strong></span> 
     </span>
    </p>
   </div>
   <div class='ocr_carea' id='block_1_70' title="bbox 543 3608 2118 3686">
    <p class='ocr_par' dir='ltr' id='par_1_70' title="bbox 543 3608 2118 3686">
     <span class='ocr_line' id='line_1_70' title="bbox 543 3608 2118 3686; baseline 0.004 -22"><span class='ocrx_word' id='word_1_492' title='bbox 543 3608 636 3664; x_wconf 88' lang='lat'><strong>23.</strong></span> <span class='ocrx_word' id='word_1_493' title='bbox 667 3608 888 3665; x_wconf 88' lang='lat' dir='ltr'><strong>Horum</strong></span> <span class='ocrx_word' id='word_1_494' title='bbox 916 3611 966 3666; x_wconf 93' lang='lat' dir='ltr'><strong>si</strong></span> <span class='ocrx_word' id='word_1_495' title='bbox 998 3611 1150 3667; x_wconf 90' lang='lat' dir='ltr'><strong>desit</strong></span> <span class='ocrx_word' id='word_1_496' title='bbox 1177 3611 1401 3684; x_wconf 91' lang='lat' dir='ltr'><strong>aliquid</strong></span> <span class='ocrx_word' id='word_1_497' title='bbox 1459 3629 1586 3685; x_wconf 68' lang='lat' dir='ltr'><strong>qua:</strong></span> <span class='ocrx_word' id='word_1_498' title='bbox 1641 3615 1911 3686; x_wconf 90' lang='lat' dir='ltr'><strong>superius</strong></span> <span class='ocrx_word' id='word_1_499' title='bbox 1971 3615 2118 3671; x_wconf 82' lang='lat' dir='ltr'><strong>dixi-</strong></span> 
     </span>
    </p>
   </div>
   <div class='ocr_carea' id='block_1_71' title="bbox 475 3699 2118 3775">
    <p class='ocr_par' dir='ltr' id='par_1_71' title="bbox 475 3699 2118 3775">
     <span class='ocr_line' id='line_1_71' title="bbox 475 3699 2118 3775; baseline 0.004 -21"><span class='ocrx_word' id='word_1_500' title='bbox 475 3713 632 3770; x_wconf 90' lang='lat' dir='ltr'><strong>mus,</strong></span> <span class='ocrx_word' id='word_1_501' title='bbox 682 3699 1041 3757; x_wconf 89' lang='lat' dir='ltr'><strong>sacriﬁcinm</strong></span> <span class='ocrx_word' id='word_1_502' title='bbox 1073 3717 1187 3757; x_wconf 93' lang='lat' dir='ltr'><strong>non</strong></span> <span class='ocrx_word' id='word_1_503' title='bbox 1246 3701 1544 3774; x_wconf 90' lang='lat' dir='ltr'><strong>probatur.</strong></span> <span class='ocrx_word' id='word_1_504' title='bbox 1591 3703 1841 3775; x_wconf 90' lang='lat' dir='ltr'><strong>Ideoque</strong></span> <span class='ocrx_word' id='word_1_505' title='bbox 1897 3703 2118 3761; x_wconf 90' lang='lat' dir='ltr'><strong>dictum</strong></span> 
     </span>
    </p>
   </div>
   <div class='ocr_carea' id='block_1_72' title="bbox 472 3787 2114 3862">
    <p class='ocr_par' dir='ltr' id='par_1_72' title="bbox 472 3787 2114 3862">
     <span class='ocr_line' id='line_1_72' title="bbox 472 3787 2114 3862; baseline 0.005 -20"><span class='ocrx_word' id='word_1_506' title='bbox 472 3791 564 3843; x_wconf 88' lang='lat' dir='ltr'><strong>est</strong></span> <span class='ocrx_word' id='word_1_507' title='bbox 593 3788 664 3843; x_wconf 89' lang='lat' dir='ltr'><strong>ad</strong></span> <span class='ocrx_word' id='word_1_508' title='bbox 695 3787 832 3844; x_wconf 88' lang='lat' dir='ltr'><strong>Cain</strong></span> <span class='ocrx_word' id='word_1_509' title='bbox 867 3808 881 3846; x_wconf 92' lang='lat'><strong>:</strong></span> <span class='ocrx_word' id='word_1_510' title='bbox 915 3789 978 3845; x_wconf 89' lang='lat' dir='ltr'><strong>Si</strong></span> <span class='ocrx_word' id='word_1_511' title='bbox 1003 3798 1144 3845; x_wconf 80' lang='lat' dir='ltr'><strong>recte</strong></span> <span class='ocrx_word' id='word_1_512' title='bbox 1172 3791 1388 3862; x_wconf 79' lang='lat' dir='ltr'><strong>offeras,</strong></span> <span class='ocrx_word' id='word_1_513' title='bbox 1420 3805 1532 3845; x_wconf 84' lang='lat' dir='ltr'><strong>non</strong></span> <span class='ocrx_word' id='word_1_514' title='bbox 1560 3794 1744 3846; x_wconf 87' lang='lat' dir='ltr'><strong>autem</strong></span> <span class='ocrx_word' id='word_1_515' title='bbox 1773 3795 1917 3848; x_wconf 88' lang='lat' dir='ltr'><strong>recte</strong></span> <span class='ocrx_word' id='word_1_516' title='bbox 1965 3793 2114 3850; x_wconf 72' lang='grc'><strong>217</strong></span> 
     </span>
    </p>
   </div>
   <div class='ocr_carea' id='block_1_73' title="bbox 470 3875 2117 3950">
    <p class='ocr_par' dir='ltr' id='par_1_73' title="bbox 470 3875 2117 3950">
     <span class='ocr_line' id='line_1_73' title="bbox 470 3875 2117 3950; baseline 0.004 -20"><span class='ocrx_word' id='word_1_517' title='bbox 470 3875 684 3932; x_wconf 81' lang='lat' dir='ltr'><strong>dividas</strong></span> <span class='ocrx_word' id='word_1_518' title='bbox 708 3881 965 3949; x_wconf 83' lang='lat' dir='ltr'><strong>peccasti.</strong></span> <span class='ocrx_word' id='word_1_519' title='bbox 1025 3879 1294 3950; x_wconf 88' lang='lat' dir='ltr'><strong>Namque</strong></span> <span class='ocrx_word' id='word_1_520' title='bbox 1350 3879 1609 3934; x_wconf 92' lang='lat' dir='ltr'><strong>mundus</strong></span> <span class='ocrx_word' id='word_1_521' title='bbox 1663 3877 1788 3950; x_wconf 90' lang='lat' dir='ltr'><strong>ipse</strong></span> <span class='ocrx_word' id='word_1_522' title='bbox 1845 3879 2117 3938; x_wconf 90' lang='lat' dir='ltr'><strong>distincte</strong></span> 
     </span>
    </p>
   </div>
   <div class='ocr_carea' id='block_1_74' title="bbox 470 3962 2116 4042">
    <p class='ocr_par' dir='ltr' id='par_1_74' title="bbox 470 3962 2116 4042">
     <span class='ocr_line' id='line_1_74' title="bbox 470 3962 2116 4042; baseline 0.005 -23"><span class='ocrx_word' id='word_1_523' title='bbox 470 3962 685 4037; x_wconf 88' lang='lat' dir='ltr'><strong>legitur</strong></span> <span class='ocrx_word' id='word_1_524' title='bbox 711 3967 921 4034; x_wconf 89' lang='lat' dir='ltr'><strong>factus,</strong></span> <span class='ocrx_word' id='word_1_525' title='bbox 971 3983 1108 4022; x_wconf 92' lang='lat' dir='ltr'><strong>cum</strong></span> <span class='ocrx_word' id='word_1_526' title='bbox 1165 3971 1320 4023; x_wconf 91' lang='lat' dir='ltr'><strong>esset</strong></span> <span class='ocrx_word' id='word_1_527' title='bbox 1347 3971 1482 4023; x_wconf 87' lang='lat' dir='ltr'><strong>ante</strong></span> <span class='ocrx_word' id='word_1_528' title='bbox 1536 3967 1926 4040; x_wconf 89' lang='lat' dir='ltr'><strong>incomposita</strong></span> <span class='ocrx_word' id='word_1_529' title='bbox 1981 3986 2116 4042; x_wconf 90' lang='lat' dir='ltr'><strong>pars</strong></span> 
     </span>
    </p>
   </div>
   <div class='ocr_carea' id='block_1_75' title="bbox 469 4055 2116 4130">
    <p class='ocr_par' dir='ltr' id='par_1_75' title="bbox 469 4055 2116 4130">
     <span class='ocr_line' id='line_1_75' title="bbox 469 4055 2116 4130; baseline 0.003 -20"><span class='ocrx_word' id='word_1_530' title='bbox 469 4055 638 4126; x_wconf 88' lang='lat' dir='ltr'><strong>ejus:</strong></span> <span class='ocrx_word' id='word_1_531' title='bbox 700 4056 841 4126; x_wconf 88' lang='lat' dir='ltr'><strong>quia</strong></span> <span class='ocrx_word' id='word_1_532' title='bbox 886 4057 1047 4111; x_wconf 85' lang='lat' dir='ltr'><strong>Terra</strong></span> <span class='ocrx_word' id='word_1_533' title='bbox 1099 4063 1219 4111; x_wconf 84' lang='lat' dir='ltr'><strong>erat</strong></span> <span class='ocrx_word' id='word_1_534' title='bbox 1267 4055 1584 4122; x_wconf 82' lang='lat' dir='ltr'><strong>invisibilis,</strong></span> <span class='ocrx_word' id='word_1_535' title='bbox 1657 4064 1710 4111; x_wconf 85' lang='lat' dir='ltr'><strong>et</strong></span> <span class='ocrx_word' id='word_1_536' title='bbox 1763 4058 2116 4130; x_wconf 84' lang='lat' dir='ltr'><strong>incomposita</strong></span> 
     </span>
    </p>
   </div>
   <div class='ocr_carea' id='block_1_76' title="bbox 468 4143 2111 4216">
    <p class='ocr_par' dir='ltr' id='par_1_76' title="bbox 468 4143 2111 4216">
     <span class='ocr_line' id='line_1_76' title="bbox 468 4143 2111 4216; baseline 0.003 -17"><span class='ocrx_word' id='word_1_537' title='bbox 468 4143 626 4213; x_wconf 90' lang='lat' dir='ltr'><strong>(Gen.</strong></span> <span class='ocrx_word' id='word_1_538' title='bbox 661 4160 696 4211; x_wconf 84' lang='grc' dir='ltr'><strong>ι,</strong></span> <span class='ocrx_word' id='word_1_539' title='bbox 726 4145 806 4212; x_wconf 87' lang='grc'><strong>2).</strong></span> <span class='ocrx_word' id='word_1_540' title='bbox 837 4144 1058 4215; x_wconf 89' lang='lat' dir='ltr'><strong>Nempe</strong></span> <span class='ocrx_word' id='word_1_541' title='bbox 1089 4143 1190 4199; x_wconf 84' lang='lat' dir='ltr'><strong>lux</strong></span> <span class='ocrx_word' id='word_1_542' title='bbox 1227 4144 1484 4216; x_wconf 89' lang='lat' dir='ltr'><strong>primum</strong></span> <span class='ocrx_word' id='word_1_543' title='bbox 1516 4144 1666 4200; x_wconf 89' lang='lat' dir='ltr'><strong>facta</strong></span> <span class='ocrx_word' id='word_1_544' title='bbox 1689 4149 1797 4213; x_wconf 91' lang='lat' dir='ltr'><strong>est,</strong></span> <span class='ocrx_word' id='word_1_545' title='bbox 1829 4150 1887 4201; x_wconf 91' lang='lat' dir='ltr'><strong>et</strong></span> <span class='ocrx_word' id='word_1_546' title='bbox 1939 4163 2111 4204; x_wconf 90' lang='lat' dir='ltr'><strong>voca-</strong></span> 
     </span>
    </p>
   </div>
   <div class='ocr_carea' id='block_1_77' title="bbox 467 4231 2115 4305">
    <p class='ocr_par' dir='ltr' id='par_1_77' title="bbox 467 4231 2115 4305">
     <span class='ocr_line' id='line_1_77' title="bbox 467 4231 2115 4305; baseline 0.003 -17"><span class='ocrx_word' id='word_1_547' title='bbox 467 4231 550 4288; x_wconf 87' lang='lat' dir='ltr'><strong>vit</strong></span> <span class='ocrx_word' id='word_1_548' title='bbox 574 4231 728 4288; x_wconf 89' lang='lat' dir='ltr'><strong>Deus</strong></span> <span class='ocrx_word' id='word_1_549' title='bbox 759 4231 974 4299; x_wconf 89' lang='lat' dir='ltr'><strong>lucem,</strong></span> <span class='ocrx_word' id='word_1_550' title='bbox 1021 4236 1078 4288; x_wconf 92' lang='lat' dir='ltr'><strong>et</strong></span> <span class='ocrx_word' id='word_1_551' title='bbox 1104 4233 1392 4305; x_wconf 88' lang='lat' dir='ltr'><strong>separavit</strong></span> <span class='ocrx_word' id='word_1_552' title='bbox 1448 4233 1604 4289; x_wconf 89' lang='lat' dir='ltr'><strong>Deus</strong></span> <span class='ocrx_word' id='word_1_553' title='bbox 1635 4234 1787 4290; x_wconf 89' lang='lat' dir='ltr'><strong>inter</strong></span> <span class='ocrx_word' id='word_1_554' title='bbox 1836 4233 2026 4292; x_wconf 91' lang='lat' dir='ltr'><strong>lucem</strong></span> <span class='ocrx_word' id='word_1_555' title='bbox 2057 4241 2115 4293; x_wconf 91' lang='lat' dir='ltr'><strong>et</strong></span> 
     </span>
    </p>
   </div>
   <div class='ocr_carea' id='block_1_78' title="bbox 466 4321 2115 4397">
    <p class='ocr_par' dir='ltr' id='par_1_78' title="bbox 466 4321 2115 4397">
     <span class='ocr_line' id='line_1_78' title="bbox 466 4321 2115 4397; baseline 0.004 -23"><span class='ocrx_word' id='word_1_556' title='bbox 466 4321 762 4386; x_wconf 86' lang='lat' dir='ltr'><strong>tenebras,</strong></span> <span class='ocrx_word' id='word_1_557' title='bbox 823 4325 881 4376; x_wconf 92' lang='lat' dir='ltr'><strong>et</strong></span> <span class='ocrx_word' id='word_1_558' title='bbox 948 4325 1161 4376; x_wconf 67' lang='lat' dir='ltr'><strong>vocatas</strong></span> <span class='ocrx_word' id='word_1_559' title='bbox 1229 4326 1369 4377; x_wconf 91' lang='lat' dir='ltr'><strong>sunt</strong></span> <span class='ocrx_word' id='word_1_560' title='bbox 1404 4323 1651 4378; x_wconf 64' lang='lat' dir='ltr'><strong>tenebrae</strong></span> <span class='ocrx_word' id='word_1_561' title='bbox 1711 4341 1841 4379; x_wconf 85' lang='lat' dir='ltr'><strong>nox.</strong></span> <span class='ocrx_word' id='word_1_562' title='bbox 1895 4325 1962 4380; x_wconf 89' lang='lat' dir='ltr'><strong>Et</strong></span> <span class='ocrx_word' id='word_1_563' title='bbox 2011 4342 2115 4397; x_wconf 91' lang='lat' dir='ltr'><strong>per</strong></span> 
     </span>
    </p>
   </div>
   <div class='ocr_carea' id='block_1_79' title="bbox 466 4408 2110 4484">
    <p class='ocr_par' dir='ltr' id='par_1_79' title="bbox 466 4408 2110 4484">
     <span class='ocr_line' id='line_1_79' title="bbox 466 4408 2110 4484; baseline 0.003 -19"><span class='ocrx_word' id='word_1_564' title='bbox 466 4408 733 4465; x_wconf 90' lang='lat' dir='ltr'><strong>ordinem</strong></span> <span class='ocrx_word' id='word_1_565' title='bbox 764 4409 996 4482; x_wconf 89' lang='lat' dir='ltr'><strong>singula</strong></span> <span class='ocrx_word' id='word_1_566' title='bbox 1015 4411 1168 4481; x_wconf 92' lang='lat' dir='ltr'><strong>quod</strong></span> <span class='ocrx_word' id='word_1_567' title='bbox 1202 4412 1352 4466; x_wconf 85' lang='lat' dir='ltr'><strong>facta</strong></span> <span class='ocrx_word' id='word_1_568' title='bbox 1382 4412 1501 4467; x_wconf 91' lang='lat' dir='ltr'><strong>sint</strong></span> <span class='ocrx_word' id='word_1_569' title='bbox 1540 4411 1813 4484; x_wconf 89' lang='lat' dir='ltr'><strong>legimus,</strong></span> <span class='ocrx_word' id='word_1_570' title='bbox 1875 4413 2110 4482; x_wconf 82' lang='lat' dir='ltr'><strong>ccelum,</strong></span> 
     </span>
    </p>
   </div>
   <div class='ocr_carea' id='block_1_80' title="bbox 2233 3253 3902 3328">
    <p class='ocr_par' dir='ltr' id='par_1_80' title="bbox 2233 3253 3902 3328">
     <span class='ocr_line' id='line_1_80' title="bbox 2233 3253 3902 3328; baseline 0 -20"><span class='ocrx_word' id='word_1_571' title='bbox 2233 3269 2389 3321; x_wconf 88' lang='lat' dir='ltr'><strong>men,</strong></span> <span class='ocrx_word' id='word_1_572' title='bbox 2419 3254 2573 3326; x_wconf 91' lang='lat' dir='ltr'><strong>quod</strong></span> <span class='ocrx_word' id='word_1_573' title='bbox 2605 3271 2640 3310; x_wconf 88' lang='lat' dir='ltr'><strong>a</strong></span> <span class='ocrx_word' id='word_1_574' title='bbox 2667 3257 2724 3310; x_wconf 92' lang='lat' dir='ltr'><strong>te</strong></span> <span class='ocrx_word' id='word_1_575' title='bbox 2753 3254 2929 3327; x_wconf 67' lang='lat' dir='ltr'><strong>coepit</strong></span> <span class='ocrx_word' id='word_1_576' title='bbox 2956 3254 3082 3310; x_wconf 88' lang='lat' dir='ltr'><strong>Non</strong></span> <span class='ocrx_word' id='word_1_577' title='bbox 3113 3254 3294 3311; x_wconf 86' lang='lat' dir='ltr'><strong>habes</strong></span> <span class='ocrx_word' id='word_1_578' title='bbox 3339 3254 3406 3310; x_wconf 84' lang='lat' dir='ltr'><strong>in</strong></span> <span class='ocrx_word' id='word_1_579' title='bbox 3472 3273 3599 3328; x_wconf 90' lang='lat' dir='ltr'><strong>quo</strong></span> <span class='ocrx_word' id='word_1_580' title='bbox 3659 3253 3902 3312; x_wconf 88' lang='lat' dir='ltr'><strong>necessi-</strong></span> 
     </span>
    </p>
   </div>
   <div class='ocr_carea' id='block_1_81' title="bbox 2231 3342 3902 3418">
    <p class='ocr_par' dir='ltr' id='par_1_81' title="bbox 2231 3342 3902 3418">
     <span class='ocr_line' id='line_1_81' title="bbox 2231 3342 3902 3418; baseline 0.001 -22"><span class='ocrx_word' id='word_1_581' title='bbox 2231 3346 2431 3413; x_wconf 89' lang='lat' dir='ltr'><strong>tatem,</strong></span> <span class='ocrx_word' id='word_1_582' title='bbox 2464 3342 2652 3414; x_wconf 90' lang='lat' dir='ltr'><strong>magis</strong></span> <span class='ocrx_word' id='word_1_583' title='bbox 2683 3359 2862 3414; x_wconf 89' lang='lat' dir='ltr'><strong>quam</strong></span> <span class='ocrx_word' id='word_1_584' title='bbox 2893 3350 3146 3399; x_wconf 86' lang='lat' dir='ltr'><strong>mentem</strong></span> <span class='ocrx_word' id='word_1_585' title='bbox 3198 3347 3386 3413; x_wconf 89' lang='lat' dir='ltr'><strong>tuam,</strong></span> <span class='ocrx_word' id='word_1_586' title='bbox 3456 3361 3703 3418; x_wconf 87' lang='lat' dir='ltr'><strong>arguas.</strong></span> <span class='ocrx_word' id='word_1_587' title='bbox 3765 3346 3825 3399; x_wconf 90' lang='lat' dir='ltr'><strong>In</strong></span> <span class='ocrx_word' id='word_1_588' title='bbox 3851 3345 3902 3397; x_wconf 84' lang='lat' dir='ltr'><strong>te</strong></span> 
     </span>
    </p>
   </div>
   <div class='ocr_carea' id='block_1_82' title="bbox 2230 3431 3900 3508">
    <p class='ocr_par' dir='ltr' id='par_1_82' title="bbox 2230 3431 3900 3508">
     <span class='ocr_line' id='line_1_82' title="bbox 2230 3431 3900 3508; baseline 0.001 -22"><span class='ocrx_word' id='word_1_589' title='bbox 2230 3435 2600 3504; x_wconf 90' lang='lat' dir='ltr'><strong>retorquetur</strong></span> <span class='ocrx_word' id='word_1_590' title='bbox 2630 3431 2972 3504; x_wconf 89' lang='lat' dir='ltr'><strong>improbitas</strong></span> <span class='ocrx_word' id='word_1_591' title='bbox 3019 3436 3140 3501; x_wconf 89' lang='lat' dir='ltr'><strong>tua,</strong></span> <span class='ocrx_word' id='word_1_592' title='bbox 3203 3436 3263 3487; x_wconf 86' lang='lat' dir='ltr'><strong>tu</strong></span> <span class='ocrx_word' id='word_1_593' title='bbox 3303 3435 3584 3508; x_wconf 82' lang='lat' dir='ltr'><strong>princeps</strong></span> <span class='ocrx_word' id='word_1_594' title='bbox 3638 3450 3696 3490; x_wconf 85' lang='lat' dir='ltr'><strong>es</strong></span> <span class='ocrx_word' id='word_1_595' title='bbox 3750 3433 3900 3488; x_wconf 76' lang='lat' dir='ltr'><strong>illius</strong></span> 
     </span>
    </p>
   </div>
   <div class='ocr_carea' id='block_1_83' title="bbox 2229 3520 2607 3590">
    <p class='ocr_par' dir='ltr' id='par_1_83' title="bbox 2229 3520 2607 3590">
     <span class='ocr_line' id='line_1_83' title="bbox 2229 3520 2607 3590; baseline -0.003 -15"><span class='ocrx_word' id='word_1_596' title='bbox 2229 3520 2380 3590; x_wconf 89' lang='lat' dir='ltr'><strong>(Gen.</strong></span> <span class='ocrx_word' id='word_1_597' title='bbox 2425 3537 2498 3589; x_wconf 83' lang='lat' dir='ltr'><strong>IV,</strong></span> <span class='ocrx_word' id='word_1_598' title='bbox 2531 3521 2607 3590; x_wconf 92' lang='lat'><strong>7).</strong></span> 
     </span>
    </p>
   </div>
   <div class='ocr_carea' id='block_1_84' title="bbox 2297 3609 3901 3682">
    <p class='ocr_par' dir='ltr' id='par_1_84' title="bbox 2297 3609 3901 3682">
     <span class='ocr_line' id='line_1_84' title="bbox 2297 3609 3901 3682; baseline -0.001 -17"><span class='ocrx_word' id='word_1_599' title='bbox 2297 3609 2388 3665; x_wconf 89' lang='lat'><strong>25.</strong></span> <span class='ocrx_word' id='word_1_600' title='bbox 2421 3609 2572 3666; x_wconf 91' lang='lat' dir='ltr'><strong>Bene</strong></span> <span class='ocrx_word' id='word_1_601' title='bbox 2597 3609 2679 3666; x_wconf 90' lang='lat' dir='ltr'><strong>ait</strong></span> <span class='ocrx_word' id='word_1_602' title='bbox 2709 3627 2724 3668; x_wconf 94' lang='lat'><strong>:</strong></span> <span class='ocrx_word' id='word_1_603' title='bbox 2766 3611 2840 3666; x_wconf 85' lang='lat' dir='ltr'><strong>Tu</strong></span> <span class='ocrx_word' id='word_1_604' title='bbox 2863 3612 3116 3682; x_wconf 82' lang='lat' dir='ltr'><strong>princeps</strong></span> <span class='ocrx_word' id='word_1_605' title='bbox 3169 3626 3224 3666; x_wconf 84' lang='lat' dir='ltr'><strong>es</strong></span> <span class='ocrx_word' id='word_1_606' title='bbox 3283 3609 3470 3666; x_wconf 86' lang='lat' dir='ltr'><strong>illius.</strong></span> <span class='ocrx_word' id='word_1_607' title='bbox 3505 3610 3747 3668; x_wconf 89' lang='lat' dir='ltr'><strong>Etenim</strong></span> <span class='ocrx_word' id='word_1_608' title='bbox 3795 3609 3901 3665; x_wconf 85' lang='lat' dir='ltr'><strong>im-</strong></span> 
     </span>
    </p>
   </div>
   <div class='ocr_carea' id='block_1_85' title="bbox 2227 3697 3902 3772">
    <p class='ocr_par' dir='ltr' id='par_1_85' title="bbox 2227 3697 3902 3772">
     <span class='ocr_line' id='line_1_85' title="bbox 2227 3697 3902 3772; baseline -0.001 -18"><span class='ocrx_word' id='word_1_609' title='bbox 2227 3699 2413 3771; x_wconf 90' lang='lat' dir='ltr'><strong>pietas</strong></span> <span class='ocrx_word' id='word_1_610' title='bbox 2444 3703 2630 3754; x_wconf 91' lang='lat' dir='ltr'><strong>mater</strong></span> <span class='ocrx_word' id='word_1_611' title='bbox 2658 3699 2925 3770; x_wconf 74' lang='lat' dir='ltr'><strong>quaadam</strong></span> <span class='ocrx_word' id='word_1_612' title='bbox 2955 3702 3044 3755; x_wconf 89' lang='lat' dir='ltr'><strong>est</strong></span> <span class='ocrx_word' id='word_1_613' title='bbox 3072 3697 3430 3755; x_wconf 86' lang='lat' dir='ltr'><strong>delictorum</strong></span> <span class='ocrx_word' id='word_1_614' title='bbox 3469 3717 3484 3756; x_wconf 92' lang='lat'><strong>:</strong></span> <span class='ocrx_word' id='word_1_615' title='bbox 3521 3704 3584 3756; x_wconf 88' lang='lat' dir='ltr'><strong>et</strong></span> <span class='ocrx_word' id='word_1_616' title='bbox 3614 3700 3720 3772; x_wconf 89' lang='lat' dir='ltr'><strong>qui</strong></span> <span class='ocrx_word' id='word_1_617' title='bbox 3776 3714 3902 3771; x_wconf 89' lang='lat' dir='ltr'><strong>gra-</strong></span> 
     </span>
    </p>
   </div>
   <div class='ocr_carea' id='block_1_86' title="bbox 2227 3785 3906 3860">
    <p class='ocr_par' dir='ltr' id='par_1_86' title="bbox 2227 3785 3906 3860">
     <span class='ocr_line' id='line_1_86' title="bbox 2227 3785 3906 3860; baseline 0 -18"><span class='ocrx_word' id='word_1_618' title='bbox 2227 3787 2388 3842; x_wconf 92' lang='lat' dir='ltr'><strong>viora</strong></span> <span class='ocrx_word' id='word_1_619' title='bbox 2418 3787 2758 3860; x_wconf 90' lang='lat' dir='ltr'><strong>peccaverit,</strong></span> <span class='ocrx_word' id='word_1_620' title='bbox 2792 3787 2852 3842; x_wconf 89' lang='lat' dir='ltr'><strong>in</strong></span> <span class='ocrx_word' id='word_1_621' title='bbox 2882 3789 3089 3843; x_wconf 63' lang='lat' dir='ltr'><strong>cetera</strong></span> <span class='ocrx_word' id='word_1_622' title='bbox 3120 3785 3291 3842; x_wconf 88' lang='lat' dir='ltr'><strong>facile</strong></span> <span class='ocrx_word' id='word_1_623' title='bbox 3321 3787 3701 3859; x_wconf 88' lang='lat' dir='ltr'><strong>prolabitur.</strong></span> <span class='ocrx_word' id='word_1_624' title='bbox 3760 3788 3906 3854; x_wconf 83' lang='lat' dir='ltr'><strong>Quo-</strong></span> 
     </span>
    </p>
   </div>
   <div class='ocr_carea' id='block_1_87' title="bbox 2227 3875 3908 3950">
    <p class='ocr_par' dir='ltr' id='par_1_87' title="bbox 2227 3875 3908 3950">
     <span class='ocr_line' id='line_1_87' title="bbox 2227 3875 3908 3950; baseline -0.002 -18"><span class='ocrx_word' id='word_1_625' title='bbox 2227 3875 2401 3932; x_wconf 91' lang='lat' dir='ltr'><strong>modo</strong></span> <span class='ocrx_word' id='word_1_626' title='bbox 2447 3876 2604 3932; x_wconf 89' lang='lat' dir='ltr'><strong>enim</strong></span> <span class='ocrx_word' id='word_1_627' title='bbox 2661 3879 2851 3948; x_wconf 90' lang='lat' dir='ltr'><strong>potest</strong></span> <span class='ocrx_word' id='word_1_628' title='bbox 2909 3876 2983 3931; x_wconf 92' lang='lat' dir='ltr'><strong>ab</strong></span> <span class='ocrx_word' id='word_1_629' title='bbox 3049 3875 3326 3931; x_wconf 89' lang='lat' dir='ltr'><strong>humanis</strong></span> <span class='ocrx_word' id='word_1_630' title='bbox 3396 3881 3753 3950; x_wconf 87' lang='lat' dir='ltr'><strong>temperare</strong></span> <span class='ocrx_word' id='word_1_631' title='bbox 3814 3875 3908 3947; x_wconf 88' lang='lat' dir='ltr'><strong>qui</strong></span> 
     </span>
    </p>
   </div>
   <div class='ocr_carea' id='block_1_88' title="bbox 2225 3962 3912 4040">
    <p class='ocr_par' dir='ltr' id='par_1_88' title="bbox 2225 3962 3912 4040">
     <span class='ocr_line' id='line_1_88' title="bbox 2225 3962 3912 4040; baseline -0.001 -20"><span class='ocrx_word' id='word_1_632' title='bbox 2225 3964 2422 4020; x_wconf 89' lang='lat' dir='ltr'><strong>divina</strong></span> <span class='ocrx_word' id='word_1_633' title='bbox 2449 3962 2701 4031; x_wconf 90' lang='lat' dir='ltr'><strong>violavit,</strong></span> <span class='ocrx_word' id='word_1_634' title='bbox 2731 3968 2790 4021; x_wconf 93' lang='lat' dir='ltr'><strong>et</strong></span> <span class='ocrx_word' id='word_1_635' title='bbox 2819 3963 3158 4021; x_wconf 90' lang='lat' dir='ltr'><strong>hominibus</strong></span> <span class='ocrx_word' id='word_1_636' title='bbox 3189 3965 3382 4020; x_wconf 90' lang='lat' dir='ltr'><strong>bonus</strong></span> <span class='ocrx_word' id='word_1_637' title='bbox 3416 3981 3562 4022; x_wconf 88' lang='lat' dir='ltr'><strong>esse</strong></span> <span class='ocrx_word' id='word_1_638' title='bbox 3595 3965 3704 4040; x_wconf 87' lang='lat' dir='ltr'><strong>qui</strong></span> <span class='ocrx_word' id='word_1_639' title='bbox 3729 3965 3912 4022; x_wconf 87' lang='lat' dir='ltr'><strong>Deum</strong></span> 
     </span>
    </p>
   </div>
   <div class='ocr_carea' id='block_1_89' title="bbox 2224 4051 3916 4125">
    <p class='ocr_par' dir='ltr' id='par_1_89' title="bbox 2224 4051 3916 4125">
     <span class='ocr_line' id='line_1_89' title="bbox 2224 4051 3916 4125; baseline 0.001 -18"><span class='ocrx_word' id='word_1_640' title='bbox 2224 4051 2371 4108; x_wconf 66' lang='lat' dir='ltr'><strong>laesit</strong></span> <span class='ocrx_word' id='word_1_641' title='bbox 2398 4052 2426 4106; x_wconf 81' lang='lat'><strong>?</strong></span> <span class='ocrx_word' id='word_1_642' title='bbox 2455 4053 2811 4109; x_wconf 83' lang='lat' dir='ltr'><strong>Atrociorem</strong></span> <span class='ocrx_word' id='word_1_643' title='bbox 2861 4052 3043 4125; x_wconf 89' lang='lat' dir='ltr'><strong>igitur</strong></span> <span class='ocrx_word' id='word_1_644' title='bbox 3109 4053 3405 4109; x_wconf 86' lang='lat' dir='ltr'><strong>scelerum</strong></span> <span class='ocrx_word' id='word_1_645' title='bbox 3485 4060 3737 4111; x_wconf 87' lang='lat' dir='ltr'><strong>reatum</strong></span> <span class='ocrx_word' id='word_1_646' title='bbox 3780 4053 3916 4110; x_wconf 86' lang='lat' dir='ltr'><strong>vitia</strong></span> 
     </span>
    </p>
   </div>
   <div class='ocr_carea' id='block_1_90' title="bbox 2221 4140 3914 4217">
    <p class='ocr_par' dir='ltr' id='par_1_90' title="bbox 2221 4140 3914 4217">
     <span class='ocr_line' id='line_1_90' title="bbox 2221 4140 3914 4217; baseline 0.001 -21"><span class='ocrx_word' id='word_1_647' title='bbox 2221 4140 2446 4212; x_wconf 91' lang='lat' dir='ltr'><strong>reliqua</strong></span> <span class='ocrx_word' id='word_1_648' title='bbox 2488 4147 2862 4212; x_wconf 90' lang='lat' dir='ltr'><strong>sequuntur;</strong></span> <span class='ocrx_word' id='word_1_649' title='bbox 2910 4140 3190 4212; x_wconf 90' lang='lat' dir='ltr'><strong>quoniam</strong></span> <span class='ocrx_word' id='word_1_650' title='bbox 3243 4157 3358 4214; x_wconf 92' lang='lat' dir='ltr'><strong>quo</strong></span> <span class='ocrx_word' id='word_1_651' title='bbox 3418 4143 3738 4217; x_wconf 82' lang='lat' dir='ltr'><strong>ﬂagitiosa</strong></span> <span class='ocrx_word' id='word_1_652' title='bbox 3785 4157 3914 4216; x_wconf 89' lang='lat' dir='ltr'><strong>pro-</strong></span> 
     </span>
    </p>
   </div>
   <div class='ocr_carea' id='block_1_91' title="bbox 2221 4229 3910 4306">
    <p class='ocr_par' dir='ltr' id='par_1_91' title="bbox 2221 4229 3910 4306">
     <span class='ocr_line' id='line_1_91' title="bbox 2221 4229 3910 4306; baseline 0 -19"><span class='ocrx_word' id='word_1_653' title='bbox 2221 4229 2548 4302; x_wconf 89' lang='lat' dir='ltr'><strong>penderint,</strong></span> <span class='ocrx_word' id='word_1_654' title='bbox 2589 4247 2656 4285; x_wconf 93' lang='lat' dir='ltr'><strong>eo</strong></span> <span class='ocrx_word' id='word_1_655' title='bbox 2696 4229 2980 4286; x_wconf 90' lang='lat' dir='ltr'><strong>inclinant</strong></span> <span class='ocrx_word' id='word_1_656' title='bbox 3037 4235 3263 4286; x_wconf 73' lang='lat' dir='ltr'><strong>caetera.</strong></span> <span class='ocrx_word' id='word_1_657' title='bbox 3343 4231 3445 4287; x_wconf 89' lang='lat' dir='ltr'><strong>Tu</strong></span> <span class='ocrx_word' id='word_1_658' title='bbox 3521 4249 3676 4306; x_wconf 87' lang='lat' dir='ltr'><strong>ergo</strong></span> <span class='ocrx_word' id='word_1_659' title='bbox 3748 4233 3910 4304; x_wconf 89' lang='lat' dir='ltr'><strong>prin-</strong></span> 
     </span>
    </p>
   </div>
   <div class='ocr_carea' id='block_1_92' title="bbox 2221 4319 3911 4391">
    <p class='ocr_par' dir='ltr' id='par_1_92' title="bbox 2221 4319 3911 4391">
     <span class='ocr_line' id='line_1_92' title="bbox 2221 4319 3911 4391; baseline -0.001 -16"><span class='ocrx_word' id='word_1_660' title='bbox 2221 4336 2358 4391; x_wconf 92' lang='lat' dir='ltr'><strong>ceps</strong></span> <span class='ocrx_word' id='word_1_661' title='bbox 2388 4319 2580 4390; x_wconf 90' lang='lat' dir='ltr'><strong>operis</strong></span> <span class='ocrx_word' id='word_1_662' title='bbox 2611 4319 2716 4386; x_wconf 91' lang='lat' dir='ltr'><strong>tui,</strong></span> <span class='ocrx_word' id='word_1_663' title='bbox 2749 4323 2813 4374; x_wconf 90' lang='lat' dir='ltr'><strong>tu</strong></span> <span class='ocrx_word' id='word_1_664' title='bbox 2871 4319 2988 4374; x_wconf 85' lang='lat' dir='ltr'><strong>dux</strong></span> <span class='ocrx_word' id='word_1_665' title='bbox 3051 4319 3334 4375; x_wconf 90' lang='lat' dir='ltr'><strong>criminis.</strong></span> <span class='ocrx_word' id='word_1_666' title='bbox 3415 4320 3561 4377; x_wconf 84' lang='lat' dir='ltr'><strong>Non</strong></span> <span class='ocrx_word' id='word_1_667' title='bbox 3635 4326 3697 4378; x_wconf 89' lang='lat' dir='ltr'><strong>te</strong></span> <span class='ocrx_word' id='word_1_668' title='bbox 3767 4320 3911 4376; x_wconf 85' lang='lat' dir='ltr'><strong>invi-</strong></span> 
     </span>
    </p>
   </div>
   <div class='ocr_carea' id='block_1_93' title="bbox 2219 4407 3913 4479">
    <p class='ocr_par' dir='ltr' id='par_1_93' title="bbox 2219 4407 3913 4479">
     <span class='ocr_line' id='line_1_93' title="bbox 2219 4407 3913 4479; baseline -0.001 -16"><span class='ocrx_word' id='word_1_669' title='bbox 2219 4413 2367 4476; x_wconf 89' lang='lat' dir='ltr'><strong>tum,</strong></span> <span class='ocrx_word' id='word_1_670' title='bbox 2424 4408 2576 4464; x_wconf 74' lang='lat'><strong>218</strong></span> <span class='ocrx_word' id='word_1_671' title='bbox 2653 4424 2767 4463; x_wconf 89' lang='lat' dir='ltr'><strong>non</strong></span> <span class='ocrx_word' id='word_1_672' title='bbox 2842 4407 3276 4479; x_wconf 89' lang='lat' dir='ltr'><strong>imprudentem</strong></span> <span class='ocrx_word' id='word_1_673' title='bbox 3352 4425 3541 4467; x_wconf 86' lang='lat' dir='ltr'><strong>error</strong></span> <span class='ocrx_word' id='word_1_674' title='bbox 3623 4411 3913 4468; x_wconf 81' lang='lat' dir='ltr'><strong>attraxit:</strong></span> 
     </span>
    </p>
   </div>
   <div class='ocr_carea' id='block_1_94' title="bbox 463 4495 3915 4576">
    <p class='ocr_par' dir='ltr' id='par_1_94' title="bbox 463 4495 3915 4576">
     <span class='ocr_line' id='line_1_94' title="bbox 463 4495 3915 4576; baseline 0 -24"><span class='ocrx_word' id='word_1_675' title='bbox 463 4499 639 4563; x_wconf 90' lang='lat' dir='ltr'><strong>terra,</strong></span> <span class='ocrx_word' id='word_1_676' title='bbox 671 4495 834 4570; x_wconf 87' lang='lat' dir='ltr'><strong>ligna</strong></span> <span class='ocrx_word' id='word_1_677' title='bbox 893 4498 1212 4566; x_wconf 84' lang='lat' dir='ltr'><strong>fructifera,</strong></span> <span class='ocrx_word' id='word_1_678' title='bbox 1261 4499 1542 4557; x_wconf 88' lang='lat' dir='ltr'><strong>animalia</strong></span> <span class='ocrx_word' id='word_1_679' title='bbox 1598 4500 1845 4558; x_wconf 89' lang='lat' dir='ltr'><strong>diversa.</strong></span> <span class='ocrx_word' id='word_1_680' title='bbox 1908 4502 2108 4559; x_wconf 91' lang='lat' dir='ltr'><strong>Distri-</strong></span> <span class='ocrx_word' id='word_1_681' title='bbox 2137 4512 2184 4576; x_wconf 71' lang='grc' dir='ltr'><strong>Β</strong></span> <span class='ocrx_word' id='word_1_682' title='bbox 2219 4497 2319 4553; x_wconf 91' lang='lat' dir='ltr'><strong>sed</strong></span> <span class='ocrx_word' id='word_1_683' title='bbox 2376 4495 2744 4552; x_wconf 89' lang='lat' dir='ltr'><strong>voluntarius</strong></span> <span class='ocrx_word' id='word_1_684' title='bbox 2818 4513 2954 4552; x_wconf 90' lang='lat' dir='ltr'><strong>reus</strong></span> <span class='ocrx_word' id='word_1_685' title='bbox 2987 4496 3236 4567; x_wconf 84' lang='lat' dir='ltr'><strong>judicio,</strong></span> <span class='ocrx_word' id='word_1_686' title='bbox 3315 4513 3447 4554; x_wconf 87' lang='lat' dir='ltr'><strong>non</strong></span> <span class='ocrx_word' id='word_1_687' title='bbox 3525 4499 3716 4573; x_wconf 90' lang='lat' dir='ltr'><strong>lapsu</strong></span> <span class='ocrx_word' id='word_1_688' title='bbox 3787 4499 3915 4554; x_wconf 88' lang='lat' dir='ltr'><strong>feci-</strong></span> 
     </span>
    </p>
   </div>
   <div class='ocr_carea' id='block_1_95' title="bbox 460 4585 3918 4662">
    <p class='ocr_par' dir='ltr' id='par_1_95' title="bbox 460 4585 3918 4662">
     <span class='ocr_line' id='line_1_95' title="bbox 460 4585 3918 4662; baseline 0.001 -20"><span class='ocrx_word' id='word_1_689' title='bbox 460 4587 607 4643; x_wconf 87' lang='lat' dir='ltr'><strong>buta</strong></span> <span class='ocrx_word' id='word_1_690' title='bbox 635 4590 832 4642; x_wconf 89' lang='lat' dir='ltr'><strong>autem</strong></span> <span class='ocrx_word' id='word_1_691' title='bbox 865 4591 1003 4643; x_wconf 90' lang='lat' dir='ltr'><strong>sunt</strong></span> <span class='ocrx_word' id='word_1_692' title='bbox 1049 4587 1263 4643; x_wconf 91' lang='lat' dir='ltr'><strong>leviora</strong></span> <span class='ocrx_word' id='word_1_693' title='bbox 1319 4589 1745 4662; x_wconf 89' lang='lat' dir='ltr'><strong>superioribus,</strong></span> <span class='ocrx_word' id='word_1_694' title='bbox 1805 4595 1869 4646; x_wconf 91' lang='lat' dir='ltr'><strong>ut</strong></span> <span class='ocrx_word' id='word_1_695' title='bbox 1924 4607 2023 4647; x_wconf 90' lang='lat' dir='ltr'><strong>aer</strong></span> <span class='ocrx_word' id='word_1_696' title='bbox 2051 4595 2109 4648; x_wconf 90' lang='lat' dir='ltr'><strong>et</strong></span> <span class='ocrx_word' id='word_1_697' title='bbox 2216 4586 2290 4642; x_wconf 90' lang='lat' dir='ltr'><strong>sti</strong></span> <span class='ocrx_word' id='word_1_698' title='bbox 2365 4585 2597 4653; x_wconf 83' lang='lat' dir='ltr'><strong>dolum,</strong></span> <span class='ocrx_word' id='word_1_699' title='bbox 2672 4600 2788 4656; x_wconf 91' lang='lat' dir='ltr'><strong>quo</strong></span> <span class='ocrx_word' id='word_1_700' title='bbox 2863 4585 3074 4642; x_wconf 73' lang='lat' dir='ltr'><strong>divinae</strong></span> <span class='ocrx_word' id='word_1_701' title='bbox 3149 4585 3382 4656; x_wconf 64' lang='lat' dir='ltr'><strong>injuria:</strong></span> <span class='ocrx_word' id='word_1_702' title='bbox 3496 4606 3685 4646; x_wconf 87' lang='lat' dir='ltr'><strong>reum</strong></span> <span class='ocrx_word' id='word_1_703' title='bbox 3796 4589 3918 4661; x_wconf 86' lang='lat' dir='ltr'><strong>ipse</strong></span> 
     </span>
    </p>
   </div>
   <div class='ocr_carea' id='block_1_96' title="bbox 458 4675 2102 4752">
    <p class='ocr_par' dir='ltr' id='par_1_96' title="bbox 458 4675 2102 4752">
     <span class='ocr_line' id='line_1_96' title="bbox 458 4675 2102 4752; baseline 0.002 -21"><span class='ocrx_word' id='word_1_704' title='bbox 458 4675 616 4749; x_wconf 91' lang='lat' dir='ltr'><strong>ignis</strong></span> <span class='ocrx_word' id='word_1_705' title='bbox 648 4693 660 4732; x_wconf 94' lang='lat'><strong>:</strong></span> <span class='ocrx_word' id='word_1_706' title='bbox 693 4676 961 4750; x_wconf 90' lang='lat' dir='ltr'><strong>graviora</strong></span> <span class='ocrx_word' id='word_1_707' title='bbox 987 4675 1382 4745; x_wconf 89' lang='lat' dir='ltr'><strong>inferioribus,</strong></span> <span class='ocrx_word' id='word_1_708' title='bbox 1414 4677 1524 4733; x_wconf 91' lang='lat' dir='ltr'><strong>hoc</strong></span> <span class='ocrx_word' id='word_1_709' title='bbox 1545 4683 1634 4733; x_wconf 90' lang='lat' dir='ltr'><strong>est</strong></span> <span class='ocrx_word' id='word_1_710' title='bbox 1663 4683 1817 4734; x_wconf 92' lang='lat' dir='ltr'><strong>terra</strong></span> <span class='ocrx_word' id='word_1_711' title='bbox 1845 4683 1901 4734; x_wconf 92' lang='lat' dir='ltr'><strong>et</strong></span> <span class='ocrx_word' id='word_1_712' title='bbox 1930 4697 2102 4752; x_wconf 81' lang='lat' dir='ltr'><strong>aqua.</strong></span> 
     </span>
    </p>
   </div>
   <div class='ocr_carea' id='block_1_97' title="bbox 458 4764 2104 4838">
    <p class='ocr_par' dir='ltr' id='par_1_97' title="bbox 458 4764 2104 4838">
     <span class='ocr_line' id='line_1_97' title="bbox 458 4764 2104 4838; baseline 0.001 -16"><span class='ocrx_word' id='word_1_713' title='bbox 458 4764 670 4838; x_wconf 88' lang='lat' dir='ltr'><strong>Utique</strong></span> <span class='ocrx_word' id='word_1_714' title='bbox 701 4764 879 4822; x_wconf 88' lang='lat' dir='ltr'><strong>simul</strong></span> <span class='ocrx_word' id='word_1_715' title='bbox 911 4766 1110 4821; x_wconf 91' lang='lat' dir='ltr'><strong>omnia</strong></span> <span class='ocrx_word' id='word_1_716' title='bbox 1129 4765 1252 4822; x_wconf 84' lang='lat' dir='ltr'><strong>fieri</strong></span> <span class='ocrx_word' id='word_1_717' title='bbox 1278 4766 1485 4838; x_wconf 87' lang='lat' dir='ltr'><strong>jubere</strong></span> <span class='ocrx_word' id='word_1_718' title='bbox 1532 4766 1722 4838; x_wconf 90' lang='lat' dir='ltr'><strong>potuit</strong></span> <span class='ocrx_word' id='word_1_719' title='bbox 1750 4767 1908 4824; x_wconf 89' lang='lat' dir='ltr'><strong>Deus</strong></span> <span class='ocrx_word' id='word_1_720' title='bbox 1943 4785 1956 4823; x_wconf 92' lang='lat'><strong>:</strong></span> <span class='ocrx_word' id='word_1_721' title='bbox 2005 4769 2104 4824; x_wconf 88' lang='lat' dir='ltr'><strong>sed</strong></span> 
     </span>
    </p>
   </div>
   <div class='ocr_carea' id='block_1_98' title="bbox 457 4853 2104 4926">
    <p class='ocr_par' dir='ltr' id='par_1_98' title="bbox 457 4853 2104 4926">
     <span class='ocr_line' id='line_1_98' title="bbox 457 4853 2104 4926; baseline 0.002 -16"><span class='ocrx_word' id='word_1_722' title='bbox 457 4853 894 4911; x_wconf 89' lang='lat' dir='ltr'><strong>distinctionem</strong></span> <span class='ocrx_word' id='word_1_723' title='bbox 926 4871 1155 4911; x_wconf 90' lang='lat' dir='ltr'><strong>servare</strong></span> <span class='ocrx_word' id='word_1_724' title='bbox 1185 4855 1414 4924; x_wconf 90' lang='lat' dir='ltr'><strong>maluit,</strong></span> <span class='ocrx_word' id='word_1_725' title='bbox 1468 4871 1648 4926; x_wconf 91' lang='lat' dir='ltr'><strong>quam</strong></span> <span class='ocrx_word' id='word_1_726' title='bbox 1697 4873 1804 4912; x_wconf 90' lang='lat' dir='ltr'><strong>nos</strong></span> <span class='ocrx_word' id='word_1_727' title='bbox 1861 4857 1921 4912; x_wconf 90' lang='lat' dir='ltr'><strong>in</strong></span> <span class='ocrx_word' id='word_1_728' title='bbox 1979 4874 2104 4913; x_wconf 84' lang='lat' dir='ltr'><strong>om-</strong></span> 
     </span>
    </p>
   </div>
   <div class='ocr_carea' id='block_1_99' title="bbox 457 4943 2105 5017">
    <p class='ocr_par' dir='ltr' id='par_1_99' title="bbox 457 4943 2105 5017">
     <span class='ocr_line' id='line_1_99' title="bbox 457 4943 2105 5017; baseline 0.001 -17"><span class='ocrx_word' id='word_1_729' title='bbox 457 4943 632 5000; x_wconf 91' lang='lat' dir='ltr'><strong>nibus</strong></span> <span class='ocrx_word' id='word_1_730' title='bbox 688 4945 1057 5001; x_wconf 88' lang='lat' dir='ltr'><strong>imitaremur</strong></span> <span class='ocrx_word' id='word_1_731' title='bbox 1109 4944 1379 5017; x_wconf 90' lang='lat' dir='ltr'><strong>negotiis,</strong></span> <span class='ocrx_word' id='word_1_732' title='bbox 1411 4949 1470 5000; x_wconf 91' lang='lat' dir='ltr'><strong>et</strong></span> <span class='ocrx_word' id='word_1_733' title='bbox 1535 4945 1788 5000; x_wconf 86' lang='lat' dir='ltr'><strong>maxime</strong></span> <span class='ocrx_word' id='word_1_734' title='bbox 1835 4945 1894 5001; x_wconf 91' lang='lat' dir='ltr'><strong>in</strong></span> <span class='ocrx_word' id='word_1_735' title='bbox 1942 4945 2105 5002; x_wconf 91' lang='lat' dir='ltr'><strong>vicis-</strong></span> 
     </span>
    </p>
   </div>
   <div class='ocr_carea' id='block_1_100' title="bbox 457 5031 2106 5107">
    <p class='ocr_par' dir='ltr' id='par_1_100' title="bbox 457 5031 2106 5107">
     <span class='ocr_line' id='line_1_100' title="bbox 457 5031 2106 5107; baseline -0.001 -19"><span class='ocrx_word' id='word_1_736' title='bbox 457 5032 819 5090; x_wconf 89' lang='lat' dir='ltr'><strong>situdinibus</strong></span> <span class='ocrx_word' id='word_1_737' title='bbox 849 5033 1194 5107; x_wconf 82' lang='lat' dir='ltr'><strong>gratiarum,</strong></span> <span class='ocrx_word' id='word_1_738' title='bbox 1256 5033 1315 5088; x_wconf 91' lang='lat' dir='ltr'><strong>in</strong></span> <span class='ocrx_word' id='word_1_739' title='bbox 1375 5031 1590 5104; x_wconf 90' lang='lat' dir='ltr'><strong>quibus</strong></span> <span class='ocrx_word' id='word_1_740' title='bbox 1641 5049 1756 5087; x_wconf 90' lang='lat' dir='ltr'><strong>non</strong></span> <span class='ocrx_word' id='word_1_741' title='bbox 1816 5033 1959 5089; x_wconf 87' lang='lat' dir='ltr'><strong>satis</strong></span> <span class='ocrx_word' id='word_1_742' title='bbox 2017 5037 2106 5089; x_wconf 89' lang='lat' dir='ltr'><strong>est</strong></span> 
     </span>
    </p>
   </div>
   <div class='ocr_carea' id='block_1_101' title="bbox 456 5121 2103 5193">
    <p class='ocr_par' dir='ltr' id='par_1_101' title="bbox 456 5121 2103 5193">
     <span class='ocr_line' id='line_1_101' title="bbox 456 5121 2103 5193; baseline 0.001 -17"><span class='ocrx_word' id='word_1_743' title='bbox 456 5122 699 5178; x_wconf 89' lang='lat' dir='ltr'><strong>reddere</strong></span> <span class='ocrx_word' id='word_1_744' title='bbox 739 5123 892 5193; x_wconf 92' lang='lat' dir='ltr'><strong>quod</strong></span> <span class='ocrx_word' id='word_1_745' title='bbox 951 5121 1266 5193; x_wconf 90' lang='lat' dir='ltr'><strong>acceperis,</strong></span> <span class='ocrx_word' id='word_1_746' title='bbox 1319 5123 1421 5176; x_wconf 90' lang='lat' dir='ltr'><strong>sed</strong></span> <span class='ocrx_word' id='word_1_747' title='bbox 1481 5122 1891 5177; x_wconf 87' lang='lat' dir='ltr'><strong>commendare</strong></span> <span class='ocrx_word' id='word_1_748' title='bbox 1947 5123 2103 5193; x_wconf 91' lang='lat' dir='ltr'><strong>quod</strong></span> 
     </span>
    </p>
   </div>
   <div class='ocr_carea' id='block_1_102' title="bbox 457 5209 2105 5282">
    <p class='ocr_par' dir='ltr' id='par_1_102' title="bbox 457 5209 2105 5282">
     <span class='ocr_line' id='line_1_102' title="bbox 457 5209 2105 5282; baseline 0 -17"><span class='ocrx_word' id='word_1_749' title='bbox 457 5210 688 5266; x_wconf 88' lang='lat' dir='ltr'><strong>reddas.</strong></span> <span class='ocrx_word' id='word_1_750' title='bbox 721 5210 865 5265; x_wconf 90' lang='lat' dir='ltr'><strong>Nam</strong></span> <span class='ocrx_word' id='word_1_751' title='bbox 898 5210 948 5264; x_wconf 91' lang='lat' dir='ltr'><strong>si</strong></span> <span class='ocrx_word' id='word_1_752' title='bbox 979 5210 1112 5282; x_wconf 90' lang='lat' dir='ltr'><strong>quis</strong></span> <span class='ocrx_word' id='word_1_753' title='bbox 1140 5210 1402 5266; x_wconf 90' lang='lat' dir='ltr'><strong>debitum</strong></span> <span class='ocrx_word' id='word_1_754' title='bbox 1435 5209 1636 5275; x_wconf 89' lang='lat' dir='ltr'><strong>solvat,</strong></span> <span class='ocrx_word' id='word_1_755' title='bbox 1670 5214 1726 5263; x_wconf 92' lang='lat' dir='ltr'><strong>et</strong></span> <span class='ocrx_word' id='word_1_756' title='bbox 1756 5209 1813 5263; x_wconf 91' lang='lat' dir='ltr'><strong>in</strong></span> <span class='ocrx_word' id='word_1_757' title='bbox 1860 5211 2105 5265; x_wconf 88' lang='lat' dir='ltr'><strong>referen-</strong></span> 
     </span>
    </p>
   </div>
   <div class='ocr_carea' id='block_1_103' title="bbox 455 5297 2105 5368">
    <p class='ocr_par' dir='ltr' id='par_1_103' title="bbox 455 5297 2105 5368">
     <span class='ocr_line' id='line_1_103' title="bbox 455 5297 2105 5368; baseline 0.001 -16"><span class='ocrx_word' id='word_1_758' title='bbox 455 5297 530 5352; x_wconf 92' lang='lat' dir='ltr'><strong>do</strong></span> <span class='ocrx_word' id='word_1_759' title='bbox 561 5297 838 5368; x_wconf 91' lang='lat' dir='ltr'><strong>injuriam</strong></span> <span class='ocrx_word' id='word_1_760' title='bbox 871 5298 1046 5354; x_wconf 91' lang='lat' dir='ltr'><strong>faciat</strong></span> <span class='ocrx_word' id='word_1_761' title='bbox 1075 5298 1371 5364; x_wconf 90' lang='lat' dir='ltr'><strong>creditori,</strong></span> <span class='ocrx_word' id='word_1_762' title='bbox 1403 5297 1831 5354; x_wconf 90' lang='lat' dir='ltr'><strong>intolerabilius</strong></span> <span class='ocrx_word' id='word_1_763' title='bbox 1860 5303 1949 5353; x_wconf 90' lang='lat' dir='ltr'><strong>est</strong></span> <span class='ocrx_word' id='word_1_764' title='bbox 1998 5298 2105 5353; x_wconf 92' lang='lat' dir='ltr'><strong>uti-</strong></span> 
     </span>
    </p>
   </div>
   <div class='ocr_carea' id='block_1_104' title="bbox 2216 4673 2534 4729">
    <p class='ocr_par' dir='ltr' id='par_1_104' title="bbox 2216 4673 2534 4729">
     <span class='ocr_line' id='line_1_104' title="bbox 2216 4673 2534 4729; baseline -0.006 0"><span class='ocrx_word' id='word_1_765' title='bbox 2216 4673 2534 4729; x_wconf 89' lang='lat' dir='ltr'><strong>convincis.</strong></span> 
     </span>
    </p>
   </div>
   <div class='ocr_carea' id='block_1_105' title="bbox 2843 4787 3237 4846">
    <p class='ocr_par' dir='ltr' id='par_1_105' title="bbox 2843 4787 3237 4846">
     <span class='ocr_line' id='line_1_105' title="bbox 2843 4787 3237 4846; baseline 0 -1"><span class='ocrx_word' id='word_1_766' title='bbox 2843 4787 3077 4846; x_wconf 88' lang='lat' dir='ltr'><strong>CAPUT</strong></span> <span class='ocrx_word' id='word_1_767' title='bbox 3110 4789 3237 4845; x_wconf 91' lang='lat' dir='ltr'><strong>VllI</strong></span> 
     </span>
    </p>
   </div>
   <div class='ocr_carea' id='block_1_106' title="bbox 2218 4877 3916 4945">
    <p class='ocr_par' dir='ltr' id='par_1_106' title="bbox 2218 4877 3916 4945">
     <span class='ocr_line' id='line_1_106' title="bbox 2218 4877 3916 4945; baseline 0.002 -12"><span class='ocrx_word' id='word_1_768' title='bbox 2218 4877 2354 4933; x_wconf 81' lang='lat' dir='ltr'><strong>Cain</strong></span> <span class='ocrx_word' id='word_1_769' title='bbox 2384 4877 2754 4933; x_wconf 76' lang='lat' dir='ltr'><strong>admonitione</strong></span> <span class='ocrx_word' id='word_1_770' title='bbox 2771 4882 2951 4945; x_wconf 85' lang='lat' dir='ltr'><strong>spreta</strong></span> <span class='ocrx_word' id='word_1_771' title='bbox 2994 4878 3344 4933; x_wconf 83' lang='lat' dir='ltr'><strong>insolentiam</strong></span> <span class='ocrx_word' id='word_1_772' title='bbox 3400 4888 3462 4936; x_wconf 84' lang='lat' dir='ltr'><strong>et</strong></span> <span class='ocrx_word' id='word_1_773' title='bbox 3527 4884 3762 4939; x_wconf 85' lang='lat' dir='ltr'><strong>crimen</strong></span> <span class='ocrx_word' id='word_1_774' title='bbox 3817 4897 3916 4936; x_wconf 88' lang='lat' dir='ltr'><strong>au-</strong></span> 
     </span>
    </p>
   </div>
   <div class='ocr_carea' id='block_1_107' title="bbox 2283 4948 3921 5024">
    <p class='ocr_par' dir='ltr' id='par_1_107' title="bbox 2283 4948 3921 5024">
     <span class='ocr_line' id='line_1_107' title="bbox 2283 4948 3921 5024; baseline -0.002 -20"><span class='ocrx_word' id='word_1_775' title='bbox 2283 4949 2674 5024; x_wconf 78' lang='lat' dir='ltr'><strong>get._Ejusdem</strong></span> <span class='ocrx_word' id='word_1_776' title='bbox 2703 4949 2881 5004; x_wconf 79' lang='lat' dir='ltr'><strong>verbis</strong></span> <span class='ocrx_word' id='word_1_777' title='bbox 2908 4965 2927 5024; x_wconf 90' lang='lat'><strong>_:</strong></span> <span class='ocrx_word' id='word_1_778' title='bbox 2960 4948 3268 5024; x_wconf 75' lang='lat' dir='ltr'><strong>Eamusin</strong></span> <span class='ocrx_word' id='word_1_779' title='bbox 3319 4966 3667 5024; x_wconf 73' lang='lat' dir='ltr'><strong>campum,</strong></span> <span class='ocrx_word' id='word_1_780' title='bbox 3702 4954 3921 5024; x_wconf 70' lang='grc' dir='ltr'><strong>είρηίρ-</strong></span> 
     </span>
    </p>
   </div>
   <div class='ocr_carea' id='block_1_108' title="bbox 2284 5019 3919 5146">
    <p class='ocr_par' dir='ltr' id='par_1_108' title="bbox 2284 5019 3919 5146">
     <span class='ocr_line' id='line_1_108' title="bbox 2284 5019 3919 5146; baseline 0.002 -72"><span class='ocrx_word' id='word_1_781' title='bbox 2284 5022 2404 5146; x_wconf 59' lang='lat' dir='ltr'><strong>calri</strong></span> <span class='ocrx_word' id='word_1_782' title='bbox 2429 5019 2730 5102; x_wconf 78' lang='lat' dir='ltr'><strong>Ostenditur</strong></span> <span class='ocrx_word' id='word_1_783' title='bbox 2753 5021 2942 5092; x_wconf 87' lang='lat' dir='ltr'><strong>pravis</strong></span> <span class='ocrx_word' id='word_1_784' title='bbox 2971 5020 3278 5076; x_wconf 84' lang='lat' dir='ltr'><strong>actionibus</strong></span> <span class='ocrx_word' id='word_1_785' title='bbox 3305 5019 3552 5080; x_wconf 70' lang='lat' dir='ltr'><strong>deserta</strong></span> <span class='ocrx_word' id='word_1_786' title='bbox 3579 5019 3708 5082; x_wconf 78' lang='lat' dir='ltr'><strong>loca</strong></span> <span class='ocrx_word' id='word_1_787' title='bbox 3740 5019 3795 5081; x_wconf 65' lang='lat' dir='ltr'><strong>et</strong></span> <span class='ocrx_word' id='word_1_788' title='bbox 3821 5019 3919 5080; x_wconf 73' lang='lat' dir='ltr'><strong>ste-</strong></span> 
     </span>
     <span class='ocr_line' id='line_1_109' title="bbox 2284 5107 2748 5146; baseline -0.004 0"><span class='ocrx_word' id='word_1_789' title='bbox 2284 5109 2332 5146; x_wconf 80' lang='lat' dir='ltr'><strong>rz</strong></span> <span class='ocrx_word' id='word_1_790' title='bbox 2363 5109 2417 5146; x_wconf 83' lang='lat' dir='ltr'><strong>ia</strong></span> <span class='ocrx_word' id='word_1_791' title='bbox 2443 5107 2748 5146; x_wconf 84' lang='lat' dir='ltr'><strong>convenire.</strong></span> 
     </span>
    </p>
   </div>
   <div class='ocr_carea' id='block_1_109' title="bbox 2282 5204 3918 5285">
    <p class='ocr_par' dir='ltr' id='par_1_109' title="bbox 2282 5204 3918 5285">
     <span class='ocr_line' id='line_1_110' title="bbox 2282 5204 3918 5285; baseline 0.004 -25"><span class='ocrx_word' id='word_1_792' title='bbox 2282 5207 2373 5262; x_wconf 87' lang='lat'><strong>26.</strong></span> <span class='ocrx_word' id='word_1_793' title='bbox 2403 5204 2753 5261; x_wconf 89' lang='lat' dir='ltr'><strong>Admonitus</strong></span> <span class='ocrx_word' id='word_1_794' title='bbox 2784 5204 2964 5277; x_wconf 92' lang='lat' dir='ltr'><strong>igitur</strong></span> <span class='ocrx_word' id='word_1_795' title='bbox 2993 5209 3058 5261; x_wconf 91' lang='lat' dir='ltr'><strong>ut</strong></span> <span class='ocrx_word' id='word_1_796' title='bbox 3087 5205 3446 5278; x_wconf 90' lang='lat' dir='ltr'><strong>quiesceret,</strong></span> <span class='ocrx_word' id='word_1_797' title='bbox 3497 5217 3699 5285; x_wconf 87' lang='lat' dir='ltr'><strong>auget</strong></span> <span class='ocrx_word' id='word_1_798' title='bbox 3757 5211 3918 5267; x_wconf 83' lang='lat' dir='ltr'><strong>inso-</strong></span> 
     </span>
    </p>
   </div>
   <div class='ocr_carea' id='block_1_110' title="bbox 2212 5293 3922 5370">
    <p class='ocr_par' dir='ltr' id='par_1_110' title="bbox 2212 5293 3922 5370">
     <span class='ocr_line' id='line_1_111' title="bbox 2212 5293 3922 5370; baseline 0.002 -20"><span class='ocrx_word' id='word_1_799' title='bbox 2212 5294 2473 5361; x_wconf 89' lang='lat' dir='ltr'><strong>lentiam,</strong></span> <span class='ocrx_word' id='word_1_800' title='bbox 2507 5294 2740 5350; x_wconf 90' lang='lat' dir='ltr'><strong>acerbat</strong></span> <span class='ocrx_word' id='word_1_801' title='bbox 2797 5293 3107 5366; x_wconf 80' lang='lat' dir='ltr'><strong>flagitium.</strong></span> <span class='ocrx_word' id='word_1_802' title='bbox 3166 5295 3313 5361; x_wconf 85' lang='lat' dir='ltr'><strong>Quid</strong></span> <span class='ocrx_word' id='word_1_803' title='bbox 3371 5296 3592 5370; x_wconf 86' lang='lat' dir='ltr'><strong>igitur</strong></span> <span class='ocrx_word' id='word_1_804' title='bbox 3635 5300 3758 5358; x_wconf 81' lang='lat' dir='ltr'><strong>sibi</strong></span> <span class='ocrx_word' id='word_1_805' title='bbox 3795 5297 3922 5356; x_wconf 84' lang='lat' dir='ltr'><strong>vult</strong></span> 
     </span>
    </p>
   </div>
   <div class='ocr_carea' id='block_1_111' title="bbox 452 5383 3920 5460">
    <p class='ocr_par' dir='ltr' id='par_1_111' title="bbox 452 5383 3920 5460">
     <span class='ocr_line' id='line_1_112' title="bbox 452 5383 3920 5460; baseline -0.001 -19"><span class='ocrx_word' id='word_1_806' title='bbox 452 5401 586 5458; x_wconf 92' lang='lat' dir='ltr'><strong>que,</strong></span> <span class='ocrx_word' id='word_1_807' title='bbox 629 5403 806 5456; x_wconf 85' lang='lat' dir='ltr'><strong>quam</strong></span> <span class='ocrx_word' id='word_1_808' title='bbox 864 5402 979 5441; x_wconf 91' lang='lat' dir='ltr'><strong>non</strong></span> <span class='ocrx_word' id='word_1_809' title='bbox 1037 5387 1363 5444; x_wconf 90' lang='lat' dir='ltr'><strong>reddidisse</strong></span> <span class='ocrx_word' id='word_1_810' title='bbox 1415 5387 1570 5460; x_wconf 91' lang='lat' dir='ltr'><strong>quod</strong></span> <span class='ocrx_word' id='word_1_811' title='bbox 1625 5385 1892 5442; x_wconf 86' lang='lat' dir='ltr'><strong>debebat.</strong></span> <span class='ocrx_word' id='word_1_812' title='bbox 1977 5387 2103 5444; x_wconf 91' lang='lat' dir='ltr'><strong>Non</strong></span> <span class='ocrx_word' id='word_1_813' title='bbox 2211 5385 2366 5455; x_wconf 93' lang='lat' dir='ltr'><strong>quod</strong></span> <span class='ocrx_word' id='word_1_814' title='bbox 2392 5383 2517 5438; x_wconf 91' lang='lat' dir='ltr'><strong>ait:</strong></span> <span class='ocrx_word' id='word_1_815' title='bbox 2587 5385 2788 5439; x_wconf 84' lang='lat' dir='ltr'><strong>Eamus</strong></span> <span class='ocrx_word' id='word_1_816' title='bbox 2851 5385 2913 5438; x_wconf 86' lang='lat' dir='ltr'><strong>in</strong></span> <span class='ocrx_word' id='word_1_817' title='bbox 2939 5399 3191 5455; x_wconf 90' lang='lat' dir='ltr'><strong>campum</strong></span> <span class='ocrx_word' id='word_1_818' title='bbox 3234 5383 3424 5457; x_wconf 87' lang='lat' dir='ltr'><strong>(Gen,</strong></span> <span class='ocrx_word' id='word_1_819' title='bbox 3465 5405 3552 5459; x_wconf 83' lang='grc' dir='ltr'><strong>ιν,</strong></span> <span class='ocrx_word' id='word_1_820' title='bbox 3625 5391 3740 5460; x_wconf 82' lang='grc'><strong>8);</strong></span> <span class='ocrx_word' id='word_1_821' title='bbox 3804 5387 3920 5442; x_wconf 91' lang='lat' dir='ltr'><strong>nisi</strong></span> 
     </span>
    </p>
   </div>
   <div class='ocr_carea' id='block_1_112' title="bbox 513 5579 2100 5654">
    <p class='ocr_par' dir='ltr' id='par_1_112' title="bbox 513 5579 2100 5654">
     <span class='ocr_line' id='line_1_113' title="bbox 513 5579 2100 5654; baseline 0.004 -20"><span class='ocrx_word' id='word_1_822' title='bbox 513 5579 625 5654; x_wconf 87' lang='lat'><strong>(62)</strong></span> <span class='ocrx_word' id='word_1_823' title='bbox 657 5579 858 5654; x_wconf 89' lang='lat' dir='ltr'><strong>Antiq.</strong></span> <span class='ocrx_word' id='word_1_824' title='bbox 889 5579 1052 5651; x_wconf 87' lang='lat' dir='ltr'><strong>edit.,</strong></span> <span class='ocrx_word' id='word_1_825' title='bbox 1073 5582 1604 5654; x_wconf 72' lang='lat' dir='ltr'><strong>mtjicitur.Rom.et</strong></span> <span class='ocrx_word' id='word_1_826' title='bbox 1630 5581 2100 5651; x_wconf 86' lang='lat' dir='ltr'><strong>mss.,addicitur.</strong></span> 
     </span>
    </p>
   </div>
  </div>
