  <div class='ocr_page' id='page_1' title='image "/cluster/home/n/w/nwhite01/storage/ocr_20150623/14/hvd.32044048207138/192.png"; bbox 0 0 4166 6154; ppageno 0'>
   <div class='ocr_carea' id='block_1_1' title="bbox 302 308 425 376">
    <p class='ocr_par' dir='ltr' id='par_1_1' title="bbox 302 308 425 376">
     <span class='ocr_line' id='line_1_1' title="bbox 302 308 425 376; baseline -0.008 -1"><span class='ocrx_word' id='word_1_1' title='bbox 302 308 425 376; x_wconf 78' lang='lat'><strong>373</strong></span> 
     </span>
    </p>
   </div>
   <div class='ocr_carea' id='block_1_2' title="bbox 1516 299 2557 373">
    <p class='ocr_par' dir='ltr' id='par_1_2' title="bbox 1516 299 2557 373">
     <span class='ocr_line' id='line_1_2' title="bbox 1516 299 2557 373; baseline -0.003 -3"><span class='ocrx_word' id='word_1_2' title='bbox 1516 305 1620 371; x_wconf 82' lang='lat' dir='ltr'><strong>DE</strong></span> <span class='ocrx_word' id='word_1_3' title='bbox 1662 305 1845 373; x_wconf 85' lang='lat' dir='ltr'><strong>CAIN</strong></span> <span class='ocrx_word' id='word_1_4' title='bbox 1888 305 1989 371; x_wconf 79' lang='lat' dir='ltr'><strong>ET</strong></span> <span class='ocrx_word' id='word_1_5' title='bbox 2030 304 2238 371; x_wconf 83' lang='lat' dir='ltr'><strong>ABEL</strong></span> <span class='ocrx_word' id='word_1_6' title='bbox 2281 302 2431 369; x_wconf 89' lang='lat' dir='ltr'><strong>LIB.</strong></span> <span class='ocrx_word' id='word_1_7' title='bbox 2478 299 2557 370; x_wconf 91' lang='lat' dir='ltr'><strong>II.</strong></span> 
     </span>
    </p>
   </div>
   <div class='ocr_carea' id='block_1_3' title="bbox 3616 290 3736 363">
    <p class='ocr_par' dir='ltr' id='par_1_3' title="bbox 3616 290 3736 363">
     <span class='ocr_line' id='line_1_3' title="bbox 3616 290 3736 363; baseline -0.05 0"><span class='ocrx_word' id='word_1_8' title='bbox 3616 290 3736 363; x_wconf 68' lang='lat' dir='ltr'><strong>3H</strong></span> 
     </span>
    </p>
   </div>
   <div class='ocr_carea' id='block_1_4' title="bbox 304 431 3740 522">
    <p class='ocr_par' dir='ltr' id='par_1_4' title="bbox 304 431 3740 522">
     <span class='ocr_line' id='line_1_4' title="bbox 304 431 3740 522; baseline -0.005 -17"><span class='ocrx_word' id='word_1_9' title='bbox 304 444 450 522; x_wconf 87' lang='lat' dir='ltr'><strong>quia</strong></span> <span class='ocrx_word' id='word_1_10' title='bbox 476 442 647 505; x_wconf 90' lang='lat' dir='ltr'><strong>locus</strong></span> <span class='ocrx_word' id='word_1_11' title='bbox 677 442 873 505; x_wconf 90' lang='lat' dir='ltr'><strong>nudus</strong></span> <span class='ocrx_word' id='word_1_12' title='bbox 900 433 1278 522; x_wconf 77' lang='lat' dir='ltr'><strong>gignentium</strong></span> <span class='ocrx_word' id='word_1_13' title='bbox 1322 438 1568 515; x_wconf 89' lang='lat' dir='ltr'><strong>eligitur</strong></span> <span class='ocrx_word' id='word_1_14' title='bbox 1610 440 1924 515; x_wconf 89' lang='lat' dir='ltr'><strong>parricidio</strong></span> <span class='ocrx_word' id='word_1_15' title='bbox 1947 438 1976 497; x_wconf 77' lang='lat' dir='ltr'><strong>‘t</strong></span> <span class='ocrx_word' id='word_1_16' title='bbox 2008 443 2056 510; x_wconf 77' lang='grc' dir='ltr'>Α</span> <span class='ocrx_word' id='word_1_17' title='bbox 2091 437 2444 497; x_wconf 82' lang='lat' dir='ltr'><strong>conﬁtentis.</strong></span> <span class='ocrx_word' id='word_1_18' title='bbox 2477 438 2577 498; x_wconf 85' lang='lat' dir='ltr'><strong>Est</strong></span> <span class='ocrx_word' id='word_1_19' title='bbox 2600 438 2867 514; x_wconf 68' lang='lat' dir='ltr'><strong>quaedam</strong></span> <span class='ocrx_word' id='word_1_20' title='bbox 2898 440 2959 500; x_wconf 88' lang='lat' dir='ltr'><strong>in</strong></span> <span class='ocrx_word' id='word_1_21' title='bbox 2990 438 3248 517; x_wconf 83' lang='lat' dir='ltr'><strong>peccatis</strong></span> <span class='ocrx_word' id='word_1_22' title='bbox 3277 431 3647 500; x_wconf 82' lang='lat' dir='ltr'><strong>verecundia,</strong></span> <span class='ocrx_word' id='word_1_23' title='bbox 3680 431 3740 522; x_wconf 71' lang='lat' dir='ltr'><strong>et</strong></span> 
     </span>
    </p>
   </div>
   <div class='ocr_carea' id='block_1_5' title="bbox 307 528 1982 607">
    <p class='ocr_par' dir='ltr' id='par_1_5' title="bbox 307 528 1982 607">
     <span class='ocr_line' id='line_1_5' title="bbox 307 528 1982 607; baseline -0.004 -12"><span class='ocrx_word' id='word_1_24' title='bbox 307 535 419 595; x_wconf 91' lang='lat' dir='ltr'><strong>Ubi</strong></span> <span class='ocrx_word' id='word_1_25' title='bbox 468 535 628 593; x_wconf 88' lang='lat' dir='ltr'><strong>enim</strong></span> <span class='ocrx_word' id='word_1_26' title='bbox 678 536 854 594; x_wconf 88' lang='lat' dir='ltr'><strong>frater</strong></span> <span class='ocrx_word' id='word_1_27' title='bbox 896 534 1148 593; x_wconf 82' lang='lat' dir='ltr'><strong>habebat</strong></span> <span class='ocrx_word' id='word_1_28' title='bbox 1197 528 1426 600; x_wconf 84' lang='lat' dir='ltr'><strong>occidi,</strong></span> <span class='ocrx_word' id='word_1_29' title='bbox 1475 532 1587 589; x_wconf 82' lang='lat' dir='ltr'><strong>nisi</strong></span> <span class='ocrx_word' id='word_1_30' title='bbox 1628 531 1729 607; x_wconf 78' lang='lat' dir='ltr'><strong>ubi</strong></span> <span class='ocrx_word' id='word_1_31' title='bbox 1759 532 1982 588; x_wconf 89' lang='lat' dir='ltr'><strong>fructus</strong></span> 
     </span>
    </p>
   </div>
   <div class='ocr_carea' id='block_1_6' title="bbox 308 619 1980 699">
    <p class='ocr_par' dir='ltr' id='par_1_6' title="bbox 308 619 1980 699">
     <span class='ocr_line' id='line_1_6' title="bbox 308 619 1980 699; baseline -0.005 -16"><span class='ocrx_word' id='word_1_32' title='bbox 308 625 583 683; x_wconf 76' lang='lat' dir='ltr'><strong>deesset?</strong></span> <span class='ocrx_word' id='word_1_33' title='bbox 611 626 917 699; x_wconf 80' lang='lat' dir='ltr'><strong>Tanquam</strong></span> <span class='ocrx_word' id='word_1_34' title='bbox 963 619 1328 699; x_wconf 80' lang='lat' dir='ltr'><strong>praesagiens</strong></span> <span class='ocrx_word' id='word_1_35' title='bbox 1389 624 1603 677; x_wconf 88' lang='lat' dir='ltr'><strong>natura</strong></span> <span class='ocrx_word' id='word_1_36' title='bbox 1630 619 1777 677; x_wconf 90' lang='lat' dir='ltr'><strong>tanti</strong></span> <span class='ocrx_word' id='word_1_37' title='bbox 1805 620 1980 676; x_wconf 89' lang='lat' dir='ltr'><strong>scele-</strong></span> 
     </span>
    </p>
   </div>
   <div class='ocr_carea' id='block_1_7' title="bbox 309 709 1981 787">
    <p class='ocr_par' dir='ltr' id='par_1_7' title="bbox 309 709 1981 787">
     <span class='ocr_line' id='line_1_7' title="bbox 309 709 1981 787; baseline -0.005 -15"><span class='ocrx_word' id='word_1_38' title='bbox 309 715 398 772; x_wconf 89' lang='lat' dir='ltr'><strong>ris</strong></span> <span class='ocrx_word' id='word_1_39' title='bbox 423 713 554 771; x_wconf 88' lang='lat' dir='ltr'><strong>loco</strong></span> <span class='ocrx_word' id='word_1_40' title='bbox 585 714 853 787; x_wconf 82' lang='lat' dir='ltr'><strong>germina</strong></span> <span class='ocrx_word' id='word_1_41' title='bbox 882 712 1255 786; x_wconf 82' lang='lat' dir='ltr'><strong>denegaverat</strong></span> <span class='ocrx_word' id='word_1_42' title='bbox 1292 725 1308 764; x_wconf 92' lang='lat'><strong>:</strong></span> <span class='ocrx_word' id='word_1_43' title='bbox 1355 710 1505 782; x_wconf 89' lang='lat' dir='ltr'><strong>quia</strong></span> <span class='ocrx_word' id='word_1_44' title='bbox 1534 727 1649 766; x_wconf 93' lang='lat' dir='ltr'><strong>non</strong></span> <span class='ocrx_word' id='word_1_45' title='bbox 1681 709 1981 767; x_wconf 89' lang='lat' dir='ltr'><strong>convenie-</strong></span> 
     </span>
    </p>
   </div>
   <div class='ocr_carea' id='block_1_8' title="bbox 311 797 1981 872">
    <p class='ocr_par' dir='ltr' id='par_1_8' title="bbox 311 797 1981 872">
     <span class='ocr_line' id='line_1_8' title="bbox 311 797 1981 872; baseline -0.005 -12"><span class='ocrx_word' id='word_1_46' title='bbox 311 804 418 860; x_wconf 86' lang='lat' dir='ltr'><strong>bat</strong></span> <span class='ocrx_word' id='word_1_47' title='bbox 446 807 515 858; x_wconf 92' lang='lat' dir='ltr'><strong>ut</strong></span> <span class='ocrx_word' id='word_1_48' title='bbox 540 802 700 859; x_wconf 90' lang='lat' dir='ltr'><strong>idem</strong></span> <span class='ocrx_word' id='word_1_49' title='bbox 730 802 918 858; x_wconf 89' lang='lat' dir='ltr'><strong>solum</strong></span> <span class='ocrx_word' id='word_1_50' title='bbox 936 806 990 859; x_wconf 89' lang='lat' dir='ltr'><strong>et</strong></span> <span class='ocrx_word' id='word_1_51' title='bbox 1008 797 1270 872; x_wconf 87' lang='lat' dir='ltr'><strong>contagia</strong></span> <span class='ocrx_word' id='word_1_52' title='bbox 1316 798 1699 870; x_wconf 80' lang='lat' dir='ltr'><strong>parricidalis</strong></span> <span class='ocrx_word' id='word_1_53' title='bbox 1746 798 1981 870; x_wconf 88' lang='lat' dir='ltr'><strong>sangui-</strong></span> 
     </span>
    </p>
   </div>
   <div class='ocr_carea' id='block_1_9' title="bbox 314 887 1980 963">
    <p class='ocr_par' dir='ltr' id='par_1_9' title="bbox 314 887 1980 963">
     <span class='ocr_line' id='line_1_9' title="bbox 314 887 1980 963; baseline -0.005 -14"><span class='ocrx_word' id='word_1_54' title='bbox 314 892 415 949; x_wconf 86' lang='lat' dir='ltr'><strong>nis</strong></span> <span class='ocrx_word' id='word_1_55' title='bbox 445 891 735 963; x_wconf 82' lang='lat' dir='ltr'><strong>reciperet</strong></span> <span class='ocrx_word' id='word_1_56' title='bbox 762 894 967 963; x_wconf 66' lang='lat' dir='ltr'><strong>prater</strong></span> <span class='ocrx_word' id='word_1_57' title='bbox 995 894 1278 956; x_wconf 88' lang='lat' dir='ltr'><strong>naturam,</strong></span> <span class='ocrx_word' id='word_1_58' title='bbox 1307 891 1380 943; x_wconf 88' lang='lat' dir='ltr'><strong>et</strong></span> <span class='ocrx_word' id='word_1_59' title='bbox 1408 888 1637 944; x_wconf 90' lang='lat' dir='ltr'><strong>fructus</strong></span> <span class='ocrx_word' id='word_1_60' title='bbox 1658 887 1980 943; x_wconf 89' lang='lat' dir='ltr'><strong>secundum</strong></span> 
     </span>
    </p>
   </div>
   <div class='ocr_carea' id='block_1_10' title="bbox 314 975 1983 1052">
    <p class='ocr_par' dir='ltr' id='par_1_10' title="bbox 314 975 1983 1052">
     <span class='ocr_line' id='line_1_10' title="bbox 314 975 1983 1052; baseline -0.005 -14"><span class='ocrx_word' id='word_1_61' title='bbox 314 983 597 1038; x_wconf 84' lang='lat' dir='ltr'><strong>naturam</strong></span> <span class='ocrx_word' id='word_1_62' title='bbox 647 979 1018 1052; x_wconf 89' lang='lat' dir='ltr'><strong>germinaret.</strong></span> <span class='ocrx_word' id='word_1_63' title='bbox 1065 976 1266 1035; x_wconf 85' lang='lat' dir='ltr'><strong>Merito</strong></span> <span class='ocrx_word' id='word_1_64' title='bbox 1323 975 1464 1049; x_wconf 86' lang='lat' dir='ltr'><strong>ipse</strong></span> <span class='ocrx_word' id='word_1_65' title='bbox 1511 976 1653 1033; x_wconf 88' lang='lat' dir='ltr'><strong>dicit</strong></span> <span class='ocrx_word' id='word_1_66' title='bbox 1711 994 1724 1032; x_wconf 91' lang='lat'>:</span> <span class='ocrx_word' id='word_1_67' title='bbox 1784 977 1983 1030; x_wconf 85' lang='lat' dir='ltr'><strong>Eamus</strong></span> 
     </span>
    </p>
   </div>
   <div class='ocr_carea' id='block_1_11' title="bbox 314 1063 1984 1142">
    <p class='ocr_par' dir='ltr' id='par_1_11' title="bbox 314 1063 1984 1142">
     <span class='ocr_line' id='line_1_11' title="bbox 314 1063 1984 1142; baseline -0.005 -16"><span class='ocrx_word' id='word_1_68' title='bbox 314 1071 381 1126; x_wconf 80' lang='lat' dir='ltr'><strong>in</strong></span> <span class='ocrx_word' id='word_1_69' title='bbox 413 1085 695 1142; x_wconf 81' lang='lat' dir='ltr'><strong>campum.</strong></span> <span class='ocrx_word' id='word_1_70' title='bbox 727 1067 853 1124; x_wconf 88' lang='lat' dir='ltr'><strong>Non</strong></span> <span class='ocrx_word' id='word_1_71' title='bbox 895 1066 1033 1123; x_wconf 85' lang='lat' dir='ltr'><strong>dicit</strong></span> <span class='ocrx_word' id='word_1_72' title='bbox 1062 1083 1076 1123; x_wconf 89' lang='lat'>:</span> <span class='ocrx_word' id='word_1_73' title='bbox 1104 1066 1326 1122; x_wconf 89' lang='lat' dir='ltr'><strong>Eamus</strong></span> <span class='ocrx_word' id='word_1_74' title='bbox 1383 1065 1444 1120; x_wconf 91' lang='lat' dir='ltr'><strong>in</strong></span> <span class='ocrx_word' id='word_1_75' title='bbox 1491 1064 1851 1138; x_wconf 83' lang='lat' dir='ltr'><strong>paradisum,</strong></span> <span class='ocrx_word' id='word_1_76' title='bbox 1885 1063 1984 1118; x_wconf 92' lang='lat' dir='ltr'><strong>ubi</strong></span> 
     </span>
    </p>
   </div>
   <div class='ocr_carea' id='block_1_12' title="bbox 316 1152 1983 1234">
    <p class='ocr_par' dir='ltr' id='par_1_12' title="bbox 316 1152 1983 1234">
     <span class='ocr_line' id='line_1_12' title="bbox 316 1152 1983 1234; baseline -0.005 -19"><span class='ocrx_word' id='word_1_77' title='bbox 316 1175 500 1234; x_wconf 86' lang='lat' dir='ltr'><strong>poma</strong></span> <span class='ocrx_word' id='word_1_78' title='bbox 530 1158 770 1226; x_wconf 84' lang='lat' dir='ltr'><strong>ﬂorent;</strong></span> <span class='ocrx_word' id='word_1_79' title='bbox 805 1172 921 1212; x_wconf 92' lang='lat' dir='ltr'><strong>non</strong></span> <span class='ocrx_word' id='word_1_80' title='bbox 951 1155 1011 1211; x_wconf 91' lang='lat' dir='ltr'><strong>in</strong></span> <span class='ocrx_word' id='word_1_81' title='bbox 1040 1154 1291 1228; x_wconf 88' lang='lat' dir='ltr'><strong>aliquem</strong></span> <span class='ocrx_word' id='word_1_82' title='bbox 1347 1153 1577 1209; x_wconf 90' lang='lat' dir='ltr'><strong>cultum</strong></span> <span class='ocrx_word' id='word_1_83' title='bbox 1631 1158 1688 1209; x_wconf 86' lang='lat' dir='ltr'><strong>et</strong></span> <span class='ocrx_word' id='word_1_84' title='bbox 1728 1152 1983 1208; x_wconf 90' lang='lat' dir='ltr'><strong>fructife-</strong></span> 
     </span>
    </p>
   </div>
   <div class='ocr_carea' id='block_1_13' title="bbox 315 1242 1987 1318">
    <p class='ocr_par' dir='ltr' id='par_1_13' title="bbox 315 1242 1987 1318">
     <span class='ocr_line' id='line_1_13' title="bbox 315 1242 1987 1318; baseline -0.005 -13"><span class='ocrx_word' id='word_1_85' title='bbox 315 1264 455 1306; x_wconf 88' lang='lat' dir='ltr'><strong>rum</strong></span> <span class='ocrx_word' id='word_1_86' title='bbox 505 1246 728 1303; x_wconf 90' lang='lat' dir='ltr'><strong>locum.</strong></span> <span class='ocrx_word' id='word_1_87' title='bbox 788 1244 906 1318; x_wconf 88' lang='lat' dir='ltr'><strong>Ipsi</strong></span> <span class='ocrx_word' id='word_1_88' title='bbox 958 1243 1252 1317; x_wconf 80' lang='lat' dir='ltr'><strong>parricidas</strong></span> <span class='ocrx_word' id='word_1_89' title='bbox 1300 1242 1573 1299; x_wconf 89' lang='lat' dir='ltr'><strong>indicant</strong></span> <span class='ocrx_word' id='word_1_90' title='bbox 1618 1243 1871 1298; x_wconf 88' lang='lat' dir='ltr'><strong>fructum</strong></span> <span class='ocrx_word' id='word_1_91' title='bbox 1925 1258 1987 1297; x_wconf 89' lang='lat' dir='ltr'><strong>se</strong></span> 
     </span>
    </p>
   </div>
   <div class='ocr_carea' id='block_1_14' title="bbox 313 1333 1985 1408">
    <p class='ocr_par' dir='ltr' id='par_1_14' title="bbox 313 1333 1985 1408">
     <span class='ocr_line' id='line_1_14' title="bbox 313 1333 1985 1408; baseline -0.006 -11"><span class='ocrx_word' id='word_1_92' title='bbox 313 1336 564 1397; x_wconf 87' lang='lat' dir='ltr'><strong>sceleris</strong></span> <span class='ocrx_word' id='word_1_93' title='bbox 595 1335 816 1393; x_wconf 91' lang='lat' dir='ltr'><strong>habere</strong></span> <span class='ocrx_word' id='word_1_94' title='bbox 846 1351 960 1392; x_wconf 90' lang='lat' dir='ltr'><strong>non</strong></span> <span class='ocrx_word' id='word_1_95' title='bbox 990 1350 1180 1408; x_wconf 88' lang='lat' dir='ltr'><strong>posse,</strong></span> <span class='ocrx_word' id='word_1_96' title='bbox 1214 1350 1319 1389; x_wconf 90' lang='lat' dir='ltr'><strong>nec</strong></span> <span class='ocrx_word' id='word_1_97' title='bbox 1351 1350 1532 1407; x_wconf 87' lang='lat' dir='ltr'><strong>penes</strong></span> <span class='ocrx_word' id='word_1_98' title='bbox 1582 1350 1681 1390; x_wconf 91' lang='lat' dir='ltr'><strong>eos</strong></span> <span class='ocrx_word' id='word_1_99' title='bbox 1729 1333 1985 1389; x_wconf 89' lang='lat' dir='ltr'><strong>fructum</strong></span> 
     </span>
    </p>
   </div>
   <div class='ocr_carea' id='block_1_15' title="bbox 317 1421 1984 1497">
    <p class='ocr_par' dir='ltr' id='par_1_15' title="bbox 317 1421 1984 1497">
     <span class='ocr_line' id='line_1_15' title="bbox 317 1421 1984 1497; baseline -0.005 -12"><span class='ocrx_word' id='word_1_100' title='bbox 317 1442 587 1493; x_wconf 85' lang='lat' dir='ltr'><strong>manere,</strong></span> <span class='ocrx_word' id='word_1_101' title='bbox 621 1424 724 1497; x_wconf 88' lang='lat' dir='ltr'><strong>qui</strong></span> <span class='ocrx_word' id='word_1_102' title='bbox 756 1427 933 1480; x_wconf 68' lang='lat' dir='ltr'><strong>tantae</strong></span> <span class='ocrx_word' id='word_1_103' title='bbox 979 1423 1265 1496; x_wconf 88' lang='lat' dir='ltr'><strong>impietati</strong></span> <span class='ocrx_word' id='word_1_104' title='bbox 1320 1422 1676 1496; x_wconf 81' lang='lat' dir='ltr'><strong>praebuerint</strong></span> <span class='ocrx_word' id='word_1_105' title='bbox 1704 1421 1984 1479; x_wconf 82' lang='lat' dir='ltr'><strong>ofﬁcium.</strong></span> 
     </span>
    </p>
   </div>
   <div class='ocr_carea' id='block_1_16' title="bbox 316 1510 1985 1587">
    <p class='ocr_par' dir='ltr' id='par_1_16' title="bbox 316 1510 1985 1587">
     <span class='ocr_line' id='line_1_16' title="bbox 316 1510 1985 1587; baseline -0.004 -15"><span class='ocrx_word' id='word_1_106' title='bbox 316 1516 472 1573; x_wconf 82' lang='lat' dir='ltr'><strong>Nam</strong></span> <span class='ocrx_word' id='word_1_107' title='bbox 503 1513 699 1587; x_wconf 88' lang='lat' dir='ltr'><strong>ipsam</strong></span> <span class='ocrx_word' id='word_1_108' title='bbox 732 1512 1033 1585; x_wconf 89' lang='lat' dir='ltr'><strong>refugiunt</strong></span> <span class='ocrx_word' id='word_1_109' title='bbox 1075 1510 1501 1568; x_wconf 87' lang='lat' dir='ltr'><strong>elementorum</strong></span> <span class='ocrx_word' id='word_1_110' title='bbox 1543 1510 1985 1582; x_wconf 84' lang='lat' dir='ltr'><strong>benignitatem,</strong></span> 
     </span>
    </p>
   </div>
   <div class='ocr_carea' id='block_1_17' title="bbox 317 1597 1990 1674">
    <p class='ocr_par' dir='ltr' id='par_1_17' title="bbox 317 1597 1990 1674">
     <span class='ocr_line' id='line_1_17' title="bbox 317 1597 1990 1674; baseline -0.005 -12"><span class='ocrx_word' id='word_1_111' title='bbox 317 1610 389 1662; x_wconf 87' lang='lat' dir='ltr'><strong>ut</strong></span> <span class='ocrx_word' id='word_1_112' title='bbox 437 1606 551 1661; x_wconf 87' lang='lat' dir='ltr'><strong>iste</strong></span> <span class='ocrx_word' id='word_1_113' title='bbox 596 1600 740 1659; x_wconf 88' lang='lat' dir='ltr'><strong>Cain</strong></span> <span class='ocrx_word' id='word_1_114' title='bbox 791 1601 891 1674; x_wconf 88' lang='lat' dir='ltr'><strong>qui</strong></span> <span class='ocrx_word' id='word_1_115' title='bbox 938 1600 1172 1656; x_wconf 88' lang='lat' dir='ltr'><strong>videtur</strong></span> <span class='ocrx_word' id='word_1_116' title='bbox 1215 1600 1442 1657; x_wconf 90' lang='lat' dir='ltr'><strong>veritus</strong></span> <span class='ocrx_word' id='word_1_117' title='bbox 1489 1617 1562 1656; x_wconf 91' lang='lat' dir='ltr'><strong>ne</strong></span> <span class='ocrx_word' id='word_1_118' title='bbox 1604 1599 1823 1673; x_wconf 89' lang='lat' dir='ltr'><strong>largior</strong></span> <span class='ocrx_word' id='word_1_119' title='bbox 1850 1597 1990 1655; x_wconf 93' lang='lat' dir='ltr'><strong>boni</strong></span> 
     </span>
    </p>
   </div>
   <div class='ocr_carea' id='block_1_18' title="bbox 316 1687 1986 1766">
    <p class='ocr_par' dir='ltr' id='par_1_18' title="bbox 316 1687 1986 1766">
     <span class='ocr_line' id='line_1_18' title="bbox 316 1687 1986 1766; baseline -0.005 -15"><span class='ocrx_word' id='word_1_120' title='bbox 316 1698 483 1752; x_wconf 87' lang='lat' dir='ltr'><strong>terra</strong></span> <span class='ocrx_word' id='word_1_121' title='bbox 526 1695 852 1766; x_wconf 87' lang='lat' dir='ltr'><strong>proventus</strong></span> <span class='ocrx_word' id='word_1_122' title='bbox 900 1690 1064 1746; x_wconf 86' lang='lat' dir='ltr'><strong>triste</strong></span> <span class='ocrx_word' id='word_1_123' title='bbox 1111 1688 1341 1746; x_wconf 80' lang='lat' dir='ltr'><strong>facinus</strong></span> <span class='ocrx_word' id='word_1_124' title='bbox 1389 1688 1718 1762; x_wconf 88' lang='lat' dir='ltr'><strong>impediret,</strong></span> <span class='ocrx_word' id='word_1_125' title='bbox 1750 1692 1808 1744; x_wconf 77' lang='lat' dir='ltr'><strong>et</strong></span> <span class='ocrx_word' id='word_1_126' title='bbox 1844 1687 1986 1743; x_wconf 88' lang='lat' dir='ltr'><strong>libe-</strong></span> 
     </span>
    </p>
   </div>
   <div class='ocr_carea' id='block_1_19' title="bbox 2091 517 3737 603">
    <p class='ocr_par' dir='ltr' id='par_1_19' title="bbox 2091 517 3737 603">
     <span class='ocr_line' id='line_1_19' title="bbox 2091 517 3737 603; baseline -0.004 -19"><span class='ocrx_word' id='word_1_127' title='bbox 2091 528 2445 602; x_wconf 69' lang='lat' dir='ltr'><strong>poenitentiae</strong></span> <span class='ocrx_word' id='word_1_128' title='bbox 2474 531 2660 603; x_wconf 90' lang='lat' dir='ltr'><strong>portio</strong></span> <span class='ocrx_word' id='word_1_129' title='bbox 2690 531 2910 589; x_wconf 87' lang='lat' dir='ltr'><strong>crimen</strong></span> <span class='ocrx_word' id='word_1_130' title='bbox 2936 532 3128 598; x_wconf 88' lang='lat' dir='ltr'><strong>fateri,</strong></span> <span class='ocrx_word' id='word_1_131' title='bbox 3160 548 3267 589; x_wconf 89' lang='lat' dir='ltr'><strong>nec</strong></span> <span class='ocrx_word' id='word_1_132' title='bbox 3309 529 3566 588; x_wconf 84' lang='lat' dir='ltr'><strong>derivare</strong></span> <span class='ocrx_word' id='word_1_133' title='bbox 3612 517 3737 578; x_wconf 88' lang='lat' dir='ltr'><strong>cul-</strong></span> 
     </span>
    </p>
   </div>
   <div class='ocr_carea' id='block_1_20' title="bbox 2091 609 3745 695">
    <p class='ocr_par' dir='ltr' id='par_1_20' title="bbox 2091 609 3745 695">
     <span class='ocr_line' id='line_1_20' title="bbox 2091 609 3745 695; baseline -0.009 -17"><span class='ocrx_word' id='word_1_134' title='bbox 2091 635 2227 692; x_wconf 84' lang='lat' dir='ltr'><strong>pam</strong></span> <span class='ocrx_word' id='word_1_135' title='bbox 2260 620 2395 691; x_wconf 89' lang='lat'><strong>(65),</strong></span> <span class='ocrx_word' id='word_1_136' title='bbox 2430 619 2529 675; x_wconf 90' lang='lat' dir='ltr'><strong>sed</strong></span> <span class='ocrx_word' id='word_1_137' title='bbox 2564 637 2991 693; x_wconf 82' lang='lat' dir='ltr'><strong>recognoscere.</strong></span> <span class='ocrx_word' id='word_1_138' title='bbox 3017 622 3247 695; x_wconf 84' lang='lat' dir='ltr'><strong>Mitigat</strong></span> <span class='ocrx_word' id='word_1_139' title='bbox 3270 620 3529 692; x_wconf 88' lang='lat' dir='ltr'><strong>judicem</strong></span> <span class='ocrx_word' id='word_1_140' title='bbox 3553 609 3745 686; x_wconf 86' lang='lat' dir='ltr'><strong>pudor</strong></span> 
     </span>
    </p>
   </div>
   <div class='ocr_carea' id='block_1_21' title="bbox 2090 700 3740 783">
    <p class='ocr_par' dir='ltr' id='par_1_21' title="bbox 2090 700 3740 783">
     <span class='ocr_line' id='line_1_21' title="bbox 2090 700 3740 783; baseline 0 -22"><span class='ocrx_word' id='word_1_141' title='bbox 2090 722 2348 776; x_wconf 90' lang='lat' dir='ltr'><strong>reorum,</strong></span> <span class='ocrx_word' id='word_1_142' title='bbox 2407 708 2618 763; x_wconf 86' lang='lat' dir='ltr'><strong>excitat</strong></span> <span class='ocrx_word' id='word_1_143' title='bbox 2672 714 2867 765; x_wconf 87' lang='lat' dir='ltr'><strong>autem</strong></span> <span class='ocrx_word' id='word_1_144' title='bbox 2925 709 3246 783; x_wconf 83' lang='lat' dir='ltr'><strong>pertinacia</strong></span> <span class='ocrx_word' id='word_1_145' title='bbox 3302 700 3740 779; x_wconf 78' lang='lat' dir='ltr'><strong>denegantium-</strong></span> 
     </span>
    </p>
   </div>
   <div class='ocr_carea' id='block_1_22' title="bbox 2090 785 3749 870">
    <p class='ocr_par' dir='ltr' id='par_1_22' title="bbox 2090 785 3749 870">
     <span class='ocr_line' id='line_1_22' title="bbox 2090 785 3749 870; baseline -0.001 -20"><span class='ocrx_word' id='word_1_146' title='bbox 2090 794 2232 851; x_wconf 88' lang='lat' dir='ltr'><strong>Vult</strong></span> <span class='ocrx_word' id='word_1_147' title='bbox 2262 799 2317 850; x_wconf 89' lang='lat' dir='ltr'><strong>te</strong></span> <span class='ocrx_word' id='word_1_148' title='bbox 2348 812 2660 868; x_wconf 84' lang='lat' dir='ltr'><strong>provocare</strong></span> <span class='ocrx_word' id='word_1_149' title='bbox 2707 798 2777 853; x_wconf 89' lang='lat' dir='ltr'><strong>ad</strong></span> <span class='ocrx_word' id='word_1_150' title='bbox 2822 799 3223 870; x_wconf 75' lang='lat' dir='ltr'><strong>pmnitentiam</strong></span> <span class='ocrx_word' id='word_1_151' title='bbox 3254 798 3369 870; x_wconf 86' lang='lat'>(66)</span> <span class='ocrx_word' id='word_1_152' title='bbox 3400 797 3575 859; x_wconf 87' lang='lat' dir='ltr'><strong>Deus,</strong></span> <span class='ocrx_word' id='word_1_153' title='bbox 3619 785 3749 844; x_wconf 82' lang='lat' dir='ltr'><strong>vult</strong></span> 
     </span>
    </p>
   </div>
   <div class='ocr_carea' id='block_1_23' title="bbox 2093 882 3751 960">
    <p class='ocr_par' dir='ltr' id='par_1_23' title="bbox 2093 882 3751 960">
     <span class='ocr_line' id='line_1_23' title="bbox 2093 882 3751 960; baseline -0.003 -22"><span class='ocrx_word' id='word_1_154' title='bbox 2093 883 2163 939; x_wconf 92' lang='lat' dir='ltr'><strong>de</strong></span> <span class='ocrx_word' id='word_1_155' title='bbox 2193 900 2254 939; x_wconf 91' lang='lat' dir='ltr'><strong>se</strong></span> <span class='ocrx_word' id='word_1_156' title='bbox 2286 885 2508 957; x_wconf 88' lang='lat' dir='ltr'><strong>sperari</strong></span> <span class='ocrx_word' id='word_1_157' title='bbox 2542 885 2985 960; x_wconf 86' lang='lat' dir='ltr'><strong>indulgentiam,</strong></span> <span class='ocrx_word' id='word_1_158' title='bbox 3017 887 3145 943; x_wconf 90' lang='lat' dir='ltr'><strong>vult</strong></span> <span class='ocrx_word' id='word_1_159' title='bbox 3192 886 3600 942; x_wconf 87' lang='lat' dir='ltr'><strong>demonstrare</strong></span> <span class='ocrx_word' id='word_1_160' title='bbox 3644 882 3751 934; x_wconf 89' lang='lat' dir='ltr'><strong>tua</strong></span> 
     </span>
    </p>
   </div>
   <div class='ocr_carea' id='block_1_24' title="bbox 2093 967 3750 1046">
    <p class='ocr_par' dir='ltr' id='par_1_24' title="bbox 2093 967 3750 1046">
     <span class='ocr_line' id='line_1_24' title="bbox 2093 967 3750 1046; baseline -0.003 -18"><span class='ocrx_word' id='word_1_161' title='bbox 2093 972 2458 1029; x_wconf 76' lang='lat' dir='ltr'><strong>confessione</strong></span> <span class='ocrx_word' id='word_1_162' title='bbox 2490 976 2645 1046; x_wconf 90' lang='lat' dir='ltr'><strong>quod</strong></span> <span class='ocrx_word' id='word_1_163' title='bbox 2677 993 2793 1031; x_wconf 90' lang='lat' dir='ltr'><strong>non</strong></span> <span class='ocrx_word' id='word_1_164' title='bbox 2825 977 2903 1031; x_wconf 88' lang='lat' dir='ltr'><strong>sit</strong></span> <span class='ocrx_word' id='word_1_165' title='bbox 2931 980 3133 1032; x_wconf 86' lang='lat' dir='ltr'><strong>auctor</strong></span> <span class='ocrx_word' id='word_1_166' title='bbox 3163 974 3422 1032; x_wconf 75' lang='lat' dir='ltr'><strong>malitiae.</strong></span> <span class='ocrx_word' id='word_1_167' title='bbox 3455 972 3604 1026; x_wconf 90' lang='lat' dir='ltr'><strong>Nam</strong></span> <span class='ocrx_word' id='word_1_168' title='bbox 3644 967 3750 1040; x_wconf 90' lang='lat' dir='ltr'><strong>qui</strong></span> 
     </span>
    </p>
   </div>
   <div class='ocr_carea' id='block_1_25' title="bbox 2094 1057 3754 1137">
    <p class='ocr_par' dir='ltr' id='par_1_25' title="bbox 2094 1057 3754 1137">
     <span class='ocr_line' id='line_1_25' title="bbox 2094 1057 3754 1137; baseline -0.004 -18"><span class='ocrx_word' id='word_1_169' title='bbox 2094 1066 2399 1135; x_wconf 90' lang='lat' dir='ltr'><strong>peccatum</strong></span> <span class='ocrx_word' id='word_1_170' title='bbox 2427 1080 2599 1119; x_wconf 90' lang='lat' dir='ltr'><strong>suum</strong></span> <span class='ocrx_word' id='word_1_171' title='bbox 2635 1064 2705 1119; x_wconf 93' lang='lat' dir='ltr'><strong>ad</strong></span> <span class='ocrx_word' id='word_1_172' title='bbox 2739 1066 3055 1137; x_wconf 87' lang='lat' dir='ltr'><strong>quamdam</strong></span> <span class='ocrx_word' id='word_1_173' title='bbox 3097 1065 3379 1129; x_wconf 83' lang='lat' dir='ltr'><strong>referunt,</strong></span> <span class='ocrx_word' id='word_1_174' title='bbox 3417 1064 3483 1116; x_wconf 92' lang='lat' dir='ltr'><strong>ut</strong></span> <span class='ocrx_word' id='word_1_175' title='bbox 3502 1057 3754 1131; x_wconf 84' lang='lat' dir='ltr'><strong>gentiles</strong></span> 
     </span>
    </p>
   </div>
   <div class='ocr_carea' id='block_1_26' title="bbox 2094 1147 3753 1225">
    <p class='ocr_par' dir='ltr' id='par_1_26' title="bbox 2094 1147 3753 1225">
     <span class='ocr_line' id='line_1_26' title="bbox 2094 1147 3753 1225; baseline -0.002 -19"><span class='ocrx_word' id='word_1_176' title='bbox 2094 1156 2386 1219; x_wconf 87' lang='lat' dir='ltr'><strong>asserunt,</strong></span> <span class='ocrx_word' id='word_1_177' title='bbox 2419 1153 2633 1210; x_wconf 86' lang='lat' dir='ltr'><strong>decreti</strong></span> <span class='ocrx_word' id='word_1_178' title='bbox 2666 1160 2768 1209; x_wconf 87' lang='lat' dir='ltr'><strong>aut</strong></span> <span class='ocrx_word' id='word_1_179' title='bbox 2798 1155 2991 1225; x_wconf 85' lang='lat' dir='ltr'><strong>operis</strong></span> <span class='ocrx_word' id='word_1_180' title='bbox 3037 1155 3128 1210; x_wconf 91' lang='lat' dir='ltr'><strong>sui</strong></span> <span class='ocrx_word' id='word_1_181' title='bbox 3180 1149 3625 1213; x_wconf 86' lang='lat' dir='ltr'><strong>necessitatem,</strong></span> <span class='ocrx_word' id='word_1_182' title='bbox 3664 1147 3753 1203; x_wconf 91' lang='lat' dir='ltr'><strong>di-</strong></span> 
     </span>
    </p>
   </div>
   <div class='ocr_carea' id='block_1_27' title="bbox 2093 1237 3761 1317">
    <p class='ocr_par' dir='ltr' id='par_1_27' title="bbox 2093 1237 3761 1317">
     <span class='ocr_line' id='line_1_27' title="bbox 2093 1237 3761 1317; baseline 0.001 -22"><span class='ocrx_word' id='word_1_183' title='bbox 2093 1241 2227 1296; x_wconf 91' lang='lat' dir='ltr'><strong>vina</strong></span> <span class='ocrx_word' id='word_1_184' title='bbox 2271 1258 2513 1314; x_wconf 88' lang='lat' dir='ltr'><strong>arguere</strong></span> <span class='ocrx_word' id='word_1_185' title='bbox 2558 1244 2845 1311; x_wconf 90' lang='lat' dir='ltr'><strong>videntur,</strong></span> <span class='ocrx_word' id='word_1_186' title='bbox 2900 1244 3069 1316; x_wconf 87' lang='lat' dir='ltr'><strong>quasi</strong></span> <span class='ocrx_word' id='word_1_187' title='bbox 3119 1244 3389 1317; x_wconf 89' lang='lat' dir='ltr'><strong>ipsorum</strong></span> <span class='ocrx_word' id='word_1_188' title='bbox 3441 1237 3532 1294; x_wconf 89' lang='lat' dir='ltr'><strong>vis</strong></span> <span class='ocrx_word' id='word_1_189' title='bbox 3580 1254 3761 1296; x_wconf 87' lang='lat' dir='ltr'><strong>causa</strong></span> 
     </span>
    </p>
   </div>
   <div class='ocr_carea' id='block_1_28' title="bbox 2095 1331 3761 1401">
    <p class='ocr_par' dir='ltr' id='par_1_28' title="bbox 2095 1331 3761 1401">
     <span class='ocr_line' id='line_1_28' title="bbox 2095 1331 3761 1401; baseline 0.002 -17"><span class='ocrx_word' id='word_1_190' title='bbox 2095 1331 2311 1401; x_wconf 90' lang='lat' dir='ltr'><strong>peccati</strong></span> <span class='ocrx_word' id='word_1_191' title='bbox 2354 1332 2448 1387; x_wconf 88' lang='lat' dir='ltr'><strong>sit.</strong></span> <span class='ocrx_word' id='word_1_192' title='bbox 2502 1333 2610 1397; x_wconf 86' lang='lat' dir='ltr'><strong>Qui</strong></span> <span class='ocrx_word' id='word_1_193' title='bbox 2662 1333 2819 1388; x_wconf 89' lang='lat' dir='ltr'><strong>enim</strong></span> <span class='ocrx_word' id='word_1_194' title='bbox 2866 1334 3214 1389; x_wconf 86' lang='lat' dir='ltr'><strong>necessitate</strong></span> <span class='ocrx_word' id='word_1_195' title='bbox 3261 1331 3472 1401; x_wconf 87' lang='lat' dir='ltr'><strong>aliqua</strong></span> <span class='ocrx_word' id='word_1_196' title='bbox 3519 1331 3761 1387; x_wconf 88' lang='lat' dir='ltr'><strong>coactus</strong></span> 
     </span>
    </p>
   </div>
   <div class='ocr_carea' id='block_1_29' title="bbox 2095 1418 3767 1492">
    <p class='ocr_par' dir='ltr' id='par_1_29' title="bbox 2095 1418 3767 1492">
     <span class='ocr_line' id='line_1_29' title="bbox 2095 1418 3767 1492; baseline 0.004 -19"><span class='ocrx_word' id='word_1_197' title='bbox 2095 1418 2390 1487; x_wconf 89' lang='lat' dir='ltr'><strong>occiderit,</strong></span> <span class='ocrx_word' id='word_1_198' title='bbox 2422 1422 2589 1492; x_wconf 89' lang='lat' dir='ltr'><strong>quasi</strong></span> <span class='ocrx_word' id='word_1_199' title='bbox 2648 1422 2866 1477; x_wconf 67' lang='lat' dir='ltr'><strong>invitas</strong></span> <span class='ocrx_word' id='word_1_200' title='bbox 2923 1421 3150 1478; x_wconf 89' lang='lat' dir='ltr'><strong>occidit.</strong></span> <span class='ocrx_word' id='word_1_201' title='bbox 3197 1423 3280 1477; x_wconf 86' lang='lat' dir='ltr'><strong>Ea</strong></span> <span class='ocrx_word' id='word_1_202' title='bbox 3337 1433 3484 1474; x_wconf 84' lang='lat' dir='ltr'><strong>vero</strong></span> <span class='ocrx_word' id='word_1_203' title='bbox 3545 1433 3767 1488; x_wconf 70' lang='lat' dir='ltr'><strong>quase.</strong></span> 
     </span>
    </p>
   </div>
   <div class='ocr_carea' id='block_1_30' title="bbox 2095 1507 3765 1579">
    <p class='ocr_par' dir='ltr' id='par_1_30' title="bbox 2095 1507 3765 1579">
     <span class='ocr_line' id='line_1_30' title="bbox 2095 1507 3765 1579; baseline 0.003 -16"><span class='ocrx_word' id='word_1_204' title='bbox 2095 1507 2266 1563; x_wconf 89' lang='lat' dir='ltr'><strong>nobis</strong></span> <span class='ocrx_word' id='word_1_205' title='bbox 2295 1513 2453 1577; x_wconf 89' lang='lat' dir='ltr'><strong>sunt,</strong></span> <span class='ocrx_word' id='word_1_206' title='bbox 2475 1510 2908 1566; x_wconf 84' lang='lat' dir='ltr'><strong>excusationem</strong></span> <span class='ocrx_word' id='word_1_207' title='bbox 2940 1527 3055 1566; x_wconf 91' lang='lat' dir='ltr'><strong>non</strong></span> <span class='ocrx_word' id='word_1_208' title='bbox 3087 1510 3311 1566; x_wconf 89' lang='lat' dir='ltr'><strong>habent</strong></span> <span class='ocrx_word' id='word_1_209' title='bbox 3347 1526 3362 1565; x_wconf 89' lang='lat'><strong>:</strong></span> <span class='ocrx_word' id='word_1_210' title='bbox 3400 1523 3535 1579; x_wconf 86' lang='lat' dir='ltr'><strong>quae</strong></span> <span class='ocrx_word' id='word_1_211' title='bbox 3568 1515 3765 1568; x_wconf 86' lang='lat' dir='ltr'><strong>autem</strong></span> 
     </span>
    </p>
   </div>
   <div class='ocr_carea' id='block_1_31' title="bbox 2097 1596 3764 1669">
    <p class='ocr_par' dir='ltr' id='par_1_31' title="bbox 2097 1596 3764 1669">
     <span class='ocr_line' id='line_1_31' title="bbox 2097 1596 3764 1669; baseline 0.005 -18"><span class='ocrx_word' id='word_1_212' title='bbox 2097 1600 2305 1669; x_wconf 71' lang='lat' dir='ltr'><strong>praater</strong></span> <span class='ocrx_word' id='word_1_213' title='bbox 2362 1614 2468 1653; x_wconf 92' lang='lat' dir='ltr'><strong>nos</strong></span> <span class='ocrx_word' id='word_1_214' title='bbox 2522 1603 2681 1666; x_wconf 90' lang='lat' dir='ltr'><strong>sunt,</strong></span> <span class='ocrx_word' id='word_1_215' title='bbox 2740 1598 3098 1655; x_wconf 83' lang='lat' dir='ltr'><strong>excusabilia</strong></span> <span class='ocrx_word' id='word_1_216' title='bbox 3145 1604 3303 1655; x_wconf 91' lang='lat' dir='ltr'><strong>sunt.</strong></span> <span class='ocrx_word' id='word_1_217' title='bbox 3359 1596 3482 1653; x_wconf 88' lang='lat' dir='ltr'><strong>Sed</strong></span> <span class='ocrx_word' id='word_1_218' title='bbox 3544 1604 3764 1669; x_wconf 88' lang='lat' dir='ltr'><strong>quanto</strong></span> 
     </span>
    </p>
   </div>
   <div class='ocr_carea' id='block_1_32' title="bbox 2096 1684 3765 1761">
    <p class='ocr_par' dir='ltr' id='par_1_32' title="bbox 2096 1684 3765 1761">
     <span class='ocr_line' id='line_1_32' title="bbox 2096 1684 3765 1761; baseline 0.005 -22"><span class='ocrx_word' id='word_1_219' title='bbox 2096 1684 2333 1759; x_wconf 89' lang='lat' dir='ltr'><strong>gravius</strong></span> <span class='ocrx_word' id='word_1_220' title='bbox 2364 1691 2600 1759; x_wconf 90' lang='lat' dir='ltr'><strong>peccato</strong></span> <span class='ocrx_word' id='word_1_221' title='bbox 2632 1688 2760 1760; x_wconf 88' lang='lat' dir='ltr'><strong>ipso</strong></span> <span class='ocrx_word' id='word_1_222' title='bbox 2791 1689 2863 1743; x_wconf 89' lang='lat' dir='ltr'><strong>ad</strong></span> <span class='ocrx_word' id='word_1_223' title='bbox 2895 1690 3078 1744; x_wconf 90' lang='lat' dir='ltr'><strong>Deum</strong></span> <span class='ocrx_word' id='word_1_224' title='bbox 3105 1689 3320 1745; x_wconf 82' lang='lat' dir='ltr'><strong>referre</strong></span> <span class='ocrx_word' id='word_1_225' title='bbox 3343 1687 3513 1759; x_wconf 90' lang='lat' dir='ltr'><strong>quod</strong></span> <span class='ocrx_word' id='word_1_226' title='bbox 3539 1687 3765 1761; x_wconf 88' lang='lat' dir='ltr'><strong>feceris,</strong></span> 
     </span>
    </p>
   </div>
   <div class='ocr_carea' id='block_1_33' title="bbox 316 1776 3767 1877">
    <p class='ocr_par' dir='ltr' id='par_1_33' title="bbox 316 1776 3767 1877">
     <span class='ocr_line' id='line_1_33' title="bbox 316 1776 3767 1877; baseline -0.001 -37"><span class='ocrx_word' id='word_1_227' title='bbox 316 1781 578 1840; x_wconf 86' lang='lat' dir='ltr'><strong>ralitatis</strong></span> <span class='ocrx_word' id='word_1_228' title='bbox 610 1778 996 1837; x_wconf 87' lang='lat' dir='ltr'><strong>assuetudine</strong></span> <span class='ocrx_word' id='word_1_229' title='bbox 1026 1779 1322 1852; x_wconf 87' lang='lat' dir='ltr'><strong>genitalis,</strong></span> <span class='ocrx_word' id='word_1_230' title='bbox 1355 1795 1482 1851; x_wconf 65' lang='lat' dir='ltr'><strong>qum</strong></span> <span class='ocrx_word' id='word_1_231' title='bbox 1513 1777 1651 1835; x_wconf 88' lang='lat' dir='ltr'><strong>facit</strong></span> <span class='ocrx_word' id='word_1_232' title='bbox 1695 1776 1806 1835; x_wconf 91' lang='lat' dir='ltr'><strong>sibi</strong></span> <span class='ocrx_word' id='word_1_233' title='bbox 1836 1777 1989 1875; x_wconf 77' lang='lat' dir='ltr'><strong>fetus</strong></span> <span class='ocrx_word' id='word_1_234' title='bbox 2020 1812 2069 1877; x_wconf 80' lang='grc' dir='ltr'><strong>Β</strong></span> <span class='ocrx_word' id='word_1_235' title='bbox 2100 1778 2159 1830; x_wconf 88' lang='lat' dir='ltr'><strong>et</strong></span> <span class='ocrx_word' id='word_1_236' title='bbox 2204 1779 2402 1832; x_wconf 88' lang='lat' dir='ltr'><strong>reatus</strong></span> <span class='ocrx_word' id='word_1_237' title='bbox 2451 1776 2535 1832; x_wconf 90' lang='lat' dir='ltr'><strong>tui</strong></span> <span class='ocrx_word' id='word_1_238' title='bbox 2584 1776 2865 1832; x_wconf 88' lang='lat' dir='ltr'><strong>invidiam</strong></span> <span class='ocrx_word' id='word_1_239' title='bbox 2916 1778 3332 1833; x_wconf 80' lang='lat' dir='ltr'><strong>transfundere</strong></span> <span class='ocrx_word' id='word_1_240' title='bbox 3362 1777 3429 1831; x_wconf 91' lang='lat' dir='ltr'><strong>in</strong></span> <span class='ocrx_word' id='word_1_241' title='bbox 3462 1779 3767 1838; x_wconf 86' lang='lat' dir='ltr'><strong>auctorem</strong></span> 
     </span>
    </p>
   </div>
   <div class='ocr_carea' id='block_1_34' title="bbox 316 1864 3067 1941">
    <p class='ocr_par' dir='ltr' id='par_1_34' title="bbox 316 1864 3067 1941">
     <span class='ocr_line' id='line_1_34' title="bbox 316 1864 3067 1941; baseline -0.003 -12"><span class='ocrx_word' id='word_1_242' title='bbox 316 1877 380 1930; x_wconf 87' lang='lat' dir='ltr'><strong>et</strong></span> <span class='ocrx_word' id='word_1_243' title='bbox 411 1872 648 1928; x_wconf 88' lang='lat' dir='ltr'><strong>fructus</strong></span> <span class='ocrx_word' id='word_1_244' title='bbox 677 1867 875 1925; x_wconf 87' lang='lat' dir='ltr'><strong>varios</strong></span> <span class='ocrx_word' id='word_1_245' title='bbox 905 1868 1355 1941; x_wconf 88' lang='lat' dir='ltr'><strong>germinascere,</strong></span> <span class='ocrx_word' id='word_1_246' title='bbox 1384 1867 1444 1922; x_wconf 93' lang='lat' dir='ltr'><strong>in</strong></span> <span class='ocrx_word' id='word_1_247' title='bbox 1475 1867 1585 1923; x_wconf 92' lang='lat' dir='ltr'><strong>hoc</strong></span> <span class='ocrx_word' id='word_1_248' title='bbox 1617 1882 1851 1939; x_wconf 89' lang='lat' dir='ltr'><strong>quoque</strong></span> <span class='ocrx_word' id='word_1_249' title='bbox 1870 1864 1988 1921; x_wconf 90' lang='lat' dir='ltr'><strong>cri-</strong></span> <span class='ocrx_word' id='word_1_250' title='bbox 2020 1864 2067 1877; x_wconf 78' lang='grc'><strong>“’</strong></span> <span class='ocrx_word' id='word_1_251' title='bbox 2098 1880 2211 1919; x_wconf 89' lang='lat' dir='ltr'><strong>non</strong></span> <span class='ocrx_word' id='word_1_252' title='bbox 2246 1865 2534 1930; x_wconf 89' lang='lat' dir='ltr'><strong>criminis,</strong></span> <span class='ocrx_word' id='word_1_253' title='bbox 2569 1867 2669 1922; x_wconf 91' lang='lat' dir='ltr'><strong>sed</strong></span> <span class='ocrx_word' id='word_1_254' title='bbox 2703 1866 3067 1922; x_wconf 74' lang='lat' dir='ltr'><strong>innocentiae.</strong></span> 
     </span>
    </p>
   </div>
   <div class='ocr_carea' id='block_1_35' title="bbox 318 1954 1991 2031">
    <p class='ocr_par' dir='ltr' id='par_1_35' title="bbox 318 1954 1991 2031">
     <span class='ocr_line' id='line_1_35' title="bbox 318 1954 1991 2031; baseline -0.004 -14"><span class='ocrx_word' id='word_1_255' title='bbox 318 1958 508 2018; x_wconf 89' lang='lat' dir='ltr'><strong>minis</strong></span> <span class='ocrx_word' id='word_1_256' title='bbox 540 1962 834 2031; x_wconf 89' lang='lat' dir='ltr'><strong>apparatu</strong></span> <span class='ocrx_word' id='word_1_257' title='bbox 858 1955 948 2013; x_wconf 89' lang='lat' dir='ltr'><strong>vel</strong></span> <span class='ocrx_word' id='word_1_258' title='bbox 979 1959 1143 2012; x_wconf 88' lang='lat' dir='ltr'><strong>muta</strong></span> <span class='ocrx_word' id='word_1_259' title='bbox 1172 1955 1367 2028; x_wconf 88' lang='lat' dir='ltr'><strong>specie</strong></span> <span class='ocrx_word' id='word_1_260' title='bbox 1415 1955 1503 2012; x_wconf 90' lang='lat' dir='ltr'><strong>sui</strong></span> <span class='ocrx_word' id='word_1_261' title='bbox 1553 1954 1877 2011; x_wconf 84' lang='lat' dir='ltr'><strong>fraternum</strong></span> <span class='ocrx_word' id='word_1_262' title='bbox 1908 1970 1991 2010; x_wconf 91' lang='lat' dir='ltr'><strong>re-</strong></span> 
     </span>
    </p>
   </div>
   <div class='ocr_carea' id='block_1_36' title="bbox 315 2042 1965 2117">
    <p class='ocr_par' dir='ltr' id='par_1_36' title="bbox 315 2042 1965 2117">
     <span class='ocr_line' id='line_1_36' title="bbox 315 2042 1965 2117; baseline -0.006 -10"><span class='ocrx_word' id='word_1_263' title='bbox 315 2052 561 2107; x_wconf 85' lang='lat' dir='ltr'><strong>vocaret</strong></span> <span class='ocrx_word' id='word_1_264' title='bbox 590 2047 893 2103; x_wconf 79' lang='lat' dir='ltr'><strong>aﬁ&#39;ectum.</strong></span> <span class='ocrx_word' id='word_1_265' title='bbox 936 2044 1104 2101; x_wconf 91' lang='lat' dir='ltr'><strong>Latro</strong></span> <span class='ocrx_word' id='word_1_266' title='bbox 1152 2044 1309 2100; x_wconf 90' lang='lat' dir='ltr'><strong>diem</strong></span> <span class='ocrx_word' id='word_1_267' title='bbox 1353 2044 1569 2117; x_wconf 84' lang='lat' dir='ltr'><strong>refugit</strong></span> <span class='ocrx_word' id='word_1_268' title='bbox 1598 2042 1766 2115; x_wconf 90' lang='lat' dir='ltr'><strong>quasi</strong></span> <span class='ocrx_word' id='word_1_269' title='bbox 1799 2042 1965 2099; x_wconf 89' lang='lat' dir='ltr'><strong>crimi</strong></span> 
     </span>
    </p>
   </div>
   <div class='ocr_carea' id='block_1_37' title="bbox 317 2129 1990 2205">
    <p class='ocr_par' dir='ltr' id='par_1_37' title="bbox 317 2129 1990 2205">
     <span class='ocr_line' id='line_1_37' title="bbox 317 2129 1990 2205; baseline -0.007 -9"><span class='ocrx_word' id='word_1_270' title='bbox 317 2139 418 2196; x_wconf 89' lang='lat' dir='ltr'><strong>nis</strong></span> <span class='ocrx_word' id='word_1_271' title='bbox 445 2141 691 2203; x_wconf 83' lang='lat' dir='ltr'><strong>testem,</strong></span> <span class='ocrx_word' id='word_1_272' title='bbox 710 2133 904 2190; x_wconf 91' lang='lat' dir='ltr'><strong>lucem</strong></span> <span class='ocrx_word' id='word_1_273' title='bbox 939 2132 1168 2190; x_wconf 87' lang='lat' dir='ltr'><strong>adulter</strong></span> <span class='ocrx_word' id='word_1_274' title='bbox 1197 2133 1491 2190; x_wconf 89' lang='lat' dir='ltr'><strong>erubescit</strong></span> <span class='ocrx_word' id='word_1_275' title='bbox 1520 2130 1689 2205; x_wconf 90' lang='lat' dir='ltr'><strong>quasi</strong></span> <span class='ocrx_word' id='word_1_276' title='bbox 1719 2129 1990 2187; x_wconf 89' lang='lat' dir='ltr'><strong>adulterii</strong></span> 
     </span>
    </p>
   </div>
   <div class='ocr_carea' id='block_1_38' title="bbox 316 2219 1990 2296">
    <p class='ocr_par' dir='ltr' id='par_1_38' title="bbox 316 2219 1990 2296">
     <span class='ocr_line' id='line_1_38' title="bbox 316 2219 1990 2296; baseline -0.007 -10"><span class='ocrx_word' id='word_1_277' title='bbox 316 2226 653 2290; x_wconf 86' lang='lat' dir='ltr'><strong>consciam,</strong></span> <span class='ocrx_word' id='word_1_278' title='bbox 685 2221 985 2296; x_wconf 87' lang='lat' dir='ltr'><strong>parricida</strong></span> <span class='ocrx_word' id='word_1_279' title='bbox 1033 2225 1326 2279; x_wconf 88' lang='lat' dir='ltr'><strong>terrarum</strong></span> <span class='ocrx_word' id='word_1_280' title='bbox 1375 2221 1791 2278; x_wconf 82' lang='lat' dir='ltr'><strong>fecunditatem</strong></span> <span class='ocrx_word' id='word_1_281' title='bbox 1821 2219 1990 2292; x_wconf 80' lang='lat' dir='ltr'><strong>fugit.</strong></span> 
     </span>
    </p>
   </div>
   <div class='ocr_carea' id='block_1_39' title="bbox 317 2309 1994 2384">
    <p class='ocr_par' dir='ltr' id='par_1_39' title="bbox 317 2309 1994 2384">
     <span class='ocr_line' id='line_1_39' title="bbox 317 2309 1994 2384; baseline -0.005 -11"><span class='ocrx_word' id='word_1_282' title='bbox 317 2314 636 2384; x_wconf 84' lang='lat' dir='ltr'><strong>Quomodo</strong></span> <span class='ocrx_word' id='word_1_283' title='bbox 685 2310 847 2368; x_wconf 92' lang='lat' dir='ltr'><strong>enim</strong></span> <span class='ocrx_word' id='word_1_284' title='bbox 907 2314 1136 2383; x_wconf 89' lang='lat' dir='ltr'><strong>poterat</strong></span> <span class='ocrx_word' id='word_1_285' title='bbox 1190 2311 1526 2367; x_wconf 89' lang='lat' dir='ltr'><strong>communis</strong></span> <span class='ocrx_word' id='word_1_286' title='bbox 1556 2313 1759 2383; x_wconf 89' lang='lat' dir='ltr'><strong>partus</strong></span> <span class='ocrx_word' id='word_1_287' title='bbox 1801 2309 1994 2364; x_wconf 89' lang='lat' dir='ltr'><strong>videre</strong></span> 
     </span>
    </p>
   </div>
   <div class='ocr_carea' id='block_1_40' title="bbox 316 2395 1995 2474">
    <p class='ocr_par' dir='ltr' id='par_1_40' title="bbox 316 2395 1995 2474">
     <span class='ocr_line' id='line_1_40' title="bbox 316 2395 1995 2474; baseline -0.007 -11"><span class='ocrx_word' id='word_1_288' title='bbox 316 2403 649 2470; x_wconf 86' lang='lat' dir='ltr'><strong>consortia,</strong></span> <span class='ocrx_word' id='word_1_289' title='bbox 674 2399 778 2474; x_wconf 88' lang='lat' dir='ltr'><strong>qui</strong></span> <span class='ocrx_word' id='word_1_290' title='bbox 810 2402 1144 2456; x_wconf 87' lang='lat' dir='ltr'><strong>consortem</strong></span> <span class='ocrx_word' id='word_1_291' title='bbox 1175 2398 1270 2455; x_wconf 88' lang='lat' dir='ltr'><strong>sui</strong></span> <span class='ocrx_word' id='word_1_292' title='bbox 1301 2398 1607 2471; x_wconf 88' lang='lat' dir='ltr'><strong>sanguinis</strong></span> <span class='ocrx_word' id='word_1_293' title='bbox 1636 2395 1995 2453; x_wconf 86' lang='lat' dir='ltr'><strong>trucidabat?</strong></span> 
     </span>
    </p>
   </div>
   <div class='ocr_carea' id='block_1_41' title="bbox 314 2484 1996 2566">
    <p class='ocr_par' dir='ltr' id='par_1_41' title="bbox 314 2484 1996 2566">
     <span class='ocr_line' id='line_1_41' title="bbox 314 2484 1996 2566; baseline -0.007 -15"><span class='ocrx_word' id='word_1_294' title='bbox 314 2492 546 2566; x_wconf 82' lang='lat' dir='ltr'><strong>Joseph</strong></span> <span class='ocrx_word' id='word_1_295' title='bbox 596 2490 660 2546; x_wconf 91' lang='lat' dir='ltr'><strong>in</strong></span> <span class='ocrx_word' id='word_1_296' title='bbox 715 2489 915 2544; x_wconf 89' lang='lat' dir='ltr'><strong>lacum</strong></span> <span class='ocrx_word' id='word_1_297' title='bbox 963 2486 1220 2544; x_wconf 88' lang='lat' dir='ltr'><strong>mittitur</strong></span> <span class='ocrx_word' id='word_1_298' title='bbox 1266 2486 1510 2555; x_wconf 88' lang='lat' dir='ltr'><strong>siccum,</strong></span> <span class='ocrx_word' id='word_1_299' title='bbox 1569 2487 1778 2542; x_wconf 88' lang='lat' dir='ltr'><strong>Annon</strong></span> <span class='ocrx_word' id='word_1_300' title='bbox 1840 2484 1996 2540; x_wconf 87' lang='lat' dir='ltr'><strong>intra</strong></span> 
     </span>
    </p>
   </div>
   <div class='ocr_carea' id='block_1_42' title="bbox 315 2573 1998 2648">
    <p class='ocr_par' dir='ltr' id='par_1_42' title="bbox 315 2573 1998 2648">
     <span class='ocr_line' id='line_1_42' title="bbox 315 2573 1998 2648; baseline -0.009 -5"><span class='ocrx_word' id='word_1_301' title='bbox 315 2586 573 2643; x_wconf 90' lang='lat' dir='ltr'><strong>domum</strong></span> <span class='ocrx_word' id='word_1_302' title='bbox 610 2578 923 2636; x_wconf 89' lang='lat' dir='ltr'><strong>occiditur.</strong></span> <span class='ocrx_word' id='word_1_303' title='bbox 954 2576 1195 2632; x_wconf 86' lang='lat' dir='ltr'><strong>Justum</strong></span> <span class='ocrx_word' id='word_1_304' title='bbox 1229 2575 1411 2648; x_wconf 89' lang='lat' dir='ltr'><strong>igitur</strong></span> <span class='ocrx_word' id='word_1_305' title='bbox 1440 2578 1651 2631; x_wconf 88' lang='lat' dir='ltr'><strong>natura</strong></span> <span class='ocrx_word' id='word_1_306' title='bbox 1679 2577 1769 2630; x_wconf 91' lang='lat' dir='ltr'><strong>est</strong></span> <span class='ocrx_word' id='word_1_307' title='bbox 1786 2573 1998 2646; x_wconf 84' lang='lat' dir='ltr'><strong>imper-</strong></span> 
     </span>
    </p>
   </div>
   <div class='ocr_carea' id='block_1_43' title="bbox 314 2662 1992 2744">
    <p class='ocr_par' dir='ltr' id='par_1_43' title="bbox 314 2662 1992 2744">
     <span class='ocr_line' id='line_1_43' title="bbox 314 2662 1992 2744; baseline -0.008 -14"><span class='ocrx_word' id='word_1_308' title='bbox 314 2674 434 2731; x_wconf 81' lang='lat' dir='ltr'><strong>tita</strong></span> <span class='ocrx_word' id='word_1_309' title='bbox 455 2669 785 2744; x_wconf 85' lang='lat' dir='ltr'><strong>judicium,</strong></span> <span class='ocrx_word' id='word_1_310' title='bbox 813 2681 884 2722; x_wconf 89' lang='lat' dir='ltr'><strong>ea</strong></span> <span class='ocrx_word' id='word_1_311' title='bbox 911 2664 1040 2721; x_wconf 91' lang='lat' dir='ltr'><strong>loca</strong></span> <span class='ocrx_word' id='word_1_312' title='bbox 1067 2665 1127 2720; x_wconf 91' lang='lat' dir='ltr'><strong>in</strong></span> <span class='ocrx_word' id='word_1_313' title='bbox 1160 2662 1380 2736; x_wconf 86' lang='lat' dir='ltr'><strong>quibus</strong></span> <span class='ocrx_word' id='word_1_314' title='bbox 1410 2668 1534 2720; x_wconf 91' lang='lat' dir='ltr'><strong>erat</strong></span> <span class='ocrx_word' id='word_1_315' title='bbox 1565 2663 1828 2719; x_wconf 90' lang='lat' dir='ltr'><strong>futurum</strong></span> <span class='ocrx_word' id='word_1_316' title='bbox 1860 2679 1992 2734; x_wconf 91' lang='lat' dir='ltr'><strong>par-</strong></span> 
     </span>
    </p>
   </div>
   <div class='ocr_carea' id='block_1_44' title="bbox 316 2749 1993 2826">
    <p class='ocr_par' dir='ltr' id='par_1_44' title="bbox 316 2749 1993 2826">
     <span class='ocr_line' id='line_1_44' title="bbox 316 2749 1993 2826; baseline -0.009 -6"><span class='ocrx_word' id='word_1_317' title='bbox 316 2760 632 2826; x_wconf 87' lang='lat' dir='ltr'><strong>ricidium,</strong></span> <span class='ocrx_word' id='word_1_318' title='bbox 666 2755 935 2813; x_wconf 90' lang='lat' dir='ltr'><strong>muneris</strong></span> <span class='ocrx_word' id='word_1_319' title='bbox 967 2753 1058 2810; x_wconf 89' lang='lat' dir='ltr'><strong>sui</strong></span> <span class='ocrx_word' id='word_1_320' title='bbox 1084 2754 1219 2809; x_wconf 91' lang='lat' dir='ltr'><strong>dote</strong></span> <span class='ocrx_word' id='word_1_321' title='bbox 1247 2751 1528 2826; x_wconf 91' lang='lat' dir='ltr'><strong>privando</strong></span> <span class='ocrx_word' id='word_1_322' title='bbox 1563 2770 1576 2808; x_wconf 91' lang='lat'>:</span> <span class='ocrx_word' id='word_1_323' title='bbox 1610 2756 1675 2807; x_wconf 90' lang='lat' dir='ltr'><strong>ut</strong></span> <span class='ocrx_word' id='word_1_324' title='bbox 1714 2768 1783 2807; x_wconf 84' lang='lat' dir='ltr'><strong>ex</strong></span> <span class='ocrx_word' id='word_1_325' title='bbox 1825 2749 1993 2806; x_wconf 91' lang='lat' dir='ltr'><strong>inno-</strong></span> 
     </span>
    </p>
   </div>
   <div class='ocr_carea' id='block_1_45' title="bbox 317 2841 1997 2918">
    <p class='ocr_par' dir='ltr' id='par_1_45' title="bbox 317 2841 1997 2918">
     <span class='ocr_line' id='line_1_45' title="bbox 317 2841 1997 2918; baseline -0.008 -8"><span class='ocrx_word' id='word_1_326' title='bbox 317 2850 516 2911; x_wconf 85' lang='lat' dir='ltr'><strong>centis</strong></span> <span class='ocrx_word' id='word_1_327' title='bbox 547 2845 660 2905; x_wconf 86' lang='lat' dir='ltr'><strong>soli</strong></span> <span class='ocrx_word' id='word_1_328' title='bbox 693 2844 952 2918; x_wconf 90' lang='lat' dir='ltr'><strong>quadam</strong></span> <span class='ocrx_word' id='word_1_329' title='bbox 984 2842 1362 2918; x_wconf 84' lang='lat' dir='ltr'><strong>damnatione</strong></span> <span class='ocrx_word' id='word_1_330' title='bbox 1400 2841 1730 2898; x_wconf 89' lang='lat' dir='ltr'><strong>ostenderet</strong></span> <span class='ocrx_word' id='word_1_331' title='bbox 1775 2843 1997 2912; x_wconf 88' lang='lat' dir='ltr'><strong>quanta</strong></span> 
     </span>
    </p>
   </div>
   <div class='ocr_carea' id='block_1_46' title="bbox 317 2915 1996 3005">
    <p class='ocr_par' dir='ltr' id='par_1_46' title="bbox 317 2915 1996 3005">
     <span class='ocr_line' id='line_1_46' title="bbox 317 2915 1996 3005; baseline -0.01 -5"><span class='ocrx_word' id='word_1_332' title='bbox 317 2942 535 3000; x_wconf 76' lang='lat' dir='ltr'><strong>essent</strong></span> <span class='ocrx_word' id='word_1_333' title='bbox 591 2915 799 2992; x_wconf 77' lang='lat' dir='ltr'><strong>futura</strong></span> <span class='ocrx_word' id='word_1_334' title='bbox 856 2915 1149 3005; x_wconf 74' lang='lat' dir='ltr'><strong>supplicia</strong></span> <span class='ocrx_word' id='word_1_335' title='bbox 1213 2930 1521 2987; x_wconf 83' lang='lat' dir='ltr'><strong>noxiorum</strong></span> <span class='ocrx_word' id='word_1_336' title='bbox 1569 2931 1703 3002; x_wconf 88' lang='grc'><strong>(63).</strong></span> <span class='ocrx_word' id='word_1_337' title='bbox 1756 2930 1996 3001; x_wconf 90' lang='lat' dir='ltr'><strong>Propter</strong></span> 
     </span>
    </p>
   </div>
   <div class='ocr_carea' id='block_1_47' title="bbox 320 3018 1994 3099">
    <p class='ocr_par' dir='ltr' id='par_1_47' title="bbox 320 3018 1994 3099">
     <span class='ocr_line' id='line_1_47' title="bbox 320 3018 1994 3099; baseline -0.01 -12"><span class='ocrx_word' id='word_1_338' title='bbox 320 3029 529 3088; x_wconf 86' lang='lat' dir='ltr'><strong>scelus</strong></span> <span class='ocrx_word' id='word_1_339' title='bbox 560 3024 746 3099; x_wconf 87' lang='lat' dir='ltr'><strong>igitur</strong></span> <span class='ocrx_word' id='word_1_340' title='bbox 775 3021 1088 3079; x_wconf 86' lang='lat' dir='ltr'><strong>hominum</strong></span> <span class='ocrx_word' id='word_1_341' title='bbox 1137 3023 1196 3076; x_wconf 92' lang='lat' dir='ltr'><strong>et</strong></span> <span class='ocrx_word' id='word_1_342' title='bbox 1231 3019 1362 3091; x_wconf 88' lang='lat' dir='ltr'><strong>ipsa</strong></span> <span class='ocrx_word' id='word_1_343' title='bbox 1389 3018 1676 3074; x_wconf 89' lang='lat' dir='ltr'><strong>elementa</strong></span> <span class='ocrx_word' id='word_1_344' title='bbox 1702 3018 1994 3073; x_wconf 89' lang='lat' dir='ltr'><strong>damnan-</strong></span> 
     </span>
    </p>
   </div>
   <div class='ocr_carea' id='block_1_48' title="bbox 320 3105 1993 3183">
    <p class='ocr_par' dir='ltr' id='par_1_48' title="bbox 320 3105 1993 3183">
     <span class='ocr_line' id='line_1_48' title="bbox 320 3105 1993 3183; baseline -0.008 -9"><span class='ocrx_word' id='word_1_345' title='bbox 320 3123 449 3174; x_wconf 83' lang='lat' dir='ltr'><strong>tur.</strong></span> <span class='ocrx_word' id='word_1_346' title='bbox 486 3112 752 3183; x_wconf 87' lang='lat' dir='ltr'><strong>Denique</strong></span> <span class='ocrx_word' id='word_1_347' title='bbox 781 3108 958 3165; x_wconf 88' lang='lat' dir='ltr'><strong>David</strong></span> <span class='ocrx_word' id='word_1_348' title='bbox 994 3106 1294 3164; x_wconf 90' lang='lat' dir='ltr'><strong>montibus</strong></span> <span class='ocrx_word' id='word_1_349' title='bbox 1338 3106 1399 3161; x_wconf 91' lang='lat' dir='ltr'><strong>in</strong></span> <span class='ocrx_word' id='word_1_350' title='bbox 1449 3107 1666 3179; x_wconf 88' lang='lat' dir='ltr'><strong>quibus</strong></span> <span class='ocrx_word' id='word_1_351' title='bbox 1711 3105 1993 3162; x_wconf 89' lang='lat' dir='ltr'><strong>Jonathas</strong></span> 
     </span>
    </p>
   </div>
   <div class='ocr_carea' id='block_1_49' title="bbox 2166 1953 3765 2028">
    <p class='ocr_par' dir='ltr' id='par_1_49' title="bbox 2166 1953 3765 2028">
     <span class='ocr_line' id='line_1_49' title="bbox 2166 1953 3765 2028; baseline 0.004 -20"><span class='ocrx_word' id='word_1_352' title='bbox 2166 1953 2255 2007; x_wconf 86' lang='lat'><strong>28.</strong></span> <span class='ocrx_word' id='word_1_353' title='bbox 2315 1953 2611 2026; x_wconf 89' lang='lat' dir='ltr'><strong>Perpende</strong></span> <span class='ocrx_word' id='word_1_354' title='bbox 2677 1958 2871 2010; x_wconf 90' lang='lat' dir='ltr'><strong>autem</strong></span> <span class='ocrx_word' id='word_1_355' title='bbox 2926 1954 3228 2026; x_wconf 66' lang='lat' dir='ltr'><strong>parricidas</strong></span> <span class='ocrx_word' id='word_1_356' title='bbox 3259 1955 3765 2028; x_wconf 87' lang='lat' dir='ltr'><strong>responsionem:</strong></span> 
     </span>
    </p>
   </div>
   <div class='ocr_carea' id='block_1_50' title="bbox 2098 2041 3766 2118">
    <p class='ocr_par' dir='ltr' id='par_1_50' title="bbox 2098 2041 3766 2118">
     <span class='ocr_line' id='line_1_50' title="bbox 2098 2041 3766 2118; baseline 0.005 -22"><span class='ocrx_word' id='word_1_357' title='bbox 2098 2042 2304 2111; x_wconf 85' lang='lat' dir='ltr'><strong>Nescio,</strong></span> <span class='ocrx_word' id='word_1_358' title='bbox 2338 2041 2551 2114; x_wconf 91' lang='lat' dir='ltr'><strong>inquit,</strong></span> <span class='ocrx_word' id='word_1_359' title='bbox 2583 2043 2852 2114; x_wconf 84' lang='lat' dir='ltr'><strong>numquid</strong></span> <span class='ocrx_word' id='word_1_360' title='bbox 2889 2052 3064 2100; x_wconf 86' lang='lat' dir='ltr'><strong>custos</strong></span> <span class='ocrx_word' id='word_1_361' title='bbox 3090 2046 3287 2115; x_wconf 76' lang='lat' dir='ltr'><strong>fratris</strong></span> <span class='ocrx_word' id='word_1_362' title='bbox 3332 2047 3450 2101; x_wconf 87' lang='lat' dir='ltr'><strong>mei</strong></span> <span class='ocrx_word' id='word_1_363' title='bbox 3496 2061 3594 2118; x_wconf 85' lang='lat' dir='ltr'><strong>ego</strong></span> <span class='ocrx_word' id='word_1_364' title='bbox 3642 2065 3766 2105; x_wconf 88' lang='lat' dir='ltr'><strong>sum</strong></span> 
     </span>
    </p>
   </div>
   <div class='ocr_carea' id='block_1_51' title="bbox 2101 2129 3760 2206">
    <p class='ocr_par' dir='ltr' id='par_1_51' title="bbox 2101 2129 3760 2206">
     <span class='ocr_line' id='line_1_51' title="bbox 2101 2129 3760 2206; baseline 0.005 -20"><span class='ocrx_word' id='word_1_365' title='bbox 2101 2129 2256 2201; x_wconf 84' lang='lat' dir='ltr'><strong>(Gen.</strong></span> <span class='ocrx_word' id='word_1_366' title='bbox 2290 2148 2367 2197; x_wconf 84' lang='lat' dir='ltr'><strong>IV,</strong></span> <span class='ocrx_word' id='word_1_367' title='bbox 2397 2132 2495 2204; x_wconf 86' lang='lat'>9)?</span> <span class='ocrx_word' id='word_1_368' title='bbox 2525 2130 2644 2187; x_wconf 89' lang='lat' dir='ltr'><strong>Etsi</strong></span> <span class='ocrx_word' id='word_1_369' title='bbox 2694 2133 3126 2188; x_wconf 89' lang='lat' dir='ltr'><strong>contumaciam</strong></span> <span class='ocrx_word' id='word_1_370' title='bbox 3166 2134 3380 2205; x_wconf 88' lang='lat' dir='ltr'><strong>prodat</strong></span> <span class='ocrx_word' id='word_1_371' title='bbox 3410 2134 3511 2190; x_wconf 91' lang='lat' dir='ltr'><strong>hic</strong></span> <span class='ocrx_word' id='word_1_372' title='bbox 3542 2152 3760 2206; x_wconf 88' lang='lat' dir='ltr'><strong>sermo,</strong></span> 
     </span>
    </p>
   </div>
   <div class='ocr_carea' id='block_1_52' title="bbox 2102 2218 3760 2295">
    <p class='ocr_par' dir='ltr' id='par_1_52' title="bbox 2102 2218 3760 2295">
     <span class='ocr_line' id='line_1_52' title="bbox 2102 2218 3760 2295; baseline 0.005 -21"><span class='ocrx_word' id='word_1_373' title='bbox 2102 2223 2275 2275; x_wconf 91' lang='lat' dir='ltr'><strong>sonat</strong></span> <span class='ocrx_word' id='word_1_374' title='bbox 2301 2222 2496 2276; x_wconf 89' lang='lat' dir='ltr'><strong>tamen</strong></span> <span class='ocrx_word' id='word_1_375' title='bbox 2529 2219 2668 2293; x_wconf 91' lang='lat' dir='ltr'><strong>quia</strong></span> <span class='ocrx_word' id='word_1_376' title='bbox 2692 2218 2740 2275; x_wconf 92' lang='lat' dir='ltr'><strong>si</strong></span> <span class='ocrx_word' id='word_1_377' title='bbox 2772 2221 2992 2276; x_wconf 90' lang='lat' dir='ltr'><strong>bonum</strong></span> <span class='ocrx_word' id='word_1_378' title='bbox 3026 2221 3264 2277; x_wconf 85' lang='lat' dir='ltr'><strong>fratrem</strong></span> <span class='ocrx_word' id='word_1_379' title='bbox 3295 2224 3760 2295; x_wconf 86' lang='lat' dir='ltr'><strong>considerasset,</strong></span> 
     </span>
    </p>
   </div>
   <div class='ocr_carea' id='block_1_53' title="bbox 2103 2309 3761 2389">
    <p class='ocr_par' dir='ltr' id='par_1_53' title="bbox 2103 2309 3761 2389">
     <span class='ocr_line' id='line_1_53' title="bbox 2103 2309 3761 2389; baseline 0.005 -26"><span class='ocrx_word' id='word_1_380' title='bbox 2103 2314 2301 2364; x_wconf 91' lang='lat' dir='ltr'><strong>custos</strong></span> <span class='ocrx_word' id='word_1_381' title='bbox 2359 2309 2562 2365; x_wconf 89' lang='lat' dir='ltr'><strong>debuit</strong></span> <span class='ocrx_word' id='word_1_382' title='bbox 2608 2326 2735 2365; x_wconf 89' lang='lat' dir='ltr'><strong>esse</strong></span> <span class='ocrx_word' id='word_1_383' title='bbox 2785 2309 3039 2380; x_wconf 90' lang='lat' dir='ltr'><strong>pietatis.</strong></span> <span class='ocrx_word' id='word_1_384' title='bbox 3083 2311 3266 2375; x_wconf 88' lang='lat' dir='ltr'><strong>Quem</strong></span> <span class='ocrx_word' id='word_1_385' title='bbox 3324 2311 3488 2369; x_wconf 90' lang='lat' dir='ltr'><strong>enim</strong></span> <span class='ocrx_word' id='word_1_386' title='bbox 3548 2316 3761 2389; x_wconf 88' lang='lat' dir='ltr'><strong>magis,</strong></span> 
     </span>
    </p>
   </div>
   <div class='ocr_carea' id='block_1_54' title="bbox 2103 2398 3761 2474">
    <p class='ocr_par' dir='ltr' id='par_1_54' title="bbox 2103 2398 3761 2474">
     <span class='ocr_line' id='line_1_54' title="bbox 2103 2398 3761 2474; baseline 0.007 -24"><span class='ocrx_word' id='word_1_387' title='bbox 2103 2414 2281 2469; x_wconf 87' lang='lat' dir='ltr'><strong>quam</strong></span> <span class='ocrx_word' id='word_1_388' title='bbox 2337 2398 2574 2453; x_wconf 87' lang='lat' dir='ltr'><strong>fratrem</strong></span> <span class='ocrx_word' id='word_1_389' title='bbox 2633 2414 2866 2454; x_wconf 87' lang='lat' dir='ltr'><strong>servare</strong></span> <span class='ocrx_word' id='word_1_390' title='bbox 2921 2398 3245 2455; x_wconf 83' lang='lat' dir='ltr'><strong>debuerat?</strong></span> <span class='ocrx_word' id='word_1_391' title='bbox 3290 2402 3404 2457; x_wconf 83' lang='lat' dir='ltr'><strong>Sed</strong></span> <span class='ocrx_word' id='word_1_392' title='bbox 3463 2406 3761 2474; x_wconf 90' lang='lat' dir='ltr'><strong>quomodo</strong></span> 
     </span>
    </p>
   </div>
   <div class='ocr_carea' id='block_1_55' title="bbox 2101 2485 3761 2560">
    <p class='ocr_par' dir='ltr' id='par_1_55' title="bbox 2101 2485 3761 2560">
     <span class='ocr_line' id='line_1_55' title="bbox 2101 2485 3761 2560; baseline 0.006 -20"><span class='ocrx_word' id='word_1_393' title='bbox 2101 2485 2510 2559; x_wconf 87' lang='lat' dir='ltr'><strong>germanitatis</strong></span> <span class='ocrx_word' id='word_1_394' title='bbox 2541 2490 2798 2542; x_wconf 87' lang='lat' dir='ltr'><strong>servaret</strong></span> <span class='ocrx_word' id='word_1_395' title='bbox 2843 2487 3123 2556; x_wconf 85' lang='lat' dir='ltr'><strong>ofﬁcium,</strong></span> <span class='ocrx_word' id='word_1_396' title='bbox 3158 2489 3255 2560; x_wconf 91' lang='lat' dir='ltr'><strong>qui</strong></span> <span class='ocrx_word' id='word_1_397' title='bbox 3303 2492 3761 2551; x_wconf 84' lang='lat' dir='ltr'><strong>necessitudinis</strong></span> 
     </span>
    </p>
   </div>
   <div class='ocr_carea' id='block_1_56' title="bbox 2103 2574 3759 2651">
    <p class='ocr_par' dir='ltr' id='par_1_56' title="bbox 2103 2574 3759 2651">
     <span class='ocr_line' id='line_1_56' title="bbox 2103 2574 3759 2651; baseline 0.005 -22"><span class='ocrx_word' id='word_1_398' title='bbox 2103 2591 2217 2629; x_wconf 89' lang='lat' dir='ltr'><strong>non</strong></span> <span class='ocrx_word' id='word_1_399' title='bbox 2271 2574 2607 2647; x_wconf 87' lang='lat' dir='ltr'><strong>agnovisset</strong></span> <span class='ocrx_word' id='word_1_400' title='bbox 2654 2575 2923 2632; x_wconf 77' lang='lat' dir='ltr'><strong>affectum</strong></span> <span class='ocrx_word' id='word_1_401' title='bbox 2955 2577 3118 2649; x_wconf 83' lang='lat'><strong>(67)?</strong></span> <span class='ocrx_word' id='word_1_402' title='bbox 3159 2580 3275 2634; x_wconf 88' lang='lat' dir='ltr'><strong>Aut</strong></span> <span class='ocrx_word' id='word_1_403' title='bbox 3305 2582 3602 2651; x_wconf 90' lang='lat' dir='ltr'><strong>quomodo</strong></span> <span class='ocrx_word' id='word_1_404' title='bbox 3634 2582 3759 2638; x_wconf 82' lang='lat' dir='ltr'><strong>fieri</strong></span> 
     </span>
    </p>
   </div>
   <div class='ocr_carea' id='block_1_57' title="bbox 2104 2665 3756 2742">
    <p class='ocr_par' dir='ltr' id='par_1_57' title="bbox 2104 2665 3756 2742">
     <span class='ocr_line' id='line_1_57' title="bbox 2104 2665 3756 2742; baseline 0.005 -24"><span class='ocrx_word' id='word_1_405' title='bbox 2104 2666 2319 2735; x_wconf 89' lang='lat' dir='ltr'><strong>posset,</strong></span> <span class='ocrx_word' id='word_1_406' title='bbox 2350 2668 2415 2719; x_wconf 90' lang='lat' dir='ltr'><strong>ut</strong></span> <span class='ocrx_word' id='word_1_407' title='bbox 2455 2668 2679 2720; x_wconf 63' lang='lat' dir='ltr'><strong>naturae</strong></span> <span class='ocrx_word' id='word_1_408' title='bbox 2720 2665 3113 2722; x_wconf 88' lang='lat' dir='ltr'><strong>obedientiam</strong></span> <span class='ocrx_word' id='word_1_409' title='bbox 3161 2667 3433 2735; x_wconf 81' lang='lat' dir='ltr'><strong>deferret,</strong></span> <span class='ocrx_word' id='word_1_410' title='bbox 3490 2669 3590 2742; x_wconf 91' lang='lat' dir='ltr'><strong>qui</strong></span> <span class='ocrx_word' id='word_1_411' title='bbox 3639 2670 3756 2726; x_wconf 91' lang='lat' dir='ltr'><strong>Deo</strong></span> 
     </span>
    </p>
   </div>
   <div class='ocr_carea' id='block_1_58' title="bbox 2101 2753 3752 2832">
    <p class='ocr_par' dir='ltr' id='par_1_58' title="bbox 2101 2753 3752 2832">
     <span class='ocr_line' id='line_1_58' title="bbox 2101 2753 3752 2832; baseline 0.004 -25"><span class='ocrx_word' id='word_1_412' title='bbox 2101 2753 2483 2809; x_wconf 88' lang='lat' dir='ltr'><strong>reverentiam</strong></span> <span class='ocrx_word' id='word_1_413' title='bbox 2518 2769 2636 2807; x_wconf 90' lang='lat' dir='ltr'><strong>non</strong></span> <span class='ocrx_word' id='word_1_414' title='bbox 2668 2754 3000 2811; x_wconf 85' lang='lat' dir='ltr'><strong>exhiberet?</strong></span> <span class='ocrx_word' id='word_1_415' title='bbox 3040 2756 3226 2828; x_wconf 88' lang='lat' dir='ltr'><strong>Negat</strong></span> <span class='ocrx_word' id='word_1_416' title='bbox 3272 2757 3531 2829; x_wconf 91' lang='lat' dir='ltr'><strong>primum</strong></span> <span class='ocrx_word' id='word_1_417' title='bbox 3583 2759 3752 2832; x_wconf 89' lang='lat' dir='ltr'><strong>quasi</strong></span> 
     </span>
    </p>
   </div>
   <div class='ocr_carea' id='block_1_59' title="bbox 2101 2841 3755 2915">
    <p class='ocr_par' dir='ltr' id='par_1_59' title="bbox 2101 2841 3755 2915">
     <span class='ocr_line' id='line_1_59' title="bbox 2101 2841 3755 2915; baseline 0.005 -18"><span class='ocrx_word' id='word_1_418' title='bbox 2101 2842 2257 2914; x_wconf 91' lang='lat' dir='ltr'><strong>apud</strong></span> <span class='ocrx_word' id='word_1_419' title='bbox 2290 2841 2658 2915; x_wconf 90' lang='lat' dir='ltr'><strong>ignorantem</strong></span> <span class='ocrx_word' id='word_1_420' title='bbox 2692 2859 2706 2898; x_wconf 90' lang='lat'><strong>:</strong></span> <span class='ocrx_word' id='word_1_421' title='bbox 2742 2847 2973 2900; x_wconf 88' lang='lat' dir='ltr'><strong>recusat</strong></span> <span class='ocrx_word' id='word_1_422' title='bbox 3003 2845 3269 2902; x_wconf 80' lang='lat' dir='ltr'><strong>fraternae</strong></span> <span class='ocrx_word' id='word_1_423' title='bbox 3300 2863 3522 2905; x_wconf 89' lang='lat' dir='ltr'><strong>munus</strong></span> <span class='ocrx_word' id='word_1_424' title='bbox 3553 2853 3755 2906; x_wconf 90' lang='lat' dir='ltr'><strong>custo-</strong></span> 
     </span>
    </p>
   </div>
   <div class='ocr_carea' id='block_1_60' title="bbox 2099 2928 3754 3007">
    <p class='ocr_par' dir='ltr' id='par_1_60' title="bbox 2099 2928 3754 3007">
     <span class='ocr_line' id='line_1_60' title="bbox 2099 2928 3754 3007; baseline 0.004 -22"><span class='ocrx_word' id='word_1_425' title='bbox 2099 2928 2228 2998; x_wconf 64' lang='lat' dir='ltr'><strong>dies,</strong></span> <span class='ocrx_word' id='word_1_426' title='bbox 2259 2929 2427 3000; x_wconf 89' lang='lat' dir='ltr'><strong>quasi</strong></span> <span class='ocrx_word' id='word_1_427' title='bbox 2459 2946 2658 2986; x_wconf 84' lang='lat' dir='ltr'><strong>exsors</strong></span> <span class='ocrx_word' id='word_1_428' title='bbox 2688 2936 2944 2999; x_wconf 83' lang='lat' dir='ltr'><strong>naturae;</strong></span> <span class='ocrx_word' id='word_1_429' title='bbox 2979 2930 3233 2987; x_wconf 86' lang='lat' dir='ltr'><strong>declinat</strong></span> <span class='ocrx_word' id='word_1_430' title='bbox 3261 2933 3549 3004; x_wconf 89' lang='lat' dir='ltr'><strong>judicem,</strong></span> <span class='ocrx_word' id='word_1_431' title='bbox 3584 2934 3754 3007; x_wconf 87' lang='lat' dir='ltr'><strong>quasi</strong></span> 
     </span>
    </p>
   </div>
   <div class='ocr_carea' id='block_1_61' title="bbox 2099 3017 3752 3097">
    <p class='ocr_par' dir='ltr' id='par_1_61' title="bbox 2099 3017 3752 3097">
     <span class='ocr_line' id='line_1_61' title="bbox 2099 3017 3752 3097; baseline 0.004 -24"><span class='ocrx_word' id='word_1_432' title='bbox 2099 3017 2248 3074; x_wconf 87' lang='lat' dir='ltr'><strong>liber</strong></span> <span class='ocrx_word' id='word_1_433' title='bbox 2276 3018 2521 3074; x_wconf 81' lang='lat' dir='ltr'><strong>arbitrii.</strong></span> <span class='ocrx_word' id='word_1_434' title='bbox 2553 3020 2699 3085; x_wconf 88' lang='lat' dir='ltr'><strong>Quid</strong></span> <span class='ocrx_word' id='word_1_435' title='bbox 2720 3019 2952 3077; x_wconf 89' lang='lat' dir='ltr'><strong>miraris</strong></span> <span class='ocrx_word' id='word_1_436' title='bbox 2973 3019 3021 3075; x_wconf 88' lang='lat' dir='ltr'><strong>si</strong></span> <span class='ocrx_word' id='word_1_437' title='bbox 3045 3020 3323 3092; x_wconf 88' lang='lat' dir='ltr'><strong>pietatem</strong></span> <span class='ocrx_word' id='word_1_438' title='bbox 3346 3041 3461 3080; x_wconf 92' lang='lat' dir='ltr'><strong>non</strong></span> <span class='ocrx_word' id='word_1_439' title='bbox 3492 3025 3752 3097; x_wconf 88' lang='lat' dir='ltr'><strong>agnovit,</strong></span> 
     </span>
    </p>
   </div>
   <div class='ocr_carea' id='block_1_62' title="bbox 2100 3106 3752 3186">
    <p class='ocr_par' dir='ltr' id='par_1_62' title="bbox 2100 3106 3752 3186">
     <span class='ocr_line' id='line_1_62' title="bbox 2100 3106 3752 3186; baseline 0.005 -24"><span class='ocrx_word' id='word_1_440' title='bbox 2100 3106 2200 3178; x_wconf 89' lang='lat' dir='ltr'><strong>qui</strong></span> <span class='ocrx_word' id='word_1_441' title='bbox 2251 3124 2367 3162; x_wconf 89' lang='lat' dir='ltr'><strong>non</strong></span> <span class='ocrx_word' id='word_1_442' title='bbox 2421 3107 2657 3179; x_wconf 90' lang='lat' dir='ltr'><strong>agnovit</strong></span> <span class='ocrx_word' id='word_1_443' title='bbox 2706 3108 3046 3165; x_wconf 83' lang='lat' dir='ltr'><strong>auctorem?</strong></span> <span class='ocrx_word' id='word_1_444' title='bbox 3088 3109 3158 3164; x_wconf 88' lang='lat' dir='ltr'><strong>Et</strong></span> <span class='ocrx_word' id='word_1_445' title='bbox 3208 3110 3334 3167; x_wconf 91' lang='lat' dir='ltr'><strong>ideo</strong></span> <span class='ocrx_word' id='word_1_446' title='bbox 3376 3113 3604 3169; x_wconf 87' lang='lat' dir='ltr'><strong>deceris</strong></span> <span class='ocrx_word' id='word_1_447' title='bbox 3643 3114 3752 3186; x_wconf 73' lang='lat' dir='ltr'><strong>hac</strong></span> 
     </span>
    </p>
   </div>
   <div class='ocr_carea' id='block_1_63' title="bbox 323 3178 3741 3274">
    <p class='ocr_par' dir='ltr' id='par_1_63' title="bbox 323 3178 3741 3274">
     <span class='ocr_line' id='line_1_63' title="bbox 323 3178 3741 3274; baseline -0.001 -13"><span class='ocrx_word' id='word_1_448' title='bbox 323 3220 470 3263; x_wconf 88' lang='lat' dir='ltr'><strong>cum</strong></span> <span class='ocrx_word' id='word_1_449' title='bbox 501 3178 673 3274; x_wconf 75' lang='lat' dir='ltr'><strong>patre</strong></span> <span class='ocrx_word' id='word_1_450' title='bbox 697 3197 1090 3269; x_wconf 88' lang='lat' dir='ltr'><strong>interemptus</strong></span> <span class='ocrx_word' id='word_1_451' title='bbox 1118 3199 1230 3263; x_wconf 90' lang='grc' dir='ltr'>θεῖ,</span> <span class='ocrx_word' id='word_1_452' title='bbox 1260 3178 1550 3266; x_wconf 67' lang='lat' dir='ltr'><strong>perpetua:</strong></span> <span class='ocrx_word' id='word_1_453' title='bbox 1599 3210 1831 3266; x_wconf 68' lang='lat' dir='ltr'><strong>poenam</strong></span> <span class='ocrx_word' id='word_1_454' title='bbox 1871 3198 1986 3250; x_wconf 88' lang='lat' dir='ltr'><strong>ste-</strong></span> <span class='ocrx_word' id='word_1_455' title='bbox 2016 3178 2061 3245; x_wconf 64' lang='grc' dir='ltr'><strong>(ἶ</strong></span> <span class='ocrx_word' id='word_1_456' title='bbox 2101 3195 2250 3253; x_wconf 90' lang='lat' dir='ltr'><strong>serie</strong></span> <span class='ocrx_word' id='word_1_457' title='bbox 2279 3178 2712 3268; x_wconf 86' lang='lat' dir='ltr'><strong>Scripturarum</strong></span> <span class='ocrx_word' id='word_1_458' title='bbox 2757 3199 2932 3254; x_wconf 81' lang='lat' dir='ltr'><strong>ﬁdem</strong></span> <span class='ocrx_word' id='word_1_459' title='bbox 2980 3213 3107 3252; x_wconf 88' lang='lat' dir='ltr'><strong>esse</strong></span> <span class='ocrx_word' id='word_1_460' title='bbox 3163 3199 3418 3255; x_wconf 90' lang='lat' dir='ltr'><strong>radicem</strong></span> <span class='ocrx_word' id='word_1_461' title='bbox 3459 3178 3741 3257; x_wconf 80' lang='lat' dir='ltr'><strong>virtutum</strong></span> 
     </span>
    </p>
   </div>
   <div class='ocr_carea' id='block_1_64' title="bbox 321 3282 1986 3360">
    <p class='ocr_par' dir='ltr' id='par_1_64' title="bbox 321 3282 1986 3360">
     <span class='ocr_line' id='line_1_64' title="bbox 321 3282 1986 3360; baseline -0.007 -10"><span class='ocrx_word' id='word_1_462' title='bbox 321 3289 573 3351; x_wconf 86' lang='lat' dir='ltr'><strong>rilitatis</strong></span> <span class='ocrx_word' id='word_1_463' title='bbox 600 3286 823 3360; x_wconf 88' lang='lat' dir='ltr'><strong>optavit</strong></span> <span class='ocrx_word' id='word_1_464' title='bbox 868 3284 1068 3340; x_wconf 91' lang='lat' dir='ltr'><strong>dicens</strong></span> <span class='ocrx_word' id='word_1_465' title='bbox 1100 3301 1113 3340; x_wconf 90' lang='lat'><strong>:</strong></span> <span class='ocrx_word' id='word_1_466' title='bbox 1146 3285 1347 3340; x_wconf 83' lang='lat' dir='ltr'><strong>Montes</strong></span> <span class='ocrx_word' id='word_1_467' title='bbox 1395 3285 1491 3354; x_wconf 90' lang='lat' dir='ltr'><strong>qui</strong></span> <span class='ocrx_word' id='word_1_468' title='bbox 1534 3285 1660 3339; x_wconf 86' lang='lat' dir='ltr'><strong>estis</strong></span> <span class='ocrx_word' id='word_1_469' title='bbox 1684 3285 1745 3339; x_wconf 88' lang='lat' dir='ltr'><strong>in</strong></span> <span class='ocrx_word' id='word_1_470' title='bbox 1776 3282 1986 3352; x_wconf 86' lang='lat' dir='ltr'><strong>Gelboe,</strong></span> 
     </span>
    </p>
   </div>
   <div class='ocr_carea' id='block_1_65' title="bbox 326 3371 1990 3454">
    <p class='ocr_par' dir='ltr' id='par_1_65' title="bbox 326 3371 1990 3454">
     <span class='ocr_line' id='line_1_65' title="bbox 326 3371 1990 3454; baseline -0.005 -18"><span class='ocrx_word' id='word_1_471' title='bbox 326 3394 509 3454; x_wconf 74' lang='lat' dir='ltr'><strong>neque</strong></span> <span class='ocrx_word' id='word_1_472' title='bbox 555 3392 668 3443; x_wconf 85' lang='lat' dir='ltr'><strong>ros,</strong></span> <span class='ocrx_word' id='word_1_473' title='bbox 714 3388 893 3446; x_wconf 86' lang='lat' dir='ltr'><strong>neque</strong></span> <span class='ocrx_word' id='word_1_474' title='bbox 933 3373 1128 3446; x_wconf 79' lang='lat' dir='ltr'><strong>pluvia</strong></span> <span class='ocrx_word' id='word_1_475' title='bbox 1185 3371 1345 3428; x_wconf 82' lang='lat' dir='ltr'><strong>cadat</strong></span> <span class='ocrx_word' id='word_1_476' title='bbox 1398 3387 1561 3445; x_wconf 80' lang='lat' dir='ltr'><strong>super</strong></span> <span class='ocrx_word' id='word_1_477' title='bbox 1608 3388 1737 3437; x_wconf 87' lang='lat' dir='ltr'><strong>vos;</strong></span> <span class='ocrx_word' id='word_1_478' title='bbox 1784 3376 1990 3428; x_wconf 88' lang='lat' dir='ltr'><strong>montes</strong></span> 
     </span>
    </p>
   </div>
   <div class='ocr_carea' id='block_1_66' title="bbox 325 3461 1150 3536">
    <p class='ocr_par' dir='ltr' id='par_1_66' title="bbox 325 3461 1150 3536">
     <span class='ocr_line' id='line_1_66' title="bbox 325 3461 1150 3536; baseline -0.013 -9"><span class='ocrx_word' id='word_1_479' title='bbox 325 3468 527 3526; x_wconf 78' lang='lat' dir='ltr'><strong>mortis</strong></span> <span class='ocrx_word' id='word_1_480' title='bbox 556 3463 670 3536; x_wconf 77' lang='grc'>(64)</span> <span class='ocrx_word' id='word_1_481' title='bbox 702 3464 778 3536; x_wconf 85' lang='grc' dir='ltr'><strong>(ιι</strong></span> <span class='ocrx_word' id='word_1_482' title='bbox 804 3462 933 3532; x_wconf 85' lang='lat' dir='ltr'><strong>Reg.</strong></span> <span class='ocrx_word' id='word_1_483' title='bbox 964 3478 1004 3531; x_wconf 86' lang='grc' dir='ltr'><strong>ι,</strong></span> <span class='ocrx_word' id='word_1_484' title='bbox 1034 3461 1150 3533; x_wconf 71' lang='grc'><strong>21).</strong></span> 
     </span>
    </p>
   </div>
   <div class='ocr_carea' id='block_1_67' title="bbox 987 3566 1351 3624">
    <p class='ocr_par' dir='ltr' id='par_1_67' title="bbox 987 3566 1351 3624">
     <span class='ocr_line' id='line_1_67' title="bbox 987 3566 1351 3624; baseline -0.003 0"><span class='ocrx_word' id='word_1_485' title='bbox 987 3566 1219 3624; x_wconf 86' lang='lat' dir='ltr'><strong>CAPUT</strong></span> <span class='ocrx_word' id='word_1_486' title='bbox 1256 3566 1351 3623; x_wconf 86' lang='lat' dir='ltr'><strong>IX.</strong></span> 
     </span>
    </p>
   </div>
   <div class='ocr_carea' id='block_1_68' title="bbox 298 3641 1997 3723">
    <p class='ocr_par' dir='ltr' id='par_1_68' title="bbox 298 3641 1997 3723">
     <span class='ocr_line' id='line_1_68' title="bbox 298 3641 1997 3723; baseline -0.003 -4"><span class='ocrx_word' id='word_1_487' title='bbox 298 3641 310 3652; x_wconf 60' lang='grc'><em>”</em></span> <span class='ocrx_word' id='word_1_488' title='bbox 340 3665 523 3720; x_wconf 82' lang='lat' dir='ltr'><strong>Deum</strong></span> <span class='ocrx_word' id='word_1_489' title='bbox 571 3661 942 3723; x_wconf 76' lang='lat' dir='ltr'><strong>interrogasse</strong></span> <span class='ocrx_word' id='word_1_490' title='bbox 991 3654 1243 3721; x_wconf 83' lang='lat' dir='ltr'><strong>Cainum,</strong></span> <span class='ocrx_word' id='word_1_491' title='bbox 1274 3670 1385 3710; x_wconf 62' lang='lat' dir='ltr'><strong>non.</strong></span> <span class='ocrx_word' id='word_1_492' title='bbox 1426 3662 1487 3712; x_wconf 84' lang='lat' dir='ltr'><strong>ut</strong></span> <span class='ocrx_word' id='word_1_493' title='bbox 1532 3655 1778 3723; x_wconf 79' lang='lat' dir='ltr'><strong>disceret,</strong></span> <span class='ocrx_word' id='word_1_494' title='bbox 1806 3657 1897 3714; x_wconf 86' lang='lat' dir='ltr'><strong>sed</strong></span> <span class='ocrx_word' id='word_1_495' title='bbox 1935 3665 1997 3714; x_wconf 85' lang='lat' dir='ltr'><strong>ut</strong></span> 
     </span>
    </p>
   </div>
   <div class='ocr_carea' id='block_1_69' title="bbox 410 3674 1995 3800">
    <p class='ocr_par' dir='ltr' id='par_1_69' title="bbox 410 3674 1995 3800">
     <span class='ocr_line' id='line_1_69' title="bbox 410 3674 1995 3723; baseline -0.001 -7"><span class='ocrx_word' id='word_1_496' title='bbox 410 3676 523 3716; x_wconf 83' lang='lat' dir='ltr'><strong>mm</strong></span> <span class='ocrx_word' id='word_1_497' title='bbox 571 3674 784 3716; x_wconf 77' lang='lat' dir='ltr'><strong>interro</strong></span> <span class='ocrx_word' id='word_1_498' title='bbox 822 3674 942 3712; x_wconf 88' lang='lat' dir='ltr'><strong>asse</strong></span> <span class='ocrx_word' id='word_1_499' title='bbox 991 3674 1243 3721; x_wconf 70' lang='lat' dir='ltr'><strong>Lamum,</strong></span> <span class='ocrx_word' id='word_1_500' title='bbox 1274 3674 1385 3710; x_wconf 84' lang='lat' dir='ltr'><strong>non</strong></span> <span class='ocrx_word' id='word_1_501' title='bbox 1426 3674 1487 3712; x_wconf 72' lang='lat' dir='ltr'><strong>ut</strong></span> <span class='ocrx_word' id='word_1_502' title='bbox 1532 3674 1778 3723; x_wconf 80' lang='lat' dir='ltr'><strong>aisceret,</strong></span> <span class='ocrx_word' id='word_1_503' title='bbox 1806 3674 1897 3714; x_wconf 88' lang='lat' dir='ltr'><strong>sea</strong></span> <span class='ocrx_word' id='word_1_504' title='bbox 1935 3674 1995 3714; x_wconf 82' lang='lat' dir='ltr'><strong>ut</strong></span> 
     </span>
     <span class='ocr_line' id='line_1_70' title="bbox 410 3674 1995 3800; baseline -0.003 -12"><span class='ocrx_word' id='word_1_505' title='bbox 410 3748 539 3789; x_wconf 87' lang='lat' dir='ltr'><strong>eum</strong></span> <span class='ocrx_word' id='word_1_506' title='bbox 567 3730 639 3786; x_wconf 83' lang='lat' dir='ltr'><strong>ad</strong></span> <span class='ocrx_word' id='word_1_507' title='bbox 665 3674 1036 3799; x_wconf 48' lang='lat' dir='ltr'><strong>conﬁtendum</strong></span> <span class='ocrx_word' id='word_1_508' title='bbox 1066 3728 1365 3783; x_wconf 82' lang='lat' dir='ltr'><strong>induceret.</strong></span> <span class='ocrx_word' id='word_1_509' title='bbox 1401 3728 1576 3799; x_wconf 87' lang='lat' dir='ltr'><strong>Hujus</strong></span> <span class='ocrx_word' id='word_1_510' title='bbox 1621 3731 1902 3800; x_wconf 73' lang='lat' dir='ltr'><strong>responsio</strong></span> <span class='ocrx_word' id='word_1_511' title='bbox 1933 3732 1995 3784; x_wconf 86' lang='lat' dir='ltr'><strong>in</strong></span> 
     </span>
    </p>
   </div>
   <div class='ocr_carea' id='block_1_70' title="bbox 410 3799 1986 3886">
    <p class='ocr_par' dir='ltr' id='par_1_70' title="bbox 410 3799 1986 3886">
     <span class='ocr_line' id='line_1_71' title="bbox 410 3799 1986 3886; baseline -0.003 -25"><span class='ocrx_word' id='word_1_512' title='bbox 410 3808 590 3886; x_wconf 64' lang='lat' dir='ltr'><strong>Deum</strong></span> <span class='ocrx_word' id='word_1_513' title='bbox 617 3817 683 3858; x_wconf 83' lang='lat' dir='ltr'><strong>ac</strong></span> <span class='ocrx_word' id='word_1_514' title='bbox 709 3799 1212 3886; x_wconf 50' lang='lat' dir='ltr'><strong>naturainjmpiaf</strong></span> <span class='ocrx_word' id='word_1_515' title='bbox 1242 3800 1399 3870; x_wconf 85' lang='lat' dir='ltr'><strong>eique</strong></span> <span class='ocrx_word' id='word_1_516' title='bbox 1441 3801 1683 3886; x_wconf 66' lang='lat' dir='ltr'><strong>opposita</strong></span> <span class='ocrx_word' id='word_1_517' title='bbox 1715 3799 1831 3856; x_wconf 86' lang='lat' dir='ltr'><strong>Dei</strong></span> <span class='ocrx_word' id='word_1_518' title='bbox 1876 3817 1986 3886; x_wconf 56' lang='lat' dir='ltr'><strong>res.</strong></span> 
     </span>
    </p>
   </div>
   <div class='ocr_carea' id='block_1_71' title="bbox 410 3871 1996 4015">
    <p class='ocr_par' dir='ltr' id='par_1_71' title="bbox 410 3871 1996 4015">
     <span class='ocr_line' id='line_1_72' title="bbox 410 3871 1996 3956; baseline -0.001 -27"><span class='ocrx_word' id='word_1_519' title='bbox 410 3875 606 3956; x_wconf 70' lang='lat' dir='ltr'><strong>pensio</strong></span> <span class='ocrx_word' id='word_1_520' title='bbox 634 3871 1017 3954; x_wconf 74' lang='lat' dir='ltr'><strong>germanitatis</strong></span> <span class='ocrx_word' id='word_1_521' title='bbox 1041 3871 1540 3954; x_wconf 66' lang='lat' dir='ltr'><strong>pietatemegregie</strong></span> <span class='ocrx_word' id='word_1_522' title='bbox 1584 3871 1770 3928; x_wconf 86' lang='lat' dir='ltr'><strong>docere</strong></span> <span class='ocrx_word' id='word_1_523' title='bbox 1822 3876 1996 3955; x_wconf 75' lang='lat' dir='ltr'><strong>osten-</strong></span> 
     </span>
     <span class='ocr_line' id='line_1_73' title="bbox 417 3941 1996 4015; baseline -0.002 -15"><span class='ocrx_word' id='word_1_524' title='bbox 417 3944 589 4000; x_wconf 81' lang='lat' dir='ltr'><strong>ditur.</strong></span> <span class='ocrx_word' id='word_1_525' title='bbox 621 3946 662 3999; x_wconf 84' lang='grc' dir='ltr'><em>Α</em></span> <span class='ocrx_word' id='word_1_526' title='bbox 692 3944 799 4000; x_wconf 87' lang='lat' dir='ltr'><strong>Deo</strong></span> <span class='ocrx_word' id='word_1_527' title='bbox 830 3949 996 4010; x_wconf 61' lang='lat' dir='ltr'><strong>iustos</strong></span> <span class='ocrx_word' id='word_1_528' title='bbox 1024 3941 1210 3997; x_wconf 78' lang='lat' dir='ltr'><strong>audiri</strong></span> <span class='ocrx_word' id='word_1_529' title='bbox 1237 3944 1406 3997; x_wconf 79' lang='lat' dir='ltr'><strong>etiam</strong></span> <span class='ocrx_word' id='word_1_530' title='bbox 1432 3950 1691 4008; x_wconf 84' lang='lat' dir='ltr'><strong>mortuos,</strong></span> <span class='ocrx_word' id='word_1_531' title='bbox 1725 3943 1866 4015; x_wconf 85' lang='lat' dir='ltr'><strong>quod</strong></span> <span class='ocrx_word' id='word_1_532' title='bbox 1904 3960 1996 3998; x_wconf 60' lang='lat' dir='ltr'><strong>ni.</strong></span> 
     </span>
    </p>
   </div>
   <div class='ocr_carea' id='block_1_72' title="bbox 423 4015 1998 4084">
    <p class='ocr_par' dir='ltr' id='par_1_72' title="bbox 423 4015 1998 4084">
     <span class='ocr_line' id='line_1_74' title="bbox 423 4015 1998 4084; baseline -0.001 -12"><span class='ocrx_word' id='word_1_533' title='bbox 423 4018 629 4072; x_wconf 82' lang='lat' dir='ltr'><strong>mirum</strong></span> <span class='ocrx_word' id='word_1_534' title='bbox 656 4016 709 4071; x_wconf 83' lang='lat' dir='ltr'><strong>ei</strong></span> <span class='ocrx_word' id='word_1_535' title='bbox 735 4016 945 4081; x_wconf 87' lang='lat' dir='ltr'><strong>vivant,</strong></span> <span class='ocrx_word' id='word_1_536' title='bbox 976 4021 1027 4069; x_wconf 85' lang='lat' dir='ltr'><strong>et</strong></span> <span class='ocrx_word' id='word_1_537' title='bbox 1048 4015 1353 4084; x_wconf 79' lang='lat' dir='ltr'><strong>peccatores</strong></span> <span class='ocrx_word' id='word_1_538' title='bbox 1379 4015 1586 4069; x_wconf 87' lang='lat' dir='ltr'><strong>mortui</strong></span> <span class='ocrx_word' id='word_1_539' title='bbox 1611 4015 1850 4071; x_wconf 73' lang='lat' dir='ltr'><strong>sintﬂos</strong></span> <span class='ocrx_word' id='word_1_540' title='bbox 1878 4032 1998 4071; x_wconf 88' lang='lat' dir='ltr'><strong>ma-</strong></span> 
     </span>
    </p>
   </div>
   <div class='ocr_carea' id='block_1_73' title="bbox 428 4085 1999 4159">
    <p class='ocr_par' dir='ltr' id='par_1_73' title="bbox 428 4085 1999 4159">
     <span class='ocr_line' id='line_1_75' title="bbox 428 4085 1999 4159; baseline -0.001 -15"><span class='ocrx_word' id='word_1_541' title='bbox 428 4088 496 4143; x_wconf 83' lang='lat' dir='ltr'><strong>lis</strong></span> <span class='ocrx_word' id='word_1_542' title='bbox 523 4087 884 4159; x_wconf 56' lang='lat' dir='ltr'><strong>praesentibus</strong></span> <span class='ocrx_word' id='word_1_543' title='bbox 912 4100 977 4159; x_wconf 80' lang='lat' dir='ltr'><strong>ac</strong></span> <span class='ocrx_word' id='word_1_544' title='bbox 1002 4085 1207 4155; x_wconf 86' lang='lat' dir='ltr'><strong>futuris</strong></span> <span class='ocrx_word' id='word_1_545' title='bbox 1233 4085 1673 4156; x_wconf 73' lang='lat' dir='ltr'><strong>cruciari,magis</strong></span> <span class='ocrx_word' id='word_1_546' title='bbox 1693 4093 1873 4142; x_wconf 88' lang='lat' dir='ltr'><strong>tamen</strong></span> <span class='ocrx_word' id='word_1_547' title='bbox 1891 4087 1999 4143; x_wconf 82' lang='lat' dir='ltr'><strong>sol-</strong></span> 
     </span>
    </p>
   </div>
   <div class='ocr_carea' id='block_1_74' title="bbox 429 4155 1041 4229">
    <p class='ocr_par' dir='ltr' id='par_1_74' title="bbox 429 4155 1041 4229">
     <span class='ocr_line' id='line_1_76' title="bbox 429 4155 1041 4229; baseline -0.005 -14"><span class='ocrx_word' id='word_1_548' title='bbox 429 4155 639 4215; x_wconf 52' lang='lat' dir='ltr'><strong>licitari</strong></span> <span class='ocrx_word' id='word_1_549' title='bbox 660 4155 1041 4229; x_wconf 57' lang='lat' dir='ltr'><strong>pratentibus.</strong></span> 
     </span>
    </p>
   </div>
   <div class='ocr_carea' id='block_1_75' title="bbox 425 4260 2007 4337">
    <p class='ocr_par' dir='ltr' id='par_1_75' title="bbox 425 4260 2007 4337">
     <span class='ocr_line' id='line_1_77' title="bbox 425 4260 2007 4337; baseline 0.001 -18"><span class='ocrx_word' id='word_1_550' title='bbox 425 4267 517 4321; x_wconf 85' lang='lat'><strong>27.</strong></span> <span class='ocrx_word' id='word_1_551' title='bbox 554 4263 719 4322; x_wconf 88' lang='lat' dir='ltr'><strong>Nunc</strong></span> <span class='ocrx_word' id='word_1_552' title='bbox 747 4260 1186 4319; x_wconf 87' lang='lat' dir='ltr'><strong>consideremus</strong></span> <span class='ocrx_word' id='word_1_553' title='bbox 1216 4278 1334 4333; x_wconf 90' lang='lat' dir='ltr'><strong>qua</strong></span> <span class='ocrx_word' id='word_1_554' title='bbox 1363 4262 1589 4319; x_wconf 86' lang='lat' dir='ltr'><strong>ratione</strong></span> <span class='ocrx_word' id='word_1_555' title='bbox 1631 4261 2007 4337; x_wconf 88' lang='lat' dir='ltr'><strong>interrogavit</strong></span> 
     </span>
    </p>
   </div>
   <div class='ocr_carea' id='block_1_76' title="bbox 358 4349 2010 4422">
    <p class='ocr_par' dir='ltr' id='par_1_76' title="bbox 358 4349 2010 4422">
     <span class='ocr_line' id='line_1_78' title="bbox 358 4349 2010 4422; baseline -0.001 -11"><span class='ocrx_word' id='word_1_556' title='bbox 358 4354 515 4411; x_wconf 84' lang='lat' dir='ltr'><strong>Deus</strong></span> <span class='ocrx_word' id='word_1_557' title='bbox 561 4350 700 4407; x_wconf 87' lang='lat' dir='ltr'><strong>Cain</strong></span> <span class='ocrx_word' id='word_1_558' title='bbox 748 4349 851 4405; x_wconf 89' lang='lat' dir='ltr'><strong>ubi</strong></span> <span class='ocrx_word' id='word_1_559' title='bbox 902 4354 1056 4406; x_wconf 90' lang='lat' dir='ltr'><strong>esset</strong></span> <span class='ocrx_word' id='word_1_560' title='bbox 1105 4350 1283 4406; x_wconf 89' lang='lat' dir='ltr'><strong>frater</strong></span> <span class='ocrx_word' id='word_1_561' title='bbox 1329 4366 1496 4419; x_wconf 89' lang='lat' dir='ltr'><strong>suus,</strong></span> <span class='ocrx_word' id='word_1_562' title='bbox 1537 4352 1707 4422; x_wconf 90' lang='lat' dir='ltr'><strong>quasi</strong></span> <span class='ocrx_word' id='word_1_563' title='bbox 1758 4353 2010 4410; x_wconf 88' lang='lat' dir='ltr'><strong>nesciret</strong></span> 
     </span>
    </p>
   </div>
   <div class='ocr_carea' id='block_1_77' title="bbox 358 4438 2007 4513">
    <p class='ocr_par' dir='ltr' id='par_1_77' title="bbox 358 4438 2007 4513">
     <span class='ocr_line' id='line_1_79' title="bbox 358 4438 2007 4513; baseline -0.001 -14"><span class='ocrx_word' id='word_1_564' title='bbox 358 4441 642 4499; x_wconf 88' lang='lat' dir='ltr'><strong>occisum.</strong></span> <span class='ocrx_word' id='word_1_565' title='bbox 708 4438 820 4496; x_wconf 86' lang='lat' dir='ltr'><strong>Sed</strong></span> <span class='ocrx_word' id='word_1_566' title='bbox 886 4439 1042 4512; x_wconf 89' lang='lat' dir='ltr'><strong>quod</strong></span> <span class='ocrx_word' id='word_1_567' title='bbox 1103 4438 1178 4495; x_wconf 89' lang='lat' dir='ltr'><strong>ad</strong></span> <span class='ocrx_word' id='word_1_568' title='bbox 1238 4439 1543 4495; x_wconf 88' lang='lat' dir='ltr'><strong>scientiam</strong></span> <span class='ocrx_word' id='word_1_569' title='bbox 1601 4439 1703 4496; x_wconf 91' lang='lat' dir='ltr'><strong>Dei</strong></span> <span class='ocrx_word' id='word_1_570' title='bbox 1763 4446 2007 4513; x_wconf 90' lang='lat' dir='ltr'><strong>spectat,</strong></span> 
     </span>
    </p>
   </div>
   <div class='ocr_carea' id='block_1_78' title="bbox 358 4527 2008 4605">
    <p class='ocr_par' dir='ltr' id='par_1_78' title="bbox 358 4527 2008 4605">
     <span class='ocr_line' id='line_1_80' title="bbox 358 4527 2008 4605; baseline -0.001 -16"><span class='ocrx_word' id='word_1_571' title='bbox 358 4534 675 4605; x_wconf 83' lang='lat' dir='ltr'><strong>negantem</strong></span> <span class='ocrx_word' id='word_1_572' title='bbox 707 4527 920 4601; x_wconf 90' lang='lat' dir='ltr'><strong>arguit,</strong></span> <span class='ocrx_word' id='word_1_573' title='bbox 943 4532 1001 4584; x_wconf 91' lang='lat' dir='ltr'><strong>et</strong></span> <span class='ocrx_word' id='word_1_574' title='bbox 1028 4527 1313 4584; x_wconf 84' lang='lat' dir='ltr'><strong>inficianti</strong></span> <span class='ocrx_word' id='word_1_575' title='bbox 1343 4528 1512 4600; x_wconf 91' lang='lat' dir='ltr'><strong>quasi</strong></span> <span class='ocrx_word' id='word_1_576' title='bbox 1542 4529 1734 4585; x_wconf 88' lang='lat' dir='ltr'><strong>sciens</strong></span> <span class='ocrx_word' id='word_1_577' title='bbox 1763 4546 2008 4603; x_wconf 88' lang='lat' dir='ltr'><strong>respon-</strong></span> 
     </span>
    </p>
   </div>
   <div class='ocr_carea' id='block_1_79' title="bbox 358 4616 2009 4691">
    <p class='ocr_par' dir='ltr' id='par_1_79' title="bbox 358 4616 2009 4691">
     <span class='ocr_line' id='line_1_81' title="bbox 358 4616 2009 4691; baseline -0.001 -15"><span class='ocrx_word' id='word_1_578' title='bbox 358 4620 495 4677; x_wconf 85' lang='lat' dir='ltr'><strong>dit:</strong></span> <span class='ocrx_word' id='word_1_579' title='bbox 537 4620 649 4675; x_wconf 61' lang='grc' dir='ltr'><strong>νοω</strong></span> <span class='ocrx_word' id='word_1_580' title='bbox 674 4618 964 4689; x_wconf 79' lang='lat' dir='ltr'><strong>sanguinis</strong></span> <span class='ocrx_word' id='word_1_581' title='bbox 991 4618 1186 4688; x_wconf 83' lang='lat' dir='ltr'><strong>fratris</strong></span> <span class='ocrx_word' id='word_1_582' title='bbox 1234 4619 1320 4672; x_wconf 88' lang='lat' dir='ltr'><strong>tui</strong></span> <span class='ocrx_word' id='word_1_583' title='bbox 1363 4617 1433 4672; x_wconf 86' lang='lat' dir='ltr'><strong>ad</strong></span> <span class='ocrx_word' id='word_1_584' title='bbox 1477 4633 1563 4673; x_wconf 89' lang='lat' dir='ltr'><strong>me</strong></span> <span class='ocrx_word' id='word_1_585' title='bbox 1608 4616 1814 4674; x_wconf 83' lang='lat' dir='ltr'><strong>clamat</strong></span> <span class='ocrx_word' id='word_1_586' title='bbox 1855 4622 2009 4691; x_wconf 84' lang='lat' dir='ltr'><strong>(Gen.</strong></span> 
     </span>
    </p>
   </div>
   <div class='ocr_carea' id='block_1_80' title="bbox 360 4705 2013 4779">
    <p class='ocr_par' dir='ltr' id='par_1_80' title="bbox 360 4705 2013 4779">
     <span class='ocr_line' id='line_1_82' title="bbox 360 4705 2013 4779; baseline -0.001 -13"><span class='ocrx_word' id='word_1_587' title='bbox 360 4725 444 4776; x_wconf 80' lang='lat' dir='ltr'><strong>Iv,</strong></span> <span class='ocrx_word' id='word_1_588' title='bbox 477 4707 568 4778; x_wconf 88' lang='grc'><strong>10)</strong></span> <span class='ocrx_word' id='word_1_589' title='bbox 601 4725 614 4762; x_wconf 90' lang='lat'>:</span> <span class='ocrx_word' id='word_1_590' title='bbox 649 4706 802 4779; x_wconf 91' lang='lat' dir='ltr'><strong>quod</strong></span> <span class='ocrx_word' id='word_1_591' title='bbox 834 4709 1029 4763; x_wconf 89' lang='lat' dir='ltr'><strong>autem</strong></span> <span class='ocrx_word' id='word_1_592' title='bbox 1057 4706 1128 4762; x_wconf 88' lang='lat' dir='ltr'><strong>ad</strong></span> <span class='ocrx_word' id='word_1_593' title='bbox 1159 4705 1446 4762; x_wconf 90' lang='lat' dir='ltr'><strong>rationem</strong></span> <span class='ocrx_word' id='word_1_594' title='bbox 1478 4706 1828 4778; x_wconf 83' lang='lat' dir='ltr'><strong>profundam</strong></span> <span class='ocrx_word' id='word_1_595' title='bbox 1878 4710 2013 4764; x_wconf 88' lang='lat' dir='ltr'><strong>atti-</strong></span> 
     </span>
    </p>
   </div>
   <div class='ocr_carea' id='block_1_81' title="bbox 363 4794 2012 4868">
    <p class='ocr_par' dir='ltr' id='par_1_81' title="bbox 363 4794 2012 4868">
     <span class='ocr_line' id='line_1_83' title="bbox 363 4794 2012 4868; baseline -0.001 -14"><span class='ocrx_word' id='word_1_596' title='bbox 363 4802 487 4866; x_wconf 88' lang='lat' dir='ltr'><strong>net,</strong></span> <span class='ocrx_word' id='word_1_597' title='bbox 540 4797 692 4854; x_wconf 68' lang='lat'><strong>210</strong></span> <span class='ocrx_word' id='word_1_598' title='bbox 744 4798 1050 4868; x_wconf 89' lang='lat' dir='ltr'><strong>peccantes</strong></span> <span class='ocrx_word' id='word_1_599' title='bbox 1108 4794 1386 4851; x_wconf 89' lang='lat' dir='ltr'><strong>admonet</strong></span> <span class='ocrx_word' id='word_1_600' title='bbox 1446 4796 1517 4851; x_wconf 89' lang='lat' dir='ltr'><strong>ad</strong></span> <span class='ocrx_word' id='word_1_601' title='bbox 1591 4796 2012 4868; x_wconf 81' lang='lat' dir='ltr'><strong>paenitentiam.</strong></span> 
     </span>
    </p>
   </div>
   <div class='ocr_carea' id='block_1_82' title="bbox 365 4884 2017 4957">
    <p class='ocr_par' dir='ltr' id='par_1_82' title="bbox 365 4884 2017 4957">
     <span class='ocr_line' id='line_1_84' title="bbox 365 4884 2017 4957; baseline -0.001 -13"><span class='ocrx_word' id='word_1_602' title='bbox 365 4884 671 4944; x_wconf 79' lang='lat' dir='ltr'><strong>Confessio</strong></span> <span class='ocrx_word' id='word_1_603' title='bbox 716 4884 872 4941; x_wconf 90' lang='lat' dir='ltr'><strong>enim</strong></span> <span class='ocrx_word' id='word_1_604' title='bbox 921 4900 1226 4957; x_wconf 71' lang='lat' dir='ltr'><strong>prunarum</strong></span> <span class='ocrx_word' id='word_1_605' title='bbox 1274 4884 1686 4956; x_wconf 87' lang='lat' dir='ltr'><strong>compendium</strong></span> <span class='ocrx_word' id='word_1_606' title='bbox 1719 4891 1826 4942; x_wconf 90' lang='grc' dir='ltr'>θεῖ.</span> <span class='ocrx_word' id='word_1_607' title='bbox 1878 4887 2017 4943; x_wconf 90' lang='lat' dir='ltr'><strong>Inde</strong></span> 
     </span>
    </p>
   </div>
   <div class='ocr_carea' id='block_1_83' title="bbox 363 4972 2015 5047">
    <p class='ocr_par' dir='ltr' id='par_1_83' title="bbox 363 4972 2015 5047">
     <span class='ocr_line' id='line_1_85' title="bbox 363 4972 2015 5047; baseline -0.001 -15"><span class='ocrx_word' id='word_1_608' title='bbox 363 4977 431 5033; x_wconf 90' lang='lat' dir='ltr'><strong>in</strong></span> <span class='ocrx_word' id='word_1_609' title='bbox 453 4972 701 5047; x_wconf 88' lang='lat' dir='ltr'><strong>judiciis</strong></span> <span class='ocrx_word' id='word_1_610' title='bbox 747 4972 1125 5031; x_wconf 65' lang='lat' dir='ltr'><strong>saecularibus</strong></span> <span class='ocrx_word' id='word_1_611' title='bbox 1169 4972 1427 5046; x_wconf 86' lang='lat' dir='ltr'><strong>impositi</strong></span> <span class='ocrx_word' id='word_1_612' title='bbox 1460 4973 1709 5046; x_wconf 90' lang='lat' dir='ltr'><strong>equuleo</strong></span> <span class='ocrx_word' id='word_1_613' title='bbox 1741 4978 2015 5047; x_wconf 90' lang='lat' dir='ltr'><strong>torquen-</strong></span> 
     </span>
    </p>
   </div>
   <div class='ocr_carea' id='block_1_84' title="bbox 366 5060 2019 5137">
    <p class='ocr_par' dir='ltr' id='par_1_84' title="bbox 366 5060 2019 5137">
     <span class='ocr_line' id='line_1_86' title="bbox 366 5060 2019 5137; baseline 0 -17"><span class='ocrx_word' id='word_1_614' title='bbox 366 5068 473 5120; x_wconf 86' lang='lat' dir='ltr'><strong>tur</strong></span> <span class='ocrx_word' id='word_1_615' title='bbox 499 5065 804 5137; x_wconf 87' lang='lat' dir='ltr'><strong>negantes,</strong></span> <span class='ocrx_word' id='word_1_616' title='bbox 834 5064 892 5118; x_wconf 90' lang='lat' dir='ltr'><strong>et</strong></span> <span class='ocrx_word' id='word_1_617' title='bbox 920 5063 1187 5135; x_wconf 63' lang='lat' dir='ltr'><strong>quaedam</strong></span> <span class='ocrx_word' id='word_1_618' title='bbox 1219 5060 1410 5135; x_wconf 88' lang='lat' dir='ltr'><strong>tangit</strong></span> <span class='ocrx_word' id='word_1_619' title='bbox 1437 5062 1693 5134; x_wconf 86' lang='lat' dir='ltr'><strong>judicem</strong></span> <span class='ocrx_word' id='word_1_620' title='bbox 1725 5063 2019 5121; x_wconf 89' lang='lat' dir='ltr'><strong>miseratio</strong></span> 
     </span>
    </p>
   </div>
   <div class='ocr_carea' id='block_1_85' title="bbox 446 5276 2021 5349">
    <p class='ocr_par' dir='ltr' id='par_1_85' title="bbox 446 5276 2021 5349">
     <span class='ocr_line' id='line_1_87' title="bbox 446 5276 2021 5349; baseline 0.001 -15"><span class='ocrx_word' id='word_1_621' title='bbox 446 5278 563 5348; x_wconf 84' lang='lat'><strong>(63)</strong></span> <span class='ocrx_word' id='word_1_622' title='bbox 605 5276 756 5349; x_wconf 69' lang='lat' dir='ltr'><strong>Edit.</strong></span> <span class='ocrx_word' id='word_1_623' title='bbox 807 5276 917 5333; x_wconf 91' lang='lat' dir='ltr'><strong>Vet</strong></span> <span class='ocrx_word' id='word_1_624' title='bbox 945 5319 959 5344; x_wconf 94' lang='lat'><strong>,</strong></span> <span class='ocrx_word' id='word_1_625' title='bbox 1008 5276 1304 5333; x_wconf 82' lang='lat' dir='ltr'><strong>ostenderet</strong></span> <span class='ocrx_word' id='word_1_626' title='bbox 1354 5278 1549 5349; x_wconf 83' lang='lat' dir='ltr'><strong>futura</strong></span> <span class='ocrx_word' id='word_1_627' title='bbox 1596 5277 1868 5347; x_wconf 80' lang='lat' dir='ltr'><strong>supplicia</strong></span> <span class='ocrx_word' id='word_1_628' title='bbox 1924 5297 2021 5336; x_wconf 86' lang='lat' dir='ltr'><strong>no-</strong></span> 
     </span>
    </p>
   </div>
   <div class='ocr_carea' id='block_1_86' title="bbox 369 5348 2024 5423">
    <p class='ocr_par' dir='ltr' id='par_1_86' title="bbox 369 5348 2024 5423">
     <span class='ocr_line' id='line_1_88' title="bbox 369 5348 2024 5423; baseline -0.001 -16"><span class='ocrx_word' id='word_1_629' title='bbox 369 5351 560 5407; x_wconf 60' lang='lat' dir='ltr'><strong>tiora.</strong></span> <span class='ocrx_word' id='word_1_630' title='bbox 611 5348 802 5423; x_wconf 68' lang='lat' dir='ltr'><strong>Rom.,</strong></span> <span class='ocrx_word' id='word_1_631' title='bbox 840 5349 1139 5423; x_wconf 71' lang='lat' dir='ltr'><strong>ostenderet</strong></span> <span class='ocrx_word' id='word_1_632' title='bbox 1183 5355 1386 5420; x_wconf 89' lang='lat' dir='ltr'><strong>quanto</strong></span> <span class='ocrx_word' id='word_1_633' title='bbox 1439 5350 1621 5423; x_wconf 74' lang='lat' dir='ltr'><strong>forent</strong></span> <span class='ocrx_word' id='word_1_634' title='bbox 1662 5350 1898 5405; x_wconf 54' lang='grc' dir='ltr'><strong>πταίοντι</strong></span> <span class='ocrx_word' id='word_1_635' title='bbox 1933 5354 2024 5423; x_wconf 85' lang='lat' dir='ltr'><strong>fu-</strong></span> 
     </span>
    </p>
   </div>
   <div class='ocr_carea' id='block_1_87' title="bbox 374 5430 2025 5564">
    <p class='ocr_par' dir='ltr' id='par_1_87' title="bbox 374 5430 2025 5564">
     <span class='ocr_line' id='line_1_89' title="bbox 374 5430 2023 5493; baseline 0 -15"><span class='ocrx_word' id='word_1_636' title='bbox 374 5430 506 5478; x_wconf 82' lang='lat' dir='ltr'><strong>tura</strong></span> <span class='ocrx_word' id='word_1_637' title='bbox 539 5430 828 5491; x_wconf 75' lang='lat' dir='ltr'><strong>supplicia.</strong></span> <span class='ocrx_word' id='word_1_638' title='bbox 862 5430 1000 5477; x_wconf 87' lang='lat' dir='ltr'><strong>Mss.</strong></span> <span class='ocrx_word' id='word_1_639' title='bbox 1032 5430 1304 5493; x_wconf 87' lang='lat' dir='ltr'><strong>quatuor,</strong></span> <span class='ocrx_word' id='word_1_640' title='bbox 1338 5430 1643 5474; x_wconf 82' lang='lat' dir='ltr'><strong>ostenderet</strong></span> <span class='ocrx_word' id='word_1_641' title='bbox 1690 5430 1895 5490; x_wconf 85' lang='lat' dir='ltr'><strong>quanta</strong></span> <span class='ocrx_word' id='word_1_642' title='bbox 1942 5439 2023 5478; x_wconf 87' lang='lat' dir='ltr'><strong>es-</strong></span> 
     </span>
     <span class='ocr_line' id='line_1_90' title="bbox 374 5490 2025 5564; baseline -0.001 -14"><span class='ocrx_word' id='word_1_643' title='bbox 374 5500 496 5550; x_wconf 77' lang='lat' dir='ltr'><strong>sent</strong></span> <span class='ocrx_word' id='word_1_644' title='bbox 548 5493 742 5563; x_wconf 87' lang='lat' dir='ltr'><strong>futura</strong></span> <span class='ocrx_word' id='word_1_645' title='bbox 810 5491 1068 5564; x_wconf 76' lang='lat' dir='ltr'><strong>supplicia</strong></span> <span class='ocrx_word' id='word_1_646' title='bbox 1134 5492 1383 5564; x_wconf 72' lang='lat' dir='ltr'><strong>noxiora.</strong></span> <span class='ocrx_word' id='word_1_647' title='bbox 1464 5490 1801 5564; x_wconf 64' lang='lat' dir='ltr'><strong>Legendum</strong></span> <span class='ocrx_word' id='word_1_648' title='bbox 1834 5493 2025 5564; x_wconf 23' lang='lat' dir='ltr'><strong>‘fortc,</strong></span> 
     </span>
    </p>
   </div>
   <div class='ocr_carea' id='block_1_88' title="bbox 375 5560 2028 5637">
    <p class='ocr_par' dir='ltr' id='par_1_88' title="bbox 375 5560 2028 5637">
     <span class='ocr_line' id='line_1_91' title="bbox 375 5560 2028 5637; baseline 0.002 -19"><span class='ocrx_word' id='word_1_649' title='bbox 375 5560 580 5637; x_wconf 70' lang='lat' dir='ltr'><strong>quanto</strong></span> <span class='ocrx_word' id='word_1_650' title='bbox 626 5565 825 5637; x_wconf 71' lang='lat' dir='ltr'><strong>essent,</strong></span> <span class='ocrx_word' id='word_1_651' title='bbox 852 5560 960 5619; x_wconf 76' lang='lat' dir='ltr'><strong>etc.</strong></span> <span class='ocrx_word' id='word_1_652' title='bbox 992 5563 1109 5637; x_wconf 79' lang='lat' dir='ltr'><strong>Nos</strong></span> <span class='ocrx_word' id='word_1_653' title='bbox 1155 5577 1288 5618; x_wconf 91' lang='lat' dir='ltr'><strong>vero</strong></span> <span class='ocrx_word' id='word_1_654' title='bbox 1340 5560 1519 5615; x_wconf 87' lang='lat' dir='ltr'><strong>Laud.</strong></span> <span class='ocrx_word' id='word_1_655' title='bbox 1550 5560 1790 5637; x_wconf 54' lang='lat' dir='ltr'><strong>&#39;codicis</strong></span> <span class='ocrx_word' id='word_1_656' title='bbox 1833 5560 2028 5622; x_wconf 49' lang='lat' dir='ltr'><strong>lectio;</strong></span> 
     </span>
    </p>
   </div>
   <div class='ocr_carea' id='block_1_89' title="bbox 374 5418 1643 5493">
    <p class='ocr_par' dir='ltr' id='par_1_89' title="bbox 374 5418 1643 5493">
     <span class='ocr_line' id='line_1_92' title="bbox 374 5418 1643 5493; baseline -0.003 -15"><span class='ocrx_word' id='word_1_657' title='bbox 374 5426 506 5478; x_wconf 82' lang='lat' dir='ltr'><strong>tura</strong></span> <span class='ocrx_word' id='word_1_658' title='bbox 539 5420 828 5491; x_wconf 75' lang='lat' dir='ltr'><strong>supplicia.</strong></span> <span class='ocrx_word' id='word_1_659' title='bbox 861 5421 1000 5493; x_wconf 89' lang='lat' dir='ltr'><strong>Mss.</strong></span> <span class='ocrx_word' id='word_1_660' title='bbox 1021 5418 1304 5493; x_wconf 79' lang='lat' dir='ltr'><strong>quatuor,</strong></span> <span class='ocrx_word' id='word_1_661' title='bbox 1338 5418 1643 5493; x_wconf 74' lang='lat' dir='ltr'><strong>ostenderet</strong></span> 
     </span>
    </p>
   </div>
   <div class='ocr_carea' id='block_1_90' title="bbox 380 5633 1738 5708">
    <p class='ocr_par' dir='ltr' id='par_1_90' title="bbox 380 5633 1738 5708">
     <span class='ocr_line' id='line_1_93' title="bbox 380 5633 1738 5708; baseline -0.002 -16"><span class='ocrx_word' id='word_1_662' title='bbox 380 5633 543 5705; x_wconf 79' lang='lat' dir='ltr'><strong>nem,</strong></span> <span class='ocrx_word' id='word_1_663' title='bbox 572 5638 642 5691; x_wconf 87' lang='lat' dir='ltr'><strong>ut</strong></span> <span class='ocrx_word' id='word_1_664' title='bbox 669 5633 932 5693; x_wconf 91' lang='lat' dir='ltr'><strong>omnium</strong></span> <span class='ocrx_word' id='word_1_665' title='bbox 962 5633 1267 5708; x_wconf 90' lang='lat' dir='ltr'><strong>optimam,</strong></span> <span class='ocrx_word' id='word_1_666' title='bbox 1292 5648 1501 5690; x_wconf 89' lang='lat' dir='ltr'><strong>sumus</strong></span> <span class='ocrx_word' id='word_1_667' title='bbox 1532 5633 1738 5690; x_wconf 89' lang='lat' dir='ltr'><strong>secuti.</strong></span> 
     </span>
    </p>
   </div>
   <div class='ocr_carea' id='block_1_91' title="bbox 2097 3284 3744 3361">
    <p class='ocr_par' dir='ltr' id='par_1_91' title="bbox 2097 3284 3744 3361">
     <span class='ocr_line' id='line_1_94' title="bbox 2097 3284 3744 3361; baseline 0.002 -19"><span class='ocrx_word' id='word_1_668' title='bbox 2097 3285 2383 3342; x_wconf 88' lang='lat' dir='ltr'><strong>omnium.</strong></span> <span class='ocrx_word' id='word_1_669' title='bbox 2414 3284 2577 3341; x_wconf 88' lang='lat' dir='ltr'><strong>Unde</strong></span> <span class='ocrx_word' id='word_1_670' title='bbox 2621 3290 2676 3341; x_wconf 88' lang='lat' dir='ltr'><strong>et</strong></span> <span class='ocrx_word' id='word_1_671' title='bbox 2724 3285 3038 3359; x_wconf 86' lang='lat' dir='ltr'><strong>Apostolus</strong></span> <span class='ocrx_word' id='word_1_672' title='bbox 3066 3286 3147 3340; x_wconf 89' lang='lat' dir='ltr'><strong>ait</strong></span> <span class='ocrx_word' id='word_1_673' title='bbox 3178 3302 3192 3342; x_wconf 87' lang='lat'><strong>:</strong></span> <span class='ocrx_word' id='word_1_674' title='bbox 3226 3292 3376 3359; x_wconf 82' lang='lat' dir='ltr'><strong>Quia</strong></span> <span class='ocrx_word' id='word_1_675' title='bbox 3415 3288 3744 3361; x_wconf 83' lang='lat' dir='ltr'><strong>fundamen-</strong></span> 
     </span>
    </p>
   </div>
   <div class='ocr_carea' id='block_1_92' title="bbox 2095 3374 3747 3452">
    <p class='ocr_par' dir='ltr' id='par_1_92' title="bbox 2095 3374 3747 3452">
     <span class='ocr_line' id='line_1_95' title="bbox 2095 3374 3747 3452; baseline 0.003 -22"><span class='ocrx_word' id='word_1_676' title='bbox 2095 3378 2215 3430; x_wconf 87' lang='lat' dir='ltr'><strong>tum</strong></span> <span class='ocrx_word' id='word_1_677' title='bbox 2246 3377 2490 3429; x_wconf 86' lang='lat' dir='ltr'><strong>nostrum</strong></span> <span class='ocrx_word' id='word_1_678' title='bbox 2522 3374 2765 3431; x_wconf 81' lang='lat' dir='ltr'><strong>Christus</strong></span> <span class='ocrx_word' id='word_1_679' title='bbox 2809 3377 2886 3431; x_wconf 88' lang='lat' dir='ltr'><strong>est</strong></span> <span class='ocrx_word' id='word_1_680' title='bbox 2933 3375 2980 3447; x_wconf 90' lang='grc' dir='ltr'>(ι</span> <span class='ocrx_word' id='word_1_681' title='bbox 3030 3374 3151 3433; x_wconf 84' lang='lat' dir='ltr'><strong>Cor.</strong></span> <span class='ocrx_word' id='word_1_682' title='bbox 3209 3394 3290 3446; x_wconf 89' lang='lat' dir='ltr'><strong>III,</strong></span> <span class='ocrx_word' id='word_1_683' title='bbox 3335 3379 3454 3449; x_wconf 90' lang='grc'><strong>11);</strong></span> <span class='ocrx_word' id='word_1_684' title='bbox 3488 3383 3546 3435; x_wconf 86' lang='grc' dir='ltr'><strong>θῖ</strong></span> <span class='ocrx_word' id='word_1_685' title='bbox 3575 3378 3747 3452; x_wconf 89' lang='lat' dir='ltr'><strong>quid-</strong></span> 
     </span>
    </p>
   </div>
   <div class='ocr_carea' id='block_1_93' title="bbox 2099 3462 3751 3537">
    <p class='ocr_par' dir='ltr' id='par_1_93' title="bbox 2099 3462 3751 3537">
     <span class='ocr_line' id='line_1_96' title="bbox 2099 3462 3751 3537; baseline 0.004 -19"><span class='ocrx_word' id='word_1_686' title='bbox 2099 3462 2241 3537; x_wconf 92' lang='lat' dir='ltr'><strong>quid</strong></span> <span class='ocrx_word' id='word_1_687' title='bbox 2273 3479 2453 3535; x_wconf 87' lang='lat' dir='ltr'><strong>supra</strong></span> <span class='ocrx_word' id='word_1_688' title='bbox 2481 3462 2591 3518; x_wconf 92' lang='lat' dir='ltr'><strong>hoc</strong></span> <span class='ocrx_word' id='word_1_689' title='bbox 2622 3465 3071 3520; x_wconf 88' lang='lat' dir='ltr'><strong>fundamentum</strong></span> <span class='ocrx_word' id='word_1_690' title='bbox 3101 3467 3498 3537; x_wconf 71' lang='lat' dir='ltr'><strong>aadificaveris,</strong></span> <span class='ocrx_word' id='word_1_691' title='bbox 3522 3468 3633 3525; x_wconf 91' lang='lat' dir='ltr'><strong>hoc</strong></span> <span class='ocrx_word' id='word_1_692' title='bbox 3663 3485 3751 3525; x_wconf 81' lang='grc' dir='ltr'>εο-</span> 
     </span>
    </p>
   </div>
   <div class='ocr_carea' id='block_1_94' title="bbox 2099 3551 3753 3630">
    <p class='ocr_par' dir='ltr' id='par_1_94' title="bbox 2099 3551 3753 3630">
     <span class='ocr_line' id='line_1_97' title="bbox 2099 3551 3753 3630; baseline 0.003 -21"><span class='ocrx_word' id='word_1_693' title='bbox 2099 3552 2224 3609; x_wconf 91' lang='lat' dir='ltr'><strong>lum</strong></span> <span class='ocrx_word' id='word_1_694' title='bbox 2256 3552 2327 3606; x_wconf 88' lang='lat' dir='ltr'><strong>ad</strong></span> <span class='ocrx_word' id='word_1_695' title='bbox 2359 3551 2551 3622; x_wconf 91' lang='lat' dir='ltr'><strong>operis</strong></span> <span class='ocrx_word' id='word_1_696' title='bbox 2583 3553 2670 3607; x_wconf 90' lang='lat' dir='ltr'><strong>tui</strong></span> <span class='ocrx_word' id='word_1_697' title='bbox 2711 3554 2987 3623; x_wconf 89' lang='lat' dir='ltr'><strong>fructum,</strong></span> <span class='ocrx_word' id='word_1_698' title='bbox 3018 3558 3076 3610; x_wconf 87' lang='lat' dir='ltr'><strong>et</strong></span> <span class='ocrx_word' id='word_1_699' title='bbox 3105 3555 3179 3611; x_wconf 90' lang='lat' dir='ltr'><strong>ad</strong></span> <span class='ocrx_word' id='word_1_700' title='bbox 3209 3556 3443 3614; x_wconf 87' lang='lat' dir='ltr'><strong>virtutis</strong></span> <span class='ocrx_word' id='word_1_701' title='bbox 3473 3557 3753 3630; x_wconf 78' lang='lat' dir='ltr'><strong>proficere</strong></span> 
     </span>
    </p>
   </div>
   <div class='ocr_carea' id='block_1_95' title="bbox 2101 3639 2450 3697">
    <p class='ocr_par' dir='ltr' id='par_1_95' title="bbox 2101 3639 2450 3697">
     <span class='ocr_line' id='line_1_98' title="bbox 2101 3639 2450 3697; baseline -0.014 1"><span class='ocrx_word' id='word_1_702' title='bbox 2101 3639 2450 3697; x_wconf 88' lang='lat' dir='ltr'><strong>mercedem.</strong></span> 
     </span>
    </p>
   </div>
   <div class='ocr_carea' id='block_1_96' title="bbox 2172 3729 3759 3805">
    <p class='ocr_par' dir='ltr' id='par_1_96' title="bbox 2172 3729 3759 3805">
     <span class='ocr_line' id='line_1_99' title="bbox 2172 3729 3759 3805; baseline 0.006 -21"><span class='ocrx_word' id='word_1_703' title='bbox 2172 3730 2261 3784; x_wconf 83' lang='lat'><strong>29.</strong></span> <span class='ocrx_word' id='word_1_704' title='bbox 2296 3729 2562 3802; x_wconf 89' lang='lat' dir='ltr'><strong>Congrue</strong></span> <span class='ocrx_word' id='word_1_705' title='bbox 2590 3729 2771 3803; x_wconf 87' lang='lat' dir='ltr'><strong>igitur</strong></span> <span class='ocrx_word' id='word_1_706' title='bbox 2798 3734 3103 3805; x_wconf 90' lang='lat' dir='ltr'><strong>respondit</strong></span> <span class='ocrx_word' id='word_1_707' title='bbox 3142 3735 3431 3793; x_wconf 90' lang='lat' dir='ltr'><strong>Dominus</strong></span> <span class='ocrx_word' id='word_1_708' title='bbox 3476 3741 3599 3795; x_wconf 88' lang='lat' dir='ltr'><strong>tam</strong></span> <span class='ocrx_word' id='word_1_709' title='bbox 3644 3737 3759 3793; x_wconf 90' lang='lat' dir='ltr'><strong>im-</strong></span> 
     </span>
    </p>
   </div>
   <div class='ocr_carea' id='block_1_97' title="bbox 2105 3820 3760 3897">
    <p class='ocr_par' dir='ltr' id='par_1_97' title="bbox 2105 3820 3760 3897">
     <span class='ocr_line' id='line_1_100' title="bbox 2105 3820 3760 3897; baseline 0.005 -22"><span class='ocrx_word' id='word_1_710' title='bbox 2105 3820 2424 3894; x_wconf 88' lang='lat' dir='ltr'><strong>prudenter</strong></span> <span class='ocrx_word' id='word_1_711' title='bbox 2453 3821 2711 3891; x_wconf 80' lang='lat' dir='ltr'><strong>neganti,</strong></span> <span class='ocrx_word' id='word_1_712' title='bbox 2746 3820 2948 3879; x_wconf 90' lang='lat' dir='ltr'><strong>dicens</strong></span> <span class='ocrx_word' id='word_1_713' title='bbox 3008 3841 3021 3879; x_wconf 90' lang='lat'>:</span> <span class='ocrx_word' id='word_1_714' title='bbox 3076 3826 3186 3881; x_wconf 75' lang='lat' dir='ltr'><strong>V0.2:</strong></span> <span class='ocrx_word' id='word_1_715' title='bbox 3231 3830 3525 3897; x_wconf 78' lang='lat' dir='ltr'><strong>sanguinis</strong></span> <span class='ocrx_word' id='word_1_716' title='bbox 3566 3828 3760 3897; x_wconf 83' lang='lat' dir='ltr'><strong>fratris</strong></span> 
     </span>
    </p>
   </div>
   <div class='ocr_carea' id='block_1_98' title="bbox 2104 3908 3762 3987">
    <p class='ocr_par' dir='ltr' id='par_1_98' title="bbox 2104 3908 3762 3987">
     <span class='ocr_line' id='line_1_101' title="bbox 2104 3908 3762 3987; baseline 0.004 -21"><span class='ocrx_word' id='word_1_717' title='bbox 2104 3912 2189 3966; x_wconf 88' lang='lat' dir='ltr'><strong>tui</strong></span> <span class='ocrx_word' id='word_1_718' title='bbox 2217 3908 2288 3964; x_wconf 83' lang='lat' dir='ltr'><strong>ad</strong></span> <span class='ocrx_word' id='word_1_719' title='bbox 2317 3923 2403 3963; x_wconf 84' lang='lat' dir='ltr'><strong>me</strong></span> <span class='ocrx_word' id='word_1_720' title='bbox 2430 3909 2631 3965; x_wconf 79' lang='lat' dir='ltr'><strong>clamat</strong></span> <span class='ocrx_word' id='word_1_721' title='bbox 2661 3911 2814 3983; x_wconf 85' lang='lat' dir='ltr'><strong>(Gen.</strong></span> <span class='ocrx_word' id='word_1_722' title='bbox 2848 3928 2926 3981; x_wconf 78' lang='grc' dir='ltr'><strong>ιν,</strong></span> <span class='ocrx_word' id='word_1_723' title='bbox 2954 3915 3064 3987; x_wconf 85' lang='grc'><strong>10).</strong></span> <span class='ocrx_word' id='word_1_724' title='bbox 3098 3915 3207 3972; x_wconf 88' lang='lat' dir='ltr'><strong>hoc</strong></span> <span class='ocrx_word' id='word_1_725' title='bbox 3258 3920 3369 3985; x_wconf 91' lang='lat' dir='ltr'><strong>est,</strong></span> <span class='ocrx_word' id='word_1_726' title='bbox 3411 3934 3518 3974; x_wconf 91' lang='lat' dir='ltr'><strong>cur</strong></span> <span class='ocrx_word' id='word_1_727' title='bbox 3569 3916 3762 3973; x_wconf 88' lang='lat' dir='ltr'><strong>nescis</strong></span> 
     </span>
    </p>
   </div>
   <div class='ocr_carea' id='block_1_99' title="bbox 2107 3997 3763 4079">
    <p class='ocr_par' dir='ltr' id='par_1_99' title="bbox 2107 3997 3763 4079">
     <span class='ocr_line' id='line_1_102' title="bbox 2107 3997 3763 4079; baseline 0.005 -25"><span class='ocrx_word' id='word_1_728' title='bbox 2107 4000 2209 4054; x_wconf 91' lang='lat' dir='ltr'><strong>ubi</strong></span> <span class='ocrx_word' id='word_1_729' title='bbox 2240 4001 2329 4053; x_wconf 91' lang='lat' dir='ltr'><strong>est</strong></span> <span class='ocrx_word' id='word_1_730' title='bbox 2358 3997 2539 4052; x_wconf 85' lang='lat' dir='ltr'><strong>frater</strong></span> <span class='ocrx_word' id='word_1_731' title='bbox 2576 4000 2759 4055; x_wconf 88' lang='lat' dir='ltr'><strong>tuus?</strong></span> <span class='ocrx_word' id='word_1_732' title='bbox 2807 4001 2929 4056; x_wconf 91' lang='lat' dir='ltr'><strong>Soli</strong></span> <span class='ocrx_word' id='word_1_733' title='bbox 2976 4003 3154 4060; x_wconf 85' lang='lat' dir='ltr'><strong>eratis</strong></span> <span class='ocrx_word' id='word_1_734' title='bbox 3209 4023 3343 4062; x_wconf 90' lang='lat' dir='ltr'><strong>cum</strong></span> <span class='ocrx_word' id='word_1_735' title='bbox 3396 4007 3630 4063; x_wconf 89' lang='lat' dir='ltr'><strong>duobus</strong></span> <span class='ocrx_word' id='word_1_736' title='bbox 3661 4023 3763 4079; x_wconf 87' lang='lat' dir='ltr'><strong>pa-</strong></span> 
     </span>
    </p>
   </div>
   <div class='ocr_carea' id='block_1_100' title="bbox 2110 4086 3762 4161">
    <p class='ocr_par' dir='ltr' id='par_1_100' title="bbox 2110 4086 3762 4161">
     <span class='ocr_line' id='line_1_103' title="bbox 2110 4086 3762 4161; baseline 0.005 -18"><span class='ocrx_word' id='word_1_737' title='bbox 2110 4088 2396 4147; x_wconf 88' lang='lat' dir='ltr'><strong>rentibus.</strong></span> <span class='ocrx_word' id='word_1_738' title='bbox 2425 4086 2578 4142; x_wconf 87' lang='lat' dir='ltr'><strong>inter</strong></span> <span class='ocrx_word' id='word_1_739' title='bbox 2607 4106 2825 4161; x_wconf 91' lang='lat' dir='ltr'><strong>paucos</strong></span> <span class='ocrx_word' id='word_1_740' title='bbox 2860 4090 3039 4148; x_wconf 87' lang='lat' dir='ltr'><strong>frater</strong></span> <span class='ocrx_word' id='word_1_741' title='bbox 3088 4097 3145 4149; x_wconf 87' lang='lat' dir='ltr'><strong>te</strong></span> <span class='ocrx_word' id='word_1_742' title='bbox 3186 4094 3365 4153; x_wconf 89' lang='lat' dir='ltr'><strong>latere</strong></span> <span class='ocrx_word' id='word_1_743' title='bbox 3394 4113 3512 4153; x_wconf 89' lang='lat' dir='ltr'><strong>non</strong></span> <span class='ocrx_word' id='word_1_744' title='bbox 3538 4096 3762 4152; x_wconf 89' lang='lat' dir='ltr'><strong>debuit.</strong></span> 
     </span>
    </p>
   </div>
   <div class='ocr_carea' id='block_1_101' title="bbox 2110 4174 3769 4256">
    <p class='ocr_par' dir='ltr' id='par_1_101' title="bbox 2110 4174 3769 4256">
     <span class='ocr_line' id='line_1_104' title="bbox 2110 4174 3769 4256; baseline 0.003 -23"><span class='ocrx_word' id='word_1_745' title='bbox 2110 4179 2196 4233; x_wconf 80' lang='lat' dir='ltr'><strong>An</strong></span> <span class='ocrx_word' id='word_1_746' title='bbox 2227 4174 2366 4249; x_wconf 86' lang='lat' dir='ltr'><strong>quia</strong></span> <span class='ocrx_word' id='word_1_747' title='bbox 2394 4182 2667 4247; x_wconf 86' lang='lat' dir='ltr'><strong>parentes</strong></span> <span class='ocrx_word' id='word_1_748' title='bbox 2691 4177 2777 4231; x_wconf 91' lang='lat' dir='ltr'><strong>tui</strong></span> <span class='ocrx_word' id='word_1_749' title='bbox 2809 4185 3178 4237; x_wconf 85' lang='lat' dir='ltr'><strong>accusatores</strong></span> <span class='ocrx_word' id='word_1_750' title='bbox 3199 4200 3328 4239; x_wconf 90' lang='lat' dir='ltr'><strong>esse</strong></span> <span class='ocrx_word' id='word_1_751' title='bbox 3353 4201 3469 4241; x_wconf 92' lang='lat' dir='ltr'><strong>non</strong></span> <span class='ocrx_word' id='word_1_752' title='bbox 3492 4184 3769 4256; x_wconf 80' lang='lat' dir='ltr'><strong>possunt?</strong></span> 
     </span>
    </p>
   </div>
   <div class='ocr_carea' id='block_1_102' title="bbox 2111 4264 3767 4341">
    <p class='ocr_par' dir='ltr' id='par_1_102' title="bbox 2111 4264 3767 4341">
     <span class='ocr_line' id='line_1_105' title="bbox 2111 4264 3767 4341; baseline 0.004 -19"><span class='ocrx_word' id='word_1_753' title='bbox 2111 4264 2256 4322; x_wconf 87' lang='lat' dir='ltr'><strong>Nolo</strong></span> <span class='ocrx_word' id='word_1_754' title='bbox 2283 4264 2438 4319; x_wconf 90' lang='lat' dir='ltr'><strong>enim</strong></span> <span class='ocrx_word' id='word_1_755' title='bbox 2469 4268 2535 4318; x_wconf 91' lang='lat' dir='ltr'><strong>ut</strong></span> <span class='ocrx_word' id='word_1_756' title='bbox 2564 4282 2632 4321; x_wconf 90' lang='lat' dir='ltr'><strong>ea</strong></span> <span class='ocrx_word' id='word_1_757' title='bbox 2664 4266 3037 4325; x_wconf 89' lang='lat' dir='ltr'><strong>necessitudo</strong></span> <span class='ocrx_word' id='word_1_758' title='bbox 3069 4286 3195 4341; x_wconf 64' lang='lat' dir='ltr'><strong>quae</strong></span> <span class='ocrx_word' id='word_1_759' title='bbox 3224 4276 3313 4326; x_wconf 88' lang='lat' dir='ltr'><strong>est</strong></span> <span class='ocrx_word' id='word_1_760' title='bbox 3357 4276 3562 4327; x_wconf 89' lang='lat' dir='ltr'><strong>auctor</strong></span> <span class='ocrx_word' id='word_1_761' title='bbox 3606 4270 3767 4328; x_wconf 88' lang='lat' dir='ltr'><strong>salu-</strong></span> 
     </span>
    </p>
   </div>
   <div class='ocr_carea' id='block_1_103' title="bbox 2114 4353 3767 4431">
    <p class='ocr_par' dir='ltr' id='par_1_103' title="bbox 2114 4353 3767 4431">
     <span class='ocr_line' id='line_1_106' title="bbox 2114 4353 3767 4431; baseline 0.005 -22"><span class='ocrx_word' id='word_1_762' title='bbox 2114 4353 2212 4421; x_wconf 89' lang='lat' dir='ltr'><strong>tis,</strong></span> <span class='ocrx_word' id='word_1_763' title='bbox 2248 4354 2351 4408; x_wconf 84' lang='lat' dir='ltr'><strong>fiat</strong></span> <span class='ocrx_word' id='word_1_764' title='bbox 2380 4357 2583 4407; x_wconf 89' lang='lat' dir='ltr'><strong>auctor</strong></span> <span class='ocrx_word' id='word_1_765' title='bbox 2612 4353 2874 4425; x_wconf 86' lang='lat' dir='ltr'><strong>periculi.</strong></span> <span class='ocrx_word' id='word_1_766' title='bbox 2912 4356 2975 4411; x_wconf 93' lang='lat' dir='ltr'><strong>In</strong></span> <span class='ocrx_word' id='word_1_767' title='bbox 3026 4365 3078 4413; x_wconf 80' lang='lat' dir='ltr'><strong>te</strong></span> <span class='ocrx_word' id='word_1_768' title='bbox 3124 4360 3249 4413; x_wconf 89' lang='lat' dir='ltr'><strong>solo</strong></span> <span class='ocrx_word' id='word_1_769' title='bbox 3297 4358 3457 4431; x_wconf 89' lang='lat' dir='ltr'><strong>leges</strong></span> <span class='ocrx_word' id='word_1_770' title='bbox 3486 4377 3625 4417; x_wconf 90' lang='lat' dir='ltr'><strong>suas</strong></span> <span class='ocrx_word' id='word_1_771' title='bbox 3662 4377 3767 4416; x_wconf 83' lang='lat' dir='ltr'><strong>na-</strong></span> 
     </span>
    </p>
   </div>
   <div class='ocr_carea' id='block_1_104' title="bbox 2116 4441 3772 4520">
    <p class='ocr_par' dir='ltr' id='par_1_104' title="bbox 2116 4441 3772 4520">
     <span class='ocr_line' id='line_1_107' title="bbox 2116 4441 3772 4520; baseline 0.004 -21"><span class='ocrx_word' id='word_1_772' title='bbox 2116 4449 2250 4500; x_wconf 87' lang='lat' dir='ltr'><strong>tura</strong></span> <span class='ocrx_word' id='word_1_773' title='bbox 2278 4441 2701 4498; x_wconf 86' lang='lat' dir='ltr'><strong>amiserit.Ideo</strong></span> <span class='ocrx_word' id='word_1_774' title='bbox 2733 4458 2871 4513; x_wconf 82' lang='lat' dir='ltr'><strong>ergo</strong></span> <span class='ocrx_word' id='word_1_775' title='bbox 2920 4450 3093 4515; x_wconf 88' lang='lat' dir='ltr'><strong>putas</strong></span> <span class='ocrx_word' id='word_1_776' title='bbox 3141 4446 3362 4503; x_wconf 89' lang='lat' dir='ltr'><strong>crimen</strong></span> <span class='ocrx_word' id='word_1_777' title='bbox 3396 4447 3596 4514; x_wconf 86' lang='lat' dir='ltr'><strong>latere,</strong></span> <span class='ocrx_word' id='word_1_778' title='bbox 3630 4449 3772 4520; x_wconf 86' lang='lat' dir='ltr'><strong>quia</strong></span> 
     </span>
    </p>
   </div>
   <div class='ocr_carea' id='block_1_105' title="bbox 2040 4532 3773 4620">
    <p class='ocr_par' dir='ltr' id='par_1_105' title="bbox 2040 4532 3773 4620">
     <span class='ocr_line' id='line_1_108' title="bbox 2040 4532 3773 4620; baseline 0.002 -32"><span class='ocrx_word' id='word_1_779' title='bbox 2040 4556 2088 4620; x_wconf 83' lang='lat' dir='ltr'><strong>D</strong></span> <span class='ocrx_word' id='word_1_780' title='bbox 2120 4538 2388 4606; x_wconf 85' lang='lat' dir='ltr'><strong>parentes</strong></span> <span class='ocrx_word' id='word_1_781' title='bbox 2420 4546 2693 4620; x_wconf 86' lang='lat' dir='ltr'><strong>accusare</strong></span> <span class='ocrx_word' id='word_1_782' title='bbox 2742 4548 2856 4585; x_wconf 87' lang='lat' dir='ltr'><strong>non</strong></span> <span class='ocrx_word' id='word_1_783' title='bbox 2911 4532 3161 4591; x_wconf 84' lang='lat' dir='ltr'><strong>debent?</strong></span> <span class='ocrx_word' id='word_1_784' title='bbox 3193 4537 3302 4592; x_wconf 91' lang='lat' dir='ltr'><strong>Sed</strong></span> <span class='ocrx_word' id='word_1_785' title='bbox 3350 4554 3417 4594; x_wconf 89' lang='lat' dir='ltr'><strong>eo</strong></span> <span class='ocrx_word' id='word_1_786' title='bbox 3458 4539 3646 4609; x_wconf 88' lang='lat' dir='ltr'><strong>major</strong></span> <span class='ocrx_word' id='word_1_787' title='bbox 3682 4541 3773 4593; x_wconf 91' lang='lat' dir='ltr'><strong>est</strong></span> 
     </span>
    </p>
   </div>
   <div class='ocr_carea' id='block_1_106' title="bbox 2120 4619 3768 4682">
    <p class='ocr_par' dir='ltr' id='par_1_106' title="bbox 2120 4619 3768 4682">
     <span class='ocr_line' id='line_1_109' title="bbox 2120 4619 3768 4682; baseline 0.001 -5"><span class='ocrx_word' id='word_1_788' title='bbox 2120 4619 2527 4677; x_wconf 86' lang='lat' dir='ltr'><strong>condemnatio</strong></span> <span class='ocrx_word' id='word_1_789' title='bbox 2563 4627 2681 4675; x_wconf 85' lang='lat' dir='ltr'><strong>tua.</strong></span> <span class='ocrx_word' id='word_1_790' title='bbox 2715 4620 2862 4675; x_wconf 89' lang='lat' dir='ltr'><strong>Nam</strong></span> <span class='ocrx_word' id='word_1_791' title='bbox 2895 4623 2944 4677; x_wconf 87' lang='lat' dir='ltr'><strong>si</strong></span> <span class='ocrx_word' id='word_1_792' title='bbox 2977 4623 3156 4680; x_wconf 89' lang='lat' dir='ltr'><strong>chara</strong></span> <span class='ocrx_word' id='word_1_793' title='bbox 3185 4626 3637 4682; x_wconf 89' lang='lat' dir='ltr'><strong>necessitudinis</strong></span> <span class='ocrx_word' id='word_1_794' title='bbox 3668 4641 3768 4679; x_wconf 86' lang='lat' dir='ltr'><strong>no-</strong></span> 
     </span>
    </p>
   </div>
   <div class='ocr_carea' id='block_1_107' title="bbox 2125 4710 3768 4786">
    <p class='ocr_par' dir='ltr' id='par_1_107' title="bbox 2125 4710 3768 4786">
     <span class='ocr_line' id='line_1_110' title="bbox 2125 4710 3768 4786; baseline -0.001 -22"><span class='ocrx_word' id='word_1_795' title='bbox 2125 4710 2284 4765; x_wconf 88' lang='lat' dir='ltr'><strong>mina</strong></span> <span class='ocrx_word' id='word_1_796' title='bbox 2333 4725 2605 4763; x_wconf 84' lang='lat' dir='ltr'><strong>accusare</strong></span> <span class='ocrx_word' id='word_1_797' title='bbox 2636 4726 2749 4763; x_wconf 87' lang='lat' dir='ltr'><strong>non</strong></span> <span class='ocrx_word' id='word_1_798' title='bbox 2785 4710 3021 4780; x_wconf 87' lang='lat' dir='ltr'><strong>debent,</strong></span> <span class='ocrx_word' id='word_1_799' title='bbox 3052 4713 3237 4771; x_wconf 88' lang='lat' dir='ltr'><strong>multo</strong></span> <span class='ocrx_word' id='word_1_800' title='bbox 3289 4714 3477 4786; x_wconf 90' lang='lat' dir='ltr'><strong>magis</strong></span> <span class='ocrx_word' id='word_1_801' title='bbox 3522 4728 3633 4765; x_wconf 89' lang='lat' dir='ltr'><strong>non</strong></span> <span class='ocrx_word' id='word_1_802' title='bbox 3671 4711 3768 4763; x_wconf 84' lang='lat' dir='ltr'><strong>de-</strong></span> 
     </span>
    </p>
   </div>
   <div class='ocr_carea' id='block_1_108' title="bbox 2124 4796 3773 4864">
    <p class='ocr_par' dir='ltr' id='par_1_108' title="bbox 2124 4796 3773 4864">
     <span class='ocr_line' id='line_1_111' title="bbox 2124 4796 3773 4864; baseline -0.002 -11"><span class='ocrx_word' id='word_1_803' title='bbox 2124 4798 2265 4853; x_wconf 88' lang='lat' dir='ltr'><strong>bent</strong></span> <span class='ocrx_word' id='word_1_804' title='bbox 2293 4796 2574 4851; x_wconf 88' lang='lat' dir='ltr'><strong>occidere.</strong></span> <span class='ocrx_word' id='word_1_805' title='bbox 2627 4798 2737 4854; x_wconf 86' lang='lat' dir='ltr'><strong>Sed</strong></span> <span class='ocrx_word' id='word_1_806' title='bbox 2771 4799 2820 4853; x_wconf 89' lang='lat' dir='ltr'><strong>si</strong></span> <span class='ocrx_word' id='word_1_807' title='bbox 2875 4817 2966 4856; x_wconf 89' lang='lat' dir='ltr'><strong>me</strong></span> <span class='ocrx_word' id='word_1_808' title='bbox 3013 4806 3218 4858; x_wconf 88' lang='lat' dir='ltr'><strong>testem</strong></span> <span class='ocrx_word' id='word_1_809' title='bbox 3266 4800 3498 4864; x_wconf 89' lang='lat' dir='ltr'><strong>abnuis,</strong></span> <span class='ocrx_word' id='word_1_810' title='bbox 3530 4801 3586 4852; x_wconf 88' lang='lat' dir='ltr'><strong>et</strong></span> <span class='ocrx_word' id='word_1_811' title='bbox 3613 4796 3773 4851; x_wconf 83' lang='lat' dir='ltr'><strong>retu-</strong></span> 
     </span>
    </p>
   </div>
   <div class='ocr_carea' id='block_1_109' title="bbox 2125 4885 3774 4962">
    <p class='ocr_par' dir='ltr' id='par_1_109' title="bbox 2125 4885 3774 4962">
     <span class='ocr_line' id='line_1_112' title="bbox 2125 4885 3774 4962; baseline -0.001 -21"><span class='ocrx_word' id='word_1_812' title='bbox 2125 4886 2216 4959; x_wconf 89' lang='lat' dir='ltr'><strong>gis</strong></span> <span class='ocrx_word' id='word_1_813' title='bbox 2246 4885 2556 4951; x_wconf 80' lang='lat' dir='ltr'><strong>arbitrum,</strong></span> <span class='ocrx_word' id='word_1_814' title='bbox 2590 4904 2696 4945; x_wconf 86' lang='lat' dir='ltr'><strong>vox</strong></span> <span class='ocrx_word' id='word_1_815' title='bbox 2727 4890 3035 4962; x_wconf 84' lang='lat' dir='ltr'><strong>sanguinis</strong></span> <span class='ocrx_word' id='word_1_816' title='bbox 3086 4889 3281 4945; x_wconf 78' lang='lat' dir='ltr'><strong>fratris</strong></span> <span class='ocrx_word' id='word_1_817' title='bbox 3328 4888 3416 4943; x_wconf 88' lang='lat' dir='ltr'><strong>tui</strong></span> <span class='ocrx_word' id='word_1_818' title='bbox 3466 4885 3633 4941; x_wconf 88' lang='lat' dir='ltr'><strong>testis</strong></span> <span class='ocrx_word' id='word_1_819' title='bbox 3662 4887 3774 4953; x_wconf 87' lang='lat' dir='ltr'><strong>est,</strong></span> 
     </span>
    </p>
   </div>
   <div class='ocr_carea' id='block_1_110' title="bbox 2128 4973 3776 5049">
    <p class='ocr_par' dir='ltr' id='par_1_110' title="bbox 2128 4973 3776 5049">
     <span class='ocr_line' id='line_1_113' title="bbox 2128 4973 3776 5049; baseline -0.001 -19"><span class='ocrx_word' id='word_1_820' title='bbox 2128 4992 2255 5048; x_wconf 68' lang='lat' dir='ltr'><strong>quae</strong></span> <span class='ocrx_word' id='word_1_821' title='bbox 2286 4974 2357 5031; x_wconf 90' lang='lat' dir='ltr'><strong>ad</strong></span> <span class='ocrx_word' id='word_1_822' title='bbox 2386 4991 2478 5030; x_wconf 91' lang='lat' dir='ltr'><strong>me</strong></span> <span class='ocrx_word' id='word_1_823' title='bbox 2506 4975 2739 5033; x_wconf 88' lang='lat' dir='ltr'><strong>clamat.</strong></span> <span class='ocrx_word' id='word_1_824' title='bbox 2786 4976 2891 5033; x_wconf 89' lang='lat' dir='ltr'><strong>Illa</strong></span> <span class='ocrx_word' id='word_1_825' title='bbox 2939 4983 2995 5034; x_wconf 89' lang='lat' dir='ltr'><strong>te</strong></span> <span class='ocrx_word' id='word_1_826' title='bbox 3034 4979 3254 5049; x_wconf 74' lang='lat' dir='ltr'><strong>majore</strong></span> <span class='ocrx_word' id='word_1_827' title='bbox 3303 4973 3647 5031; x_wconf 89' lang='lat' dir='ltr'><strong>auctoritate</strong></span> <span class='ocrx_word' id='word_1_828' title='bbox 3689 4990 3776 5028; x_wconf 89' lang='lat' dir='ltr'><strong>ar-</strong></span> 
     </span>
    </p>
   </div>
   <div class='ocr_carea' id='block_1_111' title="bbox 2130 5062 3777 5137">
    <p class='ocr_par' dir='ltr' id='par_1_111' title="bbox 2130 5062 3777 5137">
     <span class='ocr_line' id='line_1_114' title="bbox 2130 5062 3777 5137; baseline 0 -19"><span class='ocrx_word' id='word_1_829' title='bbox 2130 5064 2276 5137; x_wconf 89' lang='lat' dir='ltr'><strong>guit,</strong></span> <span class='ocrx_word' id='word_1_830' title='bbox 2309 5082 2484 5137; x_wconf 88' lang='lat' dir='ltr'><strong>quam</strong></span> <span class='ocrx_word' id='word_1_831' title='bbox 2519 5066 2569 5121; x_wconf 91' lang='lat' dir='ltr'><strong>si</strong></span> <span class='ocrx_word' id='word_1_832' title='bbox 2600 5067 2778 5123; x_wconf 90' lang='lat' dir='ltr'><strong>frater</strong></span> <span class='ocrx_word' id='word_1_833' title='bbox 2807 5066 3036 5123; x_wconf 89' lang='lat' dir='ltr'><strong>viveret.</strong></span> <span class='ocrx_word' id='word_1_834' title='bbox 3068 5065 3184 5123; x_wconf 90' lang='lat' dir='ltr'><strong>Soli</strong></span> <span class='ocrx_word' id='word_1_835' title='bbox 3214 5063 3418 5121; x_wconf 79' lang='lat' dir='ltr'><strong>eratis:</strong></span> <span class='ocrx_word' id='word_1_836' title='bbox 3455 5062 3590 5135; x_wconf 89' lang='lat' dir='ltr'><strong>quis</strong></span> <span class='ocrx_word' id='word_1_837' title='bbox 3640 5077 3777 5119; x_wconf 88' lang='lat' dir='ltr'><strong>eum</strong></span> 
     </span>
    </p>
   </div>
   <div class='ocr_carea' id='block_1_112' title="bbox 2226 5276 3721 5351">
    <p class='ocr_par' dir='ltr' id='par_1_112' title="bbox 2226 5276 3721 5351">
     <span class='ocr_line' id='line_1_115' title="bbox 2226 5276 3721 5351; baseline -0.001 -17"><span class='ocrx_word' id='word_1_838' title='bbox 2226 5281 2314 5351; x_wconf 77' lang='lat' dir='ltr'><strong>6i)</strong></span> <span class='ocrx_word' id='word_1_839' title='bbox 2346 5279 2542 5334; x_wconf 80' lang='lat' dir='ltr'><strong>Montes</strong></span> <span class='ocrx_word' id='word_1_840' title='bbox 2574 5295 2647 5351; x_wconf 55' lang='grc' dir='ltr'><strong>τηζ</strong></span> <span class='ocrx_word' id='word_1_841' title='bbox 2676 5278 2734 5332; x_wconf 92' lang='lat' dir='ltr'><strong>in</strong></span> <span class='ocrx_word' id='word_1_842' title='bbox 2768 5276 2891 5351; x_wconf 82' lang='lat' dir='ltr'><strong>sola</strong></span> <span class='ocrx_word' id='word_1_843' title='bbox 2922 5277 3088 5332; x_wconf 86' lang='lat' dir='ltr'><strong>Rom.</strong></span> <span class='ocrx_word' id='word_1_844' title='bbox 3123 5277 3260 5351; x_wconf 90' lang='lat' dir='ltr'><strong>edit.</strong></span> <span class='ocrx_word' id='word_1_845' title='bbox 3291 5276 3721 5351; x_wconf 73' lang='lat' dir='ltr'><strong>desiderantur.</strong></span> 
     </span>
    </p>
   </div>
   <div class='ocr_carea' id='block_1_113' title="bbox 2206 5280 3783 5423">
    <p class='ocr_par' dir='ltr' id='par_1_113' title="bbox 2206 5280 3783 5423">
     <span class='ocr_line' id='line_1_116' title="bbox 2226 5280 3721 5351; baseline -0.001 -17"><span class='ocrx_word' id='word_1_846' title='bbox 2226 5281 2314 5351; x_wconf 77' lang='lat' dir='ltr'><strong>6i)</strong></span> <span class='ocrx_word' id='word_1_847' title='bbox 2346 5280 2542 5334; x_wconf 80' lang='lat' dir='ltr'><strong>Montes</strong></span> <span class='ocrx_word' id='word_1_848' title='bbox 2574 5295 2647 5333; x_wconf 89' lang='lat' dir='ltr'><strong>m.</strong></span> <span class='ocrx_word' id='word_1_849' title='bbox 2676 5280 2734 5332; x_wconf 92' lang='lat' dir='ltr'><strong>in</strong></span> <span class='ocrx_word' id='word_1_850' title='bbox 2768 5280 2891 5331; x_wconf 87' lang='lat' dir='ltr'><strong>sola</strong></span> <span class='ocrx_word' id='word_1_851' title='bbox 2922 5280 3088 5332; x_wconf 85' lang='lat' dir='ltr'><strong>Rom.</strong></span> <span class='ocrx_word' id='word_1_852' title='bbox 3123 5280 3260 5334; x_wconf 88' lang='lat' dir='ltr'><strong>edit.</strong></span> <span class='ocrx_word' id='word_1_853' title='bbox 3291 5280 3721 5335; x_wconf 88' lang='lat' dir='ltr'><strong>desiderantur.</strong></span> 
     </span>
     <span class='ocr_line' id='line_1_117' title="bbox 2206 5280 3783 5423; baseline -0.003 -17"><span class='ocrx_word' id='word_1_854' title='bbox 2206 5280 2315 5423; x_wconf 46' lang='lat'><strong>£65)</strong></span> <span class='ocrx_word' id='word_1_855' title='bbox 2349 5351 2456 5423; x_wconf 76' lang='lat' dir='ltr'><strong>Ms.</strong></span> <span class='ocrx_word' id='word_1_856' title='bbox 2494 5349 2696 5416; x_wconf 89' lang='lat' dir='ltr'><strong>Laud.,</strong></span> <span class='ocrx_word' id='word_1_857' title='bbox 2714 5363 2826 5423; x_wconf 50' lang='lat' dir='ltr'><strong>nec</strong></span> <span class='ocrx_word' id='word_1_858' title='bbox 2852 5348 3107 5420; x_wconf 83' lang='lat' dir='ltr'><strong>dejurare</strong></span> <span class='ocrx_word' id='word_1_859' title='bbox 3135 5350 3373 5423; x_wconf 78' lang='lat' dir='ltr'><strong>culpam.</strong></span> <span class='ocrx_word' id='word_1_860' title='bbox 3425 5349 3637 5407; x_wconf 89' lang='lat' dir='ltr'><strong>Melius</strong></span> <span class='ocrx_word' id='word_1_861' title='bbox 3684 5347 3783 5405; x_wconf 88' lang='lat' dir='ltr'><strong>alii</strong></span> 
     </span>
    </p>
   </div>
   <div class='ocr_carea' id='block_1_114' title="bbox 2135 5419 3861 5494">
    <p class='ocr_par' dir='ltr' id='par_1_114' title="bbox 2135 5419 3861 5494">
     <span class='ocr_line' id='line_1_118' title="bbox 2135 5419 3861 5494; baseline -0.002 -15"><span class='ocrx_word' id='word_1_862' title='bbox 2135 5431 2189 5479; x_wconf 90' lang='lat' dir='ltr'><strong>el</strong></span> <span class='ocrx_word' id='word_1_863' title='bbox 2215 5419 2382 5490; x_wconf 66' lang='lat' dir='ltr'><strong>edit,</strong></span> <span class='ocrx_word' id='word_1_864' title='bbox 2414 5422 2681 5494; x_wconf 72' lang='lat' dir='ltr'><strong>derivare.</strong></span> <span class='ocrx_word' id='word_1_865' title='bbox 2714 5419 2815 5494; x_wconf 73' lang='lat' dir='ltr'><strong>Est</strong></span> <span class='ocrx_word' id='word_1_866' title='bbox 2845 5425 3042 5476; x_wconf 88' lang='lat' dir='ltr'><strong>autem</strong></span> <span class='ocrx_word' id='word_1_867' title='bbox 3073 5419 3305 5494; x_wconf 82' lang='lat' dir='ltr'><strong>culpam</strong></span> <span class='ocrx_word' id='word_1_868' title='bbox 3337 5422 3619 5492; x_wconf 85' lang='lat' dir='ltr'><strong>derivare,</strong></span> <span class='ocrx_word' id='word_1_869' title='bbox 3651 5435 3782 5479; x_wconf 89' lang='lat' dir='ltr'><strong>eam</strong></span> <span class='ocrx_word' id='word_1_870' title='bbox 3844 5446 3861 5462; x_wconf 76' lang='grc' dir='ltr'><strong><em>ο</em></strong></span> 
     </span>
    </p>
   </div>
   <div class='ocr_carea' id='block_1_115' title="bbox 2138 5489 2932 5551">
    <p class='ocr_par' dir='ltr' id='par_1_115' title="bbox 2138 5489 2932 5551">
     <span class='ocr_line' id='line_1_119' title="bbox 2138 5489 2932 5551; baseline -0.008 0"><span class='ocrx_word' id='word_1_871' title='bbox 2138 5513 2171 5551; x_wconf 86' lang='lat' dir='ltr'><strong>a</strong></span> <span class='ocrx_word' id='word_1_872' title='bbox 2201 5510 2263 5548; x_wconf 83' lang='grc' dir='ltr'>ερ</span> <span class='ocrx_word' id='word_1_873' title='bbox 2295 5495 2349 5548; x_wconf 90' lang='lat' dir='ltr'><strong>in</strong></span> <span class='ocrx_word' id='word_1_874' title='bbox 2385 5492 2563 5546; x_wconf 87' lang='lat' dir='ltr'><strong>alium</strong></span> <span class='ocrx_word' id='word_1_875' title='bbox 2596 5489 2932 5545; x_wconf 83' lang='lat' dir='ltr'><strong>transferre.</strong></span> 
     </span>
    </p>
   </div>
   <div class='ocr_carea' id='block_1_116' title="bbox 2231 5559 3584 5637">
    <p class='ocr_par' dir='ltr' id='par_1_116' title="bbox 2231 5559 3584 5637">
     <span class='ocr_line' id='line_1_120' title="bbox 2231 5559 3584 5637; baseline 0.001 -17"><span class='ocrx_word' id='word_1_876' title='bbox 2231 5566 2322 5637; x_wconf 84' lang='lat'>66)</span> <span class='ocrx_word' id='word_1_877' title='bbox 2355 5564 2497 5637; x_wconf 66' lang='lat' dir='ltr'><strong>Tres</strong></span> <span class='ocrx_word' id='word_1_878' title='bbox 2527 5576 2667 5616; x_wconf 91' lang='lat' dir='ltr'><strong>mss.</strong></span> <span class='ocrx_word' id='word_1_879' title='bbox 2702 5559 2816 5615; x_wconf 85' lang='lat' dir='ltr'><strong>vult</strong></span> <span class='ocrx_word' id='word_1_880' title='bbox 2840 5564 2896 5637; x_wconf 80' lang='lat' dir='ltr'><strong>te</strong></span> <span class='ocrx_word' id='word_1_881' title='bbox 2922 5579 3221 5636; x_wconf 82' lang='lat' dir='ltr'><strong>provocare</strong></span> <span class='ocrx_word' id='word_1_882' title='bbox 3247 5562 3316 5621; x_wconf 84' lang='lat' dir='ltr'><strong>ad</strong></span> <span class='ocrx_word' id='word_1_883' title='bbox 3345 5566 3584 5624; x_wconf 84' lang='lat' dir='ltr'><strong>veniam.</strong></span> 
     </span>
    </p>
   </div>
   <div class='ocr_carea' id='block_1_117' title="bbox 2210 5568 3255 5711">
    <p class='ocr_par' dir='ltr' id='par_1_117' title="bbox 2210 5568 3255 5711">
     <span class='ocr_line' id='line_1_121' title="bbox 2231 5568 3255 5637; baseline -0.002 -16"><span class='ocrx_word' id='word_1_884' title='bbox 2231 5568 2322 5637; x_wconf 84' lang='lat'>66)</span> <span class='ocrx_word' id='word_1_885' title='bbox 2355 5568 2497 5618; x_wconf 71' lang='lat' dir='ltr'><strong>Tres</strong></span> <span class='ocrx_word' id='word_1_886' title='bbox 2527 5576 2667 5616; x_wconf 91' lang='lat' dir='ltr'><strong>mss.</strong></span> <span class='ocrx_word' id='word_1_887' title='bbox 2702 5568 2816 5615; x_wconf 73' lang='lat' dir='ltr'><strong>vult</strong></span> <span class='ocrx_word' id='word_1_888' title='bbox 2847 5568 2896 5618; x_wconf 86' lang='lat' dir='ltr'><strong>te</strong></span> <span class='ocrx_word' id='word_1_889' title='bbox 2922 5579 3221 5636; x_wconf 83' lang='lat' dir='ltr'><strong>provocare</strong></span> <span class='ocrx_word' id='word_1_890' title='bbox 3247 5585 3255 5619; x_wconf 68' lang='lat'><strong>4</strong></span> 
     </span>
     <span class='ocr_line' id='line_1_122' title="bbox 2210 5568 3255 5711; baseline -0.001 -17"><span class='ocrx_word' id='word_1_891' title='bbox 2210 5568 2323 5711; x_wconf 50' lang='lat'><strong>£67)</strong></span> <span class='ocrx_word' id='word_1_892' title='bbox 2354 5634 2617 5703; x_wconf 87' lang='lat' dir='ltr'><strong>Div.,non</strong></span> <span class='ocrx_word' id='word_1_893' title='bbox 2648 5635 2956 5706; x_wconf 84' lang='lat' dir='ltr'><strong>agnovisset</strong></span> <span class='ocrx_word' id='word_1_894' title='bbox 2985 5638 3255 5711; x_wconf 72' lang='lat' dir='ltr'><strong>effectum.</strong></span> 
     </span>
    </p>
   </div>
  </div>
