4166 6154
499 354 632 427 ῗθτΰ

1975 359 2040 421 8.
2087 357 2466 422 AMBROSII

3773 368 3874 429 3'16

515 493 706 572 potuit
735 491 881 553 alter
907 493 1205 554 occidere?
1229 493 1290 552 Si
1321 509 1562 551 accusas
1596 497 1884 566 parentes,
1917 490 2164 566 parrici-
2191 493 2246 560 Α
2273 491 2399 550 Non
2429 494 2519 550 est
2546 508 2684 566 ergo
2715 491 2962 550 dubium
2994 492 3146 566 quod
3176 509 3312 552 eum
3340 496 3396 551 et
3425 493 3706 570 superiora
3732 485 3875 560 dam-

517 588 653 645 dam
685 586 918 659 probas.
943 586 1136 642 Potuit
1166 586 1400 640 fratrem
1435 583 1716 651 occidere,
1751 583 1851 655 qui
1884 601 1998 638 non
2031 600 2167 653 par-

518 676 598 734 cit
625 675 990 748 parentibus.
1042 673 1233 730 Potuit
1281 673 1570 746 parricida
1599 675 1753 730 220
1783 689 1930 741 esse,
1964 671 2064 745 qui
2097 673 2167 729 de

517 766 829 840 parricidis
851 782 911 821 se
937 769 1126 820 ortum
1158 763 1404 834 probare
1435 764 1745 819 desiderat.

589 856 680 912 30.
708 859 778 910 Et
807 855 951 909 bene
977 852 1060 907 ait
1091 867 1103 905 :
1143 853 1252 908 Vox
1279 853 1565 922 sanguinis
1594 854 1790 923 fratris
1809 854 1894 907 tui
1939 853 2168 918 clamat,

520 961 637 1000 non
670 945 849 999 frater
876 939 1108 996 clamat.
1159 940 1277 996 Hoc
1325 941 1658 997 innocentia
1704 945 1761 996 et
1806 941 1995 1012 gratia
2037 956 2164 1012 ger-

519 1030 821 1088 manitatis
850 1027 1025 1084 etiam
1052 1029 1111 1083 in
1144 1030 1272 1101 ipsa
1302 1033 1487 1085 morte
1518 1034 1708 1085 servat
1739 1029 1870 1101 (68).
1903 1029 2028 1084 Non
2071 1045 2164 1083 ac-

517 1123 686 1177 cusat
713 1120 892 1175 frater
918 1117 1081 1184 Abel,
1114 1135 1186 1173 ne
1233 1118 1502 1174 videatur
1552 1118 1860 1191 parricida.
1895 1119 2019 1173 Non
2071 1134 2164 1173 ac—

517 1214 686 1267 cusat
712 1225 819 1264 vox
852 1207 1060 1280 ipsius,
1095 1225 1208 1263 non
1238 1208 1436 1263 anima
1465 1209 1613 1279 ejus,
1648 1208 1750 1264 sed
1783 1224 1888 1262 vox
1927 1206 2164 1279 sangui-

516 1300 610 1356 nis
667 1301 923 1363 accusat,
975 1315 1148 1370 quem
1208 1300 1333 1371 ipse
1390 1297 1610 1353 fudisti.
1663 1297 1856 1352 Tuum
1914 1300 1970 1352 te
2027 1312 2164 1369 ergo

515 1389 764 1454 facinus,
799 1405 913 1443 non
963 1387 1141 1443 frater
1188 1386 1640 1444 accusat.Simul
1686 1385 1923 1457 querela
1969 1385 2164 1440 crimi-

517 1495 662 1535 noso
693 1477 806 1551 (69)
839 1477 1271 1532 adimitur.Non
1304 1480 1496 1548 potest
1525 1476 1595 1530 de
1623 1475 1810 1530 alieno
1833 1474 2166 1530 testimonio

518 1567 706 1639 queri,
767 1565 868 1638 qui
924 1564 1144 1621 crimen
1205 1563 1435 1637 proprio
1511 1564 1765 1619 facinore
1835 1563 2164 1619 confitetur.

519 1656 712 1714 Minor
757 1659 847 1711 est
895 1670 1107 1721 sermo,
1143 1670 1320 1726 quam
1358 1653 1598 1708 factum.
1632 1654 1735 1708 Est
1764 1656 1958 1708 tamen
1990 1652 2164 1708 etiam

517 1748 675 1800 terra
702 1743 890 1811 testis,
926 1759 1052 1814 quae
1101 1742 1251 1814 cepit
1298 1741 1669 1814 sanguinem.
1706 1742 1773 1796 Et
1819 1741 1966 1796 bene
2016 1741 2098 1797 ait
2149 1757 2163 1798 :

2277 582 2559 651 naverint,
2614 599 2790 654 quem
2839 582 3115 641 inferiora
3160 585 3530 642 damnarunt.
3572 586 3706 644 Nam
3754 607 3878 661 quo-

2277 672 2449 727 modo
2517 671 2840 728 absolvitur
2905 689 3052 748 pura
3118 672 3238 728 illic
3305 673 3624 748 caelestique
3683 682 3882 735 senten-

2273 760 2358 815 tia
2414 761 2527 831 (71)
2582 777 2757 832 quem
2821 778 2926 817 nec
2991 766 3155 818 terra:
3224 766 3533 834 potuerunt
3586 764 3887 824 absolvere?

2274 849 2345 904 Et
2375 849 2502 905 ideo
2533 865 2774 922 gemens
2807 854 2865 906 et
2892 854 3150 908 tremens
3173 851 3418 924 jubetur
3445 869 3567 908 esse
3597 871 3760 926 super
3785 860 3882 911 ter-

2277 955 2404 994 ram
2413 982 2426 994 .

2345 1028 2432 1082 32.
2469 1027 2715 1083 Evidens
2763 1028 3168 1101 generalisque
3217 1029 3384 1097 ratio,
3416 1030 3551 1104 quia
3605 1033 3752 1086 omni
3793 1034 3884 1090 im-

2275 1117 2456 1188 probo
2489 1116 2643 1172 mala
2672 1118 2906 1186 adsunt,
2937 1123 2992 1174 et
3023 1119 3295 1174 adfutura
3328 1123 3483 1175 sunt.
3517 1121 3646 1186 Quae
3677 1121 3888 1189 adsunt,

2274 1205 2575 1260 tristitiam
2642 1210 2988 1278 operantur;
3060 1225 3187 1279 qua;
3255 1207 3470 1278 futura,
3529 1208 3887 1267 formidinem.

2275 1294 2387 1352 Sed
2420 1293 2756 1366 improbum
2789 1295 2922 1368 plus
2954 1295 3277 1368 praesentia,
3305 1313 3482 1370 quam
3526 1297 3717 1353 futura
3757 1299 3886 1370 221

2276 1382 2612 1439 sollicitant.
2647 1383 2810 1439 Unde
2858 1388 2915 1439 et
2959 1385 3095 1442 Cain
3144 1384 3288 1440 dixit
3335 1385 3406 1440 ad
3457 1385 3636 1442 Deum
3687 1402 3700 1441 :
3745 1373 3894 1458 Major

2275 1488 2443 1527 causa
2470 1488 2592 1527 mea
2621 1476 2720 1537 est,
2751 1490 2915 1544 quam
2959 1481 3020 1529 ut
3057 1475 3368 1530 dimittatur
3395 1474 3556 1529 mihi.
3589 1473 3648 1530 Si
3680 1475 3892 1532 derelin-

2277 1577 2407 1632 ques
2434 1577 2520 1617 me
2550 1562 2731 1630 hodie,
2777 1579 2813 1618 a
2856 1563 2997 1632 facie
3044 1567 3140 1618 tua
3187 1563 3513 1620 abscondam
3543 1580 3627 1620 me
3652 1562 3792 1636 (Gen.
3829 1581 3895 1633 1v,

2277 1650 2367 1717 13,
2409 1650 2513 1721 M).
2549 1648 2708 1706 Nihil
2740 1650 2896 1707 enim
2929 1651 3164 1724 gravius
3194 1669 3371 1726 quam
3403 1657 3690 1708 errantem
3734 1670 3766 1708 a
3797 1653 3896 1710 Deo

2277 1738 2490 1808 deseri,
2522 1743 2588 1795 ut
2618 1756 2679 1795 se
2710 1755 2976 1796 revocare
3025 1757 3140 1796 non
3185 1740 3392 1813 possit.
3427 1741 3582 1797 Mors
3609 1741 3900 1814 peccatoris

520 1832 978 1926 sanguinis
1017 1832 1213 1926 fratris
1243 1831 1353 1926 ptui
1403 1829 1470 1884 de
1526 1829 1934 1926 ἰῶτα-εἶξινηαί
1980 1845 1999 1883 :
2050 1844 2166 1926 non
2198 1859 2248 1926 B
2279 1827 2457 1926 finem
2488 1829 2770 1926 peccandi.
2795 1829 2962 1885 affert
3007 1847 3029 1926 τ’
3070 1829 3188 1926 vita
3238 1833 3438 1926 autem
3486 1830 3676 1926 divino
3712 1830 3898 1904 guber-

520 1919 684 1987 dixit,
719 1920 788 1974 de
819 1919 1015 1975 fratris
1045 1919 1260 1975 clamat
1304 1933 1564 1990 corpore,
1611 1918 1713 1973 sed
1752 1917 1818 1974 de
1847 1920 1999 1972 terra
2045 1918 2165 1973 cla-

516 2016 651 2064 mat.
716 2006 788 2063 Et
846 2008 898 2064 si
956 2008 1134 2064 frater
1191 2006 1394 2079 parcit,
1448 2010 1604 2062 terra
1660 2021 1774 2061 non
1834 2005 2038 2078 parcit.
2105 2006 2165 2062 Si

519 2098 701 2154 frater
729 2100 902 2163 tacet,
952 2101 1108 2152 terra
1153 2096 1525 2152 condemnat.
1574 2095 1707 2171 Ipsa
1753 2098 1860 2160 est,
1909 2095 1969 2150 in
2013 2098 2070 2150 te
2114 2099 2170 2151 et

517 2185 690 2243 testis
719 2190 774 2242 et
797 2186 980 2257 judex
1009 2203 1022 2240 :
1056 2184 1227 2241 testis
1259 2185 1465 2251 acrior,
1491 2201 1618 2256 quae
1649 2183 1839 2239 adhuc
1872 2183 2169 2256 parricidii

516 2275 607 2331 tui
633 2275 921 2347 sanguine
961 2274 1157 2330 madet
1210 2290 1224 2328 :
1269 2273 1453 2345 judex
1499 2271 1778 2344 asperior,
1832 2289 1959 2346 quas
2006 2276 2168 2329 tanto

520 2363 738 2422 scelere
769 2363 1148 2434 coinquinata
1204 2366 1314 2433 est,
1346 2366 1411 2417 ut
1461 2361 1710 2433 aperiret
1755 2378 1819 2417 os
1869 2378 2066 2426 suum,
2113 2366 2171 2418 et

519 2453 811 2525 exciperet
840 2453 1186 2525 sanguinem
1238 2450 1438 2508 fratris
1483 2449 1570 2506 tui
1617 2451 1687 2505 de
1737 2467 1916 2505 manu
1947 2454 2066 2506 tua.
2099 2451 2170 2506 Et

519 2541 622 2599 illa
646 2541 884 2614 quidem
936 2541 1163 2612 aperuit
1211 2557 1276 2596 os
1320 2555 1518 2607 suum,
1552 2539 1722 2610 quasi
1761 2543 2073 2612 exceptura
2100 2540 2171 2596 de

517 2630 800 2688 fratribus
832 2630 1009 2685 verba
1037 2629 1292 2702 pietatis,
1327 2628 1472 2684 nihil
1519 2627 1735 2684 timens
1780 2645 1914 2684 cum
1963 2628 2170 2684 fratres

517 2719 760 2788 videret,
799 2734 930 2791 quae
960 2718 1135 2774 sciret
1156 2719 1258 2790 jus
1290 2716 1696 2791 germanitatis
1722 2717 1942 2772 amoris
1971 2716 2168 2772 incen-

511 2809 704 2866 tivum
734 2823 884 2877 esse,
918 2824 1034 2863 non
1065 2807 1203 2863 odii.
1235 2807 1382 2862 Nam
1432 2806 1723 2878 quomodo
1775 2808 1999 2876 poterat
2039 2822 2170 2878 par-

515 2897 793 2954 ricidium
815 2900 1173 2968 suspectare,
1208 2911 1333 2967 quae
1366 2895 1559 2950 adhuc
1589 2911 1705 2949 non
1736 2893 1958 2950 viderat
1989 2893 2174 2950 homi-

519 2985 784 3042 cidium?
812 2984 924 3040 Sed
956 2989 1019 3040 tu
1046 2983 1305 3039 elfudisti
1345 2982 1715 3055 sanguinem,
1749 2982 1920 3054 cujus
1968 2981 2171 3038 dolens

519 3074 651 3147 ipsa
678 3071 1014 3146 contagium
1049 3089 1061 3128 :
1095 3073 1210 3128 Non
1237 3073 1456 3142 augebit
1484 3071 1618 3143 (70),
1657 3069 1869 3142 inquit,
1914 3071 2173 3128 virtutem

522 3180 681 3222 suam
724 3163 858 3219 dare
903 3163 1004 3218 tibi
1048 3161 1218 3232 (Ibid.
1271 3162 1381 3228 12).
1433 3162 1618 3224 Quam
1674 3159 1954 3215 innocens
2001 3159 2167 3230 ultio,

2279 1917 2487 1973 naculo
2537 1917 2816 1974 destituta
2863 1917 3275 1992 praecipitatur,
3308 1922 3366 1974 et
3396 1918 3454 1974 in
3487 1918 3746 1992 graviora
3786 1936 3901 1992 pro-

2275 2005 2522 2075 labitur;
2557 2009 2624 2062 ut
2665 2009 2714 2061 si
2757 2022 2993 2080 gregem
3037 2011 3236 2080 pastor
3285 2007 3600 2082 relinquat,
3630 2008 3904 2068 incursent

2278 2093 2475 2150 bestiae
2511 2110 2524 2149 :
2557 2093 2641 2150 ita
2687 2111 2821 2150 cum
2875 2099 3027 2152 Deus
3076 2095 3294 2152 deserit
3339 2097 3663 2165 hominem,
3709 2095 3905 2169 ingruit

2279 2183 2568 2240 diabolus.
2613 2184 2795 2241 Grave
2841 2189 2929 2241 est
2973 2185 3296 2258 praesertim
3329 2185 3745 2259 insipientibus
3803 2202 3903 2241 non

2277 2272 2493 2328 habere
2522 2276 2825 2329 rectorem.
2874 2273 3069 2345 Serpit
3119 2273 3363 2342 malitia,
3398 2274 3618 2332 vulnus
3663 2277 3904 2346 augetur,

2278 2361 2379 2416 ubi
2437 2361 2725 2417 medicina
2775 2362 3043 2419 defuerit.
3099 2363 3425 2420 Abscondit
3482 2381 3545 2419 se
3597 2368 3785 2419 autem
3825 2361 3910 2434 qui

2276 2448 2470 2506 velare
2544 2450 2667 2505 vult
2734 2450 2988 2523 culpam,
3058 2455 3115 2507 et
3179 2455 3375 2526 tegere
3422 2455 3755 2526 peccatum.
3821 2450 3913 2516 Qui

2279 2539 2435 2595 enim
2489 2539 2640 2595 male
2673 2539 2792 2613 agit
2821 2541 2944 2595 odit
2971 2538 3258 2609 1ucem,et
3287 2541 3574 2598 tenebras
3612 2544 3668 2597 et
3695 2557 3913 2597 suorum

2281 2628 2489 2700 quaerit
2519 2627 2765 2684 latibula
2796 2628 3163 2685 delictorum.
3195 2629 3400 2687 Justus
3431 2634 3640 2686 autem
3664 2647 3771 2688 non
3800 2629 3916 2686 abs-

2282 2717 2532 2772 condere
2563 2732 2626 2772 se
2658 2734 2692 2772 a
2723 2716 2969 2772 Domino
3002 2719 3116 2774 Deo
3147 2735 3278 2786 suo,
3309 2719 3410 2774 sed
3470 2720 3598 2794 ipse
3647 2720 3825 2793 magis
3865 2734 3919 2774 se

2285 2804 2493 2860 offerre
2520 2806 2824 2861 consuevit
2866 2807 3115 2862 dicens:
3161 2807 3302 2862 Ecce
3325 2824 3472 2863 sum
3522 2824 3628 2884 ego
3677 2806 3772 2881 qui
3815 2823 3916 2862 non

2281 2892 2466 2948 habeo
2533 2893 2909 2950 criminosam
2963 2895 3401 2963 conscientiam,
3468 2913 3649 2970 quam
3703 2896 3917 2952 timeam

2281 2981 2659 3054 deprehendi.

2352 3071 2440 3126 33.
2475 3069 2679 3127 Merito
2709 3086 2844 3144 ergo
2897 3087 2958 3128 se
3007 3072 3314 3128 abscondit
3356 3073 3522 3130 male
3569 3073 3845 3140 conscius,
3873 3074 3922 3126 et

2285 3158 2366 3214 ait
2400 3176 2413 3213 :
2451 3159 2640 3215 Omnis
2670 3161 2767 3230 qui
2789 3161 3067 3216 invenerit
3111 3177 3215 3230 me,
3266 3161 3477 3218 occidet
3522 3178 3612 3220 me
3641 3160 3791 3235 (Ibid.
3823 3159 3917 3229 14),

525 3257 592 3310 ut
621 3269 749 3326 quae
780 3256 900 3308 tam
933 3229 1184 3323 graviter
1205 3248 1420 3305 violata
1448 3248 1792 3316 fuerit,satis
1817 3247 2040 3305 habens
2059 3229 2174 3306 non
2205 3229 2248 3296 Ο
2289 3248 2563 3320 Augustas
2610 3229 2824 3303 mentis
2877 3247 3051 3304 homo
3104 3229 3458 3321 praesentem
3493 3229 3740 3307 mortem
3778 3264 3921 3305 vere-

524 3343 822 3415 prodesse,
859 3357 975 3396 non
1007 3342 1228 3411 quierat
1258 3353 1484 3393 nocere.

598 3430 687 3485 31.
720 3429 846 3485 Non
887 3427 1178 3483 mediocre
1227 3425 1402 3482 etiam
1450 3426 1664 3497 dogma
1710 3427 1866 3498 quod
1905 3426 2025 3483 ait:
2065 3428 2174 3483 νοω

523 3519 816 3587 sanguinis
869 3518 1062 3589 fratris
1116 3518 1200 3572 tui
1250 3514 1321 3570 ad
1371 3530 1458 3569 me
1516 3515 1718 3570 clamat
1766 3533 1783 3569 :
1833 3514 1973 3587 quia
2018 3515 2172 3573 Deus

515 3607 712 3679 justos
757 3622 896 3662 suos
946 3605 1111 3660 audit
1157 3603 1332 3660 etiam
1374 3607 1656 3672 mortuos,
1717 3603 1994 3676 quoniam
2055 3605 2171 3661 Deo

520 3695 741 3751 vivunt.
775 3695 845 3750 Et
894 3693 1104 3750 merito
1152 3710 1255 3767 pro
1302 3693 1631 3750 viventibus
1679 3692 2000 3760 habentur;
2036 3694 2174 3766 quia

519 3785 696 3842 etiam
729 3784 779 3841 si
810 3783 1070 3857 corporis
1092 3783 1454 3856 gustaverint
1486 3782 1941 3848 mortem,vitam
1974 3786 2170 3839 tamen

518 3873 925 3946 incorporeum
958 3871 1219 3945 capiunt,
1299 3875 1356 3926 et
1433 3869 1848 3926 illuminantur
1928 3887 2170 3927 suorum

518 3962 828 4035 splendore
858 3961 1222 4028 meritorum,
1256 3959 1384 4015 luce
1411 3976 1642 4032 quoque
1683 3959 1958 4014 fruuntur
2005 3964 2168 4016 aeter-

518 4067 616 4109 na.
647 4052 952 4108 Justorum
1002 4066 1137 4123 ergo
1182 4047 1348 4104 audit
1395 4048 1741 4120 sanguinem
1796 4063 1808 4103 :
1865 4048 2071 4103 avertit
2109 4066 2171 4105 se

519 4143 716 4198 autem
764 4156 798 4195 a
843 4139 1118 4211 precibus
1155 4137 1502 4209 impiorum;
1591 4136 1870 4209 quoniam
1937 4137 2169 4194 etiamsi

517 4230 830 4286 videantur
856 4227 1065 4296 vivere,
1099 4226 1433 4282 miseriores
1481 4229 1676 4281 tamen
1727 4229 1864 4281 sunt
1893 4226 2170 4282 omnibus

518 4317 791 4386 mortuis,
825 4331 1061 4372 carnem
1109 4331 1279 4372 suam
1331 4314 1485 4370 sicut
1531 4313 1826 4370 tumulum
1859 4314 2170 4371 circumfe—

519 4410 739 4477 rentes,
797 4405 889 4460 cui
935 4402 1222 4460 infelicem
1275 4403 1612 4460 infoderunt
1661 4403 1922 4459 animam
1975 4421 2166 4460 suam.

515 4494 669 4560 Quid
701 4492 857 4549 enim
885 4493 1046 4549 aliud
1075 4499 1165 4548 est
1193 4509 1366 4565 quam
1403 4492 1653 4564 sepulta,
1687 4508 1814 4563 quae
1863 4491 2016 4547 intra
2059 4491 2168 4547 hu-

520 4580 687 4640 mum
721 4581 991 4652 volvitur,
1023 4585 1082 4637 et
1127 4586 1371 4637 terrenae
1418 4580 1672 4636 avaritiae
1724 4580 2168 4652 cupiditatibus,
2203 4596 2247 4660 ο

517 4670 860 4743 ceterisque
882 4670 1038 4725 vitiis
1068 4669 1408 4736 includitur,
1445 4675 1508 4726 ut
1538 4669 1736 4743 gratim
1768 4670 2018 4725 caelestis
2059 4687 2165 4725 au-

513 4775 655 4820 ram
675 4759 897 4834 spirare
917 4776 1033 4815 non
1051 4759 1278 4831 possit?
1309 4759 1496 4831 Hujus
1527 4759 1684 4813 modi
1707 4763 1974 4830 peccator
1995 4776 2027 4814 a
2052 4762 2165 4814 ter-

514 4867 579 4908 ra
609 4848 958 4906 maledictus
988 4852 1234 4920 est,qua3
1269 4852 1357 4903 est
1385 4847 1590 4903 infima
1621 4851 1676 4902 et
1705 4851 2001 4919 postrema
2031 4864 2166 4919 pars

510 4939 743 4996 mundi.
776 4937 1062 5010 Superius
1111 4937 1312 5009 utique
1361 4937 1594 5007 coelum,
1636 4941 1693 4992 et
1741 4953 1867 5008 quae
1917 4937 1976 4991 in
2025 4935 2166 4992 ccelo

513 5034 675 5095 sunt,
703 5027 811 5096 sol,
839 5026 1002 5094 luna,
1053 5029 1110 5082 et
1158 5025 1360 5094 stellas,
1411 5026 1654 5092 Throni,
1701 5025 2164 5094 Dominationes,

510 5117 904 5190 'Principatus,
939 5121 998 5174 et
1027 5115 1370 5182 Potestates,
1405 5114 1719 5171 Cherubim
1751 5117 1807 5169 et
1837 5112 2164 5185 Seraphim.

589 5268 702 5341 (68)
730 5269 818 5324 Ita
847 5269 983 5323 edit.
1016 5271 1143 5324 tum
1177 5267 1402 5341 priscae,
1435 5270 1581 5341 tum,
1614 5264 1982 5341 recentiores.
2015 5263 2168 5319 Con-

518 5337 612 5394 tra
661 5337 792 5395 vero
839 5355 981 5394 mss.
1018 5337 1240 5405 omnes,
1292 5338 1388 5393 hoc
1427 5341 1524 5404 est,
1560 5337 1931 5391 innocentiam
1959 5343 2010 5390 et
2039 5352 2168 5406 gra-

520 5411 657 5480 tiam
686 5411 1067 5480 germanitatis
1098 5413 1263 5465 etiam
1296 5412 1352 5464 in
1387 5411 1508 5480 ipsa
1534 5411 1707 5480 morte
1734 5410 1929 5462 servat.
1948 5406 2168 5462 Difﬁci-

515 5479 572 5536 le
604 5479 703 5552 sit,
740 5485 868 5535 utra
896 5481 1068 5536 lectio
1100 5481 1325 5549 melior,
1360 5479 1759 5552 pronuntiare.

589 5547 703 5622 (69)
737 5551 882 5607 Edit.
921 5567 1126 5607 omnes
1157 5570 1222 5608 ac
1254 5547 1393 5609 mss.
1428 5552 1578 5607 Flor.
1609 5557 1665 5607 et
1693 5551 1822 5606 Vat.
1851 5564 2168 5622 unumque-

516 5625 630 5703 rela
666 5623 975 5703 criminosa
1008 5640 1023 5675 :
1055 5624 1183 5679 Vat.
1221 5624 1412 5695 alter.,
1447 5623 1568 5679 Div.
1604 5639 1670 5678 ac
1709 5621 1913 5689 Laud.,
1949 5621 2171 5693 querela

506 5709 812 5754 εντφητηοιςο.

2280 3338 2398 3405 tur,
2432 3340 2772 3408 perpetuam
2806 3336 3131 3410 negligit,et
3175 3338 3448 3396 divinum
3484 3339 3778 3412 judicium
3819 3352 3920 3394 non

2280 3425 2622 3480 reformidat
2654 3441 2666 3481 :
2702 3425 3004 3482 interitum
3035 3426 3229 3483 solum
3261 3430 3532 3501 corporis
3575 3431 3921 3504 deprecatur.

2281 3513 2390 3569 Sed
2424 3530 2456 3569 a
2486 3529 2600 3585 quo
2631 3513 2878 3570 timebat
2906 3515 3114 3586 occidi,
3147 3515 3249 3589 qui
3302 3515 3464 3573 solos
3512 3521 3785 3590 parentes
3827 3513 3927 3569 ha-

2279 3602 2454 3658 bebat
2485 3602 2541 3658 in
2573 3603 2783 3659 terris?
2812 3603 3008 3659 Potuit
3037 3604 3273 3676 quidem
3304 3609 3361 3661 et
3391 3605 3682 3662 incursus
3727 3602 3924 3660 bestia-

2280 3707 2413 3747 rum
2442 3692 2670 3759 timere,
2703 3692 2800 3766 qui
2827 3692 2973 3766 legis
3005 3692 3210 3750 divinae
3251 3694 3392 3766 jura
3442 3695 3792 3762 violaverat;
3832 3706 3926 3748 nec

2281 3797 2633 3854 praesumere
2685 3783 2756 3837 de
2805 3782 3088 3855 subjectis
3133 3782 3496 3841 animalibus
3553 3783 3796 3849 caeteris,
3839 3778 3928 3853 qui

2280 3869 2580 3927 hominem
2610 3871 2888 3928 docuerat
2914 3871 3119 3928 occidi.
3153 3872 3348 3928 Potuit
3395 3878 3462 3930 et
3514 3877 3792 3945 parentes
3815 3886 3931 3942 par-

2281 3956 2494 4014 ricidas
2551 3958 2776 4026 timere,
2824 3960 2925 4030 qui
2985 3960 3263 4016 docuerat
3325 3962 3720 4032 parricidium
3774 3971 3930 4032 posse

2280 4045 2589 4101 committi.
2625 4047 2944 4103 Potuerunt
2971 4047 3128 4104 enim
3169 4052 3226 4104 et
3273 4054 3557 4120 parentes
3592 4051 3667 4106 de
3696 4048 3814 4106 ﬁlio
3851 4045 3931 4101 di-

2281 4150 2459 4203 scere,
2486 4136 2640 4206 quod
2671 4135 3004 4192 didicerunt
3033 4135 3248 4210 posteri
3276 4137 3346 4193 de
3377 4141 3656 4210 parente.

2936 4242 3166 4300 CAPUT
3205 4243 3271 4298 X.

2278 4330 2377 4388 Dei
2406 4332 2776 4386 comminatio.
2813 4330 2873 4387 Si
2905 4331 3038 4400 quis
3069 4331 3346 4388 occiderit
3377 4331 3551 4398 Cain,
3597 4336 3738 4400 etc...
3767 4346 3933 4388 mora-

2351 4402 2478 4476 liter
2499 4403 2847 4476 explicatur;
2896 4403 2956 4476 in
2988 4404 3154 4476 signo
3195 4405 3365 4474 posito
3414 4420 3596 4476 super
3639 4403 3826 4476 eodem
3864 4401 3939 4476 di-

2350 4474 2482 4527 vina
2535 4472 2826 4528 clementia
2875 4472 3213 4541 declaratur,
3263 4477 3404 4529 sicut
3458 4472 3514 4531 et
3566 4477 3632 4530 in
3680 4491 3741 4530 eo
3792 4474 3935 4529 Cain:

2349 4544 2640 4609 dementia,
2671 4545 2812 4615 quod
2838 4554 3066 4618 mortem
3094 4546 3456 4618 temporalem
3503 4546 3639 4618 plus
3675 4545 3937 4607 timuerit,

2348 4632 2515 4686 quam
2540 4625 2827 4672 aeternam.
2861 4617 2997 4671 Hinc
3023 4615 3256 4687 pulchre
3297 4615 3610 4673 disseritur
3655 4619 3726 4673 de
3765 4620 3940 4687 incor-

2349 4687 2717 4757 ruptibilitate
2745 4688 2972 4754 animae,
3004 4686 3283 4759 defutura
3332 4689 3471 4743 vita.
3511 4689 3760 4758 Tandem
3796 4686 3942 4759 judi-

2346 4760 2495 4812 cium
2521 4775 2632 4813 non
2658 4775 2996 4831 prwpropere
3022 4759 3330 4831 [erendum,
3353 4776 3456 4815 nec
3488 4776 3696 4817 rursus
3715 4759 3943 4817 inultum

2345 4831 2557 4884 crimen
2584 4831 2874 4884 sinendum
2902 4845 3015 4886 esse
3041 4831 3372 4886 ostenditur.

2347 4935 2434 4989 34.
2469 4935 2635 4990 Nunc
2665 4935 3103 4992 consideremus
3135 4953 3249 5009 qua
3279 4953 3462 4992 causa
3495 4936 3728 4994 dixerit
3755 4935 3942 4994 Deus:

2279 5021 2467 5079 Omnis
2513 5026 2611 5095 qui
2654 5024 2910 5080 occiderit
2957 5023 3093 5080 Cain
3139 5027 3336 5097 septies
3391 5025 3723 5083 vindictam
3777 5021 3946 5082 emsol-

2277 5116 2362 5166 vet
2398 5111 2551 5179 (Gen.
2603 5130 2679 5178 ιν,
2725 5113 2849 5184 15);
2906 5117 2964 5169 et
3006 5131 3123 5186 qua
3166 5114 3390 5170 ratione
3453 5115 3715 5188 signum
3781 5127 3948 5184 super

2372 5263 2462 5346 7Q)
2491 5261 2728 5346 Qodices
2754 5261 2882 5346 vat:
2916 5279 3091 5346 unus,
3140 5263 3382 5346 piv.__ac
3434 5263 3631 5330 Flor.,
3687 5279 3947 5346 πρυλέες

2349 5263 2462 5388 270)
2491 5263 2728 5346 Qodices
2754 5263 2882 5345 vat.
2916 5279 3091 5334 unus,
3140 5263 3264 5320 Div.
3315 5279 3382 5318 ac
3434 5263 3631 5330 Flor.,
3687 5281 3802 5322 non
3852 5279 3947 5319 au-

2278 5333 2344 5388 de
2381 5337 2436 5389 at
2502 5338 2702 5409 inquit,
2769 5337 3048 5403 virtutem,
3103 5339 3214 5391 etc.
3267 5336 3495 5390 Tamen
3575 5337 3743 5409 apud
3813 5331 3950 5392 LXX

2277 5403 2612 5487 constanter
2659 5403 2848 5487 legere
2910 5409 3000 5462 est
3050 5422 3084 5487 _:
3129 5413 3215 5487 ’σιξ
3282 5414 3572 5487 προσρῄσςι
3615 5403 3745 5487 ’τῂν
3816 5414 3950 5487 text!

2278 5483 2427 5544 αὐτῆς
2452 5483 2618 5532 δοῦναί
2647 5499 2740 5535 σοι.
2772 5476 2880 5532 Pro
2906 5494 3025 5550 qua
3050 5476 3299 5532 habetur
3327 5476 3386 5532 in
3416 5476 3610 5550 Vulg.
3645 5479 3769 5534 Non
3807 5476 3952 5532 dabit

2278 5547 2381 5601 tibi
2407 5551 2617 5617 [ructus
2641 5563 2783 5602 suos.

2282 5590 2946 5700 ""('zi')"é'c'ﬁi.'§‘é"_bauci
2976 5635 3144 5689 mss,
3173 5619 3485 5677 absolvitur
3510 5636 3685 5692 purae
3717 5620 3811 5676 illi
3846 5632 3949 5674 cz-

2282 5690 2510 5758 lestzque
2539 5697 2843 5748 sententiae.

2539 5706 2843 5747 δρηῑθηιιέε.
