4026 6186
459 276 578 340 379
1917 280 1983 346 s.
2028 278 2409 348 AMBROSll
3700 297 3790 368 θα)

459 408 601 469 Cain
632 410 853 484 impetu
883 409 1141 485 quodam
1189 409 1512 486 improvido
1543 413 1676 471 ante
1721 419 2059 487 peccaverat
2090 430 2103 471 :
2136 426 2193 495 Α
2221 413 2556 475 interimere
2595 431 2753 488 eum,
2785 413 2889 492 qui
2937 432 3122 493 usque
3169 417 3242 478 ad
3291 421 3594 483 naturalem
3631 431 3795 490 termi.

459 500 708 556 Lamech
742 500 947 574 utique
972 505 1126 576 quod
1158 505 1214 560 in
1247 502 1430 560 altero
1458 501 1879 576 reprehensum
1913 504 2109 560 adver—
2214 522 2357 562 num
2392 508 2599 563 mortis
2628 523 2747 564 sum
2791 508 3028 582 agenda
3075 508 3329 566 habebat
3373 513 3605 584 spatium
3647 521 3797 590 pomi.

453 591 622 657 terat,
652 606 853 647 cavere
884 592 1184 648 debuerat.
1205 592 1322 649 Suo
1357 593 1575 665 quippe
1596 593 1786 663 judici
1817 595 2108 649 sententia
2213 593 2424 650 tentiis.
2450 596 2736 652 Excusare
2762 601 2961 669 posset
2987 597 3140 670 quod
3172 614 3235 654 se
3259 599 3585 658 redemisset
3601 606 3677 661 vel
3697 623 3802 665 sera

455 677 796 749 debebatur,
831 698 903 738 ne
935 682 1067 754 quis
1115 681 1337 753 passim
1387 699 1551 737 reum
1599 697 1729 738 esse
1778 681 2106 738 feriendum
2188 685 2440 740 eactione
2473 684 2848 756 pcenitentim,
2879 685 2993 743 nisi
3024 702 3159 743 eum
3187 694 3529 760 pramature
3553 697 3704 765 pinna
3727 714 3800 754 ra-

453 772 705 840 putaret.
743 770 809 825 Et
855 774 921 825 ut
960 769 1030 825 ad
1082 769 1428 842 mysterium
1477 771 1697 839 venias,
1733 787 1847 826 non
1902 770 2108 827 debuit
2214 772 2462 845 puisset.

455 919 3799 964 -—-——

858 1057 1011 1116 ²²⁵
1043 1070 1155 1156 ΙΝ
1217 1068 1664 1155 LIBRUM
1727 1069 1869 1153 DE
1926 1066 2159 1154 NOE
2219 1069 2365 1155 ET
2421 1070 2706 1160 ARCA
2765 1071 3443 1162 ADMONITIO.

515 1349 636 1408 Etsi
667 1346 924 1404 dubitari
985 1361 1098 1400 non
1153 1343 1338 1416 possit
1368 1341 1511 1414 quin
1567 1339 1716 1397 liber
1743 1342 1818 1396 De
1845 1342 1955 1398 Noe
2003 1350 2053 1398 et
2101 1342 2258 1411 Area,
2288 1343 2377 1399 vel
2417 1341 2634 1416 potius,
2667 1343 2751 1400 uti
2783 1343 2996 1401 citatur
3052 1345 3124 1402 ah
3182 1346 3503 1419 Augustino
3533 1347 3692 1418 (Cant.
3717 1353 3806 1417 Jul,

444 1443 654 1512 Petag.,
699 1437 740 1492 l.
775 1455 834 1503 ιι,
868 1452 916 1490 c.
949 1437 1006 1500 2,
1037 1439 1092 1490 et
1123 1432 1162 1488 l.
1193 1450 1272 1498 ιν,
1301 1433 1458 1489 Cant.
1489 1431 1624 1487 duas
1667 1433 1824 1504 epist.
1858 1433 1976 1486 Pet.
2014 1448 2064 1486 c.
2100 1433 2208 1504 11),
2259 1436 2318 1488 et
2371 1431 2431 1488 in
2490 1433 2689 1490 codice
2747 1433 3078 1490 Corbeiensi
3137 1439 3526 1508 nuncupatur,
3577 1441 3652 1494 De
3697 1441 3811 1495 Area

441 1530 570 1597 Noe,
604 1524 910 1584 Ambrosio
943 1522 1020 1578 sit
1051 1521 1465 1588 ascribendus;
1521 1519 1800 1575 at‘firmari
1855 1523 2051 1575 tamen
2083 1535 2455 1592 nequaquam
2516 1525 2711 1594 potest
2738 1537 2873 1578 eum
2905 1523 2977 1578 ad
3010 1526 3273 1580 nostram
3303 1528 3527 1581 atatem
3555 1525 3810 1601 integrum

443 1635 510 1676 ac
549 1617 720 1690 plane
775 1614 1178 1684 incorruptum
1236 1609 1590 1683 pervenisse.
1624 1608 1871 1664 Laconis
1929 1608 2220 1681 siquidem
2252 1612 2309 1665 et
2337 1610 2833 1681 frequentioribus
2877 1615 2935 1667 et
2991 1611 3493 1670 manifestioribus
3547 1613 3812 1672 interscin-

441 1708 620 1772 ditur,
652 1719 829 1777 quam
863 1705 928 1756 ut
972 1701 1042 1756 de
1098 1698 1378 1770 temporis
1407 1697 1466 1752 in
1499 1698 1770 1753 eumdem
1803 1697 2021 1768 injuria
2049 1695 2240 1769 queri,
2271 1696 2359 1753 vel
2391 1697 2794 1755 incredibilem
2853 1699 3206 1772 scriptorum
3263 1701 3622 1759 oscitantiam
3669 1721 3810 1761 accu-

440 1811 570 1854 sare
601 1811 713 1849 non
745 1791 936 1847 liceat.
970 1788 1277 1846 Enimvero
1309 1791 1374 1842 ut
1430 1785 1525 1842 hic
1579 1784 1869 1857 ejusmodi
1901 1785 2312 1854 omissionum,
2345 1803 2477 1860 quas
2531 1786 2658 1843 suis
2688 1803 2935 1860 quisque
2991 1787 3135 1846 locis
3193 1789 3623 1860 iudicabuntur,
3651 1793 3814 1850 omnia

439 1883 704 1957 exempla
759 1897 877 1936 non
934 1877 1321 1951 proferamus,
1352 1875 1676 1931 evidentem
1735 1891 1876 1932 sane
1932 1892 2000 1931 ac
2053 1891 2352 1932 enormem
2381 1883 2736 1934 ἀνακολουθίαν
2766 1876 3199 1950 deprehendere
3227 1883 3320 1934 est
3364 1879 3423 1936 in
3463 1878 3575 1937 illis
3601 1881 3812 1964 cap.25,

434 1973 629 2035 verbis
659 1991 678 2028 :
710 1969 812 2027 Sed
841 1969 891 2025 si
919 1969 1042 2039 quis
1073 1967 1261 2039 epulas
1319 1967 1572 2037 fortiores
1627 1965 1734 2020 sibi
1760 1965 2018 2022 exhibere
2043 1981 2155 2022 non
2179 1967 2366 2038 possit,
2397 1965 2709 2034 huiusmodi
2738 1973 2923 2022 tamen
2980 1965 3178 2022 habeat
3227 1969 3510 2040 passiones
3565 1983 3678 2040 qua:
3722 1985 3814 2025 non

433 2070 682 2130 noceant,
713 2059 804 2116 sed
831 2057 1114 2113 delectent.
1157 2055 1276 2110 Ideo
1307 2056 1369 2110 in
1405 2053 1683 2125 principio
1711 2054 1768 2108 S.
1803 2055 2005 2125 Moyses
2035 2055 2356 2126 infamavit
2410 2069 2509 2109 nos
2557 2062 2720 2128 atque
2775 2055 3043 2110 instruxit
3098 2053 3166 2111 de
3217 2057 3592 2128 insufﬂatione
3616 2058 3809 2123 enim,

433 2163 495 2212 ut
521 2169 633 2210 non
663 2148 972 2205 laberemur
1018 2142 1368 2216 opinionibus
1420 2142 1648 2198 diversis
1693 2142 2158 2214 philosophorum,
2193 2149 2290 2198 etc.
2324 2141 2461 2207 Quae
2508 2141 2624 2210 hic,
2659 2142 2890 2211 amabo,
2923 2159 3134 2199 sensus
3163 2143 3514 2201 cohaerentia
3553 2149 3608 2200 et
3647 2162 3812 2203 conse-

435 2242 592 2301 cutio
613 2240 641 2296 ‘t
668 2237 781 2294 Sed
811 2234 1054 2308 planum
1086 2233 1183 2288 ﬁet
1211 2234 1386 2304 caput
1415 2231 1486 2287 ab
1519 2230 1685 2286 initio
1721 2229 2035 2303 perlegenti
2069 2247 2186 2286 non
2217 2231 2390 2287 modo
2420 2229 2585 2287 illum
2617 2247 2648 2286 e
2677 2231 2886 2288 Genesi
2911 2247 3148 2288 versum
3174 2249 3188 2288 :
3215 2236 3604 2290 Verumtamen
3627 2250 3814 2290 carnem

425 2334 499 2399 _in
527 2329 796 2400 sanguine
825 2324 1027 2380 animae
1057 2338 1169 2377 non
1213 2320 1500 2377 comedetis
1529 2319 1681 2393 (Gai.
1716 2336 1792 2385 ιι,
1823 2319 1902 2390 5),
1935 2319 2396 2390 praetermissum
2447 2335 2575 2375 esse
2608 2335 2621 2374 :
2655 2322 2715 2375 at
2741 2335 2810 2376 ea
2838 2334 3070 2393 quoque
3102 2320 3426 2378 desiderari
3474 2321 3676 2391 omnia,
3703 2321 3814 2396 qui-

434 2421 548 2477 bus
579 2419 701 2474 haec
727 2413 928 2472 eadem
961 2411 1136 2468 verba
1167 2413 1405 2466 sanctus
1431 2408 1633 2464 doctor
1674 2405 2049 2480 explicuerat,
2084 2412 2142 2465 et
2183 2408 2339 2464 unde
2369 2407 2684 2482 collegerat
2712 2407 2772 2464 in
2803 2407 2958 2464 hunc
2990 2409 3234 2465 modum
3268 2426 3282 2465 :
3319 2410 3441 2468 Ideo
3472 2412 3528 2466 in
3552 2412 3810 2484 principio,

435 2513 536 2566 etc.
569 2507 809 2563 Constat
837 2501 1018 2576 igitur
1043 2498 1498 2555 Ambrosianum
1543 2497 1650 2554 hoc
1699 2514 1848 2570 opus
1878 2496 2156 2553 mutilum
2185 2512 2343 2564 esse;
2378 2512 2484 2552 nec
2516 2496 2760 2569 proinde
2791 2495 3031 2564 mirum,
3063 2497 3112 2554 si
3145 2514 3272 2570 quae
3323 2498 3462 2556 inde
3512 2516 3620 2556 non
3662 2498 3813 2557 semel

435 2595 697 2654 laudavit
750 2589 1116 2665 Augustinus
1146 2588 1270 2660 (loc.
1302 2587 1485 2659 citat.)
1514 2586 1634 2643 illic
1683 2588 1812 2660 jam
1844 2585 2098 2659 amplius
2137 2601 2254 2641 non
2309 2584 2696 2658 reperiantur.
2730 2583 3058 2644 Dolendum
3117 2603 3258 2642 sane
3289 2587 3544 2661 optimos
3588 2604 3814 2660 quosque

434 2682 972 2754 manuscriptorum
1003 2676 1309 2742 excidisse,
1341 2692 1407 2732 ao
1441 2692 1548 2731 nos
1580 2693 1694 2732 non
1725 2675 1840 2731 nisi
1883 2674 1942 2730 in
1991 2673 2232 2730 vitiosos
2263 2672 2544 2730 incidisse
2575 2689 2642 2730 ac
2669 2673 2818 2731 fmde
2851 2677 3176 2748 corruptos.
3212 2674 3609 2733 Nihilominus
3647 2681 3813 2732 tamen

433 2791 636 2833 eorum
668 2788 817 2845 quos
849 2765 1109 2825 nancisci
1141 2764 1314 2821 nobis
1341 2763 1609 2837 contigit,
1636 2781 1702 2819 ac
1733 2763 2108 2837 potissimum
2137 2762 2522 2833 Corheiensis,
2555 2762 2967 2838 Longipontini
3009 2780 3078 2819 ac
3106 2763 3540 2823 Vaticanorum
3571 2764 3816 2822 beneﬁcio

434 2881 550 2922 non
581 2861 784 2935 paucis
812 2874 919 2914 nec
947 2855 1176 2911 levibus
1208 2853 1384 2909 naevis
1415 2852 1517 2925 qui
1550 2853 1609 2908 in
1639 2852 1928 2909 editiones
1970 2851 2346 2926 irrepserant,
2378 2850 2681 2923 abstersis,
2713 2851 3183 2910 lucubrationem
3233 2853 3396 2912 hanc
3443 2853 3618 2912 multo
3644 2868 3815 2910 emen-

434 2951 719 3010 datiorem
749 2945 1116 3004 exhibemus.

505 3040 624 3096 Hoc
672 3037 732 3092 in
782 3051 956 3108 opere
1007 3030 1326 3088 universim
1357 3027 1594 3102 quidem
1640 3028 1934 3085 Ambrosii
1963 3027 2278 3086 concilium
2337 3027 2450 3085 fuit
2501 3032 2617 3086 Noe
2669 3031 2847 3086 sancti
2898 3031 3093 3100 vitam,
3125 3047 3304 3088 mores
3358 3039 3506 3104 gesta
3553 3038 3598 3089 et
3642 3030 3813 3106 mentis

433 3127 786 3186 altitudinem
817 3126 966 3198 (cap.
999 3139 1040 3188 ι,
1074 3139 1132 3176 n.
1163 3121 1215 3191 1)
1245 3118 1574 3176 describere
1607 3134 1620 3173 :
1654 3118 1754 3175 sed
1807 3121 2004 3174 tamen
2054 3117 2349 3192 praecipua
2376 3119 2504 3190 ejus
2547 3135 2689 3175 cura
2717 3117 2776 3174 in
2803 3119 2962 3175 Arce
2993 3120 3433 3178 constructione
3485 3137 3549 3178 ac
3591 3115 3811 3194 generali

431 3216 658 3275 Diluvio
687 3211 1048 3288 explicandis
1096 3208 1380 3266 collocata
1424 3211 1531 3265 est.
1565 3206 1841 3280 Singulas
1873 3224 2050 3264 sacrae
2106 3207 2287 3279 hujus
2345 3206 2601 3264 historia:
2656 3211 2853 3280 partes
2908 3205 3219 3282 diligenter
3273 3209 3567 3284 expendit,
3595 3206 3816 3278 indeque

430 3323 672 3365 sensum
729 3319 862 3361 cum
924 3299 1254 3367 litteralem,
1287 3302 1415 3354 tum
1475 3296 1796 3371 spiritalem
1848 3296 1990 3364 sive,
2020 3300 2087 3352 ut
2142 3296 2269 3369 ipse
2323 3295 2603 3369 loquitur,
2635 3296 2904 3354 altiorem
2957 3297 3281 3370 exprimere
3348 3297 3508 3357 omni
3557 3293 3819 3353 industria

429 3394 738 3461 adnititur,
771 3395 836 3447 ut
866 3407 982 3446 non
1014 3392 1230 3444 temere
1279 3385 1454 3442 aliam
1487 3386 1616 3457 ejus
1659 3385 2212 3442 commentationem
2244 3385 2521 3458 reperias,
2555 3385 2656 3441 ubi
2689 3384 2899 3456 majori
2955 3385 3152 3443 studio
3209 3387 3269 3442 in
3337 3392 3642 3458 utrumque
3670 3381 3816 3439 illum

429 3501 673 3542 sensum
705 3479 1090 3538 scrutandum
1120 3476 1562 3547 eruendumque
1612 3473 1964 3530 incubuerit.
1993 3473 2116 3531 Illic
2144 3474 2323 3530 etiam
2371 3473 2622 3531 aliorum
2671 3473 2987 3532 identidem
3021 3475 3334 3549 opiniones
3365 3493 3480 3533 non
3511 3473 3631 3533 sine
3657 3471 3819 3530 multa

428 3572 755 3630 eruditione
785 3569 843 3624 in
875 3567 1135 3624 medium
1168 3565 1416 3638 profert;
1449 3545 1497 3620 si
1531 3562 1671 3635 quid
1708 3567 1904 3620 tamen
1936 3561 2050 3638 ipsi
2080 3563 2141 3618 in
2171 3566 2427 3620 mentem
2457 3562 2655 3620 veniat
2690 3563 2846 3635 quod
2875 3545 3144 3621 videatur
3170 3565 3662 3639 anteponendum,
3692 3558 3816 3616 illud
3851 3545 3862 3557 ’

429 3661 675 3719 candide
703 3676 770 3716 ac
801 3658 928 3714 sine
959 3655 1076 3712 ullo
1106 3653 1418 3728 supercilio
1449 3653 1741 3727 proponit.

499 3748 662 3814 Quod
695 3747 766 3803 ad
797 3743 1060 3802 Philonis
1105 3742 1344 3814 scripta,
1375 3741 1609 3796 tametsi
1659 3756 1794 3796 eum
1826 3741 1897 3796 de
1928 3742 2075 3796 Area
2101 3738 2220 3796 Noe
2251 3741 2426 3812 atque
2453 3737 2680 3796 Diluvio
2712 3737 3047 3812 scripsisse,
3077 3756 3212 3796 cum
3267 3741 3348 3798 de
3404 3740 3534 3798 aliis
3591 3734 3818 3794 historiis

427 3836 770 3912 patriarchae
800 3833 1063 3905 ejusdem
1098 3831 1364 3904 partibus
1410 3833 1698 3886 tractatus
1727 3828 1992 3895 ediderit,
2025 3845 2143 3885 non
2189 3827 2456 3885 videatur
2483 3846 2518 3884 a
2547 3829 2662 3885 fide
2693 3827 2982 3898 alienum;
3014 3832 3215 3886 utrum
3250 3833 3456 3888 tamen
3488 3843 3678 3886 revera
3700 3840 3818 3882 san-

427 3931 558 3983 ctus
587 3925 834 3982 antistes
859 3923 1118 3994 aliquem
1150 3919 1330 3990 hujus
1357 3917 1614 3974 auctoris
1645 3917 1716 3973 de
1745 3916 1854 3972 hoc
1884 3917 2012 3989 ipso
2042 3922 2388 3991 argumento
2414 3917 2654 3984 librum,
2678 3933 2854 3990 quem
2885 3915 3234 3986 imitaretur,
3263 3918 3560 3987 habuerit,
3583 3915 3818 3973 divinare

427 4033 543 4073 non
576 4028 916 4087 possumus.
953 4009 1100 4066 lllud
1133 4007 1544 4064 tantummodo
1576 4005 1712 4061 licet
1754 4005 2069 4075 affirmare,
2103 4005 2391 4064 nonnulla
2419 4023 2548 4079 quis
2578 4023 2648 4064 ex
2691 4005 3055 4064 Philionanis
3083 4006 3250 4064 libris
3282 4010 3363 4064 De
3392 4007 3748 4082 Agricultura,
3775 4003 3825 4057 et

426 4101 814 4178 sequentibus
845 4098 1098 4156 delibata
1129 4097 1364 4164 fuerint,
1399 4096 1458 4150 in
1484 4095 1598 4151 hoc
1629 4098 1876 4150 tractatu
1907 4094 2283 4168 deprehendi.

498 4193 741 4248 Exstant
770 4187 1042 4245 similiter
1072 4185 1132 4240 in
1164 4200 1230 4241 eo
1261 4183 1529 4256 quaedam
1561 4182 1729 4254 quasi
1778 4181 2023 4254 vestigia
2064 4183 2412 4240 concionum
2443 4183 2593 4257 (cap.
2624 4200 2665 4253 ι,
2701 4184 2789 4254 13,
2823 4184 2941 4256 19);
2975 4187 3035 4240 at
3064 4201 3180 4241 non
3229 4186 3383 4243 satis
3413 4184 3568 4242 clara
3598 4181 3693 4238 illa
3719 4177 3826 4252 qui-

427 4283 584 4346 dem,
619 4285 685 4336 ut
713 4277 984 4335 eumdem
1017 4291 1047 4331 e
1079 4272 1452 4331 sermonibus
1478 4272 1550 4328 ad
1592 4270 1874 4344 populum
1923 4271 2140 4328 habitis
2165 4289 2294 4329 esse
2325 4273 2717 4347 compositum
2765 4289 2870 4346 pro
2927 4288 2990 4329 re
3041 4278 3345 4347 comperta
3400 4284 3783 4332 asseveremus
3811 4281 3823 4320 :

430 4368 673 4423 minime
702 4372 897 4421 tamen
930 4363 1176 4420 dubium
1208 4366 1298 4418 est
1336 4360 1499 4435 pium
1549 4361 1843 4416 doctorem
1876 4377 1991 4432 quo
2019 4365 2281 4433 tempore
2311 4361 2449 4418 huic
2503 4360 2896 4418 lucubrationi
2945 4377 3181 4435 operam
3213 4361 3418 4431 dabat,
3454 4369 3825 4434 saepenumero

429 4457 486 4512 in
523 4453 784 4510 fidelium
813 4457 962 4510 coetu
997 4453 1171 4510 verba
1201 4451 1425 4508 fecisse.
1460 4449 1775 4522 Nunquam
1818 4449 1974 4506 enim
2005 4448 2104 4505 ille
2133 4449 2528 4508 commisisset
2573 4453 2639 4506 ut
2684 4449 2894 4507 solatia
2936 4466 3046 4507 sua
3091 4449 3367 4507 Ecclesiae
3417 4449 3532 4508 sibi
3563 4467 3597 4506 a
3623 4443 3828 4504 Christo

429 4543 790 4602 demendatze
846 4547 973 4597 tum
1028 4542 1314 4606 deessent,
1346 4557 1481 4596 cum
1542 4539 1793 4596 maxime
1850 4539 2179 4595 necessaria
2231 4539 2599 4596 videbantur.
2626 4539 2806 4595 Erant
2833 4539 3056 4596 scilicet
3095 4539 3548 4596 luctuosissima
3591 4553 3658 4594 ea
3701 4538 3827 4589 tem-

427 4649 592 4709 pora,
626 4629 842 4703 quippe
874 4646 1000 4701 quae
1031 4629 1227 4702 ipsum
1259 4627 1552 4701 coegerint
1594 4627 1792 4684 statim
1824 4628 1896 4682 ab
1927 4628 2161 4684 exordio
2191 4627 2373 4700 hujus
2403 4627 2598 4701 operis
2626 4642 2934 4700 erumpere
2975 4628 3037 4684 in
3087 4627 3210 4684 hanc
3255 4629 3440 4685 verba
3471 4644 3485 4683 :
3517 4624 3690 4685 Pudet
3714 4621 3830 4694 ﬁliis

425 4721 791 4795 supervivere,
850 4717 1010 4772 taedet
1065 4733 1190 4772 eum
1247 4719 1323 4771 tot
1376 4716 1604 4772 adversa
1655 4715 1951 4772 audiamus
1999 4716 2469 4785 charissimorum,
2502 4717 2678 4774 lucem
2733 4717 2875 4773 hanc
2929 4733 3152 4789 carpere
3197 4735 3215 4772 :
3276 4719 3535 4792 ipsarum
3590 4711 3828 4771 Ecclesia-

428 4828 557 4867 rum
583 4809 822 4865 diversos
852 4807 1046 4878 ﬂuctus
1103 4807 1545 4878 tempestatesque
1597 4805 1683 4861 uel
1735 4809 2049 4877 prstes.
2081 4806 2290 4877 subire,
2320 4807 2404 4864 vel
2431 4808 2620 4862 animo
2648 4807 2907 4879 recipere,
2940 4807 3061 4879 quis
3105 4810 3218 4863 tam
3247 4808 3436 4879 fortis,
3469 4809 3532 4863 ut
3582 4803 3832 4879 patienter

426 4901 573 4972 ferat
593 4903 618 4952 .9

502 4988 677 5044 Porro
710 4984 808 5042 illa
839 4981 1301 5040 difficilimorum
1333 4987 1656 5051 temporum
1708 4980 1926 5037 mentio
1976 4981 2147 5038 nobis
2177 4983 2611 5054 quodammodo
2642 4982 2828 5040 facem
2858 4981 3111 5056 prafert,
3143 4985 3314 5057 cujus
3343 4999 3456 5057 ope
3501 4980 3680 5054 hujus
3705 4971 3831 5034 scri-

431 5075 648 5151 ptionis
679 5078 908 5130 etatem
930 5073 1293 5145 detegamus.
1313 5069 1440 5126 Non
1471 5069 1714 5125 deerunt
1745 5068 2110 5142 forsitanjqui
2139 5074 2346 5144 putent
2375 5087 2491 5128 non
2524 5069 2642 5128 alia
2663 5074 2928 5144 tempora
2957 5070 3066 5127 hoc
3092 5069 3218 5128 loco
3243 5069 3648 5144 intelligenda,
3670 5077 3831 5151 quam

433 5148 502 5222 ea
529 5164 764 5236 quibus,
797 5160 989 5218 occiso
1019 5158 1317 5228 Gratiano,
1351 5158 1665 5230 fugatoque
1684 5157 2093 5215 Valentiniano
2124 5175 2190 5215 ac
2216 5159 2469 5229 Justina,
2493 5159 2712 5216 Ariana
2735 5158 3000 5226 muliere,
3024 5159 3362 5216 orthodoxis
3383 5157 3684 5222 omnibus,
3705 5148 3831 5226 ipsi-

434 5268 548 5324 que
578 5251 871 5324 imprimis
899 5249 1207 5306 Ambrosio
1236 5246 1666 5314 inimicissima,
1699 5262 1826 5317 quae
1857 5264 1972 5302 non
2004 5247 2086 5303 ita
2115 5248 2341 5320 pridem
2373 5249 2432 5305 in
2466 5246 2960 5305 Mediolanensem
2991 5246 3308 5304 Ecclesiam
3343 5244 3691 5320 impotentia
3717 5255 3832 5298 mu-

432 5340 601 5397 liebri
634 5339 1017 5411 perbacchata
1047 5340 1254 5404 fuerat,
1289 5335 1576 5392 Maximus
1605 5339 1890 5408 tyrannus
1919 5339 2102 5392 totam
2132 5336 2344 5395 invasit
2387 5336 2633 5395 Italiam.
2667 5335 2774 5393 Cui
2801 5335 3062 5410 opinioni
3091 5341 3150 5394 et
3177 5336 3319 5394 illud
3370 5335 3611 5392 accedet
3655 5325 3830 5388 subsi-

434 5427 622 5490 dium,
651 5427 798 5497 quod
833 5442 966 5481 cum
997 5427 1215 5481 damna
1244 5425 1344 5481 illa
1372 5442 1488 5481 non
1529 5423 1643 5480 nisi
1674 5440 1826 5480 anno
1856 5424 1961 5480 387
1991 5425 2305 5492 evenerint,
2339 5425 2486 5483 nihil
2517 5425 2824 5500 prohibere
2855 5425 3086 5498 poterit,
3119 5425 3258 5499 quin
3289 5421 3832 5481 commentationem

435 5517 586 5574 hanc
619 5513 714 5570 alii
739 5514 872 5570 libri
902 5514 965 5570 de
995 5515 1332 5573 Patriarchis
1364 5513 1629 5588 proxime
1655 5512 1840 5571 secuti
1872 5512 2008 5571 sint.
2045 5513 2180 5572 lllos
2211 5518 2428 5591 quippe
2459 5515 2668 5574 iisdem
2700 5532 2736 5571 a
2759 5531 2822 5572 se
2869 5514 3052 5572 fuisse
3099 5516 3454 5588 subjunctos
3502 5506 3833 5570 Ambrosii"

436 5608 497 5664 in
529 5603 706 5677 priori
735 5601 884 5658 libro
913 5603 984 5658 de
1026 5603 1319 5661 Abraham
1363 5605 1593 5662 videtur
1640 5605 1905 5672 innuere,
1941 5603 2041 5660 ubi
2070 5603 2157 5663 sic
2186 5607 2461 5680 praefatur
2492 5623 2506 5664 :
2540 5606 2811 5675 Quoniam
2852 5621 2953 5678 per
2997 5604 3245 5663 ordinem
3291 5603 3466 5676 hujus
3511 5613 3719 5676 quoque
3742 5610 3833 5670 pa-
