4166 6154
1972 255 2037 317 8.
2084 251 2465 327 ΑΜΒΒΟΒῘῙ

3770 268 3872 347 θαι

574 396 637 453 in
682 390 1043 468 declarandi;
1087 408 1281 452 eorum
1331 390 1789 464 perorationibus
1844 393 2155 455 immatur
2183 389 2239 459 Δ
2266 390 2412 451 aciei
2442 392 2729 466 suscipiat
2755 389 3041 468 quaplul
3054 389 3327 467 «laborat;
3358 390 3704 463 virtuunim
3724 400 3881 463 bella.

572 468 723 536 ordo,
752 469 873 539 fuse
902 465 1247 525 declaratur.

570 575 624 630 3.
656 575 802 631 Huic
830 591 963 631 vero
996 578 1114 630 tres
1167 572 1271 627 ﬁlii
1304 572 1445 639 nati,
1478 571 1635 643 Sam,
1667 571 1870 639 Cham,
1918 572 2151 645 Japhet.

498 666 634 731 Quae
666 664 908 721 nomina
936 662 1269 734 signiﬁcant
1302 663 1520 727 bonum,
1552 666 1611 717 et
1632 663 1860 729 malum,
1894 667 1951 718 et
1981 663 2153 734 indif-

496 756 702 825 ferens,
738 758 804 809 ut
832 757 889 807 et
914 756 1132 807 naturas
1160 750 1348 821 gratia
1374 750 1695 807 bonitatem
1738 751 2037 818 habuisse,
2096 756 2154 808 et

499 842 791 900 malorum
822 841 1184 897 tentamenta
1220 838 1273 895 ei
1334 855 1706 911 nequaquam
1759 840 2036 907 defuisse,
2096 844 2154 898 et

496 929 1058 991 inindiﬂ'erentibus,
1080 927 1183 984 hoc
1202 932 1313 999 est,
1326 927 1849 1001 velutsupellectili
1865 930 2148 987 virtutum

494 1020 827 1077 abundasse
849 1017 1134 1074 videatur.
1168 1019 1292 1082 Qua
1320 1018 1545 1074 ratione
1575 1022 1770 1075 autem
1819 1018 2041 1075 malum
2088 1019 2148 1075 in

495 1108 686 1166 medio
718 1106 997 1179 posuerit,
1031 1108 1177 1164 ratio
1206 1107 1444 1163 evidens
1473 1111 1564 1163 est
1591 1125 1602 1162 :
1638 1107 1776 1178 quia
1792 1110 2012 1165 natura;
2044 1108 2146 1164 bo-

491 1215 634 1257 num
667 1196 943 1254 omnibus
971 1196 1161 1253 inest:
1197 1213 1301 1252 nec
1332 1196 1499 1268 quasi
1525 1197 1839 1269 naufragos
1860 1195 1919 1253 in
1955 1196 2145 1253 lucem

492 1287 745 1359 projicit,
772 1288 877 1343 sed
901 1284 1162 1342 suﬂ‘ulsit
1192 1289 1249 1341 et
1276 1284 1500 1342 viribus
1526 1304 1539 1353 ;
1574 1290 1638 1341 ut
1662 1302 1775 1343 non
1806 1286 2145 1358 oppriman-

490 1379 589 1433 tur
620 1376 997 1433 tentamentis
1031 1375 1289 1441 malitiae,
1316 1390 1420 1431 nec
1440 1379 1724 1447 tanquam
1748 1373 1985 1432 invalidi
2012 1391 2143 1431 suc-

492 1466 770 1524 cumbant
794 1482 807 1520 :
842 1465 942 1523 sed
974 1465 1167 1521 munit
1186 1468 1244 1520 et
1262 1463 1433 1520 vestit
1460 1463 1619 1521 velut
1669 1463 2025 1535 quibusdam
2055 1467 2144 1520 te-

490 1553 1289 1627 gumentisindiﬁ‘erentibus,
1313 1570 1441 1624 quae
1474 1557 1615 1608 sunt
1642 1552 1823 1620 salus,
1847 1552 2139 1620 valetudo,

487 1644 661 1709 bona,
698 1642 1093 1715 pulchritudo,
1118 1641 1459 1715 impigritia,
1479 1641 1713 1708 divitiae,
1736 1641 1939 1712 gloria,
1959 1657 2143 1713 gene-

488 1732 571 1790 ris
598 1732 979 1829 claritudo;u‘t
1009 1747 1076 1787 ea
1101 1730 1240 1829 dote
1266 1730 1486 1829 muniti.
1512 1734 1787 1786 tueantur
1814 1730 2135 1828 bonitatem
2167 1762 2216 1829 B

487 1827 730 1888 naturas,
762 1825 819 1877 et
848 1819 1072 1877 malum
1099 1818 1243 1876 illud
1294 1819 1618 1889 includant,
1650 1836 1723 1876 ne
1762 1819 1951 1891 possit
1993 1836 2135 1877 noce

485 1926 571 1978 re,
601 1914 655 1967 et
690 1909 860 1981 quasi
891 1908 1158 1965 clausum
1208 1906 1593 1981 strangulent.

557 2000 609 2054 4.
635 1999 836 2055 Nonne
866 1997 1163 2053 cernimus
1192 1996 1348 2053 velut
1376 1998 1560 2053 aciem
1593 1998 1909 2069 quamdam
1950 1998 2131 2054 virtu-

480 2092 611 2144 tum
642 2088 969 2143 ordinatam
1000 2086 1060 2140 in
1093 2084 1360 2157 praelium
1386 2104 1400 2154 ;
1433 2090 1498 2141 ut
1518 2086 1821 2142 inferiores
1849 2086 1908 2141 in
1941 2087 2132 2143 medio

481 2178 620 2245 sint,
656 2177 891 2233 dextera
918 2174 1177 2247 laevaque
1196 2174 1353 2230 velut
1382 2175 1441 2230 in
1473 2175 1751 2231 cornibus
1798 2175 2129 2242 validiores,

480 2278 587 2340 per
616 2282 763 2337 quos
786 2269 910 2321 tota
931 2263 1085 2319 acies
1107 2264 1286 2319 robur
1305 2263 1597 2336 accipiat?
1618 2264 1780 2320 Unde
1805 2269 1863 2320 et
1888 2264 2130 2336 quidam

479 2359 651 2427 poeta
673 2354 905 2411 Grecus
936 2353 1049 2408 ait:
1082 2363 1263 2418 κακοὺς
1288 2360 1330 2407 δ’
1387 2363 1432 2416 ἐς
1490 2353 1643 2410 ’,9
1703 2360 1888 2423 μέσσον
1919 2359 2131 2412 ἔλασσεν

477 2443 756 2514 (Romen,
789 2440 950 2497 Iliad.
983 2441 1058 2512 Δ),
1084 2439 1193 2495 hoc
1222 2444 1334 2507 est,
1361 2438 1548 2496 malos
1569 2443 1765 2495 autem
1781 2439 1842 2495 in
1862 2440 2130 2497 medium

474 2530 746 2587 inseruit.
780 2531 863 2586 Ita
894 2544 1031 2601 ergo
1084 2532 1142 2585 et
1162 2531 1374 2584 natura
1388 2528 1555 2601 quasi
1580 2528 1918 2595 bonusdux,
1946 2528 2130 2605 impe-

475 2623 641 2675 rante
674 2620 806 2688 Deo,
849 2635 975 2691 quae
1011 2634 1115 2673 nos
1146 2618 1219 2674 ad
1250 2618 1430 2688 hujus
1452 2618 1655 2673 mundi
1675 2617 1877 2690 praelia
1897 2635 2131 2691 genera-

476 2725 538 2765 re
569 2707 829 2775 noverit;
863 2723 993 2779 quas
1024 2706 1177 2763 bona
1206 2706 1401 2773 habet,
1461 2706 1650 2778 primo
1681 2707 1883 2762 ordine
1912 2708 2129 2763 consti-

475 2797 626 2865 tuit;
660 2814 787 2868 qua:
818 2795 1096 2862 ofﬁciant,
1130 2796 1415 2861 secundo;
1452 2812 1582 2867 quae
1601 2794 1899 2864 adjuvant,
1924 2795 2125 2863 tertio;

477 2890 543 2941 ut
564 2889 849 2955 tanquam
877 2883 937 2937 in
979 2883 1169 2938 medio
1229 2881 1494 2938 inclusus
1549 2882 1757 2949 hostis,
1817 2883 2130 2955 geminatis

479 2986 831 3044 quocunque
853 2987 914 3026 se
944 2969 1278 3037 contulerit,
1338 2971 1705 3042 opprimatur
1730 2970 1953 3027 viribus
1981 2989 1994 3027 :
2046 2990 2131 3029 ne

476 3059 721 3133 singula:
755 3075 955 3114 eorum
987 3059 1062 3131 (4)
1094 3058 1252 3115 velut
1280 3059 1526 3130 aequatis
1542 3059 1861 3131 fatigentur
1891 3060 2125 3133 proeliis,

2262 480 2408 537 toris
2438 480 2871 539 difficilioribus
2901 481 3045 539 locis
3064 487 3155 541 est
3174 484 3531 555 necessaria;
3557 486 3699 547 sicut
3720 490 3879 553 etiam

2264 569 2400 628 boni
2432 570 2692 628 custodis
2740 572 3051 645 pressantis
3078 572 3161 629 ibi
3192 573 3567 647 frequentior,
3607 576 3700 634 ubi
3745 582 3881 640 muri

2262 658 2610 731 fragiliores.
2643 665 2727 716 Ac
2758 676 2832 717 ne
2861 677 2979 733 qua
3003 677 3138 733 pars
3168 660 3297 718 sine
3327 661 3623 721 defensore
3640 664 3728 733 sit,
3756 669 3877 727 dum

2262 747 2407 804 illud
2431 749 2651 807 bonum
2683 749 3053 807 inclinatiora
3079 753 3394 821 sustentat,
3422 755 3561 809 tunc
3577 752 3712 810 illud
3733 754 3885 815 indif-

2260 836 2453 899 ferens
2482 836 2675 894 lccum
2709 837 3072 912 superiorem
3105 838 3375 912 suscipit,
3405 839 3562 897 velut
3592 841 3880 915 deputante

2259 924 2372 982 sibi
2402 943 2531 983 eam
2563 930 2786 999 partem
2817 926 3144 1000 perfectiori
3188 927 3382 996 bono,-
3416 928 3560 985 nihil
3589 930 3737 989 enim
3776 933 3881 988 vir-

2250 1018 2382 1073 .tute
2410 1015 2742 1087 perfectius.
2776 1015 3171 1077 lnditl‘erentia
3198 1020 3395 1073 autem
3424 1034 3540 1077 non
3566 1017 3775 1079 habent
3798 1038 3879 1077 ro-

2256 1104 2368 1160 bur
2395 1103 2599 1161 validaa
2631 1104 2884 1171 virtutis,
2917 1104 3018 1165 sed
3048 1104 3178 1176 ejus
3218 1109 3524 1178 augentet
3563 1106 3880 1167 diffundunt

2255 1192 2526 1265 gratiam.
2578 1193 2739 1250 Unde
2766 1192 2980 1265 Japhet
3002 1192 3195 1249 dictus
3223 1197 3332 1260 est,
3364 1195 3523 1267 quod
3554 1195 3778 1253 latitudo
3803 1197 3877 1253 si-

2253 1283 2569 1355 gnificatur
2600 1282 2818 1347 Latine.

2884 1396 3117 1454 CAPUT
3175 1398 3270 1453 III.

2254 1487 2510 1544 Secuturo
2534 1487 2744 1543 diluvio
2763 1489 3082 1542 universam
3114 1486 3527 1556 generationem
3553 1485 3671 1541 ideo
3723 1489 3879 1543 abun-

2319 1559 2473 1616 dasse
2490 1559 2749 1629 ﬁliorum
2770 1558 3155 1629 procreatione
3172 1575 3193 1623 σε
3224 1565 3286 1613 ut
3314 1558 3463 1615 bona
3489 1572 3733 1616 concessa
3759 1558 3882 1615 diui-

2320 1646 2413 1688 na:
2444 1630 2794 1699 benignitati,
2821 1631 3020 1689 eadem
3050 1637 3303 1690 revocata
3331 1645 3396 1691 ac
3409 1643 3604 1702 panos
3625 1630 3878 1701 irrogata

2317 1706 2520 1758 nostrae
2551 1702 2838 1777 iniquitati
2857 1702 3206 1774 imputemus.

2314 1818 2368 1877 6.
2401 1818 2517 1877 Nec
2548 1816 2739 1875 solum
2770 1819 3011 1877 sanctus
3030 1815 3149 1873 Noe
3178 1814 3500 1874 abundavit
3527 1816 3878 1891 ﬁliorumga.

2244 1907 2581 1975 notatione;
2612 1907 2715 1964 sed
2744 1906 2922 1965 etiam
2952 1905 3227 1967 universa
3245 1921 3309 1963 se
3338 1904 3552 1963 effudit
3575 1921 3751 1980 quam
3777 1921 3881 1965 ma-

2242 1995 2397 2052 xime
2426 2011 2493 2051 eo
2515 1998 2778 2067 tempore
2809 1994 3128 2067 generatio.
3162 1993 3324 2058 Quod
3356 2010 3479 2050 non
3515 1994 3764 2055 otiosum
3806 1994 3882 2050 vi-

2243 2085 2436 2140 detur.
2470 2085 2756 2140 Secutum
2786 2083 2944 2139 enim
2977 2081 3197 2138 diluvio
3230 2099 3345 2138 non
3379 2083 3591 2139 debuit
3626 2081 3883 2139 mstimari

2242 2172 2497 2229 defuisse
2526 2171 2777 2245 gratiam
2810 2169 3189 2227 fecunditatis
3219 2168 3303 2226 illi
3331 2169 3880 2243 generationi,quam

2242 2261 2460 2318 diluvia
2490 2260 2922 2316 absorbuerunt
2953 2277 2966 2315 :
3003 2262 3068 2314 ut
3097 2260 3253 2330 quod
3283 2259 3394 2315 fuit
3422 2258 3677 2315 humani
3732 2275 3884 2332 gene-

2242 2350 2322 2407 ris
2352 2349 2737 2416 abundantia,
2758 2348 2976 2409 .divinaa
3006 2348 3321 2421 deputetur
3344 2348 3552 2421 gratia;
3587 2366 3601 2417 ;
3630 2348 3781 2420 quod
3810 2346 3884 2402 di-

2242 2439 2464 2495 luvium
2496 2440 2651 2496 280
2672 2442 2940 2496 secutum
2962 2440 3070 2504 est,
3087 2436 3303 2493 nostris
3333 2435 3885 2508 ascribaturiniqui-

2240 2528 2479 2607 tatibus,
2505 2526 2877 2607 quippeccatis
2895 2525 3114 2582 nostris
3148 2525 3477 2581 avertimus
3519 2524 3748 2581 Domini
3790 2523 3887 2579 ml-

2240 2604 2641 2674 serioordiam.
2674 2615 2769 2673 Sic
2797 2619 2855 2672 et
2882 2613 2942 2670 in
2976 2613 3398 2687 posterioribus
3458 2612 3885 2686 invenies,quod

2239 2710 2572 2763 secuturam
2602 2703 2830 2777 Egypti
2862 2701 3232 2759 sterilitatem
3290 2702 3603 2774 praecessit
3659 2701 3887 2758 totidem

2240 2809 2529 2853 annorum
2561 2790 3075 2863 fecunditas.(6en.
3120 2808 3232 2859 xm,
3264 2792 3335 2846 26
3392 2792 3523 2863 27).
3582 2788 3888 2862 Principale

2239 2888 2329 2940 est
2350 2883 2506 2939 enim
2537 2882 2770 2938 virtutis
2800 2880 3073 2937 inchoare
3100 2896 3135 2935 a
3163 2878 3495 2948 beneficiis,
3528 2884 3589 2937 et
3618 2878 3892 2953 praesemi-

2228 2990 2380 3030 nare
2408 2972 2682 3047 gratiam.
2714 2970 2879 3027 Unde
2908 2972 2966 3025 et
2993 2968 3173 3025 David
3204 2967 3285 3024 ait
3318 2984 3330 3024 :
3362 2969 3801 3026 Misericorde
3839 2972 3891 3021 et

2231 3062 2513 3135 judicium
2541 3060 2776 3116 cantabo
2805 3058 2930 3127 tibi,
2952 3059 3180 3115 Domine
3199 3057 3446 3129 (Psai.c,
3505 3059 3574 3130 1).
3631 3054 3894 3114 Precedit

473 3152 531 3205 et
559 3147 843 3205 evadendi
873 3148 945 3203 de
976 3147 1264 3220 angustiis
1295 3147 1683 3217 naturalibus,
1743 3166 1809 3205 ac
1856 3132 2127 3223 serpendi
2160 3132 2203 3200 (ἶ
2230 3132 2506 3211 beneficii
2536 3148 2745 3223 gratia,
2780 3147 3045 3220 sequitur
3082 3163 3332 3203 censura
3361 3147 3588 3204 sobria
3643 3143 3890 3218 discipli-

473 3236 655 3293 latius
684 3235 1023 3293 facultatem
1044 3236 1303 3292 haberet.

540 3326 597 3380 5.
628 3325 741 3382 Sed
773 3325 913 3396 quia
942 3324 1042 3379 ubi
1096 3327 1467 3398 generantur,
1501 3324 1597 3381 hic
1653 3326 1795 3382 ordo
1852 3331 1960 3397 est,
2020 3328 2122 3385 ubi

472 3418 667 3471 autem
696 3417 994 3486 generant,
1027 3413 1237 3485 Japhet
1266 3414 1455 3486 primo
1486 3413 1613 3471 loco
1651 3415 1948 3486 scribitur,
2006 3421 2121 3474 ter-

470 3502 552 3559 tio
582 3502 764 3558 Cham
793 3521 805 3570 ;
840 3504 970 3559 ideo
1003 3519 1074 3558 ne
1106 3503 1398 3559 contraria
1453 3520 1562 3560 nos
1593 3504 2013 3577 posterioribus
2041 3506 2125 3562 di-

471 3592 627 3647 xisse
646 3591 779 3662 quis
806 3592 1321 3659 arbitretur,etiam
1339 3590 1500 3648 illius
1514 3592 1623 3649 loci
1641 3593 2007 3666 explananda
2028 3612 2123 3651 ra-

471 3680 554 3736 tio
582 3685 691 3736 est.
725 3679 947 3736 Bonum
980 3680 1218 3752 quidem
1250 3681 1405 3754 quod
1437 3680 1595 3737 velut
1622 3681 1684 3737 in
1714 3684 1971 3754 quadam
2019 3702 2122 3741 na-

468 3772 612 3825 tura-
643 3769 948 3826 nobilitate
977 3774 1069 3826 est
1097 3770 1368 3842 praecedit
1394 3788 1407 3826 :
1442 3769 1665 3826 malum
1697 3775 1891 3827 autem
1930 3773 2123 3846 sequi-

468 3861 597 3927 tur;
631 3862 771 3914 sunt
800 3858 957 3913 enim
989 3859 1368 3930 cogitationes
1398 3860 1614 3916 mentis
1634 3860 1959 3928 contrarias,
1993 3878 2120 3934 qum

470 3947 674 4019 utique
705 3947 977 4003 oriuntur
1008 3952 1225 4019 postea.
1259 3949 1389 4005 Haec
1430 3947 1712 4021 quamdiu
1739 3948 1899 4005 velut
1957 3951 2119 4007 intus

469 4036 669 4093 clausa
684 4041 844 4104 sunt,
869 4053 975 4091 nec
992 4041 1273 4108 tanquam
1294 4037 1353 4091 in
1380 4037 1577 4093 herbis
1598 4037 1951 4110 germinant,
1975 4056 2118 4113 quo-

2235 3257 2343 3296 naa.
2378 3238 2652 3295 Divinum
2683 3240 2773 3293 est
2802 3236 2982 3311 igitur
3012 3236 3168 3315 quod
3217 3235 3371 3292 bona
3438 3234 3891 3309 pramittuntur,

2232 3332 2502 3385 nostrum
2536 3326 2692 3399 quod
2724 3328 3051 3381 mutantur.

2300 3418 2356 3473 7.
2390 3414 2661 3490 Ipse‘hoc
2693 3413 2948 3476 declarat
2976 3413 3131 3471 Deus
3161 3412 3363 3471 dicens
3405 3430 3420 3469 :
3456 3416 3585 3472 Non
3614 3426 3897 3486 permane-

2233 3508 2312 3565 bit
2336 3507 2567 3579 spiritus
2588 3520 2740 3561 meus
2761 3505 2823 3561 in
2847 3503 3182 3568 hominibus,
3207 3503 3567 3579 quiacames
3584 3508 3720 3563 sunt
3738 3500 3890 3574 ,(Gen.

2229 3612 2309 3662 vx,
2340 3596 2417 3667 3).
2450 3593 2708 3666 Spiritus
2734 3595 2975 3655 sanctus
3007 3590 3252 3663 spiritus
3284 3591 3603 3662 sapientia:
3644 3594 3755 3661 est,
3786 3587 3895 3662 spi-

2230 3684 2380 3741 ritus
2411 3681 2783 3756 cognitionis.
2815 3680 3001 3737 Habet
3027 3695 3164 3753 ergo
3192 3680 3583 3753 sapientiam,
3619 3680 3796 3737 habet
3845 3680 3897 3732 et

2229 3771 2624 3847 disciplinam,
2654 3770 2806 3833 sicut
2833 3772 2891 3827 et
2920 3769 2991 3824 de
3034 3766 3313 3834 Beseleel,
3346 3768 3459 3845 qui
3524 3784 3764 3827 sacrum
3813 3769 3893 3823 ta-

2229 3860 2613 3920 bernaculum
2630 3858 2825 3917 divino
2848 3855 3080 3915 oraculo
3094 3856 3303 3929 jussus
3321 3860 3418 3915 est
3441 3856 3750 3927 facere,ait
3762 3854 3898 3912 Scri-

2227 3954 2401 4022 ptura
2434 3966 2446 4003 :
2472 3950 2615 4019 Quia
2645 3946 2881 4020 repletus
2900 3953 2987 4009 ,ωι
3005 3947 3207 4019 spiritu
3256 3946 3603 4019 prudentia
3630 3950 3684 4003 et
3724 3944 3893 4002 disci-

2222 4042 2401 4112 plinae
2431 4038 2627 4112 (Exod.
2660 4036 2920 4105 xxxi,.3).
2956 4035 3059 4093 Hic
3082 4050 3223 4108 ergo
3264 4034 3528 4109 spiritus
3560 4036 3744 4097 datur
3805 4032 3899 4089 ho-

468 4124 605 4180 dam
638 4124 772 4179 sinu
811 4124 977 4179 bona)
1008 4124 1222 4179 mentis
1246 4125 1530 4193 foveatur,
1557 4141 1629 4180 ne
1646 4125 1948 4195 prodeant.
1970 4124 2118 4182 Nam
2228 4128 2513 4197 minibus,
2543 4125 2644 4185 sed
2671 4142 2788 4183 non
2813 4126 3277 4205 permaneLQua
3297 4128 3513 4183 autem
3536 4124 3901 4185 rationenon

469 4212 728 4285 quandiu
761 4212 822 4268 in
852 4210 1151 4269 voluntate
1180 4216 1270 4268 est
1299 4212 1544 4280 malum,
1572 4230 1687 4269 non
1717 4213 1777 4269 in
1818 4221 2116 4289 ἐντελεχείᾳ,
2227 4220 2550 4290 permanet,
2572 4231 2755 4277 eausa
2782 4213 3072 4287 proditur,
3105 4211 3247 4286 quia
3278 4229 3418 4271 caro
3455 4218 3631 4271 sunt.
3704 4209 3903 4273 Carnis

470 4301 577 4356 hoc
607 4304 695 4356 est
722 4300 782 4355 in
814 4316 986 4372 opere
1016 4305 1190 4372 atque
1220 4300 1450 4369 effectu,
1506 4300 1740 4358 bonitas
1772 4303 1985 4359 mentis
2015 4320 2120 4376 gu-
2225 4307 2383 4363 enim
2412 4307 2627 4362 natura
2654 4301 2979 4376 disciplinas
3044 4305 3353 4375 repugnat,
3403 4302 3561 4376 quia
3618 4297 3902 4376 voluptati

470 4389 797 4445 bernatoris
830 4388 989 4445 velut
1019 4389 1232 4462 auriga:
1265 4390 1437 4445 modo
1468 4390 1701 4446 cohibet
1726 4390 1817 4447 vel
1866 4392 2115 4447 refrenat
2225 4394 2606 4466 obtemperat.
2633 4392 2892 4463 Denique
2921 4390 2992 4447 de
3010 4389 3136 4451 solo
3159 4389 3413 4451 Domino
3439 4391 3476 4453 .J
3484 4408 3599 4450 esu
3622 4391 3908 4464 scriptum

469 4476 755 4575 malitiam
785 4481 1113 4575 tentantem
1145 4495 1523 4575 prorumpere
1552 4498 1565 4549 ;
1618 4496 1753 4536 cum
1785 4497 1917 4536 vero
1951 4482 2117 4537 effer-
2147 4508 2196 4575 D
2226 4488 2351 4543 est:
2386 4482 2561 4555 Super
2589 4496 2751 4554 quem
2769 4479 3021 4538 videritis
3051 4478 3329 4551 Spiritum
3361 4480 3815 4539 descendentem
3849 4475 3907 4533 de

468 4566 682 4634 buerit,
715 4570 890 4637 atque
919 4566 980 4621 in
1035 4566 1204 4623 ulcus
1247 4567 1523 4639 eruperit,
1566 4584 1639 4624 ne
1698 4568 1885 4641 possit
1935 4569 2113 4626 latius
2147 4566 2189 4575 ’⁷
2228 4572 2393 4640 calo,
2420 4579 2477 4629 et
2500 4578 2816 4631 mnentem
2845 4584 3010 4643 super
3038 4583 3187 4636 eum,
3233 4568 3321 4627 hic
3352 4577 3447 4627 est
3510 4571 3618 4645 qui
3674 4569 3910 4647 baptism

467 4670 724 4729 serpere,
753 4658 813 4710 et
838 4653 1096 4711 ﬁnitima
1121 4655 1550 4723 contaminare;
1584 4659 1723 4712 tunc
1733 4657 1899 4728 justa
1918 4674 2116 4715 succe-
2229 4662 2451 4736 Spiritu
2476 4660 2867 4732 sanctoann.
2901 4675 2941 4726 ι,
2969 4657 3083 4727 33).
3161 4658 3226 4715 In
3260 4672 3325 4712 eo
3358 4656 3537 4719 enim
3614 4655 3907 4719 manebat,

464 4746 555 4801 dit
583 4743 968 4817 providentia,
1004 4760 1073 4799 ne
1098 4743 1242 4799 illud
1272 4743 1610 4801 indifferens
1639 4746 1796 4817 quod
1826 4745 1999 4820 vulgo
2026 4764 2117 4804 se-
2228 4768 2406 4823 quem
2434 4748 2597 4806 nulla
2628 4745 2969 4819 corruptelas
2993 4743 3243 4807 carnalis
3268 4744 3736 4818 impedimenta
3764 4758 3912 4809 rever

464 4834 725 4890 cundum
758 4833 977 4890 bonum
1009 4833 1232 4900 dicunt,
1263 4832 1421 4889 velut
1449 4832 1575 4889 loco
1605 4835 1793 4903 cedat,
1826 4850 1961 4891 cum
1992 4837 2119 4908 jam
2229 4840 2461 4907 cabant,
2488 4836 2813 4910 quominus
2842 4835 3194 4908 incorrupta
3225 4838 3284 4895 et
3312 4833 3732 4907 impermistae
3764 4831 3911 4893 ordir

466 4922 707 4980 ferventi
738 4921 893 4979 malo
924 4940 1040 4979 non
1071 4923 1260 4995 possit
1287 4922 1575 4979 resistere.
1613 4923 1812 4997 Itaque
1838 4941 1910 4981 ne
1942 4925 2121 4982 latius
2229 4944 2365 4991 nem
2386 4925 2709 5001 disciplinas
2730 4928 2972 4995 teneret,
3003 4924 3176 4997 cuius
3207 4939 3345 4983 caro
3374 4940 3535 4985 non
3571 4924 3729 4986 vidit
3792 4936 3911 4985 cor-

466 5011 673 5067 fundat
691 5011 854 5067 virus
878 5012 1137 5082 noxium,
1158 5017 1215 5070 et
1234 5012 1521 5085 plurimas
1542 5013 1765 5069 inficiet
1786 5015 2118 5086 generando
2229 5016 2585 5091 ruptionem.

462 5100 889 5173 corruptiones,
920 5101 1062 5157 illud
1089 5101 1345 5175 primum
1366 5102 1588 5157 bonum
1611 5103 1765 5174 quod
1789 5106 1998 5159 natura
2017 5104 2118 5159 bo-
2712 5148 2717 5149 κ
2872 5120 3111 5179 .cApU'r
3148 5120 3237 5177 ιν,

464 5205 606 5244 num
640 5194 747 5257 est,
776 5190 918 5246 dum
952 5190 1145 5248 locum
1179 5195 1392 5259 mutat,
1430 5190 1696 5247 ordinem
1756 5196 1947 5247 mutat
1981 5210 1994 5260 ;
2053 5196 2121 5247 ut

2247 5212 2552 5284 iigantiblu
2576 5212 2679 5284 qui
2725 5211 2985 5268 uixerunt
3022 5213 3183 5284 aetate
3218 5209 3639 5284 Νοεηςίηιίιᾳε
3668 5222 3791 5284 ωδε
3820 5203 3916 5284 te;

464 5278 631 5350 quasi
663 5277 949 5335 laboranti
977 5280 1179 5337 cornui
1211 5297 1380 5353 opem
1411 5280 1576 5348 ferat,
1608 5283 1667 5335 et
1710 5296 1839 5336 eam
1890 5284 2116 5355 partem
2292 5272 2472 5341 hinc:
2496 5272 2674 5343 cultui
2694 5284 2887 5341 cumis
2908 5272 3483 5348 metudenteL'Qui
3513 5280 3801 5339 dicantur
3814 5272 3914 5349 ﬁlii

537 5442 612 5515 (4)
627 5444 777 5523 Edit.
796 5448 989 5523 βοτηη
1012 5450 1251 5523 singqu
1263 5465 1473 5523 earum.
1498 5447 1712 5523 Melius
1726 5452 1840 5506 vet.
1868 5453 1926 5508 et
1946 5466 2114 5523 mea,

460 5516 974 5594 eorum.__Refertu_r
998 5516 1257 5594 animati
1290 5534 1417 5594 qua:
1447 5521 1586 5594 bona
1615 5521 1798 5578 habet.
1846 5563 1860 5577 .
1906 5566 1918 5579 .
1972 5565 1984 5579 .
2034 5564 2048 5580 .
2099 5516 2113 5582 ξ

459 5600 587 5658 quae
610 5584 887 5657 adjacent.
917 5588 1131 5651 Eodem
1164 5584 1408 5663 loco'ubj
1429 5592 1567 5653 edit.
1591 5594 1921 5668 fatigentur,
1938 5594 2114 5653 .Gorb.

2225 5458 2282 5527 et
2312 5454 2494 5527 Long.
2519 5452 2834 5527 praeferunt
2854 5450 3249 5527 fatigarc.Non
3270 5451 3697 5527 aspernanda
3722 5445 3914 5527 lectiO.

2225 5520 2691 5673 ﬁugr‘olfinpuiz,
2724 5520 2988 5599 quae'vex'
3012 5522 3234 5597 ubique
3270 5520 3572 5597 habetur,
3624 5520 3917 5598 legeretur
