  <div class='ocr_page' id='page_1' title='image "/cluster/home/n/w/nwhite01/storage/ocr_20150623/14/hvd.32044048207138/199.png"; bbox 0 0 4166 6154; ppageno 0'>
   <div class='ocr_carea' id='block_1_1' title="bbox 469 309 587 373">
    <p class='ocr_par' dir='ltr' id='par_1_1' title="bbox 469 309 587 373">
     <span class='ocr_line' id='line_1_1' title="bbox 469 309 587 373; baseline -0.034 -1"><span class='ocrx_word' id='word_1_1' title='bbox 469 309 587 373; x_wconf 81' lang='grc' dir='ltr'>38Ἰ</span> 
     </span>
    </p>
   </div>
   <div class='ocr_carea' id='block_1_2' title="bbox 1936 304 2427 368">
    <p class='ocr_par' dir='ltr' id='par_1_2' title="bbox 1936 304 2427 368">
     <span class='ocr_line' id='line_1_2' title="bbox 1936 304 2427 368; baseline 0.006 -4"><span class='ocrx_word' id='word_1_2' title='bbox 1936 306 1999 364; x_wconf 93' lang='lat' dir='ltr'>S.</span> <span class='ocrx_word' id='word_1_3' title='bbox 2049 304 2427 368; x_wconf 81' lang='lat' dir='ltr'>AMBROSll</span> 
     </span>
    </p>
   </div>
   <div class='ocr_carea' id='block_1_3' title="bbox 3773 303 3884 370">
    <p class='ocr_par' dir='ltr' id='par_1_3' title="bbox 3773 303 3884 370">
     <span class='ocr_line' id='line_1_3' title="bbox 3773 303 3884 370; baseline 0.018 -2"><span class='ocrx_word' id='word_1_4' title='bbox 3773 303 3884 370; x_wconf 79' lang='lat'>388</span> 
     </span>
    </p>
   </div>
   <div class='ocr_carea' id='block_1_4' title="bbox 468 435 3887 516">
    <p class='ocr_par' dir='ltr' id='par_1_4' title="bbox 468 435 3887 516">
     <span class='ocr_line' id='line_1_4' title="bbox 468 435 3887 516; baseline -0 -16"><span class='ocrx_word' id='word_1_5' title='bbox 468 441 577 516; x_wconf 85' lang='grc'><strong>13).</strong></span> <span class='ocrx_word' id='word_1_6' title='bbox 611 444 870 513; x_wconf 87' lang='lat' dir='ltr'>Tempus</span> <span class='ocrx_word' id='word_1_7' title='bbox 903 439 1142 513; x_wconf 87' lang='lat' dir='ltr'>quidem</span> <span class='ocrx_word' id='word_1_8' title='bbox 1173 437 1438 497; x_wconf 90' lang='lat' dir='ltr'>omnium</span> <span class='ocrx_word' id='word_1_9' title='bbox 1493 435 1801 492; x_wconf 87' lang='lat' dir='ltr'>hominum</span> <span class='ocrx_word' id='word_1_10' title='bbox 1863 436 1919 491; x_wconf 88' lang='lat' dir='ltr'>in</span> <span class='ocrx_word' id='word_1_11' title='bbox 1980 453 2118 492; x_wconf 83' lang='lat' dir='ltr'>con-</span> <span class='ocrx_word' id='word_1_12' title='bbox 2149 437 2204 505; x_wconf 74' lang='grc' dir='ltr'>Α</span> <span class='ocrx_word' id='word_1_13' title='bbox 2235 455 2468 508; x_wconf 89' lang='lat' dir='ltr'>manus,</span> <span class='ocrx_word' id='word_1_14' title='bbox 2501 440 2761 510; x_wconf 90' lang='lat' dir='ltr'>brachia,</span> <span class='ocrx_word' id='word_1_15' title='bbox 2824 439 3063 509; x_wconf 83' lang='lat' dir='ltr'>femora,</span> <span class='ocrx_word' id='word_1_16' title='bbox 3127 444 3184 496; x_wconf 90' lang='lat' dir='ltr'>et</span> <span class='ocrx_word' id='word_1_17' title='bbox 3236 457 3408 496; x_wconf 90' lang='lat' dir='ltr'>crura</span> <span class='ocrx_word' id='word_1_18' title='bbox 3466 439 3887 513; x_wconf 87' lang='lat' dir='ltr'>quadripartita</span> 
     </span>
    </p>
   </div>
   <div class='ocr_carea' id='block_1_5' title="bbox 466 525 3883 604">
    <p class='ocr_par' dir='ltr' id='par_1_5' title="bbox 466 525 3883 604">
     <span class='ocr_line' id='line_1_5' title="bbox 466 525 3883 604; baseline 0 -16"><span class='ocrx_word' id='word_1_19' title='bbox 466 535 672 603; x_wconf 90' lang='lat' dir='ltr'>spectu</span> <span class='ocrx_word' id='word_1_20' title='bbox 705 530 828 598; x_wconf 86' lang='lat' dir='ltr'>Dei,</span> <span class='ocrx_word' id='word_1_21' title='bbox 859 536 917 588; x_wconf 92' lang='lat' dir='ltr'>et</span> <span class='ocrx_word' id='word_1_22' title='bbox 944 532 1003 585; x_wconf 90' lang='lat' dir='ltr'>in</span> <span class='ocrx_word' id='word_1_23' title='bbox 1036 531 1162 601; x_wconf 86' lang='lat' dir='ltr'>ejus</span> <span class='ocrx_word' id='word_1_24' title='bbox 1192 528 1488 584; x_wconf 92' lang='lat' dir='ltr'>voluntate</span> <span class='ocrx_word' id='word_1_25' title='bbox 1520 531 1626 582; x_wconf 90' lang='lat' dir='ltr'>est.</span> <span class='ocrx_word' id='word_1_26' title='bbox 1660 526 1786 582; x_wconf 90' lang='lat' dir='ltr'>Non</span> <span class='ocrx_word' id='word_1_27' title='bbox 1820 525 1998 591; x_wconf 90' lang='lat' dir='ltr'>enim,</span> <span class='ocrx_word' id='word_1_28' title='bbox 2059 531 2126 581; x_wconf 90' lang='lat' dir='ltr'>ut</span> <span class='ocrx_word' id='word_1_29' title='bbox 2236 529 2370 600; x_wconf 87' lang='lat' dir='ltr'>quis</span> <span class='ocrx_word' id='word_1_30' title='bbox 2399 545 2511 584; x_wconf 91' lang='lat' dir='ltr'>non</span> <span class='ocrx_word' id='word_1_31' title='bbox 2545 530 2670 602; x_wconf 86' lang='lat' dir='ltr'>ipso</span> <span class='ocrx_word' id='word_1_32' title='bbox 2700 530 2829 586; x_wconf 90' lang='lat' dir='ltr'>visu</span> <span class='ocrx_word' id='word_1_33' title='bbox 2871 530 2981 601; x_wconf 85' lang='lat' dir='ltr'>(l2)</span> <span class='ocrx_word' id='word_1_34' title='bbox 3015 530 3328 586; x_wconf 83' lang='lat' dir='ltr'>advertat?</span> <span class='ocrx_word' id='word_1_35' title='bbox 3359 530 3508 587; x_wconf 86' lang='lat' dir='ltr'>Sunt</span> <span class='ocrx_word' id='word_1_36' title='bbox 3542 534 3738 586; x_wconf 90' lang='lat' dir='ltr'>autem</span> <span class='ocrx_word' id='word_1_37' title='bbox 3769 531 3883 604; x_wconf 84' lang='lat' dir='ltr'>ple-</span> 
     </span>
    </p>
   </div>
   <div class='ocr_carea' id='block_1_6' title="bbox 463 614 2121 694">
    <p class='ocr_par' dir='ltr' id='par_1_6' title="bbox 463 614 2121 694">
     <span class='ocr_line' id='line_1_6' title="bbox 463 614 2121 694; baseline -0.004 -19"><span class='ocrx_word' id='word_1_38' title='bbox 463 620 638 694; x_wconf 90' lang='lat' dir='ltr'>vulgo</span> <span class='ocrx_word' id='word_1_39' title='bbox 669 619 859 686; x_wconf 90' lang='lat' dir='ltr'>aiunt,</span> <span class='ocrx_word' id='word_1_40' title='bbox 895 618 1065 676; x_wconf 82' lang='lat' dir='ltr'>fatale</span> <span class='ocrx_word' id='word_1_41' title='bbox 1095 619 1388 674; x_wconf 89' lang='lat' dir='ltr'>decretum</span> <span class='ocrx_word' id='word_1_42' title='bbox 1424 614 1737 686; x_wconf 87' lang='lat' dir='ltr'>alligatur:</span> <span class='ocrx_word' id='word_1_43' title='bbox 1772 615 1874 669; x_wconf 90' lang='lat' dir='ltr'>sed</span> <span class='ocrx_word' id='word_1_44' title='bbox 1925 619 2121 669; x_wconf 88' lang='lat' dir='ltr'>tamen</span> 
     </span>
    </p>
   </div>
   <div class='ocr_carea' id='block_1_7' title="bbox 463 703 2122 782">
    <p class='ocr_par' dir='ltr' id='par_1_7' title="bbox 463 703 2122 782">
     <span class='ocr_line' id='line_1_7' title="bbox 463 703 2122 782; baseline -0.005 -16"><span class='ocrx_word' id='word_1_45' title='bbox 463 709 798 782; x_wconf 82' lang='lat' dir='ltr'>specialiter</span> <span class='ocrx_word' id='word_1_46' title='bbox 827 709 903 780; x_wconf 88' lang='lat'>(9)</span> <span class='ocrx_word' id='word_1_47' title='bbox 934 709 1030 764; x_wconf 91' lang='lat' dir='ltr'>hic</span> <span class='ocrx_word' id='word_1_48' title='bbox 1063 707 1284 762; x_wconf 88' lang='lat' dir='ltr'>dictum</span> <span class='ocrx_word' id='word_1_49' title='bbox 1317 710 1481 777; x_wconf 89' lang='lat' dir='ltr'>puto,</span> <span class='ocrx_word' id='word_1_50' title='bbox 1517 704 1657 776; x_wconf 87' lang='lat' dir='ltr'>quia</span> <span class='ocrx_word' id='word_1_51' title='bbox 1686 703 1747 758; x_wconf 92' lang='lat' dir='ltr'>in</span> <span class='ocrx_word' id='word_1_52' title='bbox 1807 703 2122 776; x_wconf 76' lang='lat' dir='ltr'>Evangello</span> 
     </span>
    </p>
   </div>
   <div class='ocr_carea' id='block_1_8' title="bbox 464 793 2121 868">
    <p class='ocr_par' dir='ltr' id='par_1_8' title="bbox 464 793 2121 868">
     <span class='ocr_line' id='line_1_8' title="bbox 464 793 2121 868; baseline -0.005 -12"><span class='ocrx_word' id='word_1_53' title='bbox 464 799 752 856; x_wconf 87' lang='lat' dir='ltr'>Dominus</span> <span class='ocrx_word' id='word_1_54' title='bbox 775 799 1184 868; x_wconf 82' lang='lat' dir='ltr'>redempturus</span> <span class='ocrx_word' id='word_1_55' title='bbox 1205 794 1510 850; x_wconf 88' lang='lat' dir='ltr'>hominum</span> <span class='ocrx_word' id='word_1_56' title='bbox 1524 809 1710 866; x_wconf 89' lang='lat' dir='ltr'>genus</span> <span class='ocrx_word' id='word_1_57' title='bbox 1732 793 2005 865; x_wconf 84' lang='lat' dir='ltr'>passione</span> <span class='ocrx_word' id='word_1_58' title='bbox 2026 793 2121 847; x_wconf 89' lang='lat' dir='ltr'>sui</span> 
     </span>
    </p>
   </div>
   <div class='ocr_carea' id='block_1_9' title="bbox 463 883 2122 961">
    <p class='ocr_par' dir='ltr' id='par_1_9' title="bbox 463 883 2122 961">
     <span class='ocr_line' id='line_1_9' title="bbox 463 883 2122 961; baseline -0.007 -16"><span class='ocrx_word' id='word_1_59' title='bbox 463 888 748 961; x_wconf 90' lang='lat' dir='ltr'>corporis,</span> <span class='ocrx_word' id='word_1_60' title='bbox 777 891 835 942; x_wconf 93' lang='lat' dir='ltr'>et</span> <span class='ocrx_word' id='word_1_61' title='bbox 860 884 1286 941; x_wconf 89' lang='lat' dir='ltr'>emundaturus</span> <span class='ocrx_word' id='word_1_62' title='bbox 1317 883 1603 956; x_wconf 85' lang='lat' dir='ltr'>sanguine</span> <span class='ocrx_word' id='word_1_63' title='bbox 1631 899 1759 948; x_wconf 88' lang='lat' dir='ltr'>suo,</span> <span class='ocrx_word' id='word_1_64' title='bbox 1795 896 2122 936; x_wconf 84' lang='lat' dir='ltr'>sacramen-</span> 
     </span>
    </p>
   </div>
   <div class='ocr_carea' id='block_1_10' title="bbox 461 968 2122 1047">
    <p class='ocr_par' dir='ltr' id='par_1_10' title="bbox 461 968 2122 1047">
     <span class='ocr_line' id='line_1_10' title="bbox 461 968 2122 1047; baseline -0.005 -15"><span class='ocrx_word' id='word_1_65' title='bbox 461 980 636 1047; x_wconf 91' lang='lat' dir='ltr'>toque</span> <span class='ocrx_word' id='word_1_66' title='bbox 666 973 1058 1045; x_wconf 86' lang='lat' dir='ltr'>baptismatis,</span> <span class='ocrx_word' id='word_1_67' title='bbox 1092 972 1174 1028; x_wconf 89' lang='lat' dir='ltr'>ait</span> <span class='ocrx_word' id='word_1_68' title='bbox 1202 989 1216 1027; x_wconf 89' lang='lat'><strong>:</strong></span> <span class='ocrx_word' id='word_1_69' title='bbox 1252 974 1439 1039; x_wconf 84' lang='lat' dir='ltr'>Pater,</span> <span class='ocrx_word' id='word_1_70' title='bbox 1472 973 1617 1027; x_wconf 97' lang='lat' dir='ltr'>venit</span> <span class='ocrx_word' id='word_1_71' title='bbox 1662 970 1820 1037; x_wconf 84' lang='lat' dir='ltr'>hora,</span> <span class='ocrx_word' id='word_1_72' title='bbox 1873 968 2122 1038; x_wconf 80' lang='lat' dir='ltr'>clari/ica</span> 
     </span>
    </p>
   </div>
   <div class='ocr_carea' id='block_1_11' title="bbox 459 1059 2114 1130">
    <p class='ocr_par' dir='ltr' id='par_1_11' title="bbox 459 1059 2114 1130">
     <span class='ocr_line' id='line_1_11' title="bbox 459 1059 2114 1130; baseline -0.005 -11"><span class='ocrx_word' id='word_1_73' title='bbox 459 1065 666 1120; x_wconf 83' lang='lat' dir='ltr'>Filium</span> <span class='ocrx_word' id='word_1_74' title='bbox 694 1066 873 1130; x_wconf 86' lang='lat' dir='ltr'>tuum,</span> <span class='ocrx_word' id='word_1_75' title='bbox 907 1064 965 1115; x_wconf 86' lang='lat' dir='ltr'>ut</span> <span class='ocrx_word' id='word_1_76' title='bbox 1023 1065 1072 1116; x_wconf 86' lang='lat' dir='ltr'>et</span> <span class='ocrx_word' id='word_1_77' title='bbox 1118 1060 1298 1116; x_wconf 81' lang='lat' dir='ltr'>Filius</span> <span class='ocrx_word' id='word_1_78' title='bbox 1347 1065 1471 1115; x_wconf 86' lang='lat' dir='ltr'>tuus</span> <span class='ocrx_word' id='word_1_79' title='bbox 1521 1059 1796 1128; x_wconf 86' lang='lat' dir='ltr'>clariﬁcet</span> <span class='ocrx_word' id='word_1_80' title='bbox 1830 1062 1885 1112; x_wconf 85' lang='lat' dir='ltr'>te</span> <span class='ocrx_word' id='word_1_81' title='bbox 1937 1059 2114 1128; x_wconf 82' lang='lat' dir='ltr'>(Joan.</span> 
     </span>
    </p>
   </div>
   <div class='ocr_carea' id='block_1_12' title="bbox 459 1147 2116 1223">
    <p class='ocr_par' dir='ltr' id='par_1_12' title="bbox 459 1147 2116 1223">
     <span class='ocr_line' id='line_1_12' title="bbox 459 1147 2116 1223; baseline -0.004 -17"><span class='ocrx_word' id='word_1_82' title='bbox 459 1168 597 1217; x_wconf 80' lang='lat' dir='ltr'>xvu,</span> <span class='ocrx_word' id='word_1_83' title='bbox 635 1154 704 1219; x_wconf 84' lang='lat' dir='ltr'>l).</span> <span class='ocrx_word' id='word_1_84' title='bbox 738 1150 886 1223; x_wconf 87' lang='lat' dir='ltr'>Ergo</span> <span class='ocrx_word' id='word_1_85' title='bbox 918 1150 1057 1221; x_wconf 85' lang='lat' dir='ltr'>quia</span> <span class='ocrx_word' id='word_1_86' title='bbox 1087 1150 1144 1204; x_wconf 89' lang='lat' dir='ltr'>in</span> <span class='ocrx_word' id='word_1_87' title='bbox 1176 1149 1393 1205; x_wconf 89' lang='lat' dir='ltr'>diluvio</span> <span class='ocrx_word' id='word_1_88' title='bbox 1426 1165 1527 1221; x_wconf 91' lang='lat' dir='ltr'>per</span> <span class='ocrx_word' id='word_1_89' title='bbox 1569 1164 1766 1203; x_wconf 88' lang='lat' dir='ltr'>arcam</span> <span class='ocrx_word' id='word_1_90' title='bbox 1820 1147 1936 1201; x_wconf 91' lang='lat' dir='ltr'>Noe</span> <span class='ocrx_word' id='word_1_91' title='bbox 1990 1163 2116 1201; x_wconf 82' lang='lat' dir='ltr'>ser-</span> 
     </span>
    </p>
   </div>
   <div class='ocr_carea' id='block_1_13' title="bbox 457 1235 2115 1310">
    <p class='ocr_par' dir='ltr' id='par_1_13' title="bbox 457 1235 2115 1310">
     <span class='ocr_line' id='line_1_13' title="bbox 457 1235 2115 1310; baseline -0.004 -15"><span class='ocrx_word' id='word_1_92' title='bbox 457 1244 598 1295; x_wconf 68' lang='lat' dir='ltr'>vatis</span> <span class='ocrx_word' id='word_1_93' title='bbox 630 1242 770 1295; x_wconf 90' lang='lat' dir='ltr'>sunt</span> <span class='ocrx_word' id='word_1_94' title='bbox 799 1238 1057 1309; x_wconf 65' lang='lat' dir='ltr'>reliquias</span> <span class='ocrx_word' id='word_1_95' title='bbox 1099 1237 1329 1310; x_wconf 85' lang='lat' dir='ltr'>generis</span> <span class='ocrx_word' id='word_1_96' title='bbox 1351 1237 1596 1293; x_wconf 88' lang='lat' dir='ltr'>humani</span> <span class='ocrx_word' id='word_1_97' title='bbox 1629 1237 1700 1291; x_wconf 90' lang='lat' dir='ltr'>ad</span> <span class='ocrx_word' id='word_1_98' title='bbox 1723 1235 2115 1292; x_wconf 87' lang='lat' dir='ltr'>seminarium</span> 
     </span>
    </p>
   </div>
   <div class='ocr_carea' id='block_1_14' title="bbox 457 1323 2118 1400">
    <p class='ocr_par' dir='ltr' id='par_1_14' title="bbox 457 1323 2118 1400">
     <span class='ocr_line' id='line_1_14' title="bbox 457 1323 2118 1400; baseline -0.003 -17"><span class='ocrx_word' id='word_1_99' title='bbox 457 1326 844 1400; x_wconf 88' lang='lat' dir='ltr'>reparationis</span> <span class='ocrx_word' id='word_1_100' title='bbox 875 1331 930 1382; x_wconf 92' lang='lat' dir='ltr'>et</span> <span class='ocrx_word' id='word_1_101' title='bbox 962 1326 1354 1382; x_wconf 89' lang='lat' dir='ltr'>renovationis</span> <span class='ocrx_word' id='word_1_102' title='bbox 1387 1327 1617 1393; x_wconf 66' lang='lat' dir='ltr'>futuras,</span> <span class='ocrx_word' id='word_1_103' title='bbox 1664 1325 1793 1380; x_wconf 89' lang='lat' dir='ltr'>ideo</span> <span class='ocrx_word' id='word_1_104' title='bbox 1834 1323 2118 1396; x_wconf 71' lang='lat' dir='ltr'>praemisit</span> 
     </span>
    </p>
   </div>
   <div class='ocr_carea' id='block_1_15' title="bbox 460 1412 2115 1488">
    <p class='ocr_par' dir='ltr' id='par_1_15' title="bbox 460 1412 2115 1488">
     <span class='ocr_line' id='line_1_15' title="bbox 460 1412 2115 1488; baseline -0.004 -14"><span class='ocrx_word' id='word_1_105' title='bbox 460 1416 594 1474; x_wconf 81' lang='lat' dir='ltr'>hic:</span> <span class='ocrx_word' id='word_1_106' title='bbox 624 1418 848 1488; x_wconf 86' lang='lat' dir='ltr'>Tempus</span> <span class='ocrx_word' id='word_1_107' title='bbox 878 1418 1055 1471; x_wconf 87' lang='lat' dir='ltr'>omnis</span> <span class='ocrx_word' id='word_1_108' title='bbox 1078 1416 1320 1471; x_wconf 81' lang='lat' dir='ltr'>hominis</span> <span class='ocrx_word' id='word_1_109' title='bbox 1352 1418 1503 1470; x_wconf 86' lang='lat' dir='ltr'>venit</span> <span class='ocrx_word' id='word_1_110' title='bbox 1533 1435 1552 1480; x_wconf 88' lang='lat'><strong><em>;</em></strong></span> <span class='ocrx_word' id='word_1_111' title='bbox 1583 1416 1716 1486; x_wconf 88' lang='lat' dir='ltr'>quia</span> <span class='ocrx_word' id='word_1_112' title='bbox 1769 1412 1988 1484; x_wconf 81' lang='lat' dir='ltr'>repleta</span> <span class='ocrx_word' id='word_1_113' title='bbox 2034 1417 2115 1467; x_wconf 84' lang='lat' dir='ltr'>est</span> 
     </span>
    </p>
   </div>
   <div class='ocr_carea' id='block_1_16' title="bbox 457 1502 2112 1576">
    <p class='ocr_par' dir='ltr' id='par_1_16' title="bbox 457 1502 2112 1576">
     <span class='ocr_line' id='line_1_16' title="bbox 457 1502 2112 1576; baseline -0.003 -15"><span class='ocrx_word' id='word_1_114' title='bbox 457 1514 607 1561; x_wconf 86' lang='lat' dir='ltr'>terra</span> <span class='ocrx_word' id='word_1_115' title='bbox 636 1506 1041 1576; x_wconf 75' lang='lat' dir='ltr'>iniquitatibus</span> <span class='ocrx_word' id='word_1_116' title='bbox 1064 1505 1200 1559; x_wconf 89' lang='lat' dir='ltr'>suis.</span> <span class='ocrx_word' id='word_1_117' title='bbox 1252 1505 1369 1559; x_wconf 85' lang='lat' dir='ltr'>Hoc</span> <span class='ocrx_word' id='word_1_118' title='bbox 1401 1504 1457 1558; x_wconf 89' lang='lat' dir='ltr'>in</span> <span class='ocrx_word' id='word_1_119' title='bbox 1492 1503 1680 1574; x_wconf 80' lang='lat' dir='ltr'>figura</span> <span class='ocrx_word' id='word_1_120' title='bbox 1707 1521 1720 1571; x_wconf 91' lang='lat'><strong>;</strong></span> <span class='ocrx_word' id='word_1_121' title='bbox 1753 1502 1810 1556; x_wconf 91' lang='lat' dir='ltr'>in</span> <span class='ocrx_word' id='word_1_122' title='bbox 1868 1503 2112 1557; x_wconf 87' lang='lat' dir='ltr'>veritate</span> 
     </span>
    </p>
   </div>
   <div class='ocr_carea' id='block_1_17' title="bbox 457 1589 2111 1664">
    <p class='ocr_par' dir='ltr' id='par_1_17' title="bbox 457 1589 2111 1664">
     <span class='ocr_line' id='line_1_17' title="bbox 457 1589 2111 1664; baseline -0.004 -15"><span class='ocrx_word' id='word_1_123' title='bbox 457 1597 652 1650; x_wconf 89' lang='lat' dir='ltr'>autem</span> <span class='ocrx_word' id='word_1_124' title='bbox 687 1594 794 1650; x_wconf 87' lang='lat' dir='ltr'>ait:</span> <span class='ocrx_word' id='word_1_125' title='bbox 829 1591 1102 1664; x_wconf 75' lang='lat' dir='ltr'>Reliquiae</span> <span class='ocrx_word' id='word_1_126' title='bbox 1137 1608 1236 1663; x_wconf 85' lang='lat' dir='ltr'>per</span> <span class='ocrx_word' id='word_1_127' title='bbox 1291 1592 1642 1647; x_wconf 75' lang='lat' dir='ltr'>dilectionem</span> <span class='ocrx_word' id='word_1_128' title='bbox 1694 1592 1892 1659; x_wconf 77' lang='lat' dir='ltr'>gratia:</span> <span class='ocrx_word' id='word_1_129' title='bbox 1940 1589 2111 1644; x_wconf 77' lang='lat' dir='ltr'>salvae</span> 
     </span>
    </p>
   </div>
   <div class='ocr_carea' id='block_1_18' title="bbox 451 1677 2111 1754">
    <p class='ocr_par' dir='ltr' id='par_1_18' title="bbox 451 1677 2111 1754">
     <span class='ocr_line' id='line_1_18' title="bbox 451 1677 2111 1754; baseline -0.004 -16"><span class='ocrx_word' id='word_1_130' title='bbox 451 1685 626 1754; x_wconf 67' lang='lat' dir='ltr'>facta:</span> <span class='ocrx_word' id='word_1_131' title='bbox 651 1690 777 1738; x_wconf 83' lang='lat' dir='ltr'>sunt</span> <span class='ocrx_word' id='word_1_132' title='bbox 806 1682 977 1754; x_wconf 82' lang='lat' dir='ltr'>(Rom.</span> <span class='ocrx_word' id='word_1_133' title='bbox 1010 1699 1086 1747; x_wconf 85' lang='lat' dir='ltr'>x1,</span> <span class='ocrx_word' id='word_1_134' title='bbox 1107 1681 1162 1751; x_wconf 83' lang='lat'>5)</span> <span class='ocrx_word' id='word_1_135' title='bbox 1185 1681 1462 1751; x_wconf 91' lang='lat' dir='ltr'>.Ideoque</span> <span class='ocrx_word' id='word_1_136' title='bbox 1482 1679 1773 1736; x_wconf 76' lang='lat' dir='ltr'>exclamat</span> <span class='ocrx_word' id='word_1_137' title='bbox 1796 1677 2111 1751; x_wconf 85' lang='lat' dir='ltr'>Apostolus</span> 
     </span>
    </p>
   </div>
   <div class='ocr_carea' id='block_1_19' title="bbox 455 1768 2107 1842">
    <p class='ocr_par' dir='ltr' id='par_1_19' title="bbox 455 1768 2107 1842">
     <span class='ocr_line' id='line_1_19' title="bbox 455 1768 2107 1842; baseline -0.002 -16"><span class='ocrx_word' id='word_1_138' title='bbox 455 1771 656 1827; x_wconf 89' lang='lat' dir='ltr'>dicens</span> <span class='ocrx_word' id='word_1_139' title='bbox 687 1788 701 1826; x_wconf 88' lang='lat'><strong>:</strong></span> <span class='ocrx_word' id='word_1_140' title='bbox 737 1770 1223 1842; x_wconf 86' lang='lat' dir='ltr'>Superabundavit</span> <span class='ocrx_word' id='word_1_141' title='bbox 1251 1773 1551 1840; x_wconf 85' lang='lat' dir='ltr'>peccat-um,</span> <span class='ocrx_word' id='word_1_142' title='bbox 1591 1772 1645 1822; x_wconf 86' lang='lat' dir='ltr'>ut</span> <span class='ocrx_word' id='word_1_143' title='bbox 1689 1768 2107 1841; x_wconf 80' lang='lat' dir='ltr'>superabunda-</span> 
     </span>
    </p>
   </div>
   <div class='ocr_carea' id='block_1_20' title="bbox 455 1859 1254 1931">
    <p class='ocr_par' dir='ltr' id='par_1_20' title="bbox 455 1859 1254 1931">
     <span class='ocr_line' id='line_1_20' title="bbox 455 1859 1254 1931; baseline -0.003 -17"><span class='ocrx_word' id='word_1_144' title='bbox 455 1865 540 1915; x_wconf 84' lang='lat' dir='ltr'>ret</span> <span class='ocrx_word' id='word_1_145' title='bbox 564 1870 614 1916; x_wconf 86' lang='lat' dir='ltr'>et</span> <span class='ocrx_word' id='word_1_146' title='bbox 645 1859 834 1930; x_wconf 85' lang='lat' dir='ltr'>gratia</span> <span class='ocrx_word' id='word_1_147' title='bbox 863 1859 1039 1931; x_wconf 85' lang='lat' dir='ltr'>(Rom.</span> <span class='ocrx_word' id='word_1_148' title='bbox 1071 1859 1254 1929; x_wconf 88' lang='lat' dir='ltr'>v,20).</span> 
     </span>
    </p>
   </div>
   <div class='ocr_carea' id='block_1_21' title="bbox 526 1946 2102 2020">
    <p class='ocr_par' dir='ltr' id='par_1_21' title="bbox 526 1946 2102 2020">
     <span class='ocr_line' id='line_1_21' title="bbox 526 1946 2102 2020; baseline -0.003 -16"><span class='ocrx_word' id='word_1_149' title='bbox 526 1951 612 2004; x_wconf 85' lang='grc'>12.</span> <span class='ocrx_word' id='word_1_150' title='bbox 645 1951 925 2020; x_wconf 82' lang='lat' dir='ltr'>Corrupit,</span> <span class='ocrx_word' id='word_1_151' title='bbox 959 1947 1168 2019; x_wconf 90' lang='lat' dir='ltr'>inquit,</span> <span class='ocrx_word' id='word_1_152' title='bbox 1201 1948 1378 2003; x_wconf 86' lang='lat' dir='ltr'>omnis</span> <span class='ocrx_word' id='word_1_153' title='bbox 1423 1963 1562 2002; x_wconf 83' lang='lat' dir='ltr'>caro</span> <span class='ocrx_word' id='word_1_154' title='bbox 1590 1948 1735 2002; x_wconf 85' lang='lat' dir='ltr'>viam</span> <span class='ocrx_word' id='word_1_155' title='bbox 1763 1962 1925 2001; x_wconf 86' lang='lat' dir='ltr'>suam</span> <span class='ocrx_word' id='word_1_156' title='bbox 1949 1946 2102 2016; x_wconf 86' lang='lat' dir='ltr'>(Gen.</span> 
     </span>
    </p>
   </div>
   <div class='ocr_carea' id='block_1_22' title="bbox 453 2034 2104 2109">
    <p class='ocr_par' dir='ltr' id='par_1_22' title="bbox 453 2034 2104 2109">
     <span class='ocr_line' id='line_1_22' title="bbox 453 2034 2104 2109; baseline -0.004 -15"><span class='ocrx_word' id='word_1_157' title='bbox 453 2055 530 2108; x_wconf 80' lang='grc' dir='ltr'>γι,</span> <span class='ocrx_word' id='word_1_158' title='bbox 559 2038 669 2109; x_wconf 74' lang='grc'><strong>12).</strong></span> <span class='ocrx_word' id='word_1_159' title='bbox 705 2038 950 2094; x_wconf 89' lang='lat' dir='ltr'>Carnem</span> <span class='ocrx_word' id='word_1_160' title='bbox 981 2036 1074 2091; x_wconf 90' lang='lat' dir='ltr'>hic</span> <span class='ocrx_word' id='word_1_161' title='bbox 1108 2037 1304 2108; x_wconf 92' lang='lat' dir='ltr'>posuit</span> <span class='ocrx_word' id='word_1_162' title='bbox 1335 2052 1438 2108; x_wconf 92' lang='lat' dir='ltr'>pro</span> <span class='ocrx_word' id='word_1_163' title='bbox 1470 2035 1708 2090; x_wconf 89' lang='lat' dir='ltr'>homine</span> <span class='ocrx_word' id='word_1_164' title='bbox 1738 2036 1998 2096; x_wconf 67' lang='lat' dir='ltr'>terreno,</span> <span class='ocrx_word' id='word_1_165' title='bbox 2044 2034 2104 2088; x_wconf 92' lang='lat' dir='ltr'>in</span> 
     </span>
    </p>
   </div>
   <div class='ocr_carea' id='block_1_23' title="bbox 453 2123 2105 2200">
    <p class='ocr_par' dir='ltr' id='par_1_23' title="bbox 453 2123 2105 2200">
     <span class='ocr_line' id='line_1_23' title="bbox 453 2123 2105 2200; baseline -0.004 -16"><span class='ocrx_word' id='word_1_166' title='bbox 453 2145 570 2200; x_wconf 91' lang='lat' dir='ltr'>quo</span> <span class='ocrx_word' id='word_1_167' title='bbox 601 2127 792 2183; x_wconf 89' lang='lat' dir='ltr'>carnis</span> <span class='ocrx_word' id='word_1_168' title='bbox 816 2125 1091 2181; x_wconf 91' lang='lat' dir='ltr'>illecebra</span> <span class='ocrx_word' id='word_1_169' title='bbox 1115 2125 1265 2180; x_wconf 90' lang='lat' dir='ltr'>viam</span> <span class='ocrx_word' id='word_1_170' title='bbox 1298 2125 1426 2196; x_wconf 88' lang='lat' dir='ltr'>ejus</span> <span class='ocrx_word' id='word_1_171' title='bbox 1449 2123 1916 2196; x_wconf 90' lang='lat' dir='ltr'>corruperit.Qui</span> <span class='ocrx_word' id='word_1_172' title='bbox 1943 2123 1991 2178; x_wconf 92' lang='lat' dir='ltr'>si</span> <span class='ocrx_word' id='word_1_173' title='bbox 2014 2123 2105 2177; x_wconf 89' lang='lat' dir='ltr'>in-</span> 
     </span>
    </p>
   </div>
   <div class='ocr_carea' id='block_1_24' title="bbox 451 2213 2104 2287">
    <p class='ocr_par' dir='ltr' id='par_1_24' title="bbox 451 2213 2104 2287">
     <span class='ocr_line' id='line_1_24' title="bbox 451 2213 2104 2287; baseline -0.003 -14"><span class='ocrx_word' id='word_1_174' title='bbox 451 2216 770 2273; x_wconf 84' lang='lat' dir='ltr'>tellexisset</span> <span class='ocrx_word' id='word_1_175' title='bbox 793 2215 947 2287; x_wconf 90' lang='lat' dir='ltr'>quod</span> <span class='ocrx_word' id='word_1_176' title='bbox 967 2231 1184 2270; x_wconf 90' lang='lat' dir='ltr'>munus</span> <span class='ocrx_word' id='word_1_177' title='bbox 1205 2214 1526 2285; x_wconf 87' lang='lat' dir='ltr'>accepisset</span> <span class='ocrx_word' id='word_1_178' title='bbox 1541 2231 1574 2269; x_wconf 90' lang='lat' dir='ltr'>a</span> <span class='ocrx_word' id='word_1_179' title='bbox 1591 2213 1729 2280; x_wconf 88' lang='lat' dir='ltr'>Deo,</span> <span class='ocrx_word' id='word_1_180' title='bbox 1755 2229 1872 2268; x_wconf 91' lang='lat' dir='ltr'>non</span> <span class='ocrx_word' id='word_1_181' title='bbox 1897 2213 2104 2284; x_wconf 89' lang='lat' dir='ltr'>utique</span> 
     </span>
    </p>
   </div>
   <div class='ocr_carea' id='block_1_25' title="bbox 453 2301 2101 2378">
    <p class='ocr_par' dir='ltr' id='par_1_25' title="bbox 453 2301 2101 2378">
     <span class='ocr_line' id='line_1_25' title="bbox 453 2301 2101 2378; baseline -0.004 -17"><span class='ocrx_word' id='word_1_182' title='bbox 453 2321 666 2378; x_wconf 89' lang='lat' dir='ltr'>passus</span> <span class='ocrx_word' id='word_1_183' title='bbox 691 2309 846 2360; x_wconf 88' lang='lat' dir='ltr'>esset</span> <span class='ocrx_word' id='word_1_184' title='bbox 875 2309 941 2358; x_wconf 89' lang='lat' dir='ltr'>ut</span> <span class='ocrx_word' id='word_1_185' title='bbox 996 2319 1128 2358; x_wconf 88' lang='lat' dir='ltr'>caro</span> <span class='ocrx_word' id='word_1_186' title='bbox 1179 2303 1438 2358; x_wconf 87' lang='lat' dir='ltr'>obstaret</span> <span class='ocrx_word' id='word_1_187' title='bbox 1491 2302 1701 2357; x_wconf 61' lang='lat' dir='ltr'>anima;</span> <span class='ocrx_word' id='word_1_188' title='bbox 1758 2301 2101 2356; x_wconf 84' lang='lat' dir='ltr'>virtutibus.</span> 
     </span>
    </p>
   </div>
   <div class='ocr_carea' id='block_1_26' title="bbox 451 2387 2103 2464">
    <p class='ocr_par' dir='ltr' id='par_1_26' title="bbox 451 2387 2103 2464">
     <span class='ocr_line' id='line_1_26' title="bbox 451 2387 2103 2464; baseline -0.004 -15"><span class='ocrx_word' id='word_1_189' title='bbox 451 2394 654 2464; x_wconf 88' lang='lat' dir='ltr'>Itaque</span> <span class='ocrx_word' id='word_1_190' title='bbox 683 2409 817 2448; x_wconf 91' lang='lat' dir='ltr'>caro</span> <span class='ocrx_word' id='word_1_191' title='bbox 846 2407 1024 2447; x_wconf 89' lang='lat' dir='ltr'>causa</span> <span class='ocrx_word' id='word_1_192' title='bbox 1053 2390 1162 2444; x_wconf 87' lang='lat' dir='ltr'>fuit</span> <span class='ocrx_word' id='word_1_193' title='bbox 1191 2390 1630 2462; x_wconf 86' lang='lat' dir='ltr'>corrumpendae</span> <span class='ocrx_word' id='word_1_194' title='bbox 1679 2389 1854 2444; x_wconf 90' lang='lat' dir='ltr'>etiam</span> <span class='ocrx_word' id='word_1_195' title='bbox 1896 2387 2103 2444; x_wconf 68' lang='lat' dir='ltr'>animae</span> 
     </span>
    </p>
   </div>
   <div class='ocr_carea' id='block_1_27' title="bbox 452 2477 2100 2554">
    <p class='ocr_par' dir='ltr' id='par_1_27' title="bbox 452 2477 2100 2554">
     <span class='ocr_line' id='line_1_27' title="bbox 452 2477 2100 2554; baseline -0.005 -17"><span class='ocrx_word' id='word_1_196' title='bbox 452 2498 580 2554; x_wconf 69' lang='lat' dir='ltr'>quas</span> <span class='ocrx_word' id='word_1_197' title='bbox 608 2479 766 2537; x_wconf 91' lang='lat' dir='ltr'>velut</span> <span class='ocrx_word' id='word_1_198' title='bbox 793 2479 953 2551; x_wconf 80' lang='lat' dir='ltr'>origo</span> <span class='ocrx_word' id='word_1_199' title='bbox 982 2484 1038 2534; x_wconf 91' lang='lat' dir='ltr'>et</span> <span class='ocrx_word' id='word_1_200' title='bbox 1067 2477 1232 2533; x_wconf 91' lang='lat' dir='ltr'>locus</span> <span class='ocrx_word' id='word_1_201' title='bbox 1255 2482 1345 2533; x_wconf 89' lang='lat' dir='ltr'>est</span> <span class='ocrx_word' id='word_1_202' title='bbox 1366 2477 1605 2549; x_wconf 86' lang='lat' dir='ltr'>quidam</span> <span class='ocrx_word' id='word_1_203' title='bbox 1628 2477 1946 2549; x_wconf 88' lang='lat' dir='ltr'>voluptatis</span> <span class='ocrx_word' id='word_1_204' title='bbox 1965 2477 2100 2544; x_wconf 87' lang='lat' dir='ltr'>(l0),</span> 
     </span>
    </p>
   </div>
   <div class='ocr_carea' id='block_1_28' title="bbox 450 2564 2102 2642">
    <p class='ocr_par' dir='ltr' id='par_1_28' title="bbox 450 2564 2102 2642">
     <span class='ocr_line' id='line_1_28' title="bbox 450 2564 2102 2642; baseline -0.005 -15"><span class='ocrx_word' id='word_1_205' title='bbox 450 2587 518 2627; x_wconf 87' lang='lat' dir='ltr'>ex</span> <span class='ocrx_word' id='word_1_206' title='bbox 549 2587 666 2642; x_wconf 92' lang='lat' dir='ltr'>qua</span> <span class='ocrx_word' id='word_1_207' title='bbox 692 2568 850 2625; x_wconf 89' lang='lat' dir='ltr'>velut</span> <span class='ocrx_word' id='word_1_208' title='bbox 878 2585 912 2623; x_wconf 90' lang='lat' dir='ltr'>a</span> <span class='ocrx_word' id='word_1_209' title='bbox 942 2568 1099 2622; x_wconf 69' lang='lat' dir='ltr'>fonte</span> <span class='ocrx_word' id='word_1_210' title='bbox 1158 2570 1550 2639; x_wconf 83' lang='lat' dir='ltr'>prorumpunt</span> <span class='ocrx_word' id='word_1_211' title='bbox 1601 2564 2102 2637; x_wconf 89' lang='lat' dir='ltr'>concupiscentia-</span> 
     </span>
    </p>
   </div>
   <div class='ocr_carea' id='block_1_29' title="bbox 449 2654 2101 2728">
    <p class='ocr_par' dir='ltr' id='par_1_29' title="bbox 449 2654 2101 2728">
     <span class='ocr_line' id='line_1_29' title="bbox 449 2654 2101 2728; baseline -0.004 -14"><span class='ocrx_word' id='word_1_212' title='bbox 449 2675 580 2714; x_wconf 91' lang='lat' dir='ltr'>rum</span> <span class='ocrx_word' id='word_1_213' title='bbox 624 2657 1028 2728; x_wconf 87' lang='lat' dir='ltr'>malarumque</span> <span class='ocrx_word' id='word_1_214' title='bbox 1079 2656 1421 2727; x_wconf 89' lang='lat' dir='ltr'>passionum</span> <span class='ocrx_word' id='word_1_215' title='bbox 1452 2654 1715 2723; x_wconf 83' lang='lat' dir='ltr'>ﬂumina,</span> <span class='ocrx_word' id='word_1_216' title='bbox 1744 2654 1976 2724; x_wconf 90' lang='lat' dir='ltr'>lateque</span> <span class='ocrx_word' id='word_1_217' title='bbox 2007 2669 2101 2708; x_wconf 88' lang='lat' dir='ltr'>ex-</span> 
     </span>
    </p>
   </div>
   <div class='ocr_carea' id='block_1_30' title="bbox 448 2743 2102 2817">
    <p class='ocr_par' dir='ltr' id='par_1_30' title="bbox 448 2743 2102 2817">
     <span class='ocr_line' id='line_1_30' title="bbox 448 2743 2102 2817; baseline -0.005 -15"><span class='ocrx_word' id='word_1_218' title='bbox 448 2748 691 2803; x_wconf 85' lang='lat' dir='ltr'>undant.</span> <span class='ocrx_word' id='word_1_219' title='bbox 721 2746 943 2811; x_wconf 87' lang='lat' dir='ltr'>Quibus</span> <span class='ocrx_word' id='word_1_220' title='bbox 964 2744 1324 2817; x_wconf 89' lang='lat' dir='ltr'>demergitur</span> <span class='ocrx_word' id='word_1_221' title='bbox 1353 2744 1563 2800; x_wconf 65' lang='lat' dir='ltr'>anima:</span> <span class='ocrx_word' id='word_1_222' title='bbox 1584 2743 1880 2815; x_wconf 87' lang='lat' dir='ltr'>quoddam</span> <span class='ocrx_word' id='word_1_223' title='bbox 1901 2757 2102 2796; x_wconf 84' lang='lat' dir='ltr'>excus-</span> 
     </span>
    </p>
   </div>
   <div class='ocr_carea' id='block_1_31' title="bbox 448 2828 2104 2908">
    <p class='ocr_par' dir='ltr' id='par_1_31' title="bbox 448 2828 2104 2908">
     <span class='ocr_line' id='line_1_31' title="bbox 448 2828 2104 2908; baseline -0.005 -16"><span class='ocrx_word' id='word_1_224' title='bbox 448 2853 514 2892; x_wconf 89' lang='lat' dir='ltr'>so</span> <span class='ocrx_word' id='word_1_225' title='bbox 543 2837 930 2908; x_wconf 85' lang='lat' dir='ltr'>gubernatore</span> <span class='ocrx_word' id='word_1_226' title='bbox 987 2832 1320 2904; x_wconf 82' lang='lat' dir='ltr'>remigium,</span> <span class='ocrx_word' id='word_1_227' title='bbox 1363 2848 1498 2887; x_wconf 89' lang='lat' dir='ltr'>cum</span> <span class='ocrx_word' id='word_1_228' title='bbox 1534 2832 1662 2902; x_wconf 83' lang='lat' dir='ltr'>ipsa</span> <span class='ocrx_word' id='word_1_229' title='bbox 1721 2847 1889 2886; x_wconf 90' lang='lat' dir='ltr'>mens</span> <span class='ocrx_word' id='word_1_230' title='bbox 1947 2828 2104 2885; x_wconf 84' lang='lat' dir='ltr'>velut</span> 
     </span>
    </p>
   </div>
   <div class='ocr_carea' id='block_1_32' title="bbox 447 2917 2101 2996">
    <p class='ocr_par' dir='ltr' id='par_1_32' title="bbox 447 2917 2101 2996">
     <span class='ocr_line' id='line_1_32' title="bbox 447 2917 2101 2996; baseline -0.005 -17"><span class='ocrx_word' id='word_1_231' title='bbox 447 2924 801 2996; x_wconf 88' lang='lat' dir='ltr'>quibusdam</span> <span class='ocrx_word' id='word_1_232' title='bbox 851 2921 1296 2992; x_wconf 87' lang='lat' dir='ltr'>tempestatibus</span> <span class='ocrx_word' id='word_1_233' title='bbox 1327 2924 1384 2975; x_wconf 91' lang='lat' dir='ltr'>et</span> <span class='ocrx_word' id='word_1_234' title='bbox 1440 2918 1710 2991; x_wconf 91' lang='lat' dir='ltr'>procellis</span> <span class='ocrx_word' id='word_1_235' title='bbox 1769 2919 1920 2973; x_wconf 85' lang='lat' dir='ltr'>victa</span> <span class='ocrx_word' id='word_1_236' title='bbox 1975 2917 2101 2972; x_wconf 93' lang='lat' dir='ltr'>loco</span> 
     </span>
    </p>
   </div>
   <div class='ocr_carea' id='block_1_33' title="bbox 448 3007 2101 3079">
    <p class='ocr_par' dir='ltr' id='par_1_33' title="bbox 448 3007 2101 3079">
     <span class='ocr_line' id='line_1_33' title="bbox 448 3007 2101 3079; baseline -0.005 -11"><span class='ocrx_word' id='word_1_237' title='bbox 448 3027 555 3069; x_wconf 91' lang='lat' dir='ltr'>suo</span> <span class='ocrx_word' id='word_1_238' title='bbox 583 3010 753 3066; x_wconf 90' lang='lat' dir='ltr'>cedit.</span> <span class='ocrx_word' id='word_1_239' title='bbox 787 3008 1031 3064; x_wconf 91' lang='lat' dir='ltr'>Pulchre</span> <span class='ocrx_word' id='word_1_240' title='bbox 1061 3013 1258 3063; x_wconf 88' lang='lat' dir='ltr'>autem</span> <span class='ocrx_word' id='word_1_241' title='bbox 1286 3008 1386 3072; x_wconf 88' lang='lat' dir='ltr'>ait,</span> <span class='ocrx_word' id='word_1_242' title='bbox 1415 3007 1555 3079; x_wconf 91' lang='lat' dir='ltr'>quia</span> <span class='ocrx_word' id='word_1_243' title='bbox 1585 3007 1761 3064; x_wconf 90' lang='lat' dir='ltr'>homo</span> <span class='ocrx_word' id='word_1_244' title='bbox 1792 3007 1944 3062; x_wconf 92' lang='lat' dir='ltr'>viam</span> <span class='ocrx_word' id='word_1_245' title='bbox 2000 3023 2101 3061; x_wconf 76' lang='lat' dir='ltr'>na~</span> 
     </span>
    </p>
   </div>
   <div class='ocr_carea' id='block_1_34' title="bbox 447 3095 2099 3170">
    <p class='ocr_par' dir='ltr' id='par_1_34' title="bbox 447 3095 2099 3170">
     <span class='ocr_line' id='line_1_34' title="bbox 447 3095 2099 3170; baseline -0.004 -15"><span class='ocrx_word' id='word_1_246' title='bbox 447 3106 590 3156; x_wconf 65' lang='lat' dir='ltr'>tura:</span> <span class='ocrx_word' id='word_1_247' title='bbox 616 3117 734 3155; x_wconf 68' lang='lat' dir='ltr'>sua:</span> <span class='ocrx_word' id='word_1_248' title='bbox 765 3097 1042 3170; x_wconf 88' lang='lat' dir='ltr'>corrupit.</span> <span class='ocrx_word' id='word_1_249' title='bbox 1078 3098 1225 3152; x_wconf 90' lang='lat' dir='ltr'>Nam</span> <span class='ocrx_word' id='word_1_250' title='bbox 1256 3097 1348 3151; x_wconf 88' lang='lat' dir='ltr'>via</span> <span class='ocrx_word' id='word_1_251' title='bbox 1379 3113 1486 3152; x_wconf 90' lang='lat' dir='ltr'>sua</span> <span class='ocrx_word' id='word_1_252' title='bbox 1519 3097 1577 3151; x_wconf 91' lang='lat' dir='ltr'>in</span> <span class='ocrx_word' id='word_1_253' title='bbox 1604 3095 1874 3167; x_wconf 87' lang='lat' dir='ltr'>paradiso</span> <span class='ocrx_word' id='word_1_254' title='bbox 1896 3100 2020 3151; x_wconf 91' lang='lat' dir='ltr'>erat</span> <span class='ocrx_word' id='word_1_255' title='bbox 2041 3095 2099 3149; x_wconf 91' lang='lat' dir='ltr'>in</span> 
     </span>
    </p>
   </div>
   <div class='ocr_carea' id='block_1_35' title="bbox 450 3184 2102 3252">
    <p class='ocr_par' dir='ltr' id='par_1_35' title="bbox 450 3184 2102 3252">
     <span class='ocr_line' id='line_1_35' title="bbox 450 3184 2102 3252; baseline -0.003 -8"><span class='ocrx_word' id='word_1_256' title='bbox 450 3188 549 3245; x_wconf 92' lang='lat' dir='ltr'>illo</span> <span class='ocrx_word' id='word_1_257' title='bbox 579 3185 1007 3243; x_wconf 86' lang='lat' dir='ltr'>beatitudinum</span> <span class='ocrx_word' id='word_1_258' title='bbox 1033 3186 1288 3252; x_wconf 87' lang='lat' dir='ltr'>tramite,</span> <span class='ocrx_word' id='word_1_259' title='bbox 1323 3186 1380 3240; x_wconf 91' lang='lat' dir='ltr'>in</span> <span class='ocrx_word' id='word_1_260' title='bbox 1412 3184 1514 3240; x_wconf 93' lang='lat' dir='ltr'>illo</span> <span class='ocrx_word' id='word_1_261' title='bbox 1546 3185 1828 3240; x_wconf 89' lang='lat' dir='ltr'>virtutum</span> <span class='ocrx_word' id='word_1_262' title='bbox 1863 3185 2021 3252; x_wconf 80' lang='lat' dir='ltr'>flore,</span> <span class='ocrx_word' id='word_1_263' title='bbox 2045 3188 2102 3239; x_wconf 90' lang='lat' dir='ltr'>et</span> 
     </span>
    </p>
   </div>
   <div class='ocr_carea' id='block_1_36' title="bbox 447 3272 2093 3346">
    <p class='ocr_par' dir='ltr' id='par_1_36' title="bbox 447 3272 2093 3346">
     <span class='ocr_line' id='line_1_36' title="bbox 447 3272 2093 3346; baseline -0.004 -13"><span class='ocrx_word' id='word_1_264' title='bbox 447 3278 507 3333; x_wconf 89' lang='lat' dir='ltr'>in</span> <span class='ocrx_word' id='word_1_265' title='bbox 537 3277 639 3333; x_wconf 90' lang='lat' dir='ltr'>illa</span> <span class='ocrx_word' id='word_1_266' title='bbox 669 3273 1096 3346; x_wconf 90' lang='lat' dir='ltr'>incorruptibili</span> <span class='ocrx_word' id='word_1_267' title='bbox 1135 3273 1341 3346; x_wconf 83' lang='lat' dir='ltr'>gratia,</span> <span class='ocrx_word' id='word_1_268' title='bbox 1397 3290 1575 3345; x_wconf 90' lang='lat' dir='ltr'>quam</span> <span class='ocrx_word' id='word_1_269' title='bbox 1632 3273 1785 3328; x_wconf 88' lang='lat' dir='ltr'>viam</span> <span class='ocrx_word' id='word_1_270' title='bbox 1844 3272 2093 3328; x_wconf 89' lang='lat' dir='ltr'>terrenis</span> 
     </span>
    </p>
   </div>
   <div class='ocr_carea' id='block_1_37' title="bbox 421 3360 2092 3438">
    <p class='ocr_par' dir='ltr' id='par_1_37' title="bbox 421 3360 2092 3438">
     <span class='ocr_line' id='line_1_37' title="bbox 421 3360 2092 3438; baseline -0.004 -16"><span class='ocrx_word' id='word_1_271' title='bbox 421 3365 773 3438; x_wconf 79' lang='lat' dir='ltr'>inquinavit</span> <span class='ocrx_word' id='word_1_272' title='bbox 802 3363 1083 3435; x_wconf 87' lang='lat' dir='ltr'>vestigiis.</span> <span class='ocrx_word' id='word_1_273' title='bbox 1117 3361 1229 3416; x_wconf 88' lang='lat' dir='ltr'>Alii</span> <span class='ocrx_word' id='word_1_274' title='bbox 1280 3361 1529 3418; x_wconf 89' lang='lat' dir='ltr'>habent:</span> <span class='ocrx_word' id='word_1_275' title='bbox 1571 3363 1722 3418; x_wconf 84' lang='lat' dir='ltr'>Viam</span> <span class='ocrx_word' id='word_1_276' title='bbox 1753 3363 1948 3433; x_wconf 77' lang='lat' dir='ltr'>ipsius,</span> <span class='ocrx_word' id='word_1_277' title='bbox 1983 3360 2092 3416; x_wconf 90' lang='lat' dir='ltr'>hoc</span> 
     </span>
    </p>
   </div>
   <div class='ocr_carea' id='block_1_38' title="bbox 446 3449 1946 3521">
    <p class='ocr_par' dir='ltr' id='par_1_38' title="bbox 446 3449 1946 3521">
     <span class='ocr_line' id='line_1_38' title="bbox 446 3449 1946 3521; baseline -0.005 -10"><span class='ocrx_word' id='word_1_278' title='bbox 446 3459 535 3511; x_wconf 89' lang='lat' dir='ltr'>est</span> <span class='ocrx_word' id='word_1_279' title='bbox 562 3453 683 3509; x_wconf 91' lang='lat' dir='ltr'>Dei.</span> <span class='ocrx_word' id='word_1_280' title='bbox 714 3453 830 3508; x_wconf 85' lang='lat' dir='ltr'>Hoc</span> <span class='ocrx_word' id='word_1_281' title='bbox 860 3450 1008 3507; x_wconf 89' lang='lat' dir='ltr'>solet</span> <span class='ocrx_word' id='word_1_282' title='bbox 1030 3451 1204 3506; x_wconf 89' lang='lat' dir='ltr'>verbo</span> <span class='ocrx_word' id='word_1_283' title='bbox 1236 3449 1466 3507; x_wconf 90' lang='lat' dir='ltr'>Domini</span> <span class='ocrx_word' id='word_1_284' title='bbox 1497 3449 1791 3506; x_wconf 90' lang='lat' dir='ltr'>declarare</span> <span class='ocrx_word' id='word_1_285' title='bbox 1813 3450 1946 3521; x_wconf 86' lang='lat' dir='ltr'>(ll).</span> 
     </span>
    </p>
   </div>
   <div class='ocr_carea' id='block_1_39' title="bbox 1090 3565 1448 3621">
    <p class='ocr_par' dir='ltr' id='par_1_39' title="bbox 1090 3565 1448 3621">
     <span class='ocr_line' id='line_1_39' title="bbox 1090 3565 1448 3621; baseline 0.003 -1"><span class='ocrx_word' id='word_1_286' title='bbox 1090 3565 1316 3621; x_wconf 79' lang='lat' dir='ltr'>CAPUT</span> <span class='ocrx_word' id='word_1_287' title='bbox 1353 3565 1448 3621; x_wconf 84' lang='lat' dir='ltr'>VI.</span> 
     </span>
    </p>
   </div>
   <div class='ocr_carea' id='block_1_40' title="bbox 445 3655 2092 3726">
    <p class='ocr_par' dir='ltr' id='par_1_40' title="bbox 445 3655 2092 3726">
     <span class='ocr_line' id='line_1_40' title="bbox 445 3655 2092 3726; baseline -0.005 -10"><span class='ocrx_word' id='word_1_288' title='bbox 445 3662 524 3716; x_wconf 87' lang='lat' dir='ltr'>De</span> <span class='ocrx_word' id='word_1_289' title='bbox 551 3656 960 3714; x_wconf 82' lang='lat' dir='ltr'>constructione</span> <span class='ocrx_word' id='word_1_290' title='bbox 988 3671 1158 3723; x_wconf 67' lang='lat' dir='ltr'>arcae,</span> <span class='ocrx_word' id='word_1_291' title='bbox 1192 3657 1249 3711; x_wconf 86' lang='lat' dir='ltr'>in</span> <span class='ocrx_word' id='word_1_292' title='bbox 1281 3672 1390 3726; x_wconf 86' lang='lat' dir='ltr'>qua</span> <span class='ocrx_word' id='word_1_293' title='bbox 1421 3655 1656 3710; x_wconf 84' lang='lat' dir='ltr'>humani</span> <span class='ocrx_word' id='word_1_294' title='bbox 1682 3657 1928 3724; x_wconf 81' lang='lat' dir='ltr'>corporis</span> <span class='ocrx_word' id='word_1_295' title='bbox 1955 3656 2092 3726; x_wconf 78' lang='lat' dir='ltr'>figu-</span> 
     </span>
    </p>
   </div>
   <div class='ocr_carea' id='block_1_41' title="bbox 514 3727 2089 3799">
    <p class='ocr_par' dir='ltr' id='par_1_41' title="bbox 514 3727 2089 3799">
     <span class='ocr_line' id='line_1_41' title="bbox 514 3727 2089 3799; baseline -0.003 -15"><span class='ocrx_word' id='word_1_296' title='bbox 514 3747 580 3784; x_wconf 90' lang='lat' dir='ltr'>ra</span> <span class='ocrx_word' id='word_1_297' title='bbox 607 3729 934 3784; x_wconf 84' lang='lat' dir='ltr'>describitur</span> <span class='ocrx_word' id='word_1_298' title='bbox 953 3745 973 3789; x_wconf 82' lang='lat'><em>;</em></span> <span class='ocrx_word' id='word_1_299' title='bbox 1003 3730 1056 3782; x_wconf 84' lang='lat' dir='ltr'>et</span> <span class='ocrx_word' id='word_1_300' title='bbox 1085 3730 1249 3799; x_wconf 81' lang='lat' dir='ltr'>cujus</span> <span class='ocrx_word' id='word_1_301' title='bbox 1277 3729 1402 3782; x_wconf 81' lang='lat' dir='ltr'>nidi</span> <span class='ocrx_word' id='word_1_302' title='bbox 1427 3729 1679 3796; x_wconf 79' lang='lat' dir='ltr'>singulas</span> <span class='ocrx_word' id='word_1_303' title='bbox 1693 3727 1938 3799; x_wconf 78' lang='lat' dir='ltr'>ejusdem</span> <span class='ocrx_word' id='word_1_304' title='bbox 1965 3742 2089 3799; x_wconf 87' lang='lat' dir='ltr'>cor-</span> 
     </span>
    </p>
   </div>
   <div class='ocr_carea' id='block_1_42' title="bbox 513 3797 2091 3870">
    <p class='ocr_par' dir='ltr' id='par_1_42' title="bbox 513 3797 2091 3870">
     <span class='ocr_line' id='line_1_42' title="bbox 513 3797 2091 3870; baseline -0.003 -14"><span class='ocrx_word' id='word_1_305' title='bbox 513 3802 669 3870; x_wconf 85' lang='lat' dir='ltr'>poris</span> <span class='ocrx_word' id='word_1_306' title='bbox 697 3799 930 3855; x_wconf 87' lang='lat' dir='ltr'>humani</span> <span class='ocrx_word' id='word_1_307' title='bbox 953 3797 1512 3870; x_wconf 49' lang='lat' dir='ltr'>partes&#39;signiﬁcant.</span> <span class='ocrx_word' id='word_1_308' title='bbox 1544 3797 1814 3866; x_wconf 82' lang='lat' dir='ltr'>Quomodo</span> <span class='ocrx_word' id='word_1_309' title='bbox 1847 3797 1971 3852; x_wconf 76' lang='lat' dir='ltr'>illae</span> <span class='ocrx_word' id='word_1_310' title='bbox 2003 3797 2091 3870; x_wconf 80' lang='lat' dir='ltr'>bi-</span> 
     </span>
    </p>
   </div>
   <div class='ocr_carea' id='block_1_43' title="bbox 513 3868 2087 3942">
    <p class='ocr_par' dir='ltr' id='par_1_43' title="bbox 513 3868 2087 3942">
     <span class='ocr_line' id='line_1_43' title="bbox 513 3868 2087 3942; baseline -0.003 -16"><span class='ocrx_word' id='word_1_311' title='bbox 513 3868 746 3940; x_wconf 83' lang='lat' dir='ltr'>tumine,</span> <span class='ocrx_word' id='word_1_312' title='bbox 779 3879 840 3926; x_wconf 86' lang='lat' dir='ltr'>ut</span> <span class='ocrx_word' id='word_1_313' title='bbox 867 3868 1114 3942; x_wconf 67' lang='lat' dir='ltr'>ﬁriniter</span> <span class='ocrx_word' id='word_1_314' title='bbox 1139 3868 1252 3926; x_wconf 86' lang='lat' dir='ltr'>sibi</span> <span class='ocrx_word' id='word_1_315' title='bbox 1279 3875 1621 3936; x_wconf 69' lang='lat' dir='ltr'>cohaereant,</span> <span class='ocrx_word' id='word_1_316' title='bbox 1651 3871 1770 3924; x_wconf 85' lang='lat' dir='ltr'>sint</span> <span class='ocrx_word' id='word_1_317' title='bbox 1802 3868 2087 3925; x_wconf 66' lang='lat' dir='ltr'>timendae.</span> 
     </span>
    </p>
   </div>
   <div class='ocr_carea' id='block_1_44' title="bbox 521 3985 2090 4057">
    <p class='ocr_par' dir='ltr' id='par_1_44' title="bbox 521 3985 2090 4057">
     <span class='ocr_line' id='line_1_44' title="bbox 521 3985 2090 4057; baseline -0.001 -17"><span class='ocrx_word' id='word_1_318' title='bbox 521 3986 602 4040; x_wconf 89' lang='grc'>13.</span> <span class='ocrx_word' id='word_1_319' title='bbox 634 3986 743 4042; x_wconf 91' lang='lat' dir='ltr'>Sed</span> <span class='ocrx_word' id='word_1_320' title='bbox 767 3987 895 4057; x_wconf 89' lang='lat' dir='ltr'>jam</span> <span class='ocrx_word' id='word_1_321' title='bbox 927 3986 998 4041; x_wconf 94' lang='lat' dir='ltr'>de</span> <span class='ocrx_word' id='word_1_322' title='bbox 1029 3986 1158 4057; x_wconf 90' lang='lat' dir='ltr'>ipsa</span> <span class='ocrx_word' id='word_1_323' title='bbox 1187 3989 1304 4040; x_wconf 89' lang='lat' dir='ltr'>Noe</span> <span class='ocrx_word' id='word_1_324' title='bbox 1345 4001 1480 4040; x_wconf 89' lang='lat' dir='ltr'>arca</span> <span class='ocrx_word' id='word_1_325' title='bbox 1536 3985 1874 4052; x_wconf 90' lang='lat' dir='ltr'>dicendum,</span> <span class='ocrx_word' id='word_1_326' title='bbox 1912 3999 2090 4055; x_wconf 89' lang='lat' dir='ltr'>quam</span> 
     </span>
    </p>
   </div>
   <div class='ocr_carea' id='block_1_45' title="bbox 447 4072 2088 4146">
    <p class='ocr_par' dir='ltr' id='par_1_45' title="bbox 447 4072 2088 4146">
     <span class='ocr_line' id='line_1_45' title="bbox 447 4072 2088 4146; baseline -0.002 -16"><span class='ocrx_word' id='word_1_327' title='bbox 447 4074 660 4146; x_wconf 87' lang='lat' dir='ltr'>siquis</span> <span class='ocrx_word' id='word_1_328' title='bbox 697 4074 833 4130; x_wconf 87' lang='lat' dir='ltr'>velit</span> <span class='ocrx_word' id='word_1_329' title='bbox 893 4073 1218 4146; x_wconf 87' lang='lat' dir='ltr'>impensius</span> <span class='ocrx_word' id='word_1_330' title='bbox 1275 4073 1662 4140; x_wconf 89' lang='lat' dir='ltr'>considerare,</span> <span class='ocrx_word' id='word_1_331' title='bbox 1721 4072 1975 4128; x_wconf 87' lang='lat' dir='ltr'>inveniet</span> <span class='ocrx_word' id='word_1_332' title='bbox 2031 4072 2088 4127; x_wconf 89' lang='lat' dir='ltr'>in</span> 
     </span>
    </p>
   </div>
   <div class='ocr_carea' id='block_1_46' title="bbox 440 4161 2089 4235">
    <p class='ocr_par' dir='ltr' id='par_1_46' title="bbox 440 4161 2089 4235">
     <span class='ocr_line' id='line_1_46' title="bbox 440 4161 2089 4235; baseline -0.002 -16"><span class='ocrx_word' id='word_1_333' title='bbox 440 4164 570 4235; x_wconf 88' lang='lat' dir='ltr'>ejus</span> <span class='ocrx_word' id='word_1_334' title='bbox 600 4163 986 4218; x_wconf 70' lang='lat' dir='ltr'>aedificatione</span> <span class='ocrx_word' id='word_1_335' title='bbox 1018 4162 1370 4234; x_wconf 89' lang='lat' dir='ltr'>descriptam</span> <span class='ocrx_word' id='word_1_336' title='bbox 1389 4161 1633 4218; x_wconf 89' lang='lat' dir='ltr'>humani</span> <span class='ocrx_word' id='word_1_337' title='bbox 1660 4163 1812 4218; x_wconf 73' lang='lat'>288</span> <span class='ocrx_word' id='word_1_338' title='bbox 1838 4161 2089 4234; x_wconf 84' lang='lat' dir='ltr'>ﬁguram</span> 
     </span>
    </p>
   </div>
   <div class='ocr_carea' id='block_1_47' title="bbox 439 4251 2093 4324">
    <p class='ocr_par' dir='ltr' id='par_1_47' title="bbox 439 4251 2093 4324">
     <span class='ocr_line' id='line_1_47' title="bbox 439 4251 2093 4324; baseline -0.003 -16"><span class='ocrx_word' id='word_1_339' title='bbox 439 4251 719 4324; x_wconf 90' lang='lat' dir='ltr'>corporis.</span> <span class='ocrx_word' id='word_1_340' title='bbox 745 4251 892 4316; x_wconf 88' lang='lat' dir='ltr'>Quid</span> <span class='ocrx_word' id='word_1_341' title='bbox 927 4255 1016 4307; x_wconf 91' lang='lat' dir='ltr'>est</span> <span class='ocrx_word' id='word_1_342' title='bbox 1045 4251 1200 4306; x_wconf 90' lang='lat' dir='ltr'>enim</span> <span class='ocrx_word' id='word_1_343' title='bbox 1235 4251 1388 4323; x_wconf 92' lang='lat' dir='ltr'>quod</span> <span class='ocrx_word' id='word_1_344' title='bbox 1423 4251 1504 4306; x_wconf 89' lang='lat' dir='ltr'>ait</span> <span class='ocrx_word' id='word_1_345' title='bbox 1535 4251 1730 4306; x_wconf 89' lang='lat' dir='ltr'>Deus:</span> <span class='ocrx_word' id='word_1_346' title='bbox 1767 4253 1871 4306; x_wconf 83' lang='lat' dir='ltr'>Fac</span> <span class='ocrx_word' id='word_1_347' title='bbox 1920 4252 2093 4319; x_wconf 82' lang='lat' dir='ltr'>igitur</span> 
     </span>
    </p>
   </div>
   <div class='ocr_carea' id='block_1_48' title="bbox 437 4339 2092 4411">
    <p class='ocr_par' dir='ltr' id='par_1_48' title="bbox 437 4339 2092 4411">
     <span class='ocr_line' id='line_1_48' title="bbox 437 4339 2092 4411; baseline -0.001 -15"><span class='ocrx_word' id='word_1_348' title='bbox 437 4342 544 4396; x_wconf 87' lang='lat' dir='ltr'>tibi</span> <span class='ocrx_word' id='word_1_349' title='bbox 565 4358 765 4398; x_wconf 88' lang='lat' dir='ltr'>arcam</span> <span class='ocrx_word' id='word_1_350' title='bbox 793 4341 858 4396; x_wconf 89' lang='lat' dir='ltr'>de</span> <span class='ocrx_word' id='word_1_351' title='bbox 887 4341 1058 4409; x_wconf 85' lang='lat' dir='ltr'>lignis</span> <span class='ocrx_word' id='word_1_352' title='bbox 1090 4339 1388 4411; x_wconf 82' lang='lat' dir='ltr'>quadratis</span> <span class='ocrx_word' id='word_1_353' title='bbox 1414 4341 1571 4411; x_wconf 87' lang='lat' dir='ltr'>(Gen.</span> <span class='ocrx_word' id='word_1_354' title='bbox 1615 4356 1691 4407; x_wconf 82' lang='lat' dir='ltr'>v1,</span> <span class='ocrx_word' id='word_1_355' title='bbox 1756 4339 1892 4410; x_wconf 63' lang='lat'>14)?</span> <span class='ocrx_word' id='word_1_356' title='bbox 1947 4340 2092 4403; x_wconf 85' lang='lat' dir='ltr'>Qua-</span> 
     </span>
    </p>
   </div>
   <div class='ocr_carea' id='block_1_49' title="bbox 440 4427 2090 4501">
    <p class='ocr_par' dir='ltr' id='par_1_49' title="bbox 440 4427 2090 4501">
     <span class='ocr_line' id='line_1_49' title="bbox 440 4427 2090 4501; baseline -0.002 -17"><span class='ocrx_word' id='word_1_357' title='bbox 440 4430 675 4484; x_wconf 91' lang='lat' dir='ltr'>dratum</span> <span class='ocrx_word' id='word_1_358' title='bbox 705 4435 858 4485; x_wconf 87' lang='lat' dir='ltr'>certe</span> <span class='ocrx_word' id='word_1_359' title='bbox 891 4429 999 4484; x_wconf 91' lang='lat' dir='ltr'>hoc</span> <span class='ocrx_word' id='word_1_360' title='bbox 1029 4428 1415 4501; x_wconf 87' lang='lat' dir='ltr'>appellamus,</span> <span class='ocrx_word' id='word_1_361' title='bbox 1448 4430 1601 4501; x_wconf 92' lang='lat' dir='ltr'>quod</span> <span class='ocrx_word' id='word_1_362' title='bbox 1639 4429 1913 4484; x_wconf 88' lang='lat' dir='ltr'>omnibus</span> <span class='ocrx_word' id='word_1_363' title='bbox 1945 4427 2090 4482; x_wconf 91' lang='lat' dir='ltr'>bene</span> 
     </span>
    </p>
   </div>
   <div class='ocr_carea' id='block_1_50' title="bbox 2237 617 3886 692">
    <p class='ocr_par' dir='ltr' id='par_1_50' title="bbox 2237 617 3886 692">
     <span class='ocr_line' id='line_1_50' title="bbox 2237 617 3886 692; baseline 0.004 -21"><span class='ocrx_word' id='word_1_364' title='bbox 2237 635 2418 690; x_wconf 85' lang='lat' dir='ltr'>raque</span> <span class='ocrx_word' id='word_1_365' title='bbox 2448 634 2672 686; x_wconf 90' lang='lat' dir='ltr'>eorum,</span> <span class='ocrx_word' id='word_1_366' title='bbox 2709 624 2765 674; x_wconf 90' lang='lat' dir='ltr'>et</span> <span class='ocrx_word' id='word_1_367' title='bbox 2795 619 2843 674; x_wconf 90' lang='lat' dir='ltr'>si</span> <span class='ocrx_word' id='word_1_368' title='bbox 2877 635 2992 675; x_wconf 89' lang='lat' dir='ltr'>non</span> <span class='ocrx_word' id='word_1_369' title='bbox 3025 620 3288 690; x_wconf 85' lang='lat' dir='ltr'>ejusdem</span> <span class='ocrx_word' id='word_1_370' title='bbox 3319 617 3729 692; x_wconf 88' lang='lat' dir='ltr'>longitudinis,</span> <span class='ocrx_word' id='word_1_371' title='bbox 3788 625 3886 677; x_wconf 90' lang='lat' dir='ltr'>aut</span> 
     </span>
    </p>
   </div>
   <div class='ocr_carea' id='block_1_51' title="bbox 2233 705 3880 781">
    <p class='ocr_par' dir='ltr' id='par_1_51' title="bbox 2233 705 3880 781">
     <span class='ocr_line' id='line_1_51' title="bbox 2233 705 3880 781; baseline 0.002 -19"><span class='ocrx_word' id='word_1_372' title='bbox 2233 705 2565 763; x_wconf 83' lang='lat' dir='ltr'>latitudinis</span> <span class='ocrx_word' id='word_1_373' title='bbox 2590 712 2821 775; x_wconf 88' lang='lat' dir='ltr'>;tamen</span> <span class='ocrx_word' id='word_1_374' title='bbox 2839 725 2965 780; x_wconf 59' lang='lat' dir='ltr'>quat</span> <span class='ocrx_word' id='word_1_375' title='bbox 2997 707 3329 781; x_wconf 81' lang='lat' dir='ltr'>analogiam</span> <span class='ocrx_word' id='word_1_376' title='bbox 3349 708 3429 763; x_wconf 85' lang='lat' dir='ltr'>ita</span> <span class='ocrx_word' id='word_1_377' title='bbox 3447 711 3698 776; x_wconf 88' lang='lat' dir='ltr'>servent,</span> <span class='ocrx_word' id='word_1_378' title='bbox 3733 713 3796 764; x_wconf 91' lang='lat' dir='ltr'>ut</span> <span class='ocrx_word' id='word_1_379' title='bbox 3823 708 3880 765; x_wconf 90' lang='lat' dir='ltr'>in</span> 
     </span>
    </p>
   </div>
   <div class='ocr_carea' id='block_1_52' title="bbox 2234 794 3885 868">
    <p class='ocr_par' dir='ltr' id='par_1_52' title="bbox 2234 794 3885 868">
     <span class='ocr_line' id='line_1_52' title="bbox 2234 794 3885 868; baseline 0.002 -18"><span class='ocrx_word' id='word_1_380' title='bbox 2234 794 2308 851; x_wconf 89' lang='lat' dir='ltr'>iis</span> <span class='ocrx_word' id='word_1_381' title='bbox 2359 812 2592 868; x_wconf 91' lang='lat' dir='ltr'>quoque</span> <span class='ocrx_word' id='word_1_382' title='bbox 2622 813 2882 868; x_wconf 86' lang='lat' dir='ltr'>congrua</span> <span class='ocrx_word' id='word_1_383' title='bbox 2911 813 3189 852; x_wconf 89' lang='lat' dir='ltr'>mensura</span> <span class='ocrx_word' id='word_1_384' title='bbox 3220 796 3482 868; x_wconf 91' lang='lat' dir='ltr'>ratioque</span> <span class='ocrx_word' id='word_1_385' title='bbox 3543 802 3885 854; x_wconf 91' lang='lat' dir='ltr'>concurrat:</span> 
     </span>
    </p>
   </div>
   <div class='ocr_carea' id='block_1_53' title="bbox 2231 883 3960 957">
    <p class='ocr_par' dir='ltr' id='par_1_53' title="bbox 2231 883 3960 957">
     <span class='ocr_line' id='line_1_53' title="bbox 2231 883 3960 957; baseline -0.001 -18"><span class='ocrx_word' id='word_1_386' title='bbox 2231 883 2536 956; x_wconf 90' lang='lat' dir='ltr'>longitudo</span> <span class='ocrx_word' id='word_1_387' title='bbox 2606 885 2884 957; x_wconf 82' lang='lat' dir='ltr'>prolixior</span> <span class='ocrx_word' id='word_1_388' title='bbox 2941 902 3119 957; x_wconf 89' lang='lat' dir='ltr'>quam</span> <span class='ocrx_word' id='word_1_389' title='bbox 3180 885 3427 940; x_wconf 90' lang='lat' dir='ltr'>latitudo</span> <span class='ocrx_word' id='word_1_390' title='bbox 3487 885 3584 952; x_wconf 89' lang='lat' dir='ltr'>sit,</span> <span class='ocrx_word' id='word_1_391' title='bbox 3645 883 3887 942; x_wconf 89' lang='lat' dir='ltr'>latitudo</span> <span class='ocrx_word' id='word_1_392' title='bbox 3953 931 3960 937; x_wconf 87' lang='lat'>.</span> 
     </span>
    </p>
   </div>
   <div class='ocr_carea' id='block_1_54' title="bbox 2232 973 3886 1046">
    <p class='ocr_par' dir='ltr' id='par_1_54' title="bbox 2232 973 3886 1046">
     <span class='ocr_line' id='line_1_54' title="bbox 2232 973 3886 1046; baseline 0.002 -18"><span class='ocrx_word' id='word_1_393' title='bbox 2232 991 2409 1045; x_wconf 90' lang='lat' dir='ltr'>quam</span> <span class='ocrx_word' id='word_1_394' title='bbox 2442 975 2708 1030; x_wconf 89' lang='lat' dir='ltr'>altitudo.</span> <span class='ocrx_word' id='word_1_395' title='bbox 2743 979 2810 1029; x_wconf 86' lang='lat' dir='ltr'>Et</span> <span class='ocrx_word' id='word_1_396' title='bbox 2830 975 2984 1030; x_wconf 86' lang='lat' dir='ltr'>sicut</span> <span class='ocrx_word' id='word_1_397' title='bbox 3031 973 3172 1046; x_wconf 89' lang='lat' dir='ltr'>ligni</span> <span class='ocrx_word' id='word_1_398' title='bbox 3203 991 3348 1030; x_wconf 63' lang='lat' dir='ltr'>arca:</span> <span class='ocrx_word' id='word_1_399' title='bbox 3389 973 3547 1029; x_wconf 88' lang='lat' dir='ltr'>trina</span> <span class='ocrx_word' id='word_1_400' title='bbox 3605 974 3886 1031; x_wconf 85' lang='lat' dir='ltr'>distantia</span> 
     </span>
    </p>
   </div>
   <div class='ocr_carea' id='block_1_55' title="bbox 2230 1060 3884 1134">
    <p class='ocr_par' dir='ltr' id='par_1_55' title="bbox 2230 1060 3884 1134">
     <span class='ocr_line' id='line_1_55' title="bbox 2230 1060 3884 1134; baseline 0.001 -18"><span class='ocrx_word' id='word_1_401' title='bbox 2230 1066 2354 1118; x_wconf 87' lang='lat' dir='ltr'>est:</span> <span class='ocrx_word' id='word_1_402' title='bbox 2388 1062 2678 1134; x_wconf 87' lang='lat' dir='ltr'>siquidem</span> <span class='ocrx_word' id='word_1_403' title='bbox 2724 1067 3119 1118; x_wconf 90' lang='lat' dir='ltr'>trecentorum</span> <span class='ocrx_word' id='word_1_404' title='bbox 3178 1061 3513 1118; x_wconf 87' lang='lat' dir='ltr'>cubitorum</span> <span class='ocrx_word' id='word_1_405' title='bbox 3568 1060 3884 1134; x_wconf 84' lang='lat' dir='ltr'>longitudi-</span> 
     </span>
    </p>
   </div>
   <div class='ocr_carea' id='block_1_56' title="bbox 2230 1149 3886 1223">
    <p class='ocr_par' dir='ltr' id='par_1_56' title="bbox 2230 1149 3886 1223">
     <span class='ocr_line' id='line_1_56' title="bbox 2230 1149 3886 1223; baseline 0.002 -18"><span class='ocrx_word' id='word_1_406' title='bbox 2230 1166 2383 1216; x_wconf 89' lang='lat' dir='ltr'>nem,</span> <span class='ocrx_word' id='word_1_407' title='bbox 2417 1155 2473 1205; x_wconf 93' lang='lat' dir='ltr'>et</span> <span class='ocrx_word' id='word_1_408' title='bbox 2520 1151 2953 1223; x_wconf 88' lang='lat' dir='ltr'>quinquaginta</span> <span class='ocrx_word' id='word_1_409' title='bbox 2983 1151 3313 1206; x_wconf 90' lang='lat' dir='ltr'>cubitorum</span> <span class='ocrx_word' id='word_1_410' title='bbox 3374 1149 3766 1217; x_wconf 90' lang='lat' dir='ltr'>latitudinem,</span> <span class='ocrx_word' id='word_1_411' title='bbox 3829 1157 3886 1208; x_wconf 87' lang='lat' dir='ltr'>et</span> 
     </span>
    </p>
   </div>
   <div class='ocr_carea' id='block_1_57' title="bbox 2229 1239 3884 1312">
    <p class='ocr_par' dir='ltr' id='par_1_57' title="bbox 2229 1239 3884 1312">
     <span class='ocr_line' id='line_1_57' title="bbox 2229 1239 3884 1312; baseline 0.002 -20"><span class='ocrx_word' id='word_1_412' title='bbox 2229 1239 2468 1311; x_wconf 89' lang='lat' dir='ltr'>triginta</span> <span class='ocrx_word' id='word_1_413' title='bbox 2488 1239 2818 1295; x_wconf 89' lang='lat' dir='ltr'>cubitcrum</span> <span class='ocrx_word' id='word_1_414' title='bbox 2833 1239 3206 1294; x_wconf 88' lang='lat' dir='ltr'>altitudinem</span> <span class='ocrx_word' id='word_1_415' title='bbox 3229 1239 3575 1295; x_wconf 88' lang='lat' dir='ltr'>servandam</span> <span class='ocrx_word' id='word_1_416' title='bbox 3589 1255 3716 1295; x_wconf 91' lang='lat' dir='ltr'>esse</span> <span class='ocrx_word' id='word_1_417' title='bbox 3736 1256 3884 1312; x_wconf 72' lang='lat' dir='ltr'>prse-</span> 
     </span>
    </p>
   </div>
   <div class='ocr_carea' id='block_1_58' title="bbox 2227 1327 3884 1400">
    <p class='ocr_par' dir='ltr' id='par_1_58' title="bbox 2227 1327 3884 1400">
     <span class='ocr_line' id='line_1_58' title="bbox 2227 1327 3884 1400; baseline 0 -16"><span class='ocrx_word' id='word_1_418' title='bbox 2227 1327 2500 1399; x_wconf 89' lang='lat' dir='ltr'>scripsit:</span> <span class='ocrx_word' id='word_1_419' title='bbox 2533 1327 2616 1383; x_wconf 90' lang='lat' dir='ltr'>ita</span> <span class='ocrx_word' id='word_1_420' title='bbox 2647 1332 2701 1384; x_wconf 91' lang='lat' dir='ltr'>et</span> <span class='ocrx_word' id='word_1_421' title='bbox 2734 1329 2792 1383; x_wconf 91' lang='lat' dir='ltr'>in</span> <span class='ocrx_word' id='word_1_422' title='bbox 2837 1333 3038 1384; x_wconf 91' lang='lat' dir='ltr'>nostro</span> <span class='ocrx_word' id='word_1_423' title='bbox 3068 1343 3308 1400; x_wconf 87' lang='lat' dir='ltr'>corpore</span> <span class='ocrx_word' id='word_1_424' title='bbox 3365 1344 3601 1384; x_wconf 90' lang='lat' dir='ltr'>summa</span> <span class='ocrx_word' id='word_1_425' title='bbox 3657 1333 3768 1390; x_wconf 89' lang='lat' dir='ltr'>est.</span> <span class='ocrx_word' id='word_1_426' title='bbox 3827 1333 3884 1385; x_wconf 88' lang='lat' dir='ltr'>et</span> 
     </span>
    </p>
   </div>
   <div class='ocr_carea' id='block_1_59' title="bbox 2227 1413 3881 1479">
    <p class='ocr_par' dir='ltr' id='par_1_59' title="bbox 2227 1413 3881 1479">
     <span class='ocr_line' id='line_1_59' title="bbox 2227 1413 3881 1479; baseline -0.001 -9"><span class='ocrx_word' id='word_1_427' title='bbox 2227 1415 2440 1479; x_wconf 91' lang='lat' dir='ltr'>media,</span> <span class='ocrx_word' id='word_1_428' title='bbox 2471 1420 2530 1471; x_wconf 89' lang='lat' dir='ltr'>et</span> <span class='ocrx_word' id='word_1_429' title='bbox 2560 1415 2806 1471; x_wconf 91' lang='lat' dir='ltr'>minima</span> <span class='ocrx_word' id='word_1_430' title='bbox 2825 1415 3120 1472; x_wconf 89' lang='lat' dir='ltr'>distantia.</span> <span class='ocrx_word' id='word_1_431' title='bbox 3149 1415 3728 1470; x_wconf 89' lang='lat' dir='ltr'>Summasecundum</span> <span class='ocrx_word' id='word_1_432' title='bbox 3751 1413 3881 1470; x_wconf 87' lang='lat' dir='ltr'>lon-</span> 
     </span>
    </p>
   </div>
   <div class='ocr_carea' id='block_1_60' title="bbox 2225 1503 3880 1576">
    <p class='ocr_par' dir='ltr' id='par_1_60' title="bbox 2225 1503 3880 1576">
     <span class='ocr_line' id='line_1_60' title="bbox 2225 1503 3880 1576; baseline 0.001 -18"><span class='ocrx_word' id='word_1_433' title='bbox 2225 1503 2573 1576; x_wconf 89' lang='lat' dir='ltr'>gitudinem,</span> <span class='ocrx_word' id='word_1_434' title='bbox 2603 1504 2798 1559; x_wconf 90' lang='lat' dir='ltr'>media</span> <span class='ocrx_word' id='word_1_435' title='bbox 2843 1505 3173 1560; x_wconf 90' lang='lat' dir='ltr'>secundum</span> <span class='ocrx_word' id='word_1_436' title='bbox 3205 1503 3598 1569; x_wconf 90' lang='lat' dir='ltr'>latitudinem,</span> <span class='ocrx_word' id='word_1_437' title='bbox 3629 1503 3880 1559; x_wconf 90' lang='lat' dir='ltr'>minima</span> 
     </span>
    </p>
   </div>
   <div class='ocr_carea' id='block_1_61' title="bbox 2225 1593 3874 1664">
    <p class='ocr_par' dir='ltr' id='par_1_61' title="bbox 2225 1593 3874 1664">
     <span class='ocr_line' id='line_1_61' title="bbox 2225 1593 3874 1664; baseline 0.001 -18"><span class='ocrx_word' id='word_1_438' title='bbox 2225 1594 2548 1648; x_wconf 82' lang='lat' dir='ltr'>secundum</span> <span class='ocrx_word' id='word_1_439' title='bbox 2581 1593 2950 1648; x_wconf 85' lang='lat' dir='ltr'>altitudinem</span> <span class='ocrx_word' id='word_1_440' title='bbox 2980 1609 3005 1647; x_wconf 72' lang='grc' dir='ltr'>ς.</span> <span class='ocrx_word' id='word_1_441' title='bbox 3027 1597 3216 1648; x_wconf 89' lang='lat' dir='ltr'>totum</span> <span class='ocrx_word' id='word_1_442' title='bbox 3241 1596 3435 1648; x_wconf 91' lang='lat' dir='ltr'>tamen</span> <span class='ocrx_word' id='word_1_443' title='bbox 3459 1608 3673 1664; x_wconf 91' lang='lat' dir='ltr'>corpus</span> <span class='ocrx_word' id='word_1_444' title='bbox 3686 1596 3874 1648; x_wconf 86' lang='lat' dir='ltr'>attex-</span> 
     </span>
    </p>
   </div>
   <div class='ocr_carea' id='block_1_62' title="bbox 2223 1680 3880 1754">
    <p class='ocr_par' dir='ltr' id='par_1_62' title="bbox 2223 1680 3880 1754">
     <span class='ocr_line' id='line_1_62' title="bbox 2223 1680 3880 1754; baseline 0.001 -18"><span class='ocrx_word' id='word_1_445' title='bbox 2223 1687 2348 1736; x_wconf 91' lang='lat' dir='ltr'>tum</span> <span class='ocrx_word' id='word_1_446' title='bbox 2381 1700 2448 1738; x_wconf 83' lang='lat' dir='ltr'>ex</span> <span class='ocrx_word' id='word_1_447' title='bbox 2479 1681 2728 1754; x_wconf 89' lang='lat' dir='ltr'>singulis</span> <span class='ocrx_word' id='word_1_448' title='bbox 2760 1681 3040 1738; x_wconf 90' lang='lat' dir='ltr'>membris</span> <span class='ocrx_word' id='word_1_449' title='bbox 3073 1681 3424 1753; x_wconf 88' lang='lat' dir='ltr'>quadratum</span> <span class='ocrx_word' id='word_1_450' title='bbox 3456 1680 3704 1736; x_wconf 90' lang='lat' dir='ltr'>videtur.</span> <span class='ocrx_word' id='word_1_451' title='bbox 3727 1681 3880 1739; x_wconf 86' lang='lat' dir='ltr'>Nam</span> 
     </span>
    </p>
   </div>
   <div class='ocr_carea' id='block_1_63' title="bbox 2220 1769 3880 1843">
    <p class='ocr_par' dir='ltr' id='par_1_63' title="bbox 2220 1769 3880 1843">
     <span class='ocr_line' id='line_1_63' title="bbox 2220 1769 3880 1843; baseline 0 -17"><span class='ocrx_word' id='word_1_452' title='bbox 2220 1777 2278 1826; x_wconf 91' lang='lat' dir='ltr'>et</span> <span class='ocrx_word' id='word_1_453' title='bbox 2309 1788 2417 1826; x_wconf 92' lang='lat' dir='ltr'>usu</span> <span class='ocrx_word' id='word_1_454' title='bbox 2451 1773 2532 1826; x_wconf 90' lang='lat' dir='ltr'>ita</span> <span class='ocrx_word' id='word_1_455' title='bbox 2586 1776 2695 1837; x_wconf 87' lang='lat' dir='ltr'>est,</span> <span class='ocrx_word' id='word_1_456' title='bbox 2729 1776 2794 1825; x_wconf 93' lang='lat' dir='ltr'>ut</span> <span class='ocrx_word' id='word_1_457' title='bbox 2842 1788 2941 1826; x_wconf 91' lang='lat' dir='ltr'>eos</span> <span class='ocrx_word' id='word_1_458' title='bbox 2999 1771 3316 1843; x_wconf 91' lang='lat' dir='ltr'>quadratos</span> <span class='ocrx_word' id='word_1_459' title='bbox 3373 1769 3665 1838; x_wconf 89' lang='lat' dir='ltr'>dicamus,</span> <span class='ocrx_word' id='word_1_460' title='bbox 3724 1786 3880 1841; x_wconf 87' lang='lat' dir='ltr'>quos</span> 
     </span>
    </p>
   </div>
   <div class='ocr_carea' id='block_1_64' title="bbox 2221 1858 3882 1932">
    <p class='ocr_par' dir='ltr' id='par_1_64' title="bbox 2221 1858 3882 1932">
     <span class='ocr_line' id='line_1_64' title="bbox 2221 1858 3882 1932; baseline 0 -17"><span class='ocrx_word' id='word_1_461' title='bbox 2221 1877 2324 1916; x_wconf 87' lang='lat' dir='ltr'>nec</span> <span class='ocrx_word' id='word_1_462' title='bbox 2342 1876 2610 1916; x_wconf 85' lang='lat' dir='ltr'>enormes</span> <span class='ocrx_word' id='word_1_463' title='bbox 2641 1860 3004 1932; x_wconf 89' lang='lat' dir='ltr'>proceritate,</span> <span class='ocrx_word' id='word_1_464' title='bbox 3039 1863 3096 1915; x_wconf 91' lang='lat' dir='ltr'>et</span> <span class='ocrx_word' id='word_1_465' title='bbox 3126 1859 3348 1915; x_wconf 86' lang='lat' dir='ltr'>validos</span> <span class='ocrx_word' id='word_1_466' title='bbox 3404 1858 3627 1915; x_wconf 91' lang='lat' dir='ltr'>robusti</span> <span class='ocrx_word' id='word_1_467' title='bbox 3687 1858 3882 1930; x_wconf 82' lang='lat' dir='ltr'>quali-</span> 
     </span>
    </p>
   </div>
   <div class='ocr_carea' id='block_1_65' title="bbox 2215 1949 3039 2020">
    <p class='ocr_par' dir='ltr' id='par_1_65' title="bbox 2215 1949 3039 2020">
     <span class='ocr_line' id='line_1_65' title="bbox 2215 1949 3039 2020; baseline 0.001 -17"><span class='ocrx_word' id='word_1_468' title='bbox 2215 1954 2333 2004; x_wconf 87' lang='lat' dir='ltr'>tate</span> <span class='ocrx_word' id='word_1_469' title='bbox 2363 1949 2622 2020; x_wconf 87' lang='lat' dir='ltr'>corporis</span> <span class='ocrx_word' id='word_1_470' title='bbox 2653 1949 3039 2005; x_wconf 72' lang='lat' dir='ltr'>astimamus.</span> 
     </span>
    </p>
   </div>
   <div class='ocr_carea' id='block_1_66' title="bbox 2288 2035 3878 2110">
    <p class='ocr_par' dir='ltr' id='par_1_66' title="bbox 2288 2035 3878 2110">
     <span class='ocr_line' id='line_1_66' title="bbox 2288 2035 3878 2110; baseline 0.001 -19"><span class='ocrx_word' id='word_1_471' title='bbox 2288 2038 2372 2091; x_wconf 76' lang='grc'><strong>14.</strong></span> <span class='ocrx_word' id='word_1_472' title='bbox 2407 2037 2552 2101; x_wconf 87' lang='lat' dir='ltr'>Quid</span> <span class='ocrx_word' id='word_1_473' title='bbox 2585 2037 2760 2092; x_wconf 90' lang='lat' dir='ltr'>etiam</span> <span class='ocrx_word' id='word_1_474' title='bbox 2793 2037 2908 2091; x_wconf 89' lang='lat' dir='ltr'>sibi</span> <span class='ocrx_word' id='word_1_475' title='bbox 2934 2035 3058 2092; x_wconf 85' lang='lat' dir='ltr'>vult</span> <span class='ocrx_word' id='word_1_476' title='bbox 3086 2037 3243 2108; x_wconf 91' lang='lat' dir='ltr'>quod</span> <span class='ocrx_word' id='word_1_477' title='bbox 3289 2036 3404 2092; x_wconf 89' lang='lat' dir='ltr'>ait:</span> <span class='ocrx_word' id='word_1_478' title='bbox 3462 2036 3632 2092; x_wconf 81' lang='lat' dir='ltr'>Nidos</span> <span class='ocrx_word' id='word_1_479' title='bbox 3701 2036 3878 2110; x_wconf 78' lang='lat' dir='ltr'>facies</span> 
     </span>
    </p>
   </div>
   <div class='ocr_carea' id='block_1_67' title="bbox 2215 2123 3877 2196">
    <p class='ocr_par' dir='ltr' id='par_1_67' title="bbox 2215 2123 3877 2196">
     <span class='ocr_line' id='line_1_67' title="bbox 2215 2123 3877 2196; baseline 0.001 -18"><span class='ocrx_word' id='word_1_480' title='bbox 2215 2127 2272 2178; x_wconf 90' lang='lat' dir='ltr'>in</span> <span class='ocrx_word' id='word_1_481' title='bbox 2303 2141 2443 2181; x_wconf 86' lang='lat' dir='ltr'>arca</span> <span class='ocrx_word' id='word_1_482' title='bbox 2475 2125 2683 2195; x_wconf 79' lang='lat' dir='ltr'>(lbid.),</span> <span class='ocrx_word' id='word_1_483' title='bbox 2720 2141 3092 2196; x_wconf 90' lang='lat' dir='ltr'>nequaquam</span> <span class='ocrx_word' id='word_1_484' title='bbox 3123 2123 3424 2180; x_wconf 87' lang='lat' dir='ltr'>silendum</span> <span class='ocrx_word' id='word_1_485' title='bbox 3479 2123 3728 2179; x_wconf 92' lang='lat' dir='ltr'>videtur.</span> <span class='ocrx_word' id='word_1_486' title='bbox 3765 2124 3877 2180; x_wconf 89' lang='lat' dir='ltr'>Na-</span> 
     </span>
    </p>
   </div>
   <div class='ocr_carea' id='block_1_68' title="bbox 2214 2213 3879 2285">
    <p class='ocr_par' dir='ltr' id='par_1_68' title="bbox 2214 2213 3879 2285">
     <span class='ocr_line' id='line_1_68' title="bbox 2214 2213 3879 2285; baseline 0 -17"><span class='ocrx_word' id='word_1_487' title='bbox 2214 2213 2479 2270; x_wconf 86' lang='lat' dir='ltr'>turaliter</span> <span class='ocrx_word' id='word_1_488' title='bbox 2524 2214 2681 2269; x_wconf 89' lang='lat' dir='ltr'>enim</span> <span class='ocrx_word' id='word_1_489' title='bbox 2741 2213 2962 2268; x_wconf 90' lang='lat' dir='ltr'>dictum</span> <span class='ocrx_word' id='word_1_490' title='bbox 3015 2213 3286 2281; x_wconf 90' lang='lat' dir='ltr'>arbitror,</span> <span class='ocrx_word' id='word_1_491' title='bbox 3337 2229 3406 2269; x_wconf 89' lang='lat' dir='ltr'>eo</span> <span class='ocrx_word' id='word_1_492' title='bbox 3479 2213 3637 2285; x_wconf 85' lang='lat' dir='ltr'>quod</span> <span class='ocrx_word' id='word_1_493' title='bbox 3699 2229 3879 2269; x_wconf 88' lang='lat' dir='ltr'>omne</span> 
     </span>
    </p>
   </div>
   <div class='ocr_carea' id='block_1_69' title="bbox 2213 2301 3880 2376">
    <p class='ocr_par' dir='ltr' id='par_1_69' title="bbox 2213 2301 3880 2376">
     <span class='ocr_line' id='line_1_69' title="bbox 2213 2301 3880 2376; baseline 0.001 -20"><span class='ocrx_word' id='word_1_494' title='bbox 2213 2320 2424 2375; x_wconf 89' lang='lat' dir='ltr'>corpus</span> <span class='ocrx_word' id='word_1_495' title='bbox 2457 2307 2723 2358; x_wconf 87' lang='lat' dir='ltr'>nostrum</span> <span class='ocrx_word' id='word_1_496' title='bbox 2757 2305 3040 2357; x_wconf 87' lang='lat' dir='ltr'>attextum</span> <span class='ocrx_word' id='word_1_497' title='bbox 3093 2306 3183 2358; x_wconf 90' lang='lat' dir='ltr'>est</span> <span class='ocrx_word' id='word_1_498' title='bbox 3213 2302 3365 2358; x_wconf 88' lang='lat' dir='ltr'>sicut</span> <span class='ocrx_word' id='word_1_499' title='bbox 3390 2301 3606 2369; x_wconf 88' lang='lat' dir='ltr'>nidus;</span> <span class='ocrx_word' id='word_1_500' title='bbox 3641 2306 3707 2358; x_wconf 90' lang='lat' dir='ltr'>ut</span> <span class='ocrx_word' id='word_1_501' title='bbox 3757 2302 3880 2376; x_wconf 84' lang='lat' dir='ltr'>spi-</span> 
     </span>
    </p>
   </div>
   <div class='ocr_carea' id='block_1_70' title="bbox 2215 2390 3890 2462">
    <p class='ocr_par' dir='ltr' id='par_1_70' title="bbox 2215 2390 3890 2462">
     <span class='ocr_line' id='line_1_70' title="bbox 2215 2390 3890 2462; baseline 0.001 -16"><span class='ocrx_word' id='word_1_502' title='bbox 2215 2391 2362 2448; x_wconf 88' lang='lat' dir='ltr'>ritus</span> <span class='ocrx_word' id='word_1_503' title='bbox 2392 2390 2585 2447; x_wconf 89' lang='lat' dir='ltr'>vitalis</span> <span class='ocrx_word' id='word_1_504' title='bbox 2617 2407 2819 2446; x_wconf 90' lang='lat' dir='ltr'>omnes</span> <span class='ocrx_word' id='word_1_505' title='bbox 2849 2394 3046 2462; x_wconf 91' lang='lat' dir='ltr'>partes</span> <span class='ocrx_word' id='word_1_506' title='bbox 3102 2392 3391 2446; x_wconf 88' lang='lat' dir='ltr'>viscerum</span> <span class='ocrx_word' id='word_1_507' title='bbox 3443 2393 3726 2462; x_wconf 90' lang='lat' dir='ltr'>penetret,</span> <span class='ocrx_word' id='word_1_508' title='bbox 3792 2396 3890 2447; x_wconf 67' lang='grc' dir='ltr'>ει-.</span> 
     </span>
    </p>
   </div>
   <div class='ocr_carea' id='block_1_71' title="bbox 2215 2479 3881 2553">
    <p class='ocr_par' dir='ltr' id='par_1_71' title="bbox 2215 2479 3881 2553">
     <span class='ocr_line' id='line_1_71' title="bbox 2215 2479 3881 2553; baseline -0.001 -17"><span class='ocrx_word' id='word_1_509' title='bbox 2215 2498 2326 2553; x_wconf 92' lang='lat' dir='ltr'>que</span> <span class='ocrx_word' id='word_1_510' title='bbox 2356 2481 2425 2536; x_wconf 93' lang='lat' dir='ltr'>de</span> <span class='ocrx_word' id='word_1_511' title='bbox 2452 2479 2761 2552; x_wconf 88' lang='lat' dir='ltr'>principali</span> <span class='ocrx_word' id='word_1_512' title='bbox 2793 2484 2991 2535; x_wconf 88' lang='lat' dir='ltr'>nostro</span> <span class='ocrx_word' id='word_1_513' title='bbox 3023 2480 3230 2535; x_wconf 83' lang='lat' dir='ltr'>fundat</span> <span class='ocrx_word' id='word_1_514' title='bbox 3259 2497 3320 2536; x_wconf 88' lang='lat' dir='ltr'>se</span> <span class='ocrx_word' id='word_1_515' title='bbox 3377 2495 3478 2551; x_wconf 90' lang='lat' dir='ltr'>per</span> <span class='ocrx_word' id='word_1_516' title='bbox 3534 2483 3698 2534; x_wconf 90' lang='lat' dir='ltr'>artus</span> <span class='ocrx_word' id='word_1_517' title='bbox 3760 2479 3881 2536; x_wconf 84' lang='lat' dir='ltr'>sin-</span> 
     </span>
    </p>
   </div>
   <div class='ocr_carea' id='block_1_72' title="bbox 2213 2568 3878 2642">
    <p class='ocr_par' dir='ltr' id='par_1_72' title="bbox 2213 2568 3878 2642">
     <span class='ocr_line' id='line_1_72' title="bbox 2213 2568 3878 2642; baseline 0.001 -18"><span class='ocrx_word' id='word_1_518' title='bbox 2213 2569 2404 2642; x_wconf 91' lang='lat' dir='ltr'>gulos.</span> <span class='ocrx_word' id='word_1_519' title='bbox 2438 2570 2567 2625; x_wconf 86' lang='lat' dir='ltr'>Nidi</span> <span class='ocrx_word' id='word_1_520' title='bbox 2601 2569 2841 2641; x_wconf 88' lang='lat' dir='ltr'>quidam</span> <span class='ocrx_word' id='word_1_521' title='bbox 2874 2573 3012 2624; x_wconf 84' lang='lat' dir='ltr'>sunt</span> <span class='ocrx_word' id='word_1_522' title='bbox 3071 2568 3229 2624; x_wconf 16' lang='lat' dir='ltr'>oculis</span> <span class='ocrx_word' id='word_1_523' title='bbox 3267 2568 3475 2634; x_wconf 88' lang='lat' dir='ltr'>nostri,</span> <span class='ocrx_word' id='word_1_524' title='bbox 3536 2568 3758 2640; x_wconf 92' lang='lat' dir='ltr'>quibus</span> <span class='ocrx_word' id='word_1_525' title='bbox 3817 2585 3878 2625; x_wconf 86' lang='lat' dir='ltr'>se</span> 
     </span>
    </p>
   </div>
   <div class='ocr_carea' id='block_1_73' title="bbox 2213 2657 3874 2725">
    <p class='ocr_par' dir='ltr' id='par_1_73' title="bbox 2213 2657 3874 2725">
     <span class='ocr_line' id='line_1_73' title="bbox 2213 2657 3874 2725; baseline 0.001 -15"><span class='ocrx_word' id='word_1_526' title='bbox 2213 2659 2375 2714; x_wconf 84' lang='lat' dir='ltr'>visus</span> <span class='ocrx_word' id='word_1_527' title='bbox 2407 2659 2630 2715; x_wconf 91' lang='lat' dir='ltr'>inserit.</span> <span class='ocrx_word' id='word_1_528' title='bbox 2663 2658 2793 2714; x_wconf 91' lang='lat' dir='ltr'>Nidi</span> <span class='ocrx_word' id='word_1_529' title='bbox 2826 2662 2965 2714; x_wconf 90' lang='lat' dir='ltr'>sunt</span> <span class='ocrx_word' id='word_1_530' title='bbox 2993 2661 3332 2714; x_wconf 88' lang='lat' dir='ltr'>nostrarum</span> <span class='ocrx_word' id='word_1_531' title='bbox 3379 2657 3550 2713; x_wconf 87' lang='lat' dir='ltr'>sinus</span> <span class='ocrx_word' id='word_1_532' title='bbox 3607 2658 3874 2725; x_wconf 90' lang='lat' dir='ltr'>aurium,</span> 
     </span>
    </p>
   </div>
   <div class='ocr_carea' id='block_1_74' title="bbox 2213 2744 3874 2819">
    <p class='ocr_par' dir='ltr' id='par_1_74' title="bbox 2213 2744 3874 2819">
     <span class='ocr_line' id='line_1_74' title="bbox 2213 2744 3874 2819; baseline 0.001 -20"><span class='ocrx_word' id='word_1_533' title='bbox 2213 2765 2314 2819; x_wconf 80' lang='lat' dir='ltr'>per</span> <span class='ocrx_word' id='word_1_534' title='bbox 2345 2764 2493 2819; x_wconf 91' lang='lat' dir='ltr'>quos</span> <span class='ocrx_word' id='word_1_535' title='bbox 2522 2747 2759 2803; x_wconf 87' lang='lat' dir='ltr'>auditus</span> <span class='ocrx_word' id='word_1_536' title='bbox 2786 2763 2848 2802; x_wconf 89' lang='lat' dir='ltr'>se</span> <span class='ocrx_word' id='word_1_537' title='bbox 2878 2746 3158 2813; x_wconf 84' lang='lat' dir='ltr'>infundit,</span> <span class='ocrx_word' id='word_1_538' title='bbox 3199 2751 3257 2801; x_wconf 91' lang='lat' dir='ltr'>et</span> <span class='ocrx_word' id='word_1_539' title='bbox 3312 2744 3468 2800; x_wconf 91' lang='lat' dir='ltr'>velut</span> <span class='ocrx_word' id='word_1_540' title='bbox 3519 2745 3578 2800; x_wconf 90' lang='lat' dir='ltr'>in</span> <span class='ocrx_word' id='word_1_541' title='bbox 3640 2746 3874 2801; x_wconf 87' lang='lat' dir='ltr'>foveam</span> 
     </span>
    </p>
   </div>
   <div class='ocr_carea' id='block_1_75' title="bbox 2213 2834 3880 2906">
    <p class='ocr_par' dir='ltr' id='par_1_75' title="bbox 2213 2834 3880 2906">
     <span class='ocr_line' id='line_1_75' title="bbox 2213 2834 3880 2906; baseline 0 -16"><span class='ocrx_word' id='word_1_542' title='bbox 2213 2835 2388 2892; x_wconf 86' lang='lat' dir='ltr'>altam</span> <span class='ocrx_word' id='word_1_543' title='bbox 2421 2837 2638 2906; x_wconf 90' lang='lat' dir='ltr'>dejicit.</span> <span class='ocrx_word' id='word_1_544' title='bbox 2669 2836 2853 2890; x_wconf 90' lang='lat' dir='ltr'>Nidus</span> <span class='ocrx_word' id='word_1_545' title='bbox 2883 2839 2970 2891; x_wconf 90' lang='lat' dir='ltr'>est</span> <span class='ocrx_word' id='word_1_546' title='bbox 3001 2835 3256 2902; x_wconf 91' lang='lat' dir='ltr'>narium,</span> <span class='ocrx_word' id='word_1_547' title='bbox 3301 2834 3403 2906; x_wconf 90' lang='lat' dir='ltr'>qui</span> <span class='ocrx_word' id='word_1_548' title='bbox 3431 2835 3503 2889; x_wconf 90' lang='lat' dir='ltr'>ad</span> <span class='ocrx_word' id='word_1_549' title='bbox 3537 2850 3601 2889; x_wconf 92' lang='lat' dir='ltr'>se</span> <span class='ocrx_word' id='word_1_550' title='bbox 3633 2834 3880 2890; x_wconf 89' lang='lat' dir='ltr'>odorem</span> 
     </span>
    </p>
   </div>
   <div class='ocr_carea' id='block_1_76' title="bbox 2213 2923 3880 2995">
    <p class='ocr_par' dir='ltr' id='par_1_76' title="bbox 2213 2923 3880 2995">
     <span class='ocr_line' id='line_1_76' title="bbox 2213 2923 3880 2995; baseline 0 -17"><span class='ocrx_word' id='word_1_551' title='bbox 2213 2924 2473 2979; x_wconf 89' lang='lat' dir='ltr'>attrahit.</span> <span class='ocrx_word' id='word_1_552' title='bbox 2561 2923 2746 2978; x_wconf 88' lang='lat' dir='ltr'>Nidus</span> <span class='ocrx_word' id='word_1_553' title='bbox 2829 2928 2920 2978; x_wconf 89' lang='lat' dir='ltr'>est</span> <span class='ocrx_word' id='word_1_554' title='bbox 3005 2927 3263 2995; x_wconf 91' lang='lat' dir='ltr'>quartus</span> <span class='ocrx_word' id='word_1_555' title='bbox 3349 2924 3540 2994; x_wconf 89' lang='lat' dir='ltr'>major</span> <span class='ocrx_word' id='word_1_556' title='bbox 3646 2923 3880 2980; x_wconf 73' lang='lat' dir='ltr'>caeteris</span> 
     </span>
    </p>
   </div>
   <div class='ocr_carea' id='block_1_77' title="bbox 2212 3011 3879 3084">
    <p class='ocr_par' dir='ltr' id='par_1_77' title="bbox 2212 3011 3879 3084">
     <span class='ocr_line' id='line_1_77' title="bbox 2212 3011 3879 3084; baseline -0.001 -16"><span class='ocrx_word' id='word_1_557' title='bbox 2212 3013 2411 3068; x_wconf 91' lang='lat' dir='ltr'>hiatus</span> <span class='ocrx_word' id='word_1_558' title='bbox 2472 3012 2613 3081; x_wconf 90' lang='lat' dir='ltr'>oris,</span> <span class='ocrx_word' id='word_1_559' title='bbox 2676 3013 2734 3066; x_wconf 91' lang='lat' dir='ltr'>in</span> <span class='ocrx_word' id='word_1_560' title='bbox 2810 3029 2925 3084; x_wconf 92' lang='lat' dir='ltr'>quo</span> <span class='ocrx_word' id='word_1_561' title='bbox 3003 3012 3279 3078; x_wconf 90' lang='lat' dir='ltr'>nutritur,</span> <span class='ocrx_word' id='word_1_562' title='bbox 3333 3013 3519 3067; x_wconf 90' lang='lat' dir='ltr'>donec</span> <span class='ocrx_word' id='word_1_563' title='bbox 3573 3011 3879 3068; x_wconf 89' lang='lat' dir='ltr'>adolescat</span> 
     </span>
    </p>
   </div>
   <div class='ocr_carea' id='block_1_78' title="bbox 2214 3100 3875 3174">
    <p class='ocr_par' dir='ltr' id='par_1_78' title="bbox 2214 3100 3875 3174">
     <span class='ocr_line' id='line_1_78' title="bbox 2214 3100 3875 3174; baseline 0 -17"><span class='ocrx_word' id='word_1_564' title='bbox 2214 3117 2425 3174; x_wconf 84' lang='lat' dir='ltr'>sapor;</span> <span class='ocrx_word' id='word_1_565' title='bbox 2458 3105 2514 3156; x_wconf 90' lang='lat' dir='ltr'>et</span> <span class='ocrx_word' id='word_1_566' title='bbox 2553 3101 2707 3156; x_wconf 91' lang='lat' dir='ltr'>unde</span> <span class='ocrx_word' id='word_1_567' title='bbox 2750 3117 2858 3155; x_wconf 89' lang='lat' dir='ltr'>vox</span> <span class='ocrx_word' id='word_1_568' title='bbox 2899 3100 3105 3156; x_wconf 87' lang='lat' dir='ltr'>evolat.</span> <span class='ocrx_word' id='word_1_569' title='bbox 3170 3101 3249 3155; x_wconf 41' lang='lat' dir='ltr'>In.</span> <span class='ocrx_word' id='word_1_570' title='bbox 3290 3116 3406 3172; x_wconf 94' lang='lat' dir='ltr'>quo</span> <span class='ocrx_word' id='word_1_571' title='bbox 3466 3102 3607 3156; x_wconf 87' lang='lat' dir='ltr'>latet</span> <span class='ocrx_word' id='word_1_572' title='bbox 3663 3100 3875 3174; x_wconf 89' lang='lat' dir='ltr'>lingua</span> 
     </span>
    </p>
   </div>
   <div class='ocr_carea' id='block_1_79' title="bbox 2133 3165 3874 3263">
    <p class='ocr_par' dir='ltr' id='par_1_79' title="bbox 2133 3165 3874 3263">
     <span class='ocr_line' id='line_1_79' title="bbox 2133 3165 3874 3263; baseline 0 -18"><span class='ocrx_word' id='word_1_573' title='bbox 2133 3165 2174 3230; x_wconf 78' lang='lat' dir='ltr'>C</span> <span class='ocrx_word' id='word_1_574' title='bbox 2213 3209 2340 3263; x_wconf 69' lang='lat' dir='ltr'>quae</span> <span class='ocrx_word' id='word_1_575' title='bbox 2368 3189 2527 3246; x_wconf 90' lang='lat' dir='ltr'>velut</span> <span class='ocrx_word' id='word_1_576' title='bbox 2555 3206 2843 3261; x_wconf 85' lang='lat' dir='ltr'>organum</span> <span class='ocrx_word' id='word_1_577' title='bbox 2868 3189 3046 3252; x_wconf 84' lang='lat' dir='ltr'>vocis,</span> <span class='ocrx_word' id='word_1_578' title='bbox 3081 3206 3256 3244; x_wconf 89' lang='lat' dir='ltr'>sonos</span> <span class='ocrx_word' id='word_1_579' title='bbox 3288 3189 3418 3260; x_wconf 88' lang='lat' dir='ltr'>ejus</span> <span class='ocrx_word' id='word_1_580' title='bbox 3460 3188 3668 3244; x_wconf 83' lang='lat' dir='ltr'>artiﬁci</span> <span class='ocrx_word' id='word_1_581' title='bbox 3733 3207 3874 3245; x_wconf 89' lang='lat' dir='ltr'>sua-</span> 
     </span>
    </p>
   </div>
   <div class='ocr_carea' id='block_1_80' title="bbox 2201 3277 3874 3348">
    <p class='ocr_par' dir='ltr' id='par_1_80' title="bbox 2201 3277 3874 3348">
     <span class='ocr_line' id='line_1_80' title="bbox 2201 3277 3874 3348; baseline 0.002 -16"><span class='ocrx_word' id='word_1_582' title='bbox 2201 3279 2378 3334; x_wconf 86' lang='lat' dir='ltr'>vitate</span> <span class='ocrx_word' id='word_1_583' title='bbox 2410 3277 2786 3345; x_wconf 88' lang='lat' dir='ltr'>modulatur;</span> <span class='ocrx_word' id='word_1_584' title='bbox 2820 3283 3045 3333; x_wconf 90' lang='lat' dir='ltr'>etcum</span> <span class='ocrx_word' id='word_1_585' title='bbox 3103 3277 3180 3332; x_wconf 89' lang='lat' dir='ltr'>sit</span> <span class='ocrx_word' id='word_1_586' title='bbox 3236 3278 3365 3348; x_wconf 88' lang='lat' dir='ltr'>ipsa</span> <span class='ocrx_word' id='word_1_587' title='bbox 3421 3277 3874 3346; x_wconf 87' lang='lat' dir='ltr'>irrationabilis,</span> 
     </span>
    </p>
   </div>
   <div class='ocr_carea' id='block_1_81' title="bbox 2203 3365 3878 3438">
    <p class='ocr_par' dir='ltr' id='par_1_81' title="bbox 2203 3365 3878 3438">
     <span class='ocr_line' id='line_1_81' title="bbox 2203 3365 3878 3438; baseline 0.001 -16"><span class='ocrx_word' id='word_1_588' title='bbox 2203 3366 2610 3423; x_wconf 90' lang='lat' dir='ltr'>rationabilem</span> <span class='ocrx_word' id='word_1_589' title='bbox 2642 3383 2841 3422; x_wconf 87' lang='lat' dir='ltr'>vocem</span> <span class='ocrx_word' id='word_1_590' title='bbox 2872 3366 3164 3438; x_wconf 85' lang='lat' dir='ltr'>exprimit.</span> <span class='ocrx_word' id='word_1_591' title='bbox 3199 3365 3384 3422; x_wconf 87' lang='lat' dir='ltr'>Nidus</span> <span class='ocrx_word' id='word_1_592' title='bbox 3423 3369 3514 3422; x_wconf 91' lang='lat' dir='ltr'>est</span> <span class='ocrx_word' id='word_1_593' title='bbox 3561 3365 3878 3432; x_wconf 28' lang='lat' dir='ltr'>,bemicra-</span> 
     </span>
    </p>
   </div>
   <div class='ocr_carea' id='block_1_82' title="bbox 2203 3439 3870 3526">
    <p class='ocr_par' dir='ltr' id='par_1_82' title="bbox 2203 3439 3870 3526">
     <span class='ocr_line' id='line_1_82' title="bbox 2203 3439 3870 3526; baseline 0.001 -15"><span class='ocrx_word' id='word_1_594' title='bbox 2203 3457 2386 3511; x_wconf 86' lang='lat' dir='ltr'>nium.</span> <span class='ocrx_word' id='word_1_595' title='bbox 2421 3455 2608 3510; x_wconf 89' lang='lat' dir='ltr'>Nidus</span> <span class='ocrx_word' id='word_1_596' title='bbox 2637 3459 2727 3512; x_wconf 90' lang='lat' dir='ltr'>est</span> <span class='ocrx_word' id='word_1_597' title='bbox 2757 3455 3102 3511; x_wconf 91' lang='lat' dir='ltr'>membrana</span> <span class='ocrx_word' id='word_1_598' title='bbox 3130 3453 3232 3510; x_wconf 89' lang='lat' dir='ltr'>illa</span> <span class='ocrx_word' id='word_1_599' title='bbox 3262 3471 3389 3526; x_wconf 75' lang='lat' dir='ltr'>quae</span> <span class='ocrx_word' id='word_1_600' title='bbox 3423 3455 3732 3511; x_wconf 88' lang='lat' dir='ltr'>cerebrum</span> <span class='ocrx_word' id='word_1_601' title='bbox 3788 3439 3870 3512; x_wconf 69' lang='lat' dir='ltr'>io-</span> 
     </span>
    </p>
   </div>
   <div class='ocr_carea' id='block_1_83' title="bbox 2198 3542 3873 3615">
    <p class='ocr_par' dir='ltr' id='par_1_83' title="bbox 2198 3542 3873 3615">
     <span class='ocr_line' id='line_1_83' title="bbox 2198 3542 3873 3615; baseline 0.001 -17"><span class='ocrx_word' id='word_1_602' title='bbox 2198 3551 2312 3612; x_wconf 88' lang='lat' dir='ltr'>vet,</span> <span class='ocrx_word' id='word_1_603' title='bbox 2345 3549 2402 3601; x_wconf 91' lang='lat' dir='ltr'>et</span> <span class='ocrx_word' id='word_1_604' title='bbox 2432 3545 2586 3600; x_wconf 90' lang='lat' dir='ltr'>intra</span> <span class='ocrx_word' id='word_1_605' title='bbox 2613 3544 2862 3600; x_wconf 91' lang='lat' dir='ltr'>cohibet.</span> <span class='ocrx_word' id='word_1_606' title='bbox 2905 3543 3038 3598; x_wconf 90' lang='lat' dir='ltr'>Nidi</span> <span class='ocrx_word' id='word_1_607' title='bbox 3095 3548 3236 3599; x_wconf 91' lang='lat' dir='ltr'>sunt</span> <span class='ocrx_word' id='word_1_608' title='bbox 3283 3542 3506 3600; x_wconf 89' lang='lat' dir='ltr'>viscera</span> <span class='ocrx_word' id='word_1_609' title='bbox 3562 3543 3873 3615; x_wconf 84' lang='lat' dir='ltr'>pulmonis</span> 
     </span>
    </p>
   </div>
   <div class='ocr_carea' id='block_1_84' title="bbox 2201 3631 3871 3704">
    <p class='ocr_par' dir='ltr' id='par_1_84' title="bbox 2201 3631 3871 3704">
     <span class='ocr_line' id='line_1_84' title="bbox 2201 3631 3871 3704; baseline 0 -16"><span class='ocrx_word' id='word_1_610' title='bbox 2201 3640 2252 3688; x_wconf 87' lang='lat' dir='ltr'>el</span> <span class='ocrx_word' id='word_1_611' title='bbox 2285 3633 2496 3688; x_wconf 91' lang='lat' dir='ltr'>cordis.</span> <span class='ocrx_word' id='word_1_612' title='bbox 2532 3633 2786 3704; x_wconf 86' lang='lat' dir='ltr'>Spiritus</span> <span class='ocrx_word' id='word_1_613' title='bbox 2829 3631 3066 3704; x_wconf 91' lang='lat' dir='ltr'>quidem</span> <span class='ocrx_word' id='word_1_614' title='bbox 3125 3631 3331 3698; x_wconf 89' lang='lat' dir='ltr'>nostri,</span> <span class='ocrx_word' id='word_1_615' title='bbox 3393 3632 3501 3688; x_wconf 89' lang='lat' dir='ltr'>hoc</span> <span class='ocrx_word' id='word_1_616' title='bbox 3559 3637 3668 3698; x_wconf 88' lang='lat' dir='ltr'>est,</span> <span class='ocrx_word' id='word_1_617' title='bbox 3735 3635 3871 3704; x_wconf 87' lang='lat' dir='ltr'>ejus</span> 
     </span>
    </p>
   </div>
   <div class='ocr_carea' id='block_1_85' title="bbox 2201 3719 3871 3794">
    <p class='ocr_par' dir='ltr' id='par_1_85' title="bbox 2201 3719 3871 3794">
     <span class='ocr_line' id='line_1_85' title="bbox 2201 3719 3871 3794; baseline -0.001 -18"><span class='ocrx_word' id='word_1_618' title='bbox 2201 3738 2376 3794; x_wconf 91' lang='lat' dir='ltr'>quem</span> <span class='ocrx_word' id='word_1_619' title='bbox 2407 3721 2725 3794; x_wconf 91' lang='lat' dir='ltr'>carpimus,</span> <span class='ocrx_word' id='word_1_620' title='bbox 2761 3726 2818 3777; x_wconf 92' lang='lat' dir='ltr'>et</span> <span class='ocrx_word' id='word_1_621' title='bbox 2861 3738 2976 3792; x_wconf 93' lang='lat' dir='ltr'>quo</span> <span class='ocrx_word' id='word_1_622' title='bbox 3035 3719 3252 3776; x_wconf 90' lang='lat' dir='ltr'>alimur</span> <span class='ocrx_word' id='word_1_623' title='bbox 3301 3720 3358 3775; x_wconf 91' lang='lat' dir='ltr'>in</span> <span class='ocrx_word' id='word_1_624' title='bbox 3413 3721 3522 3776; x_wconf 89' lang='lat' dir='ltr'>hac</span> <span class='ocrx_word' id='word_1_625' title='bbox 3569 3721 3712 3788; x_wconf 88' lang='lat' dir='ltr'>vita,</span> <span class='ocrx_word' id='word_1_626' title='bbox 3780 3722 3871 3777; x_wconf 85' lang='lat' dir='ltr'>ni-</span> 
     </span>
    </p>
   </div>
   <div class='ocr_carea' id='block_1_86' title="bbox 2203 3809 3874 3881">
    <p class='ocr_par' dir='ltr' id='par_1_86' title="bbox 2203 3809 3874 3881">
     <span class='ocr_line' id='line_1_86' title="bbox 2203 3809 3874 3881; baseline 0.001 -16"><span class='ocrx_word' id='word_1_627' title='bbox 2203 3811 2314 3866; x_wconf 91' lang='lat' dir='ltr'>dus</span> <span class='ocrx_word' id='word_1_628' title='bbox 2347 3815 2438 3866; x_wconf 88' lang='lat' dir='ltr'>est</span> <span class='ocrx_word' id='word_1_629' title='bbox 2468 3812 2706 3880; x_wconf 89' lang='lat' dir='ltr'>pulmo:</span> <span class='ocrx_word' id='word_1_630' title='bbox 2741 3809 3050 3880; x_wconf 90' lang='lat' dir='ltr'>sanguinis</span> <span class='ocrx_word' id='word_1_631' title='bbox 3081 3817 3273 3864; x_wconf 83' lang='lat' dir='ltr'>autem</span> <span class='ocrx_word' id='word_1_632' title='bbox 3305 3815 3362 3865; x_wconf 91' lang='lat' dir='ltr'>et</span> <span class='ocrx_word' id='word_1_633' title='bbox 3400 3809 3644 3881; x_wconf 88' lang='lat' dir='ltr'>spiritus</span> <span class='ocrx_word' id='word_1_634' title='bbox 3690 3811 3874 3866; x_wconf 89' lang='lat' dir='ltr'>nidus</span> 
     </span>
    </p>
   </div>
   <div class='ocr_carea' id='block_1_87' title="bbox 2201 3897 3877 3971">
    <p class='ocr_par' dir='ltr' id='par_1_87' title="bbox 2201 3897 3877 3971">
     <span class='ocr_line' id='line_1_87' title="bbox 2201 3897 3877 3971; baseline 0.001 -18"><span class='ocrx_word' id='word_1_635' title='bbox 2201 3903 2289 3954; x_wconf 89' lang='lat' dir='ltr'>est</span> <span class='ocrx_word' id='word_1_636' title='bbox 2318 3915 2435 3954; x_wconf 92' lang='lat' dir='ltr'>cor.</span> <span class='ocrx_word' id='word_1_637' title='bbox 2473 3897 2600 3954; x_wconf 92' lang='lat' dir='ltr'>Duo</span> <span class='ocrx_word' id='word_1_638' title='bbox 2631 3903 2773 3954; x_wconf 91' lang='lat' dir='ltr'>sunt</span> <span class='ocrx_word' id='word_1_639' title='bbox 2802 3898 2960 3954; x_wconf 90' lang='lat' dir='ltr'>enim</span> <span class='ocrx_word' id='word_1_640' title='bbox 2991 3899 3119 3969; x_wconf 90' lang='lat' dir='ltr'>ejns</span> <span class='ocrx_word' id='word_1_641' title='bbox 3150 3899 3300 3953; x_wconf 90' lang='lat' dir='ltr'>uteri</span> <span class='ocrx_word' id='word_1_642' title='bbox 3326 3915 3336 3954; x_wconf 94' lang='lat'>:</span> <span class='ocrx_word' id='word_1_643' title='bbox 3372 3915 3526 3954; x_wconf 92' lang='lat' dir='ltr'>unus</span> <span class='ocrx_word' id='word_1_644' title='bbox 3558 3916 3676 3971; x_wconf 93' lang='lat' dir='ltr'>quo</span> <span class='ocrx_word' id='word_1_645' title='bbox 3711 3917 3877 3961; x_wconf 83' lang='lat' dir='ltr'>.san-</span> 
     </span>
    </p>
   </div>
   <div class='ocr_carea' id='block_1_88' title="bbox 2199 3986 3875 4059">
    <p class='ocr_par' dir='ltr' id='par_1_88' title="bbox 2199 3986 3875 4059">
     <span class='ocr_line' id='line_1_88' title="bbox 2199 3986 3875 4059; baseline 0 -17"><span class='ocrx_word' id='word_1_646' title='bbox 2199 3987 2441 4059; x_wconf 85' lang='lat' dir='ltr'>guinem</span> <span class='ocrx_word' id='word_1_647' title='bbox 2464 3986 2624 4042; x_wconf 91' lang='lat' dir='ltr'>velut</span> <span class='ocrx_word' id='word_1_648' title='bbox 2654 3987 2912 4058; x_wconf 89' lang='lat' dir='ltr'>quodam</span> <span class='ocrx_word' id='word_1_649' title='bbox 2945 3987 3077 4042; x_wconf 92' lang='lat' dir='ltr'>sinu</span> <span class='ocrx_word' id='word_1_650' title='bbox 3110 3987 3378 4058; x_wconf 89' lang='lat' dir='ltr'>suscipit,</span> <span class='ocrx_word' id='word_1_651' title='bbox 3410 3990 3467 4042; x_wconf 89' lang='lat' dir='ltr'>et</span> <span class='ocrx_word' id='word_1_652' title='bbox 3495 3987 3875 4044; x_wconf 81' lang='lat' dir='ltr'>transfundit</span> 
     </span>
    </p>
   </div>
   <div class='ocr_carea' id='block_1_89' title="bbox 2200 4073 3868 4148">
    <p class='ocr_par' dir='ltr' id='par_1_89' title="bbox 2200 4073 3868 4148">
     <span class='ocr_line' id='line_1_89' title="bbox 2200 4073 3868 4148; baseline 0.002 -18"><span class='ocrx_word' id='word_1_653' title='bbox 2200 4075 2259 4130; x_wconf 92' lang='lat' dir='ltr'>in</span> <span class='ocrx_word' id='word_1_654' title='bbox 2286 4091 2498 4131; x_wconf 91' lang='lat' dir='ltr'>venas:</span> <span class='ocrx_word' id='word_1_655' title='bbox 2534 4073 2681 4131; x_wconf 92' lang='lat' dir='ltr'>alter</span> <span class='ocrx_word' id='word_1_656' title='bbox 2711 4091 2827 4147; x_wconf 90' lang='lat' dir='ltr'>quo</span> <span class='ocrx_word' id='word_1_657' title='bbox 2859 4075 3082 4147; x_wconf 87' lang='lat' dir='ltr'>rigatus</span> <span class='ocrx_word' id='word_1_658' title='bbox 3138 4091 3208 4130; x_wconf 85' lang='lat' dir='ltr'>ex</span> <span class='ocrx_word' id='word_1_659' title='bbox 3261 4074 3358 4130; x_wconf 90' lang='lat' dir='ltr'>illo</span> <span class='ocrx_word' id='word_1_660' title='bbox 3417 4075 3711 4148; x_wconf 90' lang='lat' dir='ltr'>superiori</span> <span class='ocrx_word' id='word_1_661' title='bbox 3764 4078 3868 4133; x_wconf 91' lang='lat' dir='ltr'>de-</span> 
     </span>
    </p>
   </div>
   <div class='ocr_carea' id='block_1_90' title="bbox 2201 4163 3859 4237">
    <p class='ocr_par' dir='ltr' id='par_1_90' title="bbox 2201 4163 3859 4237">
     <span class='ocr_line' id='line_1_90' title="bbox 2201 4163 3859 4237; baseline 0 -17"><span class='ocrx_word' id='word_1_662' title='bbox 2201 4165 2363 4220; x_wconf 92' lang='lat' dir='ltr'>ducit</span> <span class='ocrx_word' id='word_1_663' title='bbox 2392 4164 2450 4218; x_wconf 92' lang='lat' dir='ltr'>in</span> <span class='ocrx_word' id='word_1_664' title='bbox 2481 4164 2724 4220; x_wconf 90' lang='lat' dir='ltr'>arterias</span> <span class='ocrx_word' id='word_1_665' title='bbox 2748 4163 2879 4236; x_wconf 88' lang='lat' dir='ltr'>jugi</span> <span class='ocrx_word' id='word_1_666' title='bbox 2928 4168 3144 4218; x_wconf 90' lang='lat' dir='ltr'>meatu.</span> <span class='ocrx_word' id='word_1_667' title='bbox 3205 4168 3351 4220; x_wconf 89' lang='lat' dir='ltr'>Ossa</span> <span class='ocrx_word' id='word_1_668' title='bbox 3407 4181 3640 4237; x_wconf 90' lang='lat' dir='ltr'>quoque</span> <span class='ocrx_word' id='word_1_669' title='bbox 3702 4165 3859 4222; x_wconf 87' lang='lat' dir='ltr'>vali-</span> 
     </span>
    </p>
   </div>
   <div class='ocr_carea' id='block_1_91' title="bbox 2201 4252 3867 4321">
    <p class='ocr_par' dir='ltr' id='par_1_91' title="bbox 2201 4252 3867 4321">
     <span class='ocr_line' id='line_1_91' title="bbox 2201 4252 3867 4321; baseline 0.002 -14"><span class='ocrx_word' id='word_1_670' title='bbox 2201 4253 2366 4308; x_wconf 92' lang='lat' dir='ltr'>diora</span> <span class='ocrx_word' id='word_1_671' title='bbox 2412 4253 2584 4308; x_wconf 92' lang='lat' dir='ltr'>nidos</span> <span class='ocrx_word' id='word_1_672' title='bbox 2616 4253 2852 4308; x_wconf 90' lang='lat' dir='ltr'>habent.</span> <span class='ocrx_word' id='word_1_673' title='bbox 2886 4252 3036 4308; x_wconf 92' lang='lat' dir='ltr'>Sunt</span> <span class='ocrx_word' id='word_1_674' title='bbox 3077 4252 3234 4307; x_wconf 90' lang='lat' dir='ltr'>enim</span> <span class='ocrx_word' id='word_1_675' title='bbox 3293 4254 3451 4308; x_wconf 92' lang='lat' dir='ltr'>intus</span> <span class='ocrx_word' id='word_1_676' title='bbox 3509 4258 3736 4321; x_wconf 86' lang='lat' dir='ltr'>cavata,</span> <span class='ocrx_word' id='word_1_677' title='bbox 3807 4255 3867 4310; x_wconf 92' lang='lat' dir='ltr'>in</span> 
     </span>
    </p>
   </div>
   <div class='ocr_carea' id='block_1_92' title="bbox 2201 4341 3869 4413">
    <p class='ocr_par' dir='ltr' id='par_1_92' title="bbox 2201 4341 3869 4413">
     <span class='ocr_line' id='line_1_92' title="bbox 2201 4341 3869 4413; baseline 0.002 -17"><span class='ocrx_word' id='word_1_678' title='bbox 2201 4343 2418 4413; x_wconf 89' lang='lat' dir='ltr'>quibus</span> <span class='ocrx_word' id='word_1_679' title='bbox 2478 4341 2864 4397; x_wconf 88' lang='lat' dir='ltr'>foraminibus</span> <span class='ocrx_word' id='word_1_680' title='bbox 2919 4346 3010 4396; x_wconf 90' lang='lat' dir='ltr'>est</span> <span class='ocrx_word' id='word_1_681' title='bbox 3066 4341 3342 4397; x_wconf 87' lang='lat' dir='ltr'>medulla.</span> <span class='ocrx_word' id='word_1_682' title='bbox 3408 4343 3467 4397; x_wconf 91' lang='lat' dir='ltr'>In</span> <span class='ocrx_word' id='word_1_683' title='bbox 3523 4343 3869 4400; x_wconf 88' lang='lat' dir='ltr'>visceribus</span> 
     </span>
    </p>
   </div>
   <div class='ocr_carea' id='block_1_93' title="bbox 2201 4429 3866 4502">
    <p class='ocr_par' dir='ltr' id='par_1_93' title="bbox 2201 4429 3866 4502">
     <span class='ocr_line' id='line_1_93' title="bbox 2201 4429 3866 4502; baseline 0.002 -18"><span class='ocrx_word' id='word_1_684' title='bbox 2201 4430 2349 4502; x_wconf 91' lang='lat' dir='ltr'>ipsis</span> <span class='ocrx_word' id='word_1_685' title='bbox 2385 4430 2760 4486; x_wconf 89' lang='lat' dir='ltr'>mollioribus</span> <span class='ocrx_word' id='word_1_686' title='bbox 2792 4429 2914 4484; x_wconf 91' lang='lat' dir='ltr'>nidi</span> <span class='ocrx_word' id='word_1_687' title='bbox 2946 4430 3286 4502; x_wconf 89' lang='lat' dir='ltr'>cupiditatis</span> <span class='ocrx_word' id='word_1_688' title='bbox 3315 4435 3416 4486; x_wconf 90' lang='lat' dir='ltr'>aut</span> <span class='ocrx_word' id='word_1_689' title='bbox 3441 4429 3661 4488; x_wconf 91' lang='lat' dir='ltr'>doloris</span> <span class='ocrx_word' id='word_1_690' title='bbox 3699 4438 3866 4488; x_wconf 88' lang='lat' dir='ltr'>sunt.</span> 
     </span>
    </p>
   </div>
   <div class='ocr_carea' id='block_1_94' title="bbox 439 4516 3871 4598">
    <p class='ocr_par' dir='ltr' id='par_1_94' title="bbox 439 4516 3871 4598">
     <span class='ocr_line' id='line_1_94' title="bbox 439 4516 3871 4598; baseline 0.001 -27"><span class='ocrx_word' id='word_1_691' title='bbox 439 4516 722 4572; x_wconf 89' lang='lat' dir='ltr'>consistat</span> <span class='ocrx_word' id='word_1_692' title='bbox 752 4516 1037 4588; x_wconf 86' lang='lat' dir='ltr'>partibus,</span> <span class='ocrx_word' id='word_1_693' title='bbox 1069 4523 1127 4573; x_wconf 90' lang='lat' dir='ltr'>et</span> <span class='ocrx_word' id='word_1_694' title='bbox 1144 4517 1451 4574; x_wconf 90' lang='lat' dir='ltr'>conveniat</span> <span class='ocrx_word' id='word_1_695' title='bbox 1477 4517 1612 4572; x_wconf 89' lang='lat' dir='ltr'>sibi.</span> <span class='ocrx_word' id='word_1_696' title='bbox 1638 4517 1839 4588; x_wconf 91' lang='lat' dir='ltr'>Itaque</span> <span class='ocrx_word' id='word_1_697' title='bbox 1859 4521 1916 4571; x_wconf 89' lang='lat' dir='ltr'>et</span> <span class='ocrx_word' id='word_1_698' title='bbox 1936 4516 2090 4571; x_wconf 88' lang='lat' dir='ltr'>Deus</span> <span class='ocrx_word' id='word_1_699' title='bbox 2125 4533 2168 4598; x_wconf 74' lang='grc' dir='ltr'><strong>Ι)</strong></span> <span class='ocrx_word' id='word_1_700' title='bbox 2204 4520 2270 4574; x_wconf 86' lang='lat' dir='ltr'>Et</span> <span class='ocrx_word' id='word_1_701' title='bbox 2301 4519 2415 4575; x_wconf 89' lang='lat' dir='ltr'>alia</span> <span class='ocrx_word' id='word_1_702' title='bbox 2449 4519 2658 4591; x_wconf 91' lang='lat' dir='ltr'>siquis</span> <span class='ocrx_word' id='word_1_703' title='bbox 2689 4519 3038 4587; x_wconf 88' lang='lat' dir='ltr'>consideret,</span> <span class='ocrx_word' id='word_1_704' title='bbox 3090 4518 3266 4574; x_wconf 80' lang='lat' dir='ltr'>etiam</span> <span class='ocrx_word' id='word_1_705' title='bbox 3317 4518 3515 4591; x_wconf 90' lang='lat' dir='ltr'>plures</span> <span class='ocrx_word' id='word_1_706' title='bbox 3571 4521 3751 4577; x_wconf 89' lang='lat' dir='ltr'>nidos</span> <span class='ocrx_word' id='word_1_707' title='bbox 3785 4523 3871 4576; x_wconf 90' lang='lat' dir='ltr'>in-</span> 
     </span>
    </p>
   </div>
   <div class='ocr_carea' id='block_1_95' title="bbox 435 4603 2095 4678">
    <p class='ocr_par' dir='ltr' id='par_1_95' title="bbox 435 4603 2095 4678">
     <span class='ocr_line' id='line_1_95' title="bbox 435 4603 2095 4678; baseline -0.002 -17"><span class='ocrx_word' id='word_1_708' title='bbox 435 4609 639 4662; x_wconf 89' lang='lat' dir='ltr'>auctor</span> <span class='ocrx_word' id='word_1_709' title='bbox 670 4605 853 4660; x_wconf 77' lang='lat' dir='ltr'>nostri</span> <span class='ocrx_word' id='word_1_710' title='bbox 873 4606 1155 4678; x_wconf 90' lang='lat' dir='ltr'>corporis,</span> <span class='ocrx_word' id='word_1_711' title='bbox 1183 4610 1524 4677; x_wconf 67' lang='lat' dir='ltr'>naturasque</span> <span class='ocrx_word' id='word_1_712' title='bbox 1556 4606 1872 4661; x_wconf 85' lang='lat' dir='ltr'>fabricator</span> <span class='ocrx_word' id='word_1_713' title='bbox 1887 4603 2095 4660; x_wconf 86' lang='lat' dir='ltr'>astrui-</span> 
     </span>
    </p>
   </div>
   <div class='ocr_carea' id='block_1_96' title="bbox 437 4694 2086 4768">
    <p class='ocr_par' dir='ltr' id='par_1_96' title="bbox 437 4694 2086 4768">
     <span class='ocr_line' id='line_1_96' title="bbox 437 4694 2086 4768; baseline -0.002 -18"><span class='ocrx_word' id='word_1_714' title='bbox 437 4700 552 4764; x_wconf 89' lang='lat' dir='ltr'>tur,</span> <span class='ocrx_word' id='word_1_715' title='bbox 594 4699 650 4750; x_wconf 90' lang='lat' dir='ltr'>et</span> <span class='ocrx_word' id='word_1_716' title='bbox 678 4711 827 4768; x_wconf 89' lang='lat' dir='ltr'>opus</span> <span class='ocrx_word' id='word_1_717' title='bbox 858 4694 1051 4766; x_wconf 91' lang='lat' dir='ltr'>ipsum</span> <span class='ocrx_word' id='word_1_718' title='bbox 1085 4695 1403 4766; x_wconf 83' lang='lat' dir='ltr'>perfectum</span> <span class='ocrx_word' id='word_1_719' title='bbox 1436 4711 1563 4750; x_wconf 89' lang='lat' dir='ltr'>esse</span> <span class='ocrx_word' id='word_1_720' title='bbox 1595 4695 1666 4750; x_wconf 92' lang='lat' dir='ltr'>iis</span> <span class='ocrx_word' id='word_1_721' title='bbox 1716 4694 2086 4750; x_wconf 89' lang='lat' dir='ltr'>sermonibus</span> 
     </span>
    </p>
   </div>
   <div class='ocr_carea' id='block_1_97' title="bbox 434 4783 2086 4858">
    <p class='ocr_par' dir='ltr' id='par_1_97' title="bbox 434 4783 2086 4858">
     <span class='ocr_line' id='line_1_97' title="bbox 434 4783 2086 4858; baseline -0.002 -18"><span class='ocrx_word' id='word_1_722' title='bbox 434 4783 824 4858; x_wconf 81' lang='lat' dir='ltr'>significatur.</span> <span class='ocrx_word' id='word_1_723' title='bbox 860 4784 1154 4850; x_wconf 87' lang='lat' dir='ltr'>Quadrata</span> <span class='ocrx_word' id='word_1_724' title='bbox 1185 4787 1378 4839; x_wconf 88' lang='lat' dir='ltr'>autem</span> <span class='ocrx_word' id='word_1_725' title='bbox 1403 4783 1661 4839; x_wconf 89' lang='lat' dir='ltr'>hominis</span> <span class='ocrx_word' id='word_1_726' title='bbox 1675 4783 1938 4839; x_wconf 87' lang='lat' dir='ltr'>membra</span> <span class='ocrx_word' id='word_1_727' title='bbox 1958 4799 2086 4838; x_wconf 90' lang='lat' dir='ltr'>esse</span> 
     </span>
    </p>
   </div>
   <div class='ocr_carea' id='block_1_98' title="bbox 433 4871 2085 4944">
    <p class='ocr_par' dir='ltr' id='par_1_98' title="bbox 433 4871 2085 4944">
     <span class='ocr_line' id='line_1_98' title="bbox 433 4871 2085 4944; baseline -0.003 -14"><span class='ocrx_word' id='word_1_728' title='bbox 433 4874 670 4930; x_wconf 89' lang='lat' dir='ltr'>evidens</span> <span class='ocrx_word' id='word_1_729' title='bbox 700 4873 868 4939; x_wconf 88' lang='lat' dir='ltr'>ratio,</span> <span class='ocrx_word' id='word_1_730' title='bbox 902 4873 949 4927; x_wconf 91' lang='lat' dir='ltr'>si</span> <span class='ocrx_word' id='word_1_731' title='bbox 981 4873 1314 4928; x_wconf 88' lang='lat' dir='ltr'>consideres</span> <span class='ocrx_word' id='word_1_732' title='bbox 1353 4878 1554 4944; x_wconf 89' lang='lat' dir='ltr'>pectus</span> <span class='ocrx_word' id='word_1_733' title='bbox 1587 4872 1862 4940; x_wconf 89' lang='lat' dir='ltr'>hominis,</span> <span class='ocrx_word' id='word_1_734' title='bbox 1896 4871 2085 4928; x_wconf 87' lang='lat' dir='ltr'>consi-</span> 
     </span>
    </p>
   </div>
   <div class='ocr_carea' id='block_1_99' title="bbox 434 4960 2085 5034">
    <p class='ocr_par' dir='ltr' id='par_1_99' title="bbox 434 4960 2085 5034">
     <span class='ocr_line' id='line_1_99' title="bbox 434 4960 2085 5034; baseline -0.002 -16"><span class='ocrx_word' id='word_1_735' title='bbox 434 4963 601 5019; x_wconf 89' lang='lat' dir='ltr'>deres</span> <span class='ocrx_word' id='word_1_736' title='bbox 632 4966 891 5018; x_wconf 88' lang='lat' dir='ltr'>ventrem</span> <span class='ocrx_word' id='word_1_737' title='bbox 927 4963 1051 5034; x_wconf 85' lang='lat' dir='ltr'>pari</span> <span class='ocrx_word' id='word_1_738' title='bbox 1086 4980 1360 5017; x_wconf 83' lang='lat' dir='ltr'>mensura</span> <span class='ocrx_word' id='word_1_739' title='bbox 1391 4961 1775 5034; x_wconf 88' lang='lat' dir='ltr'>longitudinis</span> <span class='ocrx_word' id='word_1_740' title='bbox 1805 4967 1861 5016; x_wconf 90' lang='lat' dir='ltr'>et</span> <span class='ocrx_word' id='word_1_741' title='bbox 1891 4960 2085 5016; x_wconf 89' lang='lat' dir='ltr'>latitu-</span> 
     </span>
    </p>
   </div>
   <div class='ocr_carea' id='block_1_100' title="bbox 434 5049 2087 5123">
    <p class='ocr_par' dir='ltr' id='par_1_100' title="bbox 434 5049 2087 5123">
     <span class='ocr_line' id='line_1_100' title="bbox 434 5049 2087 5123; baseline -0.002 -17"><span class='ocrx_word' id='word_1_742' title='bbox 434 5051 611 5119; x_wconf 90' lang='lat' dir='ltr'>dinis,</span> <span class='ocrx_word' id='word_1_743' title='bbox 644 5051 759 5106; x_wconf 87' lang='lat' dir='ltr'>nisi</span> <span class='ocrx_word' id='word_1_744' title='bbox 793 5067 927 5106; x_wconf 92' lang='lat' dir='ltr'>cum</span> <span class='ocrx_word' id='word_1_745' title='bbox 957 5050 1355 5123; x_wconf 90' lang='lat' dir='ltr'>voluptatibus</span> <span class='ocrx_word' id='word_1_746' title='bbox 1377 5055 1433 5105; x_wconf 91' lang='lat' dir='ltr'>et</span> <span class='ocrx_word' id='word_1_747' title='bbox 1475 5049 1665 5122; x_wconf 89' lang='lat' dir='ltr'>epulis</span> <span class='ocrx_word' id='word_1_748' title='bbox 1716 5055 1912 5105; x_wconf 83' lang='lat' dir='ltr'>ventre</span> <span class='ocrx_word' id='word_1_749' title='bbox 1962 5049 2087 5103; x_wconf 86' lang='lat' dir='ltr'>dis-</span> 
     </span>
    </p>
   </div>
   <div class='ocr_carea' id='block_1_101' title="bbox 433 5139 2090 5210">
    <p class='ocr_par' dir='ltr' id='par_1_101' title="bbox 433 5139 2090 5210">
     <span class='ocr_line' id='line_1_101' title="bbox 433 5139 2090 5210; baseline -0.002 -14"><span class='ocrx_word' id='word_1_750' title='bbox 433 5144 592 5196; x_wconf 87' lang='lat' dir='ltr'>tento</span> <span class='ocrx_word' id='word_1_751' title='bbox 622 5157 902 5197; x_wconf 88' lang='lat' dir='ltr'>mensura</span> <span class='ocrx_word' id='word_1_752' title='bbox 932 5140 1221 5197; x_wconf 90' lang='lat' dir='ltr'>naturalis</span> <span class='ocrx_word' id='word_1_753' title='bbox 1261 5139 1576 5195; x_wconf 85' lang='lat' dir='ltr'>exceditur.</span> <span class='ocrx_word' id='word_1_754' title='bbox 1609 5139 1741 5194; x_wconf 90' lang='lat' dir='ltr'>Jam</span> <span class='ocrx_word' id='word_1_755' title='bbox 1775 5139 1972 5210; x_wconf 90' lang='lat' dir='ltr'>pedes,</span> <span class='ocrx_word' id='word_1_756' title='bbox 2031 5141 2090 5193; x_wconf 89' lang='lat' dir='ltr'>et</span> 
     </span>
    </p>
   </div>
   <div class='ocr_carea' id='block_1_102' title="bbox 503 5374 1518 5451">
    <p class='ocr_par' dir='ltr' id='par_1_102' title="bbox 503 5374 1518 5451">
     <span class='ocr_line' id='line_1_102' title="bbox 503 5374 1518 5451; baseline 0.005 -22"><span class='ocrx_word' id='word_1_757' title='bbox 503 5374 780 5451; x_wconf 49' lang='lat' dir='ltr'>(initam.</span> <span class='ocrx_word' id='word_1_758' title='bbox 816 5377 960 5451; x_wconf 51' lang='lat' dir='ltr'>edit:</span> <span class='ocrx_word' id='word_1_759' title='bbox 978 5378 1141 5451; x_wconf 74' lang='lat' dir='ltr'>sola,</span> <span class='ocrx_word' id='word_1_760' title='bbox 1161 5381 1518 5451; x_wconf 83' lang='lat' dir='ltr'>spiritaliter.</span> 
     </span>
    </p>
   </div>
   <div class='ocr_carea' id='block_1_103' title="bbox 504 5446 2091 5522">
    <p class='ocr_par' dir='ltr' id='par_1_103' title="bbox 504 5446 2091 5522">
     <span class='ocr_line' id='line_1_103' title="bbox 504 5446 2091 5522; baseline 0.006 -23"><span class='ocrx_word' id='word_1_761' title='bbox 504 5446 615 5516; x_wconf 88' lang='grc'>(10)</span> <span class='ocrx_word' id='word_1_762' title='bbox 646 5447 740 5503; x_wconf 89' lang='lat' dir='ltr'>Sic</span> <span class='ocrx_word' id='word_1_763' title='bbox 769 5448 906 5522; x_wconf 82' lang='lat' dir='ltr'>edit.</span> <span class='ocrx_word' id='word_1_764' title='bbox 941 5447 1080 5505; x_wconf 89' lang='lat' dir='ltr'>Mss.</span> <span class='ocrx_word' id='word_1_765' title='bbox 1115 5446 1332 5518; x_wconf 74' lang='lat' dir='ltr'>autem,</span> <span class='ocrx_word' id='word_1_766' title='bbox 1374 5453 1520 5507; x_wconf 85' lang='lat' dir='ltr'>velut</span> <span class='ocrx_word' id='word_1_767' title='bbox 1548 5453 1703 5522; x_wconf 84' lang='lat' dir='ltr'>regio</span> <span class='ocrx_word' id='word_1_768' title='bbox 1731 5451 2009 5522; x_wconf 69' lang='lat' dir='ltr'>quaedam,</span> <span class='ocrx_word' id='word_1_769' title='bbox 2039 5461 2091 5508; x_wconf 90' lang='lat' dir='ltr'>et</span> 
     </span>
    </p>
   </div>
   <div class='ocr_carea' id='block_1_104' title="bbox 437 5519 1023 5589">
    <p class='ocr_par' dir='ltr' id='par_1_104' title="bbox 437 5519 1023 5589">
     <span class='ocr_line' id='line_1_104' title="bbox 437 5519 1023 5589; baseline 0.002 -15"><span class='ocrx_word' id='word_1_770' title='bbox 437 5519 590 5589; x_wconf 79' lang='lat' dir='ltr'>locus</span> <span class='ocrx_word' id='word_1_771' title='bbox 611 5526 690 5589; x_wconf 85' lang='lat' dir='ltr'>est</span> <span class='ocrx_word' id='word_1_772' title='bbox 711 5519 1023 5589; x_wconf 84' lang='lat' dir='ltr'>voluptatis.</span> 
     </span>
    </p>
   </div>
   <div class='ocr_carea' id='block_1_105' title="bbox 499 5587 2088 5664">
    <p class='ocr_par' dir='ltr' id='par_1_105' title="bbox 499 5587 2088 5664">
     <span class='ocr_line' id='line_1_105' title="bbox 499 5587 2088 5664; baseline 0.004 -21"><span class='ocrx_word' id='word_1_773' title='bbox 499 5587 613 5664; x_wconf 76' lang='lat' dir='ltr'>(ll)</span> <span class='ocrx_word' id='word_1_774' title='bbox 645 5588 793 5664; x_wconf 80' lang='lat' dir='ltr'>Edit.</span> <span class='ocrx_word' id='word_1_775' title='bbox 830 5587 1055 5657; x_wconf 83' lang='lat' dir='ltr'>omnes,</span> <span class='ocrx_word' id='word_1_776' title='bbox 1101 5593 1321 5649; x_wconf 85' lang='lat' dir='ltr'>Domini</span> <span class='ocrx_word' id='word_1_777' title='bbox 1348 5594 1644 5650; x_wconf 80' lang='lat' dir='ltr'>declarari.</span> <span class='ocrx_word' id='word_1_778' title='bbox 1682 5593 1889 5650; x_wconf 90' lang='lat' dir='ltr'>Melius</span> <span class='ocrx_word' id='word_1_779' title='bbox 1921 5611 2088 5664; x_wconf 88' lang='lat' dir='ltr'>mss.,</span> 
     </span>
    </p>
   </div>
   <div class='ocr_carea' id='block_1_106' title="bbox 424 5659 2096 5749">
    <p class='ocr_par' dir='ltr' id='par_1_106' title="bbox 424 5659 2096 5749">
     <span class='ocr_line' id='line_1_106' title="bbox 424 5659 2096 5749; baseline 0.008 -32"><span class='ocrx_word' id='word_1_780' title='bbox 424 5659 1000 5726; x_wconf 74' lang='lat' dir='ltr'>Domim‘deelarare.</span> <span class='ocrx_word' id='word_1_781' title='bbox 1021 5664 1589 5742; x_wconf 84' lang='lat' dir='ltr'>Subintelligendum</span> <span class='ocrx_word' id='word_1_782' title='bbox 1604 5667 1781 5738; x_wconf 90' lang='lat' dir='ltr'>enim,</span> <span class='ocrx_word' id='word_1_783' title='bbox 1798 5659 2096 5749; x_wconf 77' lang='lat' dir='ltr'>Scriptura</span> 
     </span>
    </p>
   </div>
   <div class='ocr_carea' id='block_1_107' title="bbox 2201 4607 3868 4680">
    <p class='ocr_par' dir='ltr' id='par_1_107' title="bbox 2201 4607 3868 4680">
     <span class='ocr_line' id='line_1_107' title="bbox 2201 4607 3868 4680; baseline 0.003 -18"><span class='ocrx_word' id='word_1_784' title='bbox 2201 4609 2394 4664; x_wconf 88' lang='lat' dir='ltr'>veniet</span> <span class='ocrx_word' id='word_1_785' title='bbox 2457 4609 2515 4663; x_wconf 92' lang='lat' dir='ltr'>in</span> <span class='ocrx_word' id='word_1_786' title='bbox 2586 4609 2693 4664; x_wconf 89' lang='lat' dir='ltr'>hac</span> <span class='ocrx_word' id='word_1_787' title='bbox 2742 4607 2962 4662; x_wconf 84' lang='lat' dir='ltr'>fabrica</span> <span class='ocrx_word' id='word_1_788' title='bbox 3021 4607 3264 4662; x_wconf 89' lang='lat' dir='ltr'>humani</span> <span class='ocrx_word' id='word_1_789' title='bbox 3334 4608 3616 4680; x_wconf 88' lang='lat' dir='ltr'>corporis.</span> <span class='ocrx_word' id='word_1_790' title='bbox 3700 4611 3868 4667; x_wconf 82' lang='lat' dir='ltr'>Unde</span> 
     </span>
    </p>
   </div>
   <div class='ocr_carea' id='block_1_108' title="bbox 2195 4695 3864 4769">
    <p class='ocr_par' dir='ltr' id='par_1_108' title="bbox 2195 4695 3864 4769">
     <span class='ocr_line' id='line_1_108' title="bbox 2195 4695 3864 4769; baseline 0.001 -17"><span class='ocrx_word' id='word_1_791' title='bbox 2195 4703 2338 4769; x_wconf 90' lang='lat' dir='ltr'>puto</span> <span class='ocrx_word' id='word_1_792' title='bbox 2370 4703 2426 4752; x_wconf 91' lang='lat' dir='ltr'>et</span> <span class='ocrx_word' id='word_1_793' title='bbox 2457 4697 2623 4753; x_wconf 93' lang='lat' dir='ltr'>illum</span> <span class='ocrx_word' id='word_1_794' title='bbox 2658 4697 2716 4751; x_wconf 92' lang='lat' dir='ltr'>in</span> <span class='ocrx_word' id='word_1_795' title='bbox 2750 4695 2985 4752; x_wconf 90' lang='lat' dir='ltr'>Psalmo</span> <span class='ocrx_word' id='word_1_796' title='bbox 3015 4713 3130 4752; x_wconf 89' lang='lat' dir='ltr'>non</span> <span class='ocrx_word' id='word_1_797' title='bbox 3171 4695 3363 4751; x_wconf 89' lang='lat' dir='ltr'>solum</span> <span class='ocrx_word' id='word_1_798' title='bbox 3423 4696 3692 4768; x_wconf 88' lang='lat' dir='ltr'>mystice,</span> <span class='ocrx_word' id='word_1_799' title='bbox 3757 4700 3864 4756; x_wconf 87' lang='lat' dir='ltr'>sed</span> 
     </span>
    </p>
   </div>
   <div class='ocr_carea' id='block_1_109' title="bbox 2197 4783 3868 4856">
    <p class='ocr_par' dir='ltr' id='par_1_109' title="bbox 2197 4783 3868 4856">
     <span class='ocr_line' id='line_1_109' title="bbox 2197 4783 3868 4856; baseline 0.004 -17"><span class='ocrx_word' id='word_1_800' title='bbox 2197 4786 2373 4842; x_wconf 89' lang='lat' dir='ltr'>etiam</span> <span class='ocrx_word' id='word_1_801' title='bbox 2449 4785 2794 4842; x_wconf 89' lang='lat' dir='ltr'>naturaliter</span> <span class='ocrx_word' id='word_1_802' title='bbox 2849 4785 3067 4841; x_wconf 87' lang='lat' dir='ltr'>dixisse</span> <span class='ocrx_word' id='word_1_803' title='bbox 3101 4802 3113 4840; x_wconf 91' lang='lat'>:</span> <span class='ocrx_word' id='word_1_804' title='bbox 3148 4783 3373 4839; x_wconf 89' lang='lat' dir='ltr'>Etenim</span> <span class='ocrx_word' id='word_1_805' title='bbox 3407 4801 3600 4856; x_wconf 85' lang='lat' dir='ltr'>passer</span> <span class='ocrx_word' id='word_1_806' title='bbox 3647 4789 3868 4845; x_wconf 73' lang='lat' dir='ltr'>invenit</span> 
     </span>
    </p>
   </div>
   <div class='ocr_carea' id='block_1_110' title="bbox 2195 4875 3870 4949">
    <p class='ocr_par' dir='ltr' id='par_1_110' title="bbox 2195 4875 3870 4949">
     <span class='ocr_line' id='line_1_110' title="bbox 2195 4875 3870 4949; baseline 0.003 -21"><span class='ocrx_word' id='word_1_807' title='bbox 2195 4875 2312 4929; x_wconf 86' lang='lat' dir='ltr'>sibi</span> <span class='ocrx_word' id='word_1_808' title='bbox 2339 4875 2590 4942; x_wconf 85' lang='lat' dir='ltr'>domum,</span> <span class='ocrx_word' id='word_1_809' title='bbox 2631 4879 2682 4930; x_wconf 89' lang='lat' dir='ltr'>et</span> <span class='ocrx_word' id='word_1_810' title='bbox 2722 4878 2907 4929; x_wconf 86' lang='lat' dir='ltr'>turtur</span> <span class='ocrx_word' id='word_1_811' title='bbox 2961 4875 3164 4930; x_wconf 86' lang='lat' dir='ltr'>nidum</span> <span class='ocrx_word' id='word_1_812' title='bbox 3223 4875 3320 4929; x_wconf 85' lang='lat' dir='ltr'>ubi</span> <span class='ocrx_word' id='word_1_813' title='bbox 3376 4880 3614 4944; x_wconf 81' lang='lat' dir='ltr'>reponat-</span> <span class='ocrx_word' id='word_1_814' title='bbox 3668 4878 3870 4949; x_wconf 79' lang='lat' dir='ltr'>pullos</span> 
     </span>
    </p>
   </div>
   <div class='ocr_carea' id='block_1_111' title="bbox 2198 4963 3865 5035">
    <p class='ocr_par' dir='ltr' id='par_1_111' title="bbox 2198 4963 3865 5035">
     <span class='ocr_line' id='line_1_111' title="bbox 2198 4963 3865 5035; baseline 0 -16"><span class='ocrx_word' id='word_1_815' title='bbox 2198 4964 2352 5019; x_wconf 68' lang='lat'>284</span> <span class='ocrx_word' id='word_1_816' title='bbox 2382 4979 2509 5018; x_wconf 86' lang='lat' dir='ltr'>suos</span> <span class='ocrx_word' id='word_1_817' title='bbox 2541 4965 2709 5035; x_wconf 85' lang='lat' dir='ltr'>(Psal.</span> <span class='ocrx_word' id='word_1_818' title='bbox 2747 4980 2980 5030; x_wconf 82' lang='lat' dir='ltr'>Lxxxm,</span> <span class='ocrx_word' id='word_1_819' title='bbox 3014 4964 3086 5034; x_wconf 88' lang='grc'><strong>4).</strong></span> <span class='ocrx_word' id='word_1_820' title='bbox 3125 4963 3223 5019; x_wconf 89' lang='lat' dir='ltr'>Est</span> <span class='ocrx_word' id='word_1_821' title='bbox 3245 4963 3400 5019; x_wconf 89' lang='lat' dir='ltr'>enim</span> <span class='ocrx_word' id='word_1_822' title='bbox 3446 4965 3571 5035; x_wconf 89' lang='lat' dir='ltr'>jam</span> <span class='ocrx_word' id='word_1_823' title='bbox 3626 4965 3688 5020; x_wconf 89' lang='lat' dir='ltr'>in</span> <span class='ocrx_word' id='word_1_824' title='bbox 3748 4966 3865 5021; x_wconf 88' lang='lat' dir='ltr'>hoc</span> 
     </span>
    </p>
   </div>
   <div class='ocr_carea' id='block_1_112' title="bbox 2198 5048 3862 5124">
    <p class='ocr_par' dir='ltr' id='par_1_112' title="bbox 2198 5048 3862 5124">
     <span class='ocr_line' id='line_1_112' title="bbox 2198 5048 3862 5124; baseline 0.002 -17"><span class='ocrx_word' id='word_1_825' title='bbox 2198 5069 2437 5124; x_wconf 90' lang='lat' dir='ltr'>corpore</span> <span class='ocrx_word' id='word_1_826' title='bbox 2469 5053 2644 5107; x_wconf 90' lang='lat' dir='ltr'>nidus</span> <span class='ocrx_word' id='word_1_827' title='bbox 2675 5051 2998 5124; x_wconf 58' lang='lat' dir='ltr'>pudicitia},</span> <span class='ocrx_word' id='word_1_828' title='bbox 3027 5052 3085 5107; x_wconf 90' lang='lat' dir='ltr'>in</span> <span class='ocrx_word' id='word_1_829' title='bbox 3112 5069 3228 5124; x_wconf 91' lang='lat' dir='ltr'>quo</span> <span class='ocrx_word' id='word_1_830' title='bbox 3287 5057 3411 5108; x_wconf 91' lang='lat' dir='ltr'>erat</span> <span class='ocrx_word' id='word_1_831' title='bbox 3471 5053 3649 5109; x_wconf 91' lang='lat' dir='ltr'>nidus</span> <span class='ocrx_word' id='word_1_832' title='bbox 3682 5048 3862 5110; x_wconf 73' lang='lat' dir='ltr'>irra-</span> 
     </span>
    </p>
   </div>
   <div class='ocr_carea' id='block_1_113' title="bbox 2197 5139 3860 5214">
    <p class='ocr_par' dir='ltr' id='par_1_113' title="bbox 2197 5139 3860 5214">
     <span class='ocr_line' id='line_1_113' title="bbox 2197 5139 3860 5214; baseline 0.002 -20"><span class='ocrx_word' id='word_1_833' title='bbox 2197 5139 2496 5198; x_wconf 88' lang='lat' dir='ltr'>tionabilis</span> <span class='ocrx_word' id='word_1_834' title='bbox 2527 5140 3029 5214; x_wconf 70' lang='lat' dir='ltr'>concupiscentiae.</span> <span class='ocrx_word' id='word_1_835' title='bbox 3064 5141 3175 5197; x_wconf 91' lang='lat' dir='ltr'>Sed</span> <span class='ocrx_word' id='word_1_836' title='bbox 3217 5140 3315 5196; x_wconf 91' lang='lat' dir='ltr'>ubi</span> <span class='ocrx_word' id='word_1_837' title='bbox 3347 5145 3712 5214; x_wconf 54' lang='lat' dir='ltr'>ante‘partus</span> <span class='ocrx_word' id='word_1_838' title='bbox 3749 5143 3860 5198; x_wconf 90' lang='lat' dir='ltr'>de-</span> 
     </span>
    </p>
   </div>
   <div class='ocr_carea' id='block_1_114' title="bbox 2199 5380 3859 5454">
    <p class='ocr_par' dir='ltr' id='par_1_114' title="bbox 2199 5380 3859 5454">
     <span class='ocr_line' id='line_1_114' title="bbox 2199 5380 3859 5454; baseline -0.001 -16"><span class='ocrx_word' id='word_1_839' title='bbox 2199 5385 2368 5438; x_wconf 85' lang='lat' dir='ltr'>viam.</span> <span class='ocrx_word' id='word_1_840' title='bbox 2403 5383 2621 5437; x_wconf 91' lang='lat' dir='ltr'>Pendet</span> <span class='ocrx_word' id='word_1_841' title='bbox 2650 5387 2842 5439; x_wconf 84' lang='lat' dir='ltr'>autem</span> <span class='ocrx_word' id='word_1_842' title='bbox 2874 5380 3054 5453; x_wconf 89' lang='lat' dir='ltr'>hujus</span> <span class='ocrx_word' id='word_1_843' title='bbox 3083 5382 3191 5439; x_wconf 92' lang='lat' dir='ltr'>loci</span> <span class='ocrx_word' id='word_1_844' title='bbox 3222 5399 3432 5454; x_wconf 89' lang='lat' dir='ltr'>sensus</span> <span class='ocrx_word' id='word_1_845' title='bbox 3463 5398 3534 5438; x_wconf 84' lang='lat' dir='ltr'>ex</span> <span class='ocrx_word' id='word_1_846' title='bbox 3571 5399 3637 5439; x_wconf 92' lang='lat' dir='ltr'>eo</span> <span class='ocrx_word' id='word_1_847' title='bbox 3666 5381 3859 5454; x_wconf 85' lang='lat' dir='ltr'>quod</span> 
     </span>
    </p>
   </div>
   <div class='ocr_carea' id='block_1_115' title="bbox 2198 5453 3859 5536">
    <p class='ocr_par' dir='ltr' id='par_1_115' title="bbox 2198 5453 3859 5536">
     <span class='ocr_line' id='line_1_115' title="bbox 2198 5453 3859 5536; baseline -0.001 -26"><span class='ocrx_word' id='word_1_848' title='bbox 2198 5454 2425 5536; x_wconf 79' lang='lat' dir='ltr'>legatur</span> <span class='ocrx_word' id='word_1_849' title='bbox 2452 5453 2628 5536; x_wconf 58' lang='lat' dir='ltr'>apud</span> <span class='ocrx_word' id='word_1_850' title='bbox 2686 5455 2844 5526; x_wconf 84' lang='lat' dir='ltr'>LXX,</span> <span class='ocrx_word' id='word_1_851' title='bbox 2877 5469 2969 5524; x_wconf 80' lang='grc' dir='ltr'>τὴν</span> <span class='ocrx_word' id='word_1_852' title='bbox 2997 5463 3307 5536; x_wconf 40' lang='lat' dir='ltr'>scelestos.</span> <span class='ocrx_word' id='word_1_853' title='bbox 3342 5453 3571 5536; x_wconf 70' lang='lat' dir='ltr'>Videsis</span> <span class='ocrx_word' id='word_1_854' title='bbox 3629 5453 3859 5536; x_wconf 64' lang='lat' dir='ltr'>Nobilii</span> 
     </span>
    </p>
   </div>
   <div class='ocr_carea' id='block_1_116' title="bbox 2199 5524 3858 5655">
    <p class='ocr_par' dir='ltr' id='par_1_116' title="bbox 2199 5524 3858 5655">
     <span class='ocr_line' id='line_1_116' title="bbox 2201 5524 3858 5598; baseline 0.001 -17"><span class='ocrx_word' id='word_1_855' title='bbox 2201 5524 2367 5581; x_wconf 76' lang='lat' dir='ltr'>notas</span> <span class='ocrx_word' id='word_1_856' title='bbox 2399 5525 2471 5580; x_wconf 89' lang='lat' dir='ltr'>ad</span> <span class='ocrx_word' id='word_1_857' title='bbox 2502 5524 2669 5581; x_wconf 85' lang='lat' dir='ltr'>illum</span> <span class='ocrx_word' id='word_1_858' title='bbox 2695 5524 2954 5598; x_wconf 87' lang='lat' dir='ltr'>versum,</span> <span class='ocrx_word' id='word_1_859' title='bbox 2986 5535 3042 5584; x_wconf 87' lang='lat' dir='ltr'>et</span> <span class='ocrx_word' id='word_1_860' title='bbox 3072 5526 3374 5584; x_wconf 89' lang='lat' dir='ltr'>Philonem</span> <span class='ocrx_word' id='word_1_861' title='bbox 3397 5525 3498 5582; x_wconf 89' lang='lat' dir='ltr'>lib.</span> <span class='ocrx_word' id='word_1_862' title='bbox 3539 5537 3644 5583; x_wconf 80' lang='grc' dir='ltr'>Ὀτι</span> <span class='ocrx_word' id='word_1_863' title='bbox 3695 5532 3858 5598; x_wconf 61' lang='lat' dir='ltr'>arpi-</span> 
     </span>
     <span class='ocr_line' id='line_1_117' title="bbox 2199 5607 3500 5655; baseline -0.001 0"><span class='ocrx_word' id='word_1_864' title='bbox 2199 5619 2320 5655; x_wconf 83' lang='grc' dir='ltr'>πτον</span> <span class='ocrx_word' id='word_1_865' title='bbox 2349 5607 2405 5654; x_wconf 86' lang='grc' dir='ltr'>τὸ</span> <span class='ocrx_word' id='word_1_866' title='bbox 2434 5607 2590 5655; x_wconf 62' lang='grc' dir='ltr'>Θεηῖον.</span> <span class='ocrx_word' id='word_1_867' title='bbox 2751 5624 2755 5628; x_wconf 94' lang='grc'>·</span> <span class='ocrx_word' id='word_1_868' title='bbox 3055 5653 3058 5655; x_wconf 33' lang='grc' dir='ltr'>λ</span> <span class='ocrx_word' id='word_1_869' title='bbox 3497 5637 3500 5640; x_wconf 78' lang='lat'><strong><em>~</em></strong></span> 
     </span>
    </p>
   </div>
   <div class='ocr_carea' id='block_1_117' title="bbox 2229 5637 3881 5751">
    <p class='ocr_par' dir='ltr' id='par_1_117' title="bbox 2229 5637 3881 5751">
     <span class='ocr_line' id='line_1_118' title="bbox 2229 5637 3881 5751; baseline 0.009 -25"><span class='ocrx_word' id='word_1_870' title='bbox 2229 5637 2695 5749; x_wconf 32' lang='lat' dir='ltr'>i&#39;Ziaivl‘t&#39;Efiiorb.</span> <span class='ocrx_word' id='word_1_871' title='bbox 2722 5669 3005 5751; x_wconf 55' lang='lat' dir='ltr'>ettong.</span> <span class='ocrx_word' id='word_1_872' title='bbox 3045 5653 3202 5736; x_wconf 65' lang='lat' dir='ltr'>Edit.</span> <span class='ocrx_word' id='word_1_873' title='bbox 3245 5637 3713 5751; x_wconf 48' lang='grc' dir='ltr'>πνοι-(δράσωσι</span> <span class='ocrx_word' id='word_1_874' title='bbox 3761 5735 3764 5738; x_wconf 83' lang='grc'><strong>.</strong></span> <span class='ocrx_word' id='word_1_875' title='bbox 3809 5637 3881 5742; x_wconf 44' lang='grc' dir='ltr'>αξ</span> 
     </span>
    </p>
   </div>
  </div>
