4026 6186
207 278 310 393 3'89.
1377 331 1603 394 LIBER
1648 332 1747 393 DE
1794 328 1950 399 NOE
1996 332 2095 393 ET
2143 334 2373 392 ABCA.

3465 332 3587 391 390

204 466 377 521 formes
406 462 705 520 nutriebat
740 448 943 535 libido,
974 462 1055 519 ibi
1084 478 1241 521 nunc
1273 463 1489 520 decorae
1522 463 1809 520 castitatis
1834 465 1891 531 Α
1922 463 2004 518 ait
2048 483 2060 518 :
2099 465 2259 519 Oculi
2306 463 2573 535 sapientis
2624 464 2680 517 in
2728 465 2904 535 capite
2955 466 3071 536 ejus
3118 465 3312 537 (Eccte.
3348 480 3408 532 ιι,
3445 465 3534 537 14)
3568 497 3582 535 ε

201 552 440 611 adolescit
467 553 805 609 hereditas.

252 644 324 700 15.
353 642 592 709 Illinies,
624 642 843 715 inquit,
894 658 1017 697 eam
1065 641 1335 697 bitumine
1380 642 1535 713 (Gen.
1581 658 1660 711 νι,
1710 641 1818 714 14).

196 732 257 788 Ex
303 729 502 787 multis
553 731 813 799 ossibus,
879 729 1210 801 nervisque,
1279 733 1338 787 et
1401 730 1624 787 caeteris
1691 728 1823 785 aliis

195 824 393 877 constat
438 820 770 876 humanum
826 835 1059 891 corpus.
1094 819 1161 874 Et
1190 819 1333 875 foris
1363 818 1546 892 igitur
1573 823 1631 876 et
1661 819 1824 875 intus

195 913 305 982 apta
331 924 613 982 compage
644 924 975 964 connexum
1008 906 1121 964 sibi
1153 906 1428 976 adhaeret,
1481 912 1540 964 et
1588 907 1822 964 habitu-

193 997 306 1054 dine
351 997 589 1070 propria
633 1013 809 1070 quam
855 1004 988 1069 ἁφὴν
1037 995 1220 1052 (ἓνθοί
1272 996 1497 1064 dicunt,
1552 1000 1821 1063 tenetur;

193 1091 243 1141 ut
263 1087 418 1142 intus
447 1084 686 1141 clausus
716 1083 964 1157 spiritus
996 1083 1096 1156 qui
1127 1082 1485 1151 infunditur,
1517 1082 1604 1139 vel
1653 1081 1824 1154 spiri-

190 1174 305 1231 talis
352 1174 690 1231 substantia
735 1190 863 1245 quze
911 1173 1072 1228 intus
1132 1176 1427 1245 cperatur,
1489 1170 1667 1228 veluti
1724 1186 1827 1244 ge-

192 1265 347 1320 minis
405 1263 721 1320 constricta
766 1261 1016 1318 vinculis
1077 1277 1194 1316 non
1254 1265 1579 1333 evagetur:
1614 1261 1715 1317 sed
1754 1259 1828 1315 ad

190 1353 456 1409 unitatem
514 1356 711 1424 aptam
768 1354 825 1406 et
889 1349 1287 1407 continentem
1320 1349 1482 1421 (12³),
1514 1349 1828 1406 connexio-

192 1458 425 1513 nemque
470 1439 743 1498 vadidam
792 1438 1119 1495 cohibetur.
1174 1438 1306 1495 Ideo
1350 1437 1639 1494 bitumine
1696 1453 1831 1493 con-

190 1530 379 1603 stringi
409 1546 545 1586 arca
561 1530 836 1601 jubetur;
866 1531 956 1584 est
984 1526 1142 1583 enim
1202 1527 1467 1583 bitumen
1513 1526 1828 1583 vehemen-

191 1618 255 1674 tis
280 1620 347 1674 ad
380 1618 907 1690 constringendum
932 1615 1347 1672 naturas.Unde
1379 1615 1587 1671 Graeca
1619 1614 1832 1670 dicitur

194 1708 345 1772 νάφθα,
376 1708 512 1771 παρά
538 1709 626 1756 τοῦ
657 1709 936 1770 συνάπτειν,
969 1704 1124 1777 quod
1156 1703 1454 1776 disjuncta
1504 1708 1829 1770 connectat,

196 1803 443 1861 nexuque
474 1788 837 1862 constringat
874 1791 1294 1861 indissolubili,
1330 1792 1411 1848 ita
1460 1796 1528 1849 ut
1574 1791 1829 1848 naturali

201 1876 399 1932 unitate
428 1876 543 1933 sibi
574 1877 776 1933 credas
804 1880 1130 1936 convenire.
1162 1880 1247 1937 Ob
1279 1880 1428 1937 hanc
1460 1897 1699 1938 causam
1730 1880 1826 1936 in-

200 1968 282 2020 tus
307 1968 361 2020 et
389 1964 530 2022 foris
559 1965 846 2024 bitumine
878 1984 1012 2024 arca
1041 1969 1485 2042 constringitur,
1518 1986 1589 2026 ne
1622 1987 1828 2027 conne-

204 2053 280 2110 xio
307 2052 403 2108 illa
426 2053 596 2111 facile
628 2060 961 2129 rumpatur.

811 2171 1042 2229 CAPUT
1082 2173 1199 2229 VII.

203 2259 324 2314 Area
366 2258 474 2314 Noe
518 2275 642 2331 cum
690 2260 831 2331 Area
874 2261 1093 2331 foederi:
1136 2265 1522 2331 comparatur;
1549 2263 1705 2331 cujus
1744 2262 1830 2317 di-

261 2330 625 2386 mensionibus
674 2330 927 2403 denotari
973 2330 1275 2390 ostenditur
1303 2334 1553 2403 singula:
1598 2330 1833 2389 humani

261 2403 505 2477 corporis,
537 2406 719 2473 partes
767 2402 837 2459 ad
879 2420 1043 2460 usum
1088 2405 1327 2477 aliquem
1350 2402 1409 2463 et,
1437 2406 1682 2463 decorem
1724 2421 1836 2462 esse

263 2474 594 2545 compositas.

267 2588 347 2642 16.
379 2586 534 2643 Alibi
564 2593 781 2656 autem,
814 2590 923 2646 hoc
952 2595 1059 2659 est,
1091 2590 1151 2646 in
1180 2592 1376 2649 Exodo
1430 2593 1607 2649 etiam
1659 2593 1834 2649 deau-

202 2681 353 2731 ratur
399 2676 542 2733 foris
600 2682 658 2733 et
713 2678 872 2734 intus
928 2681 1070 2735 Area
1127 2679 1230 2736 illa
1284 2681 1476 2750 (Exod.
1527 2698 1660 2750 xxv,
1724 2683 1833 2754 11),

204 2780 319 2836 qua:
360 2765 421 2821 in
468 2766 692 2822 sanctis
729 2773 818 2823 est
866 2768 1073 2823 mundi
1119 2766 1509 2841 intelligibilis
1557 2770 1839 2827 imitatrix

204 2852 403 2925 imago.
453 2853 618 2910 Sicut
664 2854 819 2911 enim
868 2856 1180 2928 pretiosius
1227 2873 1437 2913 aurum
1478 2857 1767 2914 bitumine
1821 2878 1834 2915 :

210 2941 281 2996 ita
326 2941 426 2998 illa
473 2958 601 3013 quae
652 2943 712 2997 in
757 2944 977 3000 sanctis
1017 2948 1106 3001 est
1154 2961 1308 3012 arca,
1341 2962 1519 3018 quam
1551 2946 1665 3003 ista
1693 2964 1837 3021 pree-

208 3031 460 3086 stantior.
506 3030 768 3103 Denique
797 3031 893 3088 hic
922 3032 1264 3106 simpliciter
1291 3033 1450 3105 ligna
1490 3036 1726 3107 posuit:
1760 3036 1841 3091 ibi

208 3121 391 3174 autem
420 3117 582 3192 ligna
611 3119 847 3191 quidem
895 3121 995 3176 sed
1042 3121 1432 3193 imputribilia
1459 3124 1839 3197 comprehen-

1858 1834 1907 1899 B

1932 552 2103 624 quasi
2156 552 2213 607 in
2266 552 2401 607 aula
2452 550 2741 624 imperiali
2788 553 3070 608 virtutum
3120 552 3433 608 concilium
3474 552 3587 608 sibi

1932 640 2259 708 contrahat,
2294 657 2406 712 quo
2439 640 2655 713 stipata
2701 642 2982 696 comitatu
3025 646 3082 697 et
3124 642 3250 714 ipsa
3304 641 3589 697 munitior

1934 728 2030 799 sit,
2064 734 2124 785 et
2152 733 2433 801 tanquam
2467 746 2535 785 ex
2564 730 2719 785 edito
2768 732 3022 801 quodam
3072 730 3197 786 loco
3245 730 3448 788 tuendi
3495 734 3584 787 to-

1932 817 2053 874 tius
2102 819 2362 890 corporis
2411 817 2669 890 regimen
2721 818 3039 891 impertiat,
3069 835 3351 892 responsa
3392 820 3587 893 profe-

1934 909 2024 961 rat
2050 906 2182 977 (13),
2218 906 2367 963 285
2412 923 2516 978 per
2562 922 2736 977 quem
2788 907 3086 978 possimus
3118 925 3224 963 nos
3279 908 3439 981 ipsos
3470 925 3587 965 non

1935 993 2126 1050 solum
2159 998 2313 1049 retro
2346 993 2653 1065 respicere,
2689 1010 2794 1050 nec
2825 993 3014 1050 solum
3050 996 3203 1067 quod
3237 1000 3370 1051 ante
3413 996 3589 1067 pedes

1934 1085 2024 1138 est
2052 1082 2268 1150 videre,
2302 1083 2401 1138 sed
2436 1082 2612 1137 etiam
2646 1082 2770 1136 coeli
2803 1083 2989 1154 ipsius
3036 1088 3261 1140 secreta
3302 1085 3590 1156 profundo

1934 1170 2144 1227 obtutu
2190 1176 2451 1243 spectare
2493 1170 2811 1243 sapientiae.
2848 1172 2931 1225 Ibi
2978 1172 3157 1245 igitur
3204 1188 3440 1229 summa
3486 1191 3591 1230 no-

1936 1264 2068 1316 strae
2099 1260 2332 1326 salutis,
2370 1260 2447 1315 ibi
2472 1260 2679 1332 gratia,
2714 1261 2851 1315 Inde
2901 1262 3185 1329 custodia,
3237 1261 3371 1318 inde
3413 1263 3592 1319 etiam

1935 1348 2314 1421 pulchritudo
2346 1349 2452 1404 toti
2484 1348 2711 1421 corpori
2757 1348 3103 1420 acquiritur,
3160 1366 3287 1421 quas
3332 1352 3591 1423 primum

1936 1437 1996 1491 in
2030 1436 2194 1492 vultu
2244 1441 2465 1492 vernat.
2502 1437 2675 1493 Decet
2730 1437 2887 1491 enim
2943 1438 3405 1509 praestantiorem
3463 1457 3592 1498 esse

1938 1524 2086 1581 aula
2118 1524 2331 1597 regalis
2365 1526 2634 1591 nitorem,
2669 1526 2727 1579 in
2761 1542 2878 1596 qua
2906 1527 3059 1581 sicut
3086 1526 3247 1584 visus
3281 1530 3490 1600 major,
3512 1530 3594 1587 ita

1938 1613 2218 1686 splendor
2245 1618 2352 1669 est.

2019 1704 2100 1757 18.
2134 1702 2400 1773 Namque
2430 1702 2478 1757 si
2513 1708 2737 1774 spectes
2786 1702 3017 1775 singula
3069 1721 3194 1775 quae
3240 1704 3300 1760 in
3336 1706 3593 1765 hominis

1944 1789 2131 1846 forma
2181 1790 2252 1844 ad
2298 1806 2473 1845 usum
2515 1789 2769 1862 aliquem
2802 1791 3141 1863 composita
3190 1792 3480 1863 videntur,
3530 1800 3595 1853 ut

1936 1877 2089 1934 oculi
2121 1878 2193 1933 ad
2228 1878 2567 1946 videndum,
2602 1896 2771 1936 aures
2804 1880 2874 1934 ad
2907 1880 3289 1953 audiendum,
3319 1900 3491 1940 nares
3519 1886 3592 1941 ad

1935 1967 2395 2034 odorandum,os
2431 1968 2503 2023 ad
2534 1966 2915 2038 loquendum,
2941 1969 3024 2025 ita
3054 1986 3197 2026 usus
3229 1971 3590 2042 ministrant,

1938 2060 2000 2109 ut
2028 2059 2305 2127 praestent
2334 2056 2622 2111 decorem.
2659 2058 2842 2121 Quam
2888 2058 3180 2115 deformes
3223 2064 3365 2116 sunt
3392 2060 3591 2118 vultus

1938 2159 2223 2199 caecorum
2244 2144 2333 2199 lEt
2363 2145 2506 2215 quid
2540 2144 2757 2200 mirum
2789 2145 2838 2199 si
2865 2145 3062 2202 vultus
3087 2146 3345 2205 hominis
3367 2150 3595 2224 absque

1939 2231 2128 2290 oculis
2187 2232 2467 2289 deformis
2519 2238 2627 2303 est,
2676 2234 2911 2305 quando
2962 2235 3159 2308 ipsum
3206 2237 3416 2295 coelum
3471 2240 3597 2297 sine

1942 2320 2060 2376 sole
2092 2338 2208 2376 non
2242 2321 2413 2377 habet
2462 2338 2638 2378 suum
2689 2323 3001 2379 decorem?
3050 2325 3270 2381 Tristes
3298 2326 3423 2383 sine
3475 2328 3599 2385 sole

1940 2408 2065 2465 dies
2096 2409 2390 2479 ducimus,
2425 2414 2622 2466 noctes
2654 2410 2780 2467 sine
2828 2411 2969 2467 luna
3018 2430 3133 2468 non
3188 2414 3450 2486 placent;
3483 2418 3596 2490 ipsi

1941 2498 2097 2554 enim
2132 2502 2271 2553 sunt
2301 2498 2541 2570 quidam
2576 2499 2781 2554 mundi
2815 2499 2989 2555 oculi.
3010 2501 3257 2558 Detrahe
3288 2504 3594 2563 stellarum

1942 2586 2189 2654 lumina,
2254 2591 2311 2642 et
2361 2587 2629 2658 quaedam
2677 2591 2766 2643 est
2814 2588 2873 2642 in
2924 2588 3067 2644 cmlo
3128 2590 3257 2662 ipso
3321 2594 3600 2653 caecitatis

1944 2675 2307 2731 deformitas.
2356 2675 2439 2730 Pii
2497 2674 2609 2747 ipsi
2663 2675 2762 2748 qui
2817 2676 3019 2731 orbem
3058 2678 3361 2735 oculorum
3395 2686 3598 2753 praete-

1944 2768 2108 2832 xunt,
2142 2768 2198 2819 et
2224 2763 2383 2819 velut
2411 2765 2730 2836 quamdam
2758 2764 2941 2820 aciem
2976 2766 3088 2835 (14)
3120 2769 3506 2841 praetendunt,
3526 2788 3600 2828 ne

1946 2854 2118 2911 sorde
2149 2852 2349 2925 aliqua
2378 2852 2464 2909 vel
2496 2853 2751 2925 pulveris
2782 2852 3026 2926 caligine
3060 2855 3287 2927 pupilla
3316 2857 3596 2928 laedatur;

1947 2947 2004 2999 et
2034 2942 2147 3016 ipsi
2178 2942 2497 3015 excipiunt,
2530 2942 2579 2997 si
2612 2942 2751 3014 quid
2784 2942 2960 2998 fuerit
3006 2942 3239 2999 illatum
3270 2948 3425 3017 quod
3460 2964 3600 3003 ocu-

1946 3031 2072 3086 lum
2143 3030 2330 3103 possit
2398 3029 2638 3097 laadere;
2700 3030 2748 3085 si
2806 3030 3155 3102 lippitudine
3226 3032 3600 3104 intercidant,

1948 3136 2128 3192 quam
2160 3119 2418 3187 dedecet,
2453 3120 2500 3174 si
2534 3118 2810 3191 palpebra
2841 3120 3193 3176 contractior
3224 3122 3475 3191 fuerit,si
3509 3142 3602 3181 ra-

208 3204 304 3271 dit,
351 3206 655 3264 declarans
699 3210 907 3265 merita
954 3214 1314 3266 sanctorum.
1366 3211 1608 3267 Addidit
1662 3212 1839 3269 etiam
1872 3201 1914 3268 C
1954 3210 2169 3265 dantur
2198 3207 2512 3280 supercilia
2540 3224 2665 3279 quae
2695 3207 3083 3279 pretiosorum
3117 3210 3424 3268 monilium
3475 3230 3603 3285 spe-

207 3292 318 3350 illic
346 3297 777 3368 supportatoria
806 3298 1133 3363 immobilia
1150 3299 1463 3371 esse,quod
1495 3306 1833 3357 sanctorum

207 3384 369 3439 statio
398 3384 629 3441 stabilis
674 3390 733 3441 et
779 3387 949 3442 firma
996 3386 1104 3455 sit;
1154 3388 1295 3460 quia
1341 3388 1471 3443 vita)
1521 3390 1842 3461 probabilis

205 3474 487 3529 tramitem
535 3474 772 3530 virtutis
820 3475 1001 3530 ductu
1045 3476 1232 3532 secuti
1279 3480 1439 3542 sunt,
1498 3477 1841 3550 corruptelas

204 3558 551 3619 declinantes
580 3563 891 3620 consortia.
923 3568 1055 3620 Haec
1107 3569 1303 3620 autem
1352 3581 1505 3632 arca,
1551 3570 1750 3639 utpote
1780 3568 1840 3623 in

204 3648 429 3723 diluvio,
461 3652 578 3707 huc
604 3652 943 3724 atqueilluc
994 3657 1154 3708 motu
1200 3653 1612 3726 impellebatur
1658 3657 1843 3711 incer-

203 3740 285 3805 to;
316 3756 381 3796 eo
409 3741 566 3813 quod
598 3746 970 3813 peccatorum
1001 3745 1191 3797 status
1221 3742 1459 3799 mobilis
1498 3743 1595 3815 sit,
1626 3749 1684 3799 et
1712 3745 1841 3801 vitae

206 3841 394 3883 eorum
451 3831 711 3901 quodam
766 3830 1227 3887 redundantium
1283 3831 1627 3903 passionum
1687 3833 1839 3890 dilu-

205 3914 288 3970 vio
316 3918 671 3991 corruptioni
700 3918 960 3976 obnoxia
991 3935 1185 3976 errore
1230 3919 1586 3978 inconstanti
1627 3938 1839 3996 vagen-

207 4007 312 4059 tur.

270 4092 355 4150 47.
374 4094 487 4151 Nec
515 4094 664 4151 illud
691 4098 1164 4170 praetereundum
1194 4099 1349 4171 quod
1382 4115 1517 4155 cum
1548 4100 1794 4157 dixisset
1822 4117 1836 4156 :

210 4183 269 4235 8t
295 4184 456 4251 facies
482 4200 673 4241 arcam
710 4192 1075 4242 trecentorum
1118 4186 1425 4244 cubitorum
1477 4189 1837 4261 longitudine,

207 4273 252 4323 et
316 4275 711 4345 quinquaginta
775 4275 1087 4330 cubitorum
1152 4275 1463 4344 latitudine,
1503 4286 1554 4333 et
1608 4278 1840 4349 triginta

204 4359 495 4418 cubitorum
524 4363 837 4432 altitudine,
888 4364 1114 4419 addidit
1161 4380 1174 4419 :
1231 4364 1497 4437 Cottigens
1542 4368 1709 4437 facies
1744 4383 1837 4421 ar-

201 4463 334 4517 cam,
362 4458 413 4507 et
438 4454 499 4507 in
528 4451 713 4507 cubito
741 4452 1147 4508 consummabis
1188 4469 1311 4509 eam
1357 4470 1393 4509 α
1435 4470 1649 4510 summo
1680 4453 1834 4526 (Gen.

202 4551 273 4604 v1,
304 4538 373 4594 45
415 4544 470 4595 et
518 4540 608 4612 16)
660 4558 674 4597 :
726 4545 791 4596 ut
838 4540 1065 4612 reliquo
1112 4541 1338 4613 corpori
1388 4558 1677 4597 mensura
1726 4542 1838 4598 sibi

200 4628 584 4685 convenientis
642 4629 715 4684 ad
772 4630 1023 4701 gratiam
1077 4630 1282 4685 decore
1311 4630 1626 4702 quadraret
1664 4635 1841 4703 caput

200 4711 469 4786 hominis,
500 4721 557 4773 et
595 4721 876 4790 tanquam
930 4717 1122 4791 regale
1172 4735 1317 4774 arca:
1354 4719 1721 4792 adjungeret,
1770 4736 1839 4776 ex

199 4816 310 4872 quo
338 4822 469 4861 cum
501 4822 714 4863 sensus
743 4822 947 4862 omnes
996 4806 1069 4861 ad
1119 4810 1355 4863 caeteras
1402 4812 1599 4879 partes
1636 4824 1838 4882 corpo-

199 4890 274 4945 ris
314 4895 895 4964 transfunderentur;
954 4900 1081 4951 tum
1140 4895 1391 4951 maxime
1447 4895 1622 4965 oculi,
1680 4896 1840 4953 velut

198 4981 585 5047 speculatores
616 4986 673 5036 et
702 4983 975 5037 custodes
1006 4987 1227 5037 naturae
1254 4983 1503 5055 appositi
1534 4984 1841 5055 providen-

197 5065 293 5134 tia,
328 5084 502 5141 prope
530 5073 718 5126 totum
751 5071 909 5126 orbis
942 5071 1126 5127 nostri
1182 5075 1401 5127 statum
1429 5072 1681 5145 desuper
1705 5088 1839 5128 con-

196 5157 513 5216 tuerentur.
563 5158 814 5231 Ipsaque
860 5176 1028 5216 mens
1086 5159 1206 5215 illic
1258 5159 1448 5216 locata
1509 5162 1834 5219 secundum

198 5241 582 5311 plurimorum
616 5248 992 5320 sententiam,
1013 5252 1070 5304 et
1095 5247 1347 5305 maxime
1375 5248 1835 5322 Salomonis,qui

263 5360 396 5445 (l2_‘)
428 5361 606 5445 Edit.,
639 5372 826 5436 aptam
854 5371 905 5420 et
926 5366 1331 5421 continentem:
1362 5380 1530 5437 mss.,
1560 5368 1747 5438 aptam
1782 5370 1835 5422 et

197 5442 579 5489 manentem.

261 5502 371 5576 (13)
400 5504 527 5579 Yet.
574 5505 737 5572 edit.,
790 5522 1021 5578 regnum
1066 5508 1368 5579 impertiat,
1400 5522 1656 5578 responsa
1698 5524 1831 5579 pro-

198 5570 362 5651 [εὴ-εξ
407 5576 576 5651 Mss,
626 5570 875 5651 regimen
916 5570 1217 5651 impertiat,
1247 5570 1522 5651 responsa
1561 5570 1828 5650 proferre.

200 5643 431 5726 Domum
474 5643 645 5726 nam.
691 5643 882 5726 edit.,_
922 5643 1165 5726 regimen
1196 5643 1527 5726 'impertiat,
1561 5643 1831 5726 "responsa

200 5666 431 5704 uernum
474 5666 645 5705 nom.
695 5666 858 5717 eam,
922 5666 982 5708 re
1017 5666 1165 5707 tmen
1229 5666 1527 5723 ιηῳσνιιαῑ,
1576 5666 1828 5726 responsa

199 5718 443 5794 Ρνοῖοται.
472 5724 638 5787 Hanc
669 5734 839 5802 porro
867 5666 1177 5786 lectionem
1204 5721 1390 5784 secuti
1411 5737 1640 5803 sumus,
1674 5723 1828 5805 quod

1951 3299 2037 3354 cie
2067 3297 2225 3354 velut
2255 3296 2471 3353 intexta
2499 3297 2751 3369 gemmis
2780 3296 3103 3369 refulgent!

2023 3388 2109 3441 19.
2137 3385 2380 3441 Aurium
2414 3401 2645 3458 quoque
2676 3390 2741 3440 ut
2769 3387 3136 3444 necessarius
3185 3405 3353 3456 usus,
3385 3389 3466 3446 ita
3505 3391 3601 3447 de-

1951 3491 2086 3530 cora
2116 3474 2339 3546 species
2373 3491 2385 3528 :
2422 3472 2590 3544 quasi
2622 3474 2670 3528 si
2703 3473 2835 3545 quis
2867 3476 3240 3545 truncaverit,
3274 3480 3380 3533 toti
3412 3479 3600 3535 vultui

1948 3563 2125 3618 infert
2153 3561 2603 3618 deformitatem.
2638 3562 2700 3616 In
2733 3562 2948 3633 quibus
2981 3565 3063 3619 ita
3092 3564 3412 3623 elaboravit
3450 3585 3599 3641 opus

1949 3668 2123 3707 suum
2155 3654 2385 3717 natura,
2418 3655 2484 3705 ut
2530 3649 2643 3721 ipsi
2695 3652 2994 3707 anfractus
3029 3669 3407 3713 cavernarum
3451 3658 3603 3713 mira

1949 3738 2312 3812 providentia
2360 3738 2598 3807 sinuati,
2641 3738 2965 3811 plurimum
3013 3741 3279 3799 utilitatis
3331 3745 3597 3813 aferant,

1949 3845 2021 3884 ne
2069 3834 2303 3901 repente
2352 3828 2520 3883 feriat
2567 3833 2793 3883 secreta
2838 3828 3046 3900 capitis
3093 3848 3295 3888 sonus.
3337 3833 3602 3905 Denique

1948 3932 2101 3989 saepe
2132 3916 2348 3972 multos
2378 3916 2693 3987 improviso
2722 3915 2993 3988 clangore
3033 3920 3392 3975 consternari
3443 3921 3601 3977 vide-

1949 4023 2085 4061 mus
2113 4010 2172 4063 et
2201 4005 2481 4061 attonitos
2512 4010 2615 4061 aut
2652 4008 2809 4061 vocis
2858 4005 3111 4078 alicujus
3155 4012 3258 4063 aut
3308 4008 3601 4065 tumultus

1948 4111 2091 4151 sono
2122 4110 2519 4166 expavescere.
2549 4094 2761 4151 Sordes
2810 4094 2947 4166 ipsae
3000 4112 3127 4166 quae
3177 4096 3327 4152 inter
3364 4097 3601 4154 eosdem

1947 4185 2273 4256 gignuntur
2302 4183 2623 4252 anfractus,
2656 4182 2813 4238 velut
2860 4185 3117 4255 quodam
3162 4185 3389 4258 glutino
3442 4186 3604 4242 audi-

1946 4279 2074 4327 tum
2121 4271 2323 4345 ligant.
2377 4271 2563 4327 Simul
2621 4272 2671 4329 si
2721 4272 3119 4330 vehementior
3165 4274 3374 4346 pulsus
3429 4274 3603 4332 fuerit

1948 4361 2198 4433 alicujus
2229 4377 2430 4425 sonus,
2466 4360 2811 4433 infringitur
2857 4378 2923 4416 ac
2973 4363 3322 4431 retardatur,
3357 4370 3422 4420 ut
3460 4382 3605 4437 pras-

1947 4450 2255 4506 nuntiatus
2303 4450 2497 4522 potius
2549 4449 2822 4517 mulceat,
2874 4468 3050 4521 quam
3102 4451 3457 4524 improvisus
3505 4454 3597 4509 in-

1944 4542 2111 4594 terna
2141 4538 2455 4593 concutiat.
2499 4537 2818 4593 Vermiculi
2869 4556 3101 4611 quoque
3150 4541 3198 4596 si
3250 4559 3453 4598 aurem
3503 4560 3600 4616 pe-

1948 4631 2174 4682 netrare
2206 4625 2577 4690 tentaverint,
2611 4628 2867 4698 quodam
2920 4629 3181 4683 sordium
3216 4630 3374 4687 visco
3406 4636 3604 4687 tenen-

1949 4721 2065 4771 tur.

2019 4805 2108 4858 20.
2166 4801 2348 4858 Nares
2413 4802 2575 4858 simas
2642 4808 2849 4861 contra
2913 4810 3182 4861 naturam
3251 4806 3523 4861 videntur
3580 4822 3593 4859 :

1941 4893 2067 4963 jam
2117 4890 2166 4947 si
2216 4892 2413 4946 incisae
2464 4892 2701 4961 fuerint,
2756 4895 3049 4965 quomodo
3081 4900 3268 4966 potest
3304 4895 3419 4948 vita
3462 4894 3598 4949 sub-

1947 4983 2173 5050 sistere,
2224 4979 2453 5036 sublato
2506 4981 2770 5053 spirandi
2825 4992 3053 5050 meatu;
3098 4982 3597 5053 quemadmodum

1947 5069 2188 5143 pecudis
2216 5069 2402 5142 magis
2434 5070 2634 5138 facies,
2667 5087 2845 5142 quam
2896 5070 3090 5126 vultus
3138 5070 3396 5126 hominis
3447 5071 3599 5127 aesti-

1947 5157 2177 5215 matur?

2014 5250 2105 5302 21.
2156 5246 2361 5319 Capilli
2419 5246 2627 5320 capitis
2684 5263 2860 5318 quam
2919 5250 3082 5320 grato
3141 5247 3359 5303 amictu
3419 5253 3597 5321 caput

1944 5381 2057 5420 non
2111 5362 2226 5419 alia
2271 5366 2599 5434 occurreret
2644 5362 3026 5434 emendatior.
3070 5363 3196 5418 Nisi
3248 5363 3380 5434 quis
3430 5363 3597 5419 malit

1941 5451 2204 5519 responsa
2229 5438 2475 5517 proferre
2506 5432 2702 5519 Graeco
2730 5448 2895 5519 ‘morre
2925 5433 3147 5519 dictpm
3197 5432 3301 5519 pro
3355 5452 3596 5508 respon-

1941 5503 2091 5575 sa,id
2125 5503 2423 5575 est,'juSsa
2442 5503 3025 5575 proferendo.Confer
3045 5503 3216 5562 hunc'
3233 5506 3426 5562 locum
3452 5503 3591 5564 cum

1941 5597 1989 5638 c.
2022 5578 2123 5634 91.
2156 5595 2211 5634 v1
2242 5576 2498 5633 Hexaem.
2534 5591 2594 5630 ιι.
2625 5576 2697 5631 55
2726 5579 2782 5630 et
2808 5592 2932 5638 seq.

2011 5652 2123 5727 (14)
2150 5653 2255 5710 Ms.
2288 5646 2456 5708 Corb.
2492 5650 2550 5708 et
2579 5647 2783 5727 Long,
2816 5646 2963 5713 velut
2992 5647 3228 5729 quadam
3258 5651 3396 5713 acie.
3480 5700 3485 5706 .
