4026 6186
459 241 572 302 391

1917 239 1984 298 S.
2028 233 2405 300 ΑΜΒΒΟΞῙῙ
3712 252 3801 320 39,

456 372 732 440 vestiunt,
762 369 920 427 velut
948 370 1190 442 quidam
1231 369 1376 428 aulae
1429 370 1597 444 regiae
1640 371 1987 443 stipatores;
2036 384 2106 423 ne
2133 366 2192 435 Α
2221 368 2669 441 purgationibus
2698 369 2916 425 ventris
2949 375 3300 444 conspectus
3332 378 3529 433 noster
3553 379 3803 443 offendere-

458 462 760 518 cerebrum
815 475 959 515 aura
1007 459 1202 529 lmdat,
1255 465 1357 516 aut
1402 460 1588 516 imber
1630 459 1820 524 feriat,
1874 461 1972 516 aut
2020 457 2107 514 sol

459 551 686 606 adurat.
719 549 878 614 Quos
905 549 990 605 ita
1017 555 1210 606 tamen
1246 550 1406 605 dedit
1440 553 1667 617 natura,
1699 551 1765 605 ut
1816 565 1918 621 pro
1966 565 2105 603 sexu

456 643 560 695 aut
590 638 931 712 prolixiores
959 638 1240 712 placeant,
1274 643 1374 694 aut
1415 638 1618 706 recisi;
1667 643 1724 693 et
1772 654 1876 710 pro
1919 641 2104 702 aetate,

455 732 558 784 aut
586 727 934 802 plerumque
965 744 1068 800 pro
1099 727 1381 800 temporis
1432 732 1489 782 et
1537 727 1673 782 anni
1707 726 2008 799 qualitate.
2045 726 2105 780 In

456 818 698 874 senibus
745 822 910 890 grata
959 816 1222 883 canities,
1248 817 1306 872 in
1340 817 1538 889 pueris
1586 816 1952 890 prodigiosa;
2006 815 2105 870 de-

453 907 630 963 lectat
657 906 881 963 tonderi
915 908 1113 960 azstate
1146 905 1408 978 pressius
1439 905 1771 976 (15),hieme
1802 903 2107 976 indulgen-

452 996 574 1051 tius
625 1013 639 1050 :
686 994 1033 1050 mulieribus
1079 998 1422 1051 ornamento
1467 998 1556 1050 est
1608 1011 1794 1062 coma,
1837 992 2102 1049 dedecori

452 1087 542 1140 est
566 1083 726 1138 viris.
757 1081 1021 1154 Denique
1071 1083 1387 1155 Apostolus
1435 1083 1766 1139 evidentius
1821 1081 2106 1153 expressit

452 1173 566 1228 hoc
609 1172 808 1228 dicens
856 1189 869 1226 :
911 1173 1050 1228 Nam
1096 1175 1220 1244 ipsa
1265 1177 1470 1228 natura
1515 1172 1669 1228 docet
1712 1186 1803 1227 vos
1851 1170 1990 1241 quod.
2018 1171 2107 1225 vir

450 1260 670 1334 quidem
697 1263 748 1316 si
771 1276 979 1316 comam
1005 1263 1236 1331 nutriat,
1270 1262 1583 1330 ignominia
1608 1265 1686 1317 est
1730 1260 1819 1316 illi
1851 1278 1870 1315 :
1899 1259 2106 1314 mulier

449 1365 573 1406 vero
601 1352 650 1406 si
677 1350 903 1422 capillos
933 1350 1147 1418 habeat,
1197 1350 1378 1418 gloria
1425 1353 1505 1405 est
1553 1350 1644 1405 illi
1674 1348 1720 1419 (l
1751 1350 1870 1405 Cor.
1903 1363 1982 1413 x1,
2013 1345 2102 1414 lli,

523 1517 679 1586 286
705 1528 795 1583 22.
828 1527 977 1592 Quid
1014 1528 1084 1582 de
1128 1527 1256 1600 ipsa
1304 1527 1462 1599 regia
1512 1526 1740 1597 loquar,
1775 1541 1878 1598 per
1924 1540 2101 1596 quam

450 1617 623 1674 aulici
654 1632 955 1674 sermones
984 1617 1293 1688 prodeunt,
1329 1609 1570 1686 quidam
1624 1613 1841 1669 mentis
1890 1616 2102 1668 nostra:

2217 461 2333 512 tur.
2366 459 2438 513 At
2465 475 2598 514 vero
2624 458 2936 530 Apostolus
2967 476 2979 513 :
3003 460 3137 528 Quae
3155 463 3429 533 videntur,
3461 465 3644 537 inquit,
3673 487 3798 529 mem.

2218 547 2315 601 bra
2343 549 2582 619 corporis
2613 549 2924 618 inﬁrmiora
2954 565 3087 618 esse,
3118 555 3421 608 necessaria
3460 563 3576 610 sunt
3614 556 3662 627 (Ι
3697 561 3796 617 Cor.

2215 652 2316 702 xu,
2347 637 2458 707 22),
2492 653 2609 691 uno
2659 654 2725 692 ac
2773 637 3028 710 simplici
3077 641 3251 696 verbo
3284 641 3674 714 descriptiones
3697 649 3802 704 Phi-

2216 723 2492 796 losophiae
2523 741 2974 798 supergressus;
3007 731 3061 782 et
3089 745 3208 799 quae
3235 737 3486 800 putamus
3521 734 3803 802 ignobiliora

2215 828 2327 868 esse
2363 815 2604 870 membra
2649 817 2910 887 corporis,
2963 816 3048 871 his
3097 817 3353 873 honorem
3404 819 3806 880 abundantiorem

2212 902 2613 958 circumdamus
2648 922 2666 958 :
2699 907 2747 958 et
2771 919 2898 977 quae
2947 907 3232 962 inhonesta
3287 912 3412 962 sunt
3455 918 3647 978 nostra,
3673 911 3806 968 hone~

2211 993 2402 1046 statem
2433 991 2882 1048 abundantiorem
2929 994 3129 1050 habent
3170 996 3327 1066 (Ibid.
3370 995 3478 1068 23).
3516 999 3812 1057 Sobrietatis

2213 1079 2368 1135 enim
2423 1086 2632 1136 nostra:
2681 1085 2738 1136 et
2784 1083 3182 1154 temperantiae
3233 1083 3508 1140 indicium
3565 1087 3813 1160 praecipue

2211 1167 2331 1223 illic
2361 1169 2748 1240 cognoscitur.
2787 1170 3092 1228 Helluones
3124 1172 3278 1228 enim
3314 1177 3412 1228 aut
3441 1173 3816 1232 distenduntur

2212 1257 2498 1313 cruditate
2547 1275 2736 1330 usque
2800 1261 2871 1315 ad
2944 1261 3294 1332 periculum,
3355 1268 3454 1319 aut
3510 1262 3814 1336 plerumque

2213 1344 2519 1402 solvuntur
2545 1347 2872 1404 visceribus
2903 1349 3236 1405 exinanitis.

2281 1465 2369 1517 25.
2411 1462 2573 1526 Quod
2632 1463 2874 1534 pulchre
2924 1463 3100 1520 etiam
3152 1466 3224 1521 ad
3273 1464 3536 1522 Ecclesiae
3591 1468 3821 1524 membra

2209 1550 2521 1622 Apostolus
2552 1550 2748 1606 retulit
2778 1552 2936 1622 (Ibid.
2967 1555 3039 1609 27
3063 1558 3115 1610 et
3142 1555 3278 1626 seq.)
3311 1555 3446 1618 Qum
3494 1554 3645 1610 enim
3678 1555 3821 1612 inho-

2212 1645 2376 1694 nesta
2407 1643 2545 1694 sunt
2570 1644 2772 1695 nostra
2823 1657 2888 1696 ac
2937 1643 3256 1714 superﬂua,
3299 1642 3413 1698 nisi
3463 1642 3698 1709 luxuria,
3725 1645 3819 1699 nisi

448 1705 1025 1804 ξξιδίοθθνέιηίτηίφξθ
1057 1704 1442 1760 internuntii?
1471 1703 1741 1804 Quidﬁdc
1789 1702 1916 1804 i930
1955 1701 2096 1756 den“
2127 1733 2176 1799 Β
2207 1726 2482 1783 lascivia?
2513 1729 2736 1794 Quibus
2770 1729 2820 1785 si
2852 1731 2985 1801 quis
3009 1701 3264 1803 juventae
3297 1731 3555 1788 irretitus
3574 1701 3820 1804 tempore,

449 1793 598 1850 tium
624 1794 846 1861 ordine,
881 1793 979 1864 qni
1028 1810 1161 1848 cum
1211 1810 1318 1848 suo
1367 1807 1538 1863 opere
1569 1791 1671 1846 toti
1705 1790 1941 1862 quidem
1975 1806 2098 1844 cor-

449 1883 576 1956 pori
603 1881 756 1937 vires
787 1881 1144 1952 ministrent,
1168 1885 1293 1936 tum
1325 1881 1498 1936 etiam
1533 1877 1930 1935 modulatores
1961 1883 2103 1933 sunt

448 1971 606 2027 vocis
637 1970 862 2043 ipsius?
893 1969 972 2026 De
1005 1969 1221 2041 quibus
1251 1969 1299 2025 si
1333 1969 1432 2040 qui
1457 1967 1909 2034 ceciderint,vox
1939 1966 2096 2022 clau-

450 2061 628 2116 dicat.

517 2151 606 2204 23.
639 2146 770 2202 Haec
801 2146 873 2201 de
901 2145 1089 2217 capite
1121 2144 1400 2217 prolixius
1441 2144 1724 2214 diximus,
1756 2143 1892 2216 quia
1929 2159 2100 2216 opor-

445 2237 562 2292 tuit
591 2251 801 2293 sensus
829 2251 1034 2290 omnes
1087 2234 1145 2289 in
1195 2250 1428 2290 summo
1475 2233 1673 2301 locari,
1709 2233 1864 2288 unde
1903 2231 2101 2287 omnia

446 2341 550 2398 per
578 2324 836 2397 reliquas
867 2328 1061 2394 partes
1092 2322 1285 2377 ofﬁ‘cia
1309 2321 1724 2378 dividerentur.
1759 2320 1945 2393 Capiti
1990 2338 2097 2376 au-

445 2419 564 2470 tem
604 2417 802 2470 nostro
851 2429 887 2468 a
935 2415 1095 2484 tergo
1143 2411 1334 2466 cervix
1381 2417 1670 2482 proxima,
1716 2410 1950 2465 dextera
2001 2409 2096 2463 le-

442 2515 630 2575 vaque
659 2501 899 2557 brachia
930 2503 1088 2571 sunt,
1135 2515 1266 2570 quae
1315 2515 1507 2554 arcem
1559 2498 1922 2571 impcrialem
1968 2502 2096 2553 tan-

445 2605 622 2662 quam
654 2589 770 2644 tlda
798 2592 1040 2643 tuentur
1069 2588 1355 2643 custodia.
1388 2586 1650 2660 Denique
1681 2587 1802 2643 haec
1828 2587 1886 2641 in
1928 2587 2097 2642 nobis

443 2677 726 2734 validiora
773 2693 902 2749 quae
951 2677 1222 2749 propiora
1273 2676 1472 2748 capiti,
1508 2676 1627 2731 haec
1668 2676 2094 2747 prmstantiora.

444 2767 651 2823 Pectus
680 2783 914 2838 quoque
935 2765 1094 2820 velut
1114 2765 1410 2837 quoddam
1433 2764 1754 2820 sacrarium
1774 2764 2093 2836 sapientiae,

443 2861 501 2912 et
530 2854 872 2910 stomachus
903 2853 1061 2909 velut
1092 2853 1330 2925 quidam
1364 2853 1553 2918 testis,
1574 2857 1637 2907 ut
1667 2851 1875 2908 medici
1910 2852 2093 2919 aiunt,

444 2948 504 3000 et
550 2943 822 2998 conscius
873 2946 1226 2997 secretorum
1274 2942 1502 3013 capitis,
1553 2941 2097 3012 compassionisque

444 3047 705 3096 consors,
734 3030 825 3084 cui
875 3045 983 3085 sua
1030 3031 1229 3085 omnia
1273 3029 1361 3085 vel
1406 3028 1688 3098 salubria,
1721 3027 1806 3084 vel
1855 3029 2095 3084 adversa

443 3120 836 3176 transfundat.
869 3119 1093 3185 Latera,
1130 3118 1351 3184 halicae,
1387 3119 1626 3183 femora,
1650 3121 1705 3173 et
1735 3135 1906 3173 crura
1939 3133 2094 3172 men-
2121 3100 2166 3170 C

443 3226 594 3266 surae
645 3207 1016 3264 latitudinem
1048 3208 1179 3279 ipsa
1207 3207 1398 3279 specie
1446 3207 1810 3280 significant;
1848 3208 2090 3280 pedum-

443 3316 557 3373 que
587 3316 824 3372 gressus
869 3297 969 3370 qui
1017 3297 1122 3353 etsi
1172 3296 1469 3352 exsiliores
1499 3296 1794 3365 videntur,
1827 3298 1976 3352 ﬁunt
2003 3301 2089 3353 ta-

445 3403 578 3444 men
607 3387 842 3442 latiores
872 3399 1006 3441 cum
1039 3384 1386 3441 incedimus.

1056 3509 1287 3566 CAPUT
1325 3509 1472 3566 VIII.

437 3612 546 3667 Per
574 3611 774 3666 ostium
801 3617 1110 3664 transverso
1158 3610 1218 3663 in
1269 3625 1400 3664 arca
1440 3611 1680 3680 positum
1718 3608 1965 3664 decenter
1992 3625 2086 3664 ex-

507 3681 681 3753 primi
700 3750 711 3753 _
720 3687 937 3752 partem
977 3682 1218 3753 corporis
1264 3681 1652 3753 ignobiliorem
1679 3699 1701 3734 ,ο
1730 3683 1821 3735 cui
1849 3697 1917 3735 ca:
1946 3685 2085 3753 Apo-

508 3750 644 3808 stoto
693 3750 951 3807 honorem
1000 3750 1457 3807 abundantiorem
1507 3753 1931 3807 circumdamus.
1981 3751 2088 3805 Hoc

509 3826 693 3895 ipsum
721 3839 845 3878 cum
875 3824 1131 3879 Ecclesiae
1158 3823 1437 3895 membris,
1471 3830 1586 3878 tum
1618 3823 1793 3879 eidem
1838 3822 2087 3878 Ecclesiae

508 3894 575 3952 ac
601 3896 908 3967 Synagogae
936 3894 1392 3950 accommodatur.

507 4015 596 4067 24.
632 4009 876 4066 Pulchre
924 4013 1119 4065 autem
1169 4009 1396 4065 addidit
1445 4028 1457 4066 :
1511 4010 1715 4066 Ostium
1751 4025 1820 4064 ea:
1865 4008 2086 4066 adverso

436 4103 606 4174 facies
653 4099 764 4172 (l6)
813 4099 966 4173 (Gen.
1016 4116 1092 4165 Vl,
1144 4099 1254 4171 l6),
1316 4115 1443 4154 eam
1500 4103 1722 4171 partem
1783 4096 2085 4158 declarans

437 4191 697 4263 corporis
729 4207 831 4263 per
855 4205 1030 4262 quam
1061 4189 1220 4244 cibos
1268 4205 1499 4262 egerere
1544 4189 1988 4254 consuevimus;
2021 4192 2087 4243 ut

437 4296 564 4350 qua:
595 4284 870 4351 putamus
898 4278 1242 4350 ignobiliora
1291 4294 1418 4334 esse
1468 4278 1747 4350 corporis,
1782 4277 1874 4332 his
1905 4277 2084 4333 bono-

437 4381 560 4420 rem
592 4367 1071 4423 abandantiorem
1103 4368 1513 4423 circumdaret.
1548 4366 1708 4432 Quod
1741 4365 1928 4422 multo
1959 4382 2084 4438 gra-

436 4451 555 4508 tius
613 4453 910 4525 Scriptura
957 4456 1244 4527 expressit
1291 4472 1468 4527 quam
1515 4457 1781 4511 Socrates
1828 4454 1888 4510 in
1934 4453 2094 4544 libro.
2125 4470 2173 4537 D

435 4539 692 4596 Platonis
725 4541 940 4597 dixisse
965 4543 1197 4616 legitur.
1233 4543 1377 4599 Nam
1412 4561 1545 4599 cum
1593 4545 1749 4599 istud
1802 4543 1860 4598 in
1909 4539 2093 4615 Moysi

434 4629 674 4703 scriptis
705 4629 823 4685 sive
851 4629 975 4700 ipse
999 4635 1281 4698 Socrates,
1317 4633 1435 4687 sive
1469 4633 1627 4688 Plato
1681 4633 1781 4706 qui
1826 4633 1884 4687 in
1923 4632 2089 4704 Egy-

435 4725 534 4794 pto
567 4719 696 4786 fuit,
724 4719 998 4791 potuerit,
1031 4719 1117 4774 vel
1151 4720 1358 4792 legere,
1389 4720 1476 4776 vel
1529 4723 1600 4777 ab
1651 4721 1781 4778 aliis
1833 4721 2090 4794 percipe-

433 4825 496 4865 re
519 4808 623 4882 qui
644 4807 935 4881 legerant;
971 4808 1178 4863 decoro
1211 4814 1406 4864 motus
1436 4810 1668 4865 invento
1716 4811 1933 4866 ostium
1979 4811 2090 4867 sibi

433 4903 702 4970 apertum
755 4896 1000 4970 putavit,
1056 4900 1120 4951 ut
1169 4897 1488 4968 operatoris
1541 4900 1722 4954 nostri
1775 4900 2091 4956 consilium

434 4987 775 5058 praedicaret
807 5005 820 5042 :
858 4985 1106 5042 laudans
1139 5002 1204 5041 eo
1238 4986 1393 5058 quod
1421 4986 1477 5041 id
1509 4988 1887 5059 potissimum
1921 4991 2090 5047 deco-

433 5073 481 5128 ri
534 5073 883 5142 convenerit,
913 5078 978 5128 ut
1027 5073 1242 5129 ductus
1293 5074 1576 5144 quosdam
1626 5073 1716 5128 vel
1764 5076 1957 5131 exitiis
1989 5093 2087 5132 cu-

435 5160 766 5218 niculorum
825 5167 1162 5218 nostrorum
1225 5179 1260 5217 a
1315 5167 1477 5234 tergo
1538 5167 1848 5233 averteret;
1911 5183 1981 5221 ne
2031 5165 2090 5221 in

506 5326 618 5397 (4,5)
652 5329 1028 5386 Desideratur
1075 5332 1133 5386 in
1189 5336 1301 5387 vet.
1354 5332 1497 5388 edit.
1549 5337 1606 5388 et
1648 5332 1779 5389 Vat.
1833 5351 1946 5390 ms.
1981 5353 2089 5391 vox

695 5417 870 5487 quam
920 5419 1025 5458 nos
1072 5405 1366 5487 ehcodice‘
1403 5405 1581 5487 (ξονι).
1607 5409 1664 5460 et
1691 5405 1866 5487 Long.
1922 5423 2096 5478 repo-

434 5472 686 5549 suimus,
721 5472 988 5549 At_Ror_n.
1020 5474 1162 5528 edit.
1195 5474 1376 5549 habet
1404 5475 1617 5532 deserta
1642 5472 1928 5549 pressius;
1977 5472 2093 5534 non

434 5536 612 5621 male,
641 5541 690 5621 s_i
722 5542 853 5621 quis
884 5544 935 5598 ei
968 5561 1078 5621 ms.
1110 5546 1549 5621 suﬂ‘ragaretur.

505 5611 617 5692 (46)
651 5611 818 5682 Corb.
846 5628 964 5674 me.
1020 5620 1080 5701 et
1127 5611 1330 5694 Long;
1375 5634 1446 5679 ea:
1489 5627 1800 5681 transverso
1848 5622 2088 5700 facies...

2217 1833 2351 1871 cum
2402 1816 2472 1871 ad
2505 1817 2884 1873 maturiorem
2947 1823 3175 1874 aetatem
3244 1820 3607 1892 processerit,
3658 1820 3824 1875 veniat

2210 1905 2281 1960 ad
2327 1905 2710 1978 baptismum,
2744 1907 3038 1962 renuntiet
3085 1907 3510 1980 superioribus,
3551 1923 3822 1981 moresque

2210 1992 2431 2064 priores
2461 1997 2652 2061 exuat,
2685 2000 2921 2066 peccata
2951 1995 3223 2067 deponat,
3255 1995 3675 2068 consepeliatur
3707 2012 3820 2052 cum

2210 2083 2356 2139 237
2394 2082 2640 2139 Domino
2681 2083 2822 2139 Jesu
2876 2085 3126 2152 Christo,
3165 2085 3545 2157 cruciﬁgatur
3583 2084 3631 2140 ei
3677 2100 3820 2139 mun-

2208 2170 2341 2237 dus,
2388 2173 2445 2226 et
2507 2171 2633 2242 ipse
2687 2173 2942 2240 mundo;
2994 2188 3186 2228 nonne
3244 2172 3296 2228 is
3351 2177 3705 2246 peccatorum
3754 2187 3820 2226 re-

2209 2258 2488 2314 missione
2561 2260 2833 2330 donatus,
2905 2261 3397 2319 abundantiorem
3470 2262 3818 2326 honestatem,

2209 2364 2387 2420 quam
2420 2346 2514 2403 ille
2565 2347 3044 2417 catechumenus,
3089 2351 3261 2422 cujus
3312 2350 3432 2406 vita
3473 2347 3818 2414 innocentior,

2207 2434 2421 2490 habere
2452 2436 2934 2508 aestimatur(l7)?
2967 2438 3035 2493 Et
3063 2441 3127 2492 ut
3151 2438 3420 2510 Apostoli
3453 2439 3632 2511 ipsius
3659 2452 3821 2492 exem-

2205 2523 2302 2594 plo
2331 2527 2588 2591 utamur,
2621 2525 2859 2580 Judaaus
2889 2529 3383 2599 erat,persecutor
3429 2527 3576 2584 erat!
3617 2530 3822 2582 vocatus

2207 2613 2277 2667 ad
2310 2612 2558 2685 gratiam
2590 2613 2825 2680 Christi,
2859 2615 3031 2686 coepit
3078 2633 3206 2672 esse
3249 2616 3588 2689 Apostolus.
3620 2616 3683 2671 Et
3708 2614 3824 2686 quia

2205 2700 2339 2772 plus
2391 2700 2441 2756 ei
2488 2701 2803 2757 dimissum
2854 2707 2963 2769 est,
2991 2703 3125 2774 plus
3171 2705 3349 2776 cmpit
3380 2704 3634 2778 diligere,
3663 2703 3823 2767 abun-

2205 2788 2441 2846 dantius
2496 2790 2718 2846 caeteris
2763 2790 3041 2863 apostolis
3089 2792 3384 2860 laborare,
3417 2810 3516 2849 vas
3563 2788 3824 2848 electionis

2205 2876 2412 2944 factus,
2447 2879 2648 2934 doctor
2679 2879 2943 2951 gentium
2975 2880 3218 2936 missus.
3254 2882 3467 2938 Nonne
3509 2881 3676 2938 etiam
3710 2895 3824 2950 apo-

2206 2965 2488 3022 stolorum
2519 2967 2783 3038 ipsorum
2814 2967 3086 3040 plurimis
3119 2971 3463 3028 uberiorem
3489 2975 3545 3028 et
3574 2967 3828 3025 honestio-

2205 3071 2327 3110 rem
2357 3059 2705 3111 consecutus
2736 3061 2826 3112 est
2865 3055 3134 3129 gloriam,
3176 3060 3278 3131 qui
3337 3065 3472 3116 ante
3517 3063 3573 3116 et
3615 3057 3825 3114 inhone-

2206 3148 2332 3199 stus
2364 3148 2421 3199 et
2449 3143 2805 3217 ingloriosus
2853 3146 2964 3201 fuit
3013 3164 3148 3203 cum
3179 3153 3637 3222 persequeretur
3662 3145 3828 3202 Eccle-

2201 3233 2349 3289 siam
2382 3231 2523 3288 Dei?
2553 3233 2780 3306 Pauper
2828 3234 2936 3290 iste
2986 3235 3197 3293 debilis
3248 3239 3319 3294 in
3369 3237 3624 3295 Ecclesia
3651 3236 3830 3308 ipsete

2201 3322 2446 3379 redemit
2476 3321 2601 3378 suis
2631 3324 2799 3379 votis.

2267 3441 2358 3494 26.
2391 3439 2459 3494 Et
2487 3444 2552 3494 ut
2584 3440 2806 3511 majora
2836 3441 3167 3513 aperiamus
3210 3444 3520 3516 mysteria,
3553 3441 3684 3515 quid
3726 3443 3830 3494 tam

2198 3526 2452 3598 ignobile
2485 3542 2662 3599 quam
2694 3528 2929 3600 gentilis
2976 3530 3272 3602 populus?
3337 3535 3584 3605 Pauper,
3626 3534 3687 3585 ut
3721 3529 3834 3600 pota

2199 3616 2298 3686 qui
2329 3615 2494 3671 nulla
2522 3617 2762 3672 haberet
2788 3617 3022 3690 eloquia
3064 3619 3188 3685 Dei,
3237 3620 3465 3678 debilis
3511 3626 3567 3678 et
3615 3623 3833 3688 utroque

2196 3704 2340 3775 pede
2369 3703 2634 3773 claudus,
2667 3706 2767 3777 qui
2799 3723 2906 3762 nec
2935 3708 2994 3762 in
3027 3707 3373 3780 legem,nec
3395 3712 3454 3766 in
3488 3707 3832 3781 Evangelium

2196 3793 2560 3863 credidisset,
2591 3797 2828 3850 vocatus
2875 3799 3071 3852 tamen
3119 3798 3378 3855 credidit
3428 3800 3501 3865 ei,
3533 3797 3828 3870 baptizatus

2193 3883 2416 3955 accepit
2442 3883 2711 3954 gratiam.
2745 3883 2948 3956 Itaque
2974 3885 3113 3958 quia
3143 3888 3280 3958 plus
3311 3889 3364 3945 ei
3395 3887 3703 3944 dimissum
3734 3884 3826 3943 est.

2194 3970 2326 4043 plus
2385 3970 2594 4043 diligit.
2630 3973 2932 4029 Remansit
2985 3975 3333 4034 Judazorum
3394 3976 3664 4050 populus,
3711 3971 3836 4025 licet

2192 4076 2308 4115 uno
2339 4060 2484 4132 pede
2514 4059 2762 4117 claudus
2795 4077 2808 4116 :
2843 4079 3183 4135 quanquam
3215 4069 3275 4120 et
3307 4065 3368 4120 in
3397 4066 3528 4138 ipsa
3545 4064 3669 4136 lege
3701 4057 3835 4114 clau-

2194 4149 2365 4205 dicet.
2420 4149 2623 4221 Itaque
2679 4149 2776 4205 ille
2833 4151 2936 4223 qui
2989 4151 3470 4225 gloriosissimus
3515 4151 3830 4212 habebatur,

2193 4239 2393 4295 amisit
2420 4239 2639 4305 omnia,
2674 4239 3004 4297 mirabilem
3035 4242 3480 4311 consiliarium,
3513 4248 3574 4298 et
3602 4239 3834 4314 pruden-

2191 4333 2308 4384 tem
2330 4327 2716 4384 architectum
2744 4333 2802 4384 et
2843 4329 3172 4402 sapientem
3214 4333 3576 4389 auditorem.
3611 4331 3719 4385 Iste
3747 4323 3836 4396 qui

2204 4416 2481 4491 ignobilis
2509 4418 3023 4492 erat(l8),adeptus
3053 4421 3256 4477 omnia
3278 4421 3420 4478 fidei
3451 4419 3838 4488 titulo,tropeo

2205 4511 2550 4580 martyrum,
2605 4507 2947 4579 angelorum
2999 4507 3287 4580 gloriatur
3347 4510 3664 4566 consortio.
3713 4505 3838 4574 Ergo

2206 4596 2367 4653 Plato
2398 4596 2552 4668 quod
2585 4597 3088 4666 potuit,sermonis
3121 4599 3379 4654 nitbrem
3411 4596 3840 4666 adhibuit.pr

2200 4685 2386 4741 slolus
2416 4690 2633 4752 autem,
2667 4685 2768 4756 qui
2802 4685 3055 4742 habebat
3100 4688 3200 4742 Dei
3255 4688 3564 4760 spiritum,
3594 4679 3842 4742 revelavit

2200 4773 2562 4847 mysterium.
2595 4773 2749 4829 Satis
2797 4774 3018 4829 dictum
3069 4781 3159 4831 est
3208 4776 3282 4832 de
3335 4778 3522 4844 ostio;
3585 4769 3840 4848 quoniam

2202 4863 2302 4935 qui
2333 4867 2483 4918 retro
2512 4867 2697 4930 erant,
2733 4863 2955 4935 priores
2986 4864 3123 4920 facti
3154 4870 3317 4922 sunt.

2841 4987 3073 5044 CAPUT
3114 4989 3204 5046 IX.

2200 5096 2305 5149 Per
2337 5095 2604 5164 inferiora
2635 5111 2772 5148 arca).
2821 5111 2916 5168 nos
2965 5096 3177 5153 edoceri
3224 5100 3482 5153 ciborum
3529 5087 3845 5168 receptaculfl

2271 5168 2496 5220 minimi
2538 5181 2650 5221 esse
2691 5167 2974 5237 facienda;
3007 5177 3058 5224 et
3089 5169 3190 5224 hac
3216 5171 3505 5225 occasione
3541 5169 3610 5224 de
3646 5163 3842 5220 intesti-

2200 5337 2480 5408 superﬂua
2510 5336 2756 5392 ciborum
2783 5353 3023 5408 egerere.

2273 5409 2385 5478 (l7)
2416 5408 2554 5482 Mss.
2588 5409 2819 5482 Corb.et
2851 5410 3414 5482 Long.,honeszatem
3445 5409 3842 5477 habet,quam...

2203 5481 2549 5556 τἠηρςρνξξίον
2575 5481 3015 5556 aestimabatur;
3090 5552 3121 5556 _
3657 5550 3666 5556 .
3773 5543 3822 5556 -.

2205 5551 2384 5683 ιὲδμϐ)
2413 5550 2541 5610 Vet.
2573 5550 2713 5611 edit.
2745 5552 3044 5612 immobilis
3089 5552 3258 5610 Rom.
3313 5557 3374 5612 et
3423 5568 3594 5621 mss.,
3643 5545 3845 5621 ignoti"

2227 5638 2294 5683 τε.
