  <div class='ocr_page' id='page_1' title='image "/cluster/home/n/w/nwhite01/storage/ocr_20150623/14/hvd.32044048207138/202.png"; bbox 0 0 4026 6186; ppageno 0'>
   <div class='ocr_carea' id='block_1_1' title="bbox 220 305 318 369">
    <p class='ocr_par' dir='ltr' id='par_1_1' title="bbox 220 305 318 369">
     <span class='ocr_line' id='line_1_1' title="bbox 220 305 318 369; baseline -0.02 0"><span class='ocrx_word' id='word_1_1' title='bbox 220 305 318 369; x_wconf 83' lang='lat'>393</span> 
     </span>
    </p>
   </div>
   <div class='ocr_carea' id='block_1_2' title="bbox 273 438 3181 510">
    <p class='ocr_par' dir='ltr' id='par_1_2' title="bbox 273 438 3181 510">
     <span class='ocr_line' id='line_1_2' title="bbox 273 438 3181 510; baseline 0.001 -18"><span class='ocrx_word' id='word_1_2' title='bbox 273 452 491 494; x_wconf 69' lang='lat' dir='ltr'>novrum</span> <span class='ocrx_word' id='word_1_3' title='bbox 518 438 931 509; x_wconf 72' lang='lat' dir='ltr'>conﬁrmatione</span> <span class='ocrx_word' id='word_1_4' title='bbox 957 455 1020 494; x_wconf 83' lang='lat' dir='ltr'>ac</span> <span class='ocrx_word' id='word_1_5' title='bbox 1045 455 1146 494; x_wconf 83' lang='lat' dir='ltr'>usu</span> <span class='ocrx_word' id='word_1_6' title='bbox 1163 439 1490 510; x_wconf 78' lang='lat' dir='ltr'>disputatur.</span> <span class='ocrx_word' id='word_1_7' title='bbox 1527 441 1748 495; x_wconf 66' lang='lat' dir='ltr'>EJIOI&#39;iI&#39;i</span> <span class='ocrx_word' id='word_1_8' title='bbox 1794 456 1863 494; x_wconf 70' lang='lat' dir='ltr'>ea;</span> <span class='ocrx_word' id='word_1_9' title='bbox 1893 443 1939 504; x_wconf 76' lang='grc' dir='ltr'><strong>Α</strong></span> <span class='ocrx_word' id='word_1_10' title='bbox 1978 438 2238 509; x_wconf 80' lang='lat' dir='ltr'>perantia</span> <span class='ocrx_word' id='word_1_11' title='bbox 2297 439 2453 494; x_wconf 89' lang='lat' dir='ltr'>enim</span> <span class='ocrx_word' id='word_1_12' title='bbox 2510 438 2772 494; x_wconf 81' lang='lat' dir='ltr'>accendit</span> <span class='ocrx_word' id='word_1_13' title='bbox 2826 438 3130 495; x_wconf 87' lang='lat' dir='ltr'>libidinem</span> <span class='ocrx_word' id='word_1_14' title='bbox 3163 481 3181 505; x_wconf 90' lang='lat'>,</span> 
     </span>
    </p>
   </div>
   <div class='ocr_carea' id='block_1_3' title="bbox 272 510 1864 581">
    <p class='ocr_par' dir='ltr' id='par_1_3' title="bbox 272 510 1864 581">
     <span class='ocr_line' id='line_1_3' title="bbox 272 510 1864 581; baseline 0 -17"><span class='ocrx_word' id='word_1_15' title='bbox 272 511 683 581; x_wconf 70' lang='lat' dir='ltr'>inteinparmtia</span> <span class='ocrx_word' id='word_1_16' title='bbox 707 510 1212 581; x_wconf 78' lang='lat' dir='ltr'>diluvium,quodve</span> <span class='ocrx_word' id='word_1_17' title='bbox 1239 510 1609 566; x_wconf 71' lang='lat' dir='ltr'>adhibendum</span> <span class='ocrx_word' id='word_1_18' title='bbox 1632 513 1684 566; x_wconf 79' lang='lat' dir='ltr'>ei</span> <span class='ocrx_word' id='word_1_19' title='bbox 1703 512 1864 566; x_wconf 77' lang='lat' dir='ltr'>rami-</span> 
     </span>
    </p>
   </div>
   <div class='ocr_carea' id='block_1_4' title="bbox 270 581 888 648">
    <p class='ocr_par' dir='ltr' id='par_1_4' title="bbox 270 581 888 648">
     <span class='ocr_line' id='line_1_4' title="bbox 270 581 888 648; baseline 0.003 -14"><span class='ocrx_word' id='word_1_20' title='bbox 270 581 412 637; x_wconf 79' lang='lat' dir='ltr'>dium</span> <span class='ocrx_word' id='word_1_21' title='bbox 441 582 534 648; x_wconf 80' lang='lat' dir='ltr'>sit,</span> <span class='ocrx_word' id='word_1_22' title='bbox 568 581 888 636; x_wconf 75' lang='lat' dir='ltr'>ostenditur.</span> 
     </span>
    </p>
   </div>
   <div class='ocr_carea' id='block_1_5' title="bbox 267 705 1861 778">
    <p class='ocr_par' dir='ltr' id='par_1_5' title="bbox 267 705 1861 778">
     <span class='ocr_line' id='line_1_5' title="bbox 267 705 1861 778; baseline 0.001 -15"><span class='ocrx_word' id='word_1_23' title='bbox 267 708 348 763; x_wconf 87' lang='lat'>27.</span> <span class='ocrx_word' id='word_1_24' title='bbox 392 707 557 762; x_wconf 88' lang='lat' dir='ltr'>Nunc</span> <span class='ocrx_word' id='word_1_25' title='bbox 587 705 731 762; x_wconf 89' lang='lat' dir='ltr'>illud</span> <span class='ocrx_word' id='word_1_26' title='bbox 807 722 1138 778; x_wconf 67' lang='lat' dir='ltr'>quaeremus</span> <span class='ocrx_word' id='word_1_27' title='bbox 1171 748 1184 773; x_wconf 95' lang='lat'>,</span> <span class='ocrx_word' id='word_1_28' title='bbox 1262 705 1403 778; x_wconf 92' lang='lat' dir='ltr'>quid</span> <span class='ocrx_word' id='word_1_29' title='bbox 1445 706 1520 762; x_wconf 91' lang='lat' dir='ltr'>sit</span> <span class='ocrx_word' id='word_1_30' title='bbox 1558 706 1708 778; x_wconf 88' lang='lat' dir='ltr'>quod</span> <span class='ocrx_word' id='word_1_31' title='bbox 1779 705 1861 764; x_wconf 88' lang='lat' dir='ltr'>ait</span> 
     </span>
    </p>
   </div>
   <div class='ocr_carea' id='block_1_6' title="bbox 207 796 1861 866">
    <p class='ocr_par' dir='ltr' id='par_1_6' title="bbox 207 796 1861 866">
     <span class='ocr_line' id='line_1_6' title="bbox 207 796 1861 866; baseline 0 -16"><span class='ocrx_word' id='word_1_32' title='bbox 207 796 512 853; x_wconf 86' lang='lat' dir='ltr'>Dominus:</span> <span class='ocrx_word' id='word_1_33' title='bbox 555 796 826 866; x_wconf 76' lang='lat' dir='ltr'>Inferiore</span> <span class='ocrx_word' id='word_1_34' title='bbox 854 813 994 852; x_wconf 69' lang='lat' dir='ltr'>arcae</span> <span class='ocrx_word' id='word_1_35' title='bbox 1039 796 1373 851; x_wconf 82' lang='lat' dir='ltr'>bicamerata</span> <span class='ocrx_word' id='word_1_36' title='bbox 1399 803 1451 850; x_wconf 84' lang='lat' dir='ltr'>et</span> <span class='ocrx_word' id='word_1_37' title='bbox 1507 797 1861 850; x_wconf 82' lang='lat' dir='ltr'>tricamerata</span> 
     </span>
    </p>
   </div>
   <div class='ocr_carea' id='block_1_7' title="bbox 201 883 1857 957">
    <p class='ocr_par' dir='ltr' id='par_1_7' title="bbox 201 883 1857 957">
     <span class='ocr_line' id='line_1_7' title="bbox 201 883 1857 957; baseline -0.002 -16"><span class='ocrx_word' id='word_1_38' title='bbox 201 884 550 957; x_wconf 75' lang='lat' dir='ltr'>[accies(Gen.</span> <span class='ocrx_word' id='word_1_39' title='bbox 584 902 658 950; x_wconf 74' lang='lat' dir='ltr'>vx,</span> <span class='ocrx_word' id='word_1_40' title='bbox 692 885 802 956; x_wconf 66' lang='lat'>46).</span> <span class='ocrx_word' id='word_1_41' title='bbox 836 884 1118 941; x_wconf 80' lang='lat' dir='ltr'>Inferiora</span> <span class='ocrx_word' id='word_1_42' title='bbox 1147 884 1384 956; x_wconf 85' lang='lat' dir='ltr'>quidem</span> <span class='ocrx_word' id='word_1_43' title='bbox 1426 883 1689 950; x_wconf 90' lang='lat' dir='ltr'>dicendo,</span> <span class='ocrx_word' id='word_1_44' title='bbox 1749 883 1857 938; x_wconf 81' lang='lat' dir='ltr'>ad-</span> 
     </span>
    </p>
   </div>
   <div class='ocr_carea' id='block_1_8' title="bbox 203 971 1853 1046">
    <p class='ocr_par' dir='ltr' id='par_1_8' title="bbox 203 971 1853 1046">
     <span class='ocr_line' id='line_1_8' title="bbox 203 971 1853 1046; baseline 0.001 -19"><span class='ocrx_word' id='word_1_45' title='bbox 203 974 488 1030; x_wconf 84' lang='lat' dir='ltr'>vertimus</span> <span class='ocrx_word' id='word_1_46' title='bbox 521 974 673 1045; x_wconf 90' lang='lat' dir='ltr'>quod</span> <span class='ocrx_word' id='word_1_47' title='bbox 707 973 950 1046; x_wconf 90' lang='lat' dir='ltr'>pulchre</span> <span class='ocrx_word' id='word_1_48' title='bbox 981 990 1089 1029; x_wconf 91' lang='lat' dir='ltr'>nos</span> <span class='ocrx_word' id='word_1_49' title='bbox 1137 973 1354 1030; x_wconf 90' lang='lat' dir='ltr'>sentire</span> <span class='ocrx_word' id='word_1_50' title='bbox 1402 972 1652 1029; x_wconf 80' lang='lat' dir='ltr'>voluerit</span> <span class='ocrx_word' id='word_1_51' title='bbox 1705 971 1853 1028; x_wconf 80' lang='lat' dir='ltr'>infe-</span> 
     </span>
    </p>
   </div>
   <div class='ocr_carea' id='block_1_9' title="bbox 203 1061 1850 1134">
    <p class='ocr_par' dir='ltr' id='par_1_9' title="bbox 203 1061 1850 1134">
     <span class='ocr_line' id='line_1_9' title="bbox 203 1061 1850 1134; baseline -0.001 -17"><span class='ocrx_word' id='word_1_52' title='bbox 203 1064 326 1118; x_wconf 85' lang='lat' dir='ltr'>riori</span> <span class='ocrx_word' id='word_1_53' title='bbox 357 1061 486 1118; x_wconf 91' lang='lat' dir='ltr'>loco</span> <span class='ocrx_word' id='word_1_54' title='bbox 516 1062 862 1118; x_wconf 62' lang='lat' dir='ltr'>mstimanda</span> <span class='ocrx_word' id='word_1_55' title='bbox 892 1062 1155 1118; x_wconf 90' lang='lat' dir='ltr'>ciborum</span> <span class='ocrx_word' id='word_1_56' title='bbox 1189 1061 1573 1134; x_wconf 85' lang='lat' dir='ltr'>receptacula,</span> <span class='ocrx_word' id='word_1_57' title='bbox 1606 1061 1714 1115; x_wconf 92' lang='lat' dir='ltr'>hoc</span> <span class='ocrx_word' id='word_1_58' title='bbox 1738 1065 1850 1129; x_wconf 88' lang='lat' dir='ltr'>est,</span> 
     </span>
    </p>
   </div>
   <div class='ocr_carea' id='block_1_10' title="bbox 202 1149 1848 1223">
    <p class='ocr_par' dir='ltr' id='par_1_10' title="bbox 202 1149 1848 1223">
     <span class='ocr_line' id='line_1_10' title="bbox 202 1149 1848 1223; baseline -0.002 -15"><span class='ocrx_word' id='word_1_59' title='bbox 202 1168 259 1208; x_wconf 86' lang='lat' dir='ltr'>ea</span> <span class='ocrx_word' id='word_1_60' title='bbox 285 1152 512 1207; x_wconf 83' lang='lat' dir='ltr'>viscera</span> <span class='ocrx_word' id='word_1_61' title='bbox 541 1167 667 1223; x_wconf 63' lang='lat' dir='ltr'>quae</span> <span class='ocrx_word' id='word_1_62' title='bbox 696 1156 1004 1222; x_wconf 88' lang='lat' dir='ltr'>acceptum</span> <span class='ocrx_word' id='word_1_63' title='bbox 1063 1151 1381 1206; x_wconf 89' lang='lat' dir='ltr'>conﬁciunt</span> <span class='ocrx_word' id='word_1_64' title='bbox 1433 1151 1651 1206; x_wconf 89' lang='lat' dir='ltr'>cibum.</span> <span class='ocrx_word' id='word_1_65' title='bbox 1712 1149 1848 1205; x_wconf 84' lang='lat' dir='ltr'>Cor-</span> 
     </span>
    </p>
   </div>
   <div class='ocr_carea' id='block_1_11' title="bbox 203 1230 1848 1314">
    <p class='ocr_par' dir='ltr' id='par_1_11' title="bbox 203 1230 1848 1314">
     <span class='ocr_line' id='line_1_11' title="bbox 203 1230 1848 1314; baseline -0.001 -18"><span class='ocrx_word' id='word_1_66' title='bbox 203 1240 488 1314; x_wconf 87' lang='lat' dir='ltr'>ruptlbilis</span> <span class='ocrx_word' id='word_1_67' title='bbox 519 1240 676 1296; x_wconf 90' lang='lat' dir='ltr'>enim</span> <span class='ocrx_word' id='word_1_68' title='bbox 709 1256 844 1298; x_wconf 89' lang='lat' dir='ltr'>esca</span> <span class='ocrx_word' id='word_1_69' title='bbox 873 1244 962 1296; x_wconf 87' lang='lat' dir='ltr'>est</span> <span class='ocrx_word' id='word_1_70' title='bbox 996 1257 1008 1294; x_wconf 93' lang='lat'>:</span> <span class='ocrx_word' id='word_1_71' title='bbox 1040 1241 1193 1312; x_wconf 93' lang='lat' dir='ltr'>quod</span> <span class='ocrx_word' id='word_1_72' title='bbox 1223 1245 1419 1295; x_wconf 89' lang='lat' dir='ltr'>autem</span> <span class='ocrx_word' id='word_1_73' title='bbox 1469 1230 1848 1310; x_wconf 44' lang='lat' dir='ltr'>eorru‘ptibile</span> 
     </span>
    </p>
   </div>
   <div class='ocr_carea' id='block_1_12' title="bbox 203 1327 1840 1400">
    <p class='ocr_par' dir='ltr' id='par_1_12' title="bbox 203 1327 1840 1400">
     <span class='ocr_line' id='line_1_12' title="bbox 203 1327 1840 1400; baseline -0.001 -15"><span class='ocrx_word' id='word_1_74' title='bbox 203 1347 302 1386; x_wconf 89' lang='lat' dir='ltr'>non</span> <span class='ocrx_word' id='word_1_75' title='bbox 337 1328 761 1400; x_wconf 84' lang='lat' dir='ltr'>superioribus,</span> <span class='ocrx_word' id='word_1_76' title='bbox 796 1329 897 1385; x_wconf 90' lang='lat' dir='ltr'>sed</span> <span class='ocrx_word' id='word_1_77' title='bbox 930 1327 1301 1384; x_wconf 79' lang='lat' dir='ltr'>inferioribus</span> <span class='ocrx_word' id='word_1_78' title='bbox 1359 1327 1840 1399; x_wconf 88' lang='lat' dir='ltr'>comparandum.</span> 
     </span>
    </p>
   </div>
   <div class='ocr_carea' id='block_1_13' title="bbox 201 1415 1846 1490">
    <p class='ocr_par' dir='ltr' id='par_1_13' title="bbox 201 1415 1846 1490">
     <span class='ocr_line' id='line_1_13' title="bbox 201 1415 1846 1490; baseline -0.002 -15"><span class='ocrx_word' id='word_1_79' title='bbox 201 1418 377 1475; x_wconf 89' lang='lat' dir='ltr'>Simul</span> <span class='ocrx_word' id='word_1_80' title='bbox 409 1418 552 1490; x_wconf 90' lang='lat' dir='ltr'>quia</span> <span class='ocrx_word' id='word_1_81' title='bbox 581 1418 747 1474; x_wconf 87' lang='lat' dir='ltr'>cibus</span> <span class='ocrx_word' id='word_1_82' title='bbox 797 1418 1070 1473; x_wconf 80' lang='lat' dir='ltr'>deorsum</span> <span class='ocrx_word' id='word_1_83' title='bbox 1137 1417 1343 1483; x_wconf 83' lang='lat' dir='ltr'>fertur,</span> <span class='ocrx_word' id='word_1_84' title='bbox 1406 1416 1576 1486; x_wconf 82' lang='lat' dir='ltr'>cujus</span> <span class='ocrx_word' id='word_1_85' title='bbox 1635 1415 1846 1488; x_wconf 83' lang='lat' dir='ltr'>exigua</span> 
     </span>
    </p>
   </div>
   <div class='ocr_carea' id='block_1_14' title="bbox 201 1504 1840 1580">
    <p class='ocr_par' dir='ltr' id='par_1_14' title="bbox 201 1504 1840 1580">
     <span class='ocr_line' id='line_1_14' title="bbox 201 1504 1840 1580; baseline -0.002 -17"><span class='ocrx_word' id='word_1_86' title='bbox 201 1507 376 1580; x_wconf 87' lang='lat' dir='ltr'>portio</span> <span class='ocrx_word' id='word_1_87' title='bbox 406 1507 634 1563; x_wconf 84' lang='lat' dir='ltr'>viribus</span> <span class='ocrx_word' id='word_1_88' title='bbox 665 1505 946 1580; x_wconf 89' lang='lat' dir='ltr'>corporis,</span> <span class='ocrx_word' id='word_1_89' title='bbox 979 1505 1386 1576; x_wconf 68' lang='lat' dir='ltr'>alimoniaaque</span> <span class='ocrx_word' id='word_1_90' title='bbox 1417 1504 1646 1576; x_wconf 91' lang='lat' dir='ltr'>proﬁcit</span> <span class='ocrx_word' id='word_1_91' title='bbox 1679 1522 1692 1571; x_wconf 88' lang='lat'><strong>;</strong></span> <span class='ocrx_word' id='word_1_92' title='bbox 1752 1522 1840 1560; x_wconf 91' lang='lat' dir='ltr'>re-</span> 
     </span>
    </p>
   </div>
   <div class='ocr_carea' id='block_1_15' title="bbox 200 1594 1843 1669">
    <p class='ocr_par' dir='ltr' id='par_1_15' title="bbox 200 1594 1843 1669">
     <span class='ocr_line' id='line_1_15' title="bbox 200 1594 1843 1669; baseline -0.003 -15"><span class='ocrx_word' id='word_1_93' title='bbox 200 1597 349 1669; x_wconf 87' lang='lat' dir='ltr'>liqua</span> <span class='ocrx_word' id='word_1_94' title='bbox 386 1613 524 1652; x_wconf 84' lang='lat' dir='ltr'>vero</span> <span class='ocrx_word' id='word_1_95' title='bbox 562 1612 701 1668; x_wconf 90' lang='lat' dir='ltr'>pars</span> <span class='ocrx_word' id='word_1_96' title='bbox 738 1594 866 1650; x_wconf 83' lang='lat' dir='ltr'>alvo</span> <span class='ocrx_word' id='word_1_97' title='bbox 908 1595 1214 1667; x_wconf 88' lang='lat' dir='ltr'>purganda</span> <span class='ocrx_word' id='word_1_98' title='bbox 1278 1594 1633 1661; x_wconf 86' lang='lat' dir='ltr'>deducitur;</span> <span class='ocrx_word' id='word_1_99' title='bbox 1703 1595 1843 1664; x_wconf 91' lang='lat' dir='ltr'>quia</span> 
     </span>
    </p>
   </div>
   <div class='ocr_carea' id='block_1_16' title="bbox 203 1682 1840 1758">
    <p class='ocr_par' dir='ltr' id='par_1_16' title="bbox 203 1682 1840 1758">
     <span class='ocr_line' id='line_1_16' title="bbox 203 1682 1840 1758; baseline -0.001 -18"><span class='ocrx_word' id='word_1_100' title='bbox 203 1685 468 1742; x_wconf 86' lang='lat' dir='ltr'>intestina</span> <span class='ocrx_word' id='word_1_101' title='bbox 483 1689 622 1742; x_wconf 88' lang='lat' dir='ltr'>sunt</span> <span class='ocrx_word' id='word_1_102' title='bbox 653 1702 754 1758; x_wconf 89' lang='lat' dir='ltr'>per</span> <span class='ocrx_word' id='word_1_103' title='bbox 780 1701 909 1756; x_wconf 69' lang='lat' dir='ltr'>quae</span> <span class='ocrx_word' id='word_1_104' title='bbox 940 1684 1304 1740; x_wconf 88' lang='lat' dir='ltr'>descendunt</span> <span class='ocrx_word' id='word_1_105' title='bbox 1333 1682 1595 1738; x_wconf 90' lang='lat' dir='ltr'>ciborum</span> <span class='ocrx_word' id='word_1_106' title='bbox 1630 1699 1840 1754; x_wconf 85' lang='lat' dir='ltr'>super-</span> 
     </span>
    </p>
   </div>
   <div class='ocr_carea' id='block_1_17' title="bbox 204 1775 323 1830">
    <p class='ocr_par' dir='ltr' id='par_1_17' title="bbox 204 1775 323 1830">
     <span class='ocr_line' id='line_1_17' title="bbox 204 1775 323 1830; baseline -0.008 0"><span class='ocrx_word' id='word_1_107' title='bbox 204 1775 323 1830; x_wconf 81' lang='lat' dir='ltr'>ilua.</span> 
     </span>
    </p>
   </div>
   <div class='ocr_carea' id='block_1_18' title="bbox 262 1861 1850 1934">
    <p class='ocr_par' dir='ltr' id='par_1_18' title="bbox 262 1861 1850 1934">
     <span class='ocr_line' id='line_1_18' title="bbox 262 1861 1850 1934; baseline -0.003 -16"><span class='ocrx_word' id='word_1_108' title='bbox 262 1866 345 1918; x_wconf 83' lang='lat'>28.</span> <span class='ocrx_word' id='word_1_109' title='bbox 385 1864 470 1918; x_wconf 89' lang='lat' dir='ltr'>Ita</span> <span class='ocrx_word' id='word_1_110' title='bbox 499 1867 770 1934; x_wconf 81' lang='lat' dir='ltr'>operator</span> <span class='ocrx_word' id='word_1_111' title='bbox 802 1867 998 1918; x_wconf 83' lang='lat' dir='ltr'>noster</span> <span class='ocrx_word' id='word_1_112' title='bbox 1031 1861 1310 1925; x_wconf 87' lang='lat' dir='ltr'>instituit,</span> <span class='ocrx_word' id='word_1_113' title='bbox 1353 1865 1418 1916; x_wconf 90' lang='lat' dir='ltr'>ut</span> <span class='ocrx_word' id='word_1_114' title='bbox 1447 1877 1559 1916; x_wconf 92' lang='lat' dir='ltr'>non</span> <span class='ocrx_word' id='word_1_115' title='bbox 1619 1863 1850 1916; x_wconf 84' lang='lat' dir='ltr'>extenta</span> 
     </span>
    </p>
   </div>
   <div class='ocr_carea' id='block_1_19' title="bbox 208 1948 1844 2018">
    <p class='ocr_par' dir='ltr' id='par_1_19' title="bbox 208 1948 1844 2018">
     <span class='ocr_line' id='line_1_19' title="bbox 208 1948 1844 2018; baseline -0.004 -10"><span class='ocrx_word' id='word_1_116' title='bbox 208 1970 236 2008; x_wconf 86' lang='lat' dir='ltr'>a</span> <span class='ocrx_word' id='word_1_117' title='bbox 259 1951 554 2008; x_wconf 78' lang='lat' dir='ltr'>stomacho</span> <span class='ocrx_word' id='word_1_118' title='bbox 585 1951 656 2005; x_wconf 87' lang='lat' dir='ltr'>ad</span> <span class='ocrx_word' id='word_1_119' title='bbox 693 1951 902 2018; x_wconf 87' lang='lat' dir='ltr'>imum,</span> <span class='ocrx_word' id='word_1_120' title='bbox 931 1950 1028 2006; x_wconf 90' lang='lat' dir='ltr'>sed</span> <span class='ocrx_word' id='word_1_121' title='bbox 1061 1949 1296 2006; x_wconf 85' lang='lat' dir='ltr'>sinuata</span> <span class='ocrx_word' id='word_1_122' title='bbox 1326 1950 1446 2005; x_wconf 88' lang='lat' dir='ltr'>sint</span> <span class='ocrx_word' id='word_1_123' title='bbox 1493 1965 1558 2004; x_wconf 87' lang='lat' dir='ltr'>ac</span> <span class='ocrx_word' id='word_1_124' title='bbox 1585 1948 1797 2004; x_wconf 82' lang='lat' dir='ltr'>reﬂexa</span> <span class='ocrx_word' id='word_1_125' title='bbox 1831 1965 1844 2002; x_wconf 92' lang='lat'>:</span> 
     </span>
    </p>
   </div>
   <div class='ocr_carea' id='block_1_20' title="bbox 208 2037 1847 2114">
    <p class='ocr_par' dir='ltr' id='par_1_20' title="bbox 208 2037 1847 2114">
     <span class='ocr_line' id='line_1_20' title="bbox 208 2037 1847 2114; baseline -0.004 -16"><span class='ocrx_word' id='word_1_126' title='bbox 208 2059 309 2114; x_wconf 90' lang='lat' dir='ltr'>quo</span> <span class='ocrx_word' id='word_1_127' title='bbox 335 2042 460 2095; x_wconf 78' lang='lat' dir='ltr'>vita:</span> <span class='ocrx_word' id='word_1_128' title='bbox 494 2044 705 2096; x_wconf 80' lang='lat' dir='ltr'>nostrae</span> <span class='ocrx_word' id='word_1_129' title='bbox 728 2056 872 2094; x_wconf 90' lang='lat' dir='ltr'>usus</span> <span class='ocrx_word' id='word_1_130' title='bbox 905 2043 1344 2111; x_wconf 85' lang='lat' dir='ltr'>prepagaretur.</span> <span class='ocrx_word' id='word_1_131' title='bbox 1377 2039 1524 2094; x_wconf 84' lang='lat' dir='ltr'>Nam</span> <span class='ocrx_word' id='word_1_132' title='bbox 1556 2037 1605 2093; x_wconf 88' lang='lat' dir='ltr'>si</span> <span class='ocrx_word' id='word_1_133' title='bbox 1649 2043 1847 2093; x_wconf 80' lang='lat' dir='ltr'>exten-</span> 
     </span>
    </p>
   </div>
   <div class='ocr_carea' id='block_1_21' title="bbox 206 2126 1844 2199">
    <p class='ocr_par' dir='ltr' id='par_1_21' title="bbox 206 2126 1844 2199">
     <span class='ocr_line' id='line_1_21' title="bbox 206 2126 1844 2199; baseline -0.003 -13"><span class='ocrx_word' id='word_1_134' title='bbox 206 2131 466 2186; x_wconf 83' lang='lat' dir='ltr'>derentur</span> <span class='ocrx_word' id='word_1_135' title='bbox 496 2129 774 2184; x_wconf 90' lang='lat' dir='ltr'>intestina</span> <span class='ocrx_word' id='word_1_136' title='bbox 802 2127 1060 2183; x_wconf 90' lang='lat' dir='ltr'>hominis</span> <span class='ocrx_word' id='word_1_137' title='bbox 1093 2144 1219 2199; x_wconf 71' lang='lat' dir='ltr'>quae</span> <span class='ocrx_word' id='word_1_138' title='bbox 1251 2126 1586 2198; x_wconf 89' lang='lat' dir='ltr'>suscipiunt</span> <span class='ocrx_word' id='word_1_139' title='bbox 1633 2130 1688 2181; x_wconf 91' lang='lat' dir='ltr'>et</span> <span class='ocrx_word' id='word_1_140' title='bbox 1745 2127 1844 2181; x_wconf 91' lang='lat' dir='ltr'>de-</span> 
     </span>
    </p>
   </div>
   <div class='ocr_carea' id='block_1_22' title="bbox 206 2215 1840 2287">
    <p class='ocr_par' dir='ltr' id='par_1_22' title="bbox 206 2215 1840 2287">
     <span class='ocr_line' id='line_1_22' title="bbox 206 2215 1840 2287; baseline -0.004 -13"><span class='ocrx_word' id='word_1_141' title='bbox 206 2219 411 2274; x_wconf 89' lang='lat' dir='ltr'>ducunt</span> <span class='ocrx_word' id='word_1_142' title='bbox 441 2218 662 2286; x_wconf 88' lang='lat' dir='ltr'>cibum,</span> <span class='ocrx_word' id='word_1_143' title='bbox 696 2215 893 2272; x_wconf 85' lang='lat' dir='ltr'>statim</span> <span class='ocrx_word' id='word_1_144' title='bbox 927 2215 1054 2271; x_wconf 89' lang='lat' dir='ltr'>sine</span> <span class='ocrx_word' id='word_1_145' title='bbox 1079 2215 1200 2270; x_wconf 90' lang='lat' dir='ltr'>ulla</span> <span class='ocrx_word' id='word_1_146' title='bbox 1232 2215 1616 2287; x_wconf 88' lang='lat' dir='ltr'>pertransiret</span> <span class='ocrx_word' id='word_1_147' title='bbox 1645 2231 1840 2281; x_wconf 90' lang='lat' dir='ltr'>mora;</span> 
     </span>
    </p>
   </div>
   <div class='ocr_carea' id='block_1_23' title="bbox 205 2304 1842 2376">
    <p class='ocr_par' dir='ltr' id='par_1_23' title="bbox 205 2304 1842 2376">
     <span class='ocr_line' id='line_1_23' title="bbox 205 2304 1842 2376; baseline -0.003 -14"><span class='ocrx_word' id='word_1_148' title='bbox 205 2313 254 2364; x_wconf 86' lang='lat' dir='ltr'>et</span> <span class='ocrx_word' id='word_1_149' title='bbox 282 2323 516 2363; x_wconf 88' lang='lat' dir='ltr'>necesse</span> <span class='ocrx_word' id='word_1_150' title='bbox 536 2310 692 2362; x_wconf 87' lang='lat' dir='ltr'>esset</span> <span class='ocrx_word' id='word_1_151' title='bbox 713 2306 934 2376; x_wconf 83' lang='lat' dir='ltr'>jugiter</span> <span class='ocrx_word' id='word_1_152' title='bbox 953 2305 1174 2360; x_wconf 87' lang='lat' dir='ltr'>esurire</span> <span class='ocrx_word' id='word_1_153' title='bbox 1233 2322 1362 2369; x_wconf 89' lang='lat' dir='ltr'>nos,</span> <span class='ocrx_word' id='word_1_154' title='bbox 1424 2304 1638 2376; x_wconf 76' lang='lat' dir='ltr'>iugiter</span> <span class='ocrx_word' id='word_1_155' title='bbox 1696 2319 1842 2374; x_wconf 91' lang='lat' dir='ltr'>epu-</span> 
     </span>
    </p>
   </div>
   <div class='ocr_carea' id='block_1_24' title="bbox 205 2392 1843 2466">
    <p class='ocr_par' dir='ltr' id='par_1_24' title="bbox 205 2392 1843 2466">
     <span class='ocr_line' id='line_1_24' title="bbox 205 2392 1843 2466; baseline -0.001 -16"><span class='ocrx_word' id='word_1_156' title='bbox 205 2396 322 2466; x_wconf 84' lang='lat' dir='ltr'>lari,</span> <span class='ocrx_word' id='word_1_157' title='bbox 353 2400 454 2452; x_wconf 86' lang='lat' dir='ltr'>aut</span> <span class='ocrx_word' id='word_1_158' title='bbox 484 2395 787 2451; x_wconf 88' lang='lat' dir='ltr'>deﬁciente</span> <span class='ocrx_word' id='word_1_159' title='bbox 804 2393 1214 2449; x_wconf 88' lang='lat' dir='ltr'>alimentorum</span> <span class='ocrx_word' id='word_1_160' title='bbox 1238 2392 1568 2448; x_wconf 87' lang='lat' dir='ltr'>substantia</span> <span class='ocrx_word' id='word_1_161' title='bbox 1599 2392 1843 2448; x_wconf 86' lang='lat' dir='ltr'>deﬁcere</span> 
     </span>
    </p>
   </div>
   <div class='ocr_carea' id='block_1_25' title="bbox 204 2480 1842 2542">
    <p class='ocr_par' dir='ltr' id='par_1_25' title="bbox 204 2480 1842 2542">
     <span class='ocr_line' id='line_1_25' title="bbox 204 2480 1842 2542; baseline -0.002 -3"><span class='ocrx_word' id='word_1_162' title='bbox 204 2484 364 2542; x_wconf 85' lang='lat' dir='ltr'>illico.</span> <span class='ocrx_word' id='word_1_163' title='bbox 395 2486 562 2540; x_wconf 87' lang='lat' dir='ltr'>Nunc</span> <span class='ocrx_word' id='word_1_164' title='bbox 593 2487 787 2539; x_wconf 88' lang='lat' dir='ltr'>autem</span> <span class='ocrx_word' id='word_1_165' title='bbox 822 2483 880 2537; x_wconf 95' lang='lat' dir='ltr'>in</span> <span class='ocrx_word' id='word_1_166' title='bbox 911 2481 1010 2538; x_wconf 89' lang='lat' dir='ltr'>illa</span> <span class='ocrx_word' id='word_1_167' title='bbox 1060 2481 1472 2537; x_wconf 88' lang='lat' dir='ltr'>intestinorum</span> <span class='ocrx_word' id='word_1_168' title='bbox 1533 2480 1842 2536; x_wconf 84' lang='lat' dir='ltr'>reﬂexione</span> 
     </span>
    </p>
   </div>
   <div class='ocr_carea' id='block_1_26' title="bbox 204 2569 1841 2644">
    <p class='ocr_par' dir='ltr' id='par_1_26' title="bbox 204 2569 1841 2644">
     <span class='ocr_line' id='line_1_26' title="bbox 204 2569 1841 2644; baseline -0.002 -15"><span class='ocrx_word' id='word_1_169' title='bbox 204 2591 262 2629; x_wconf 90' lang='lat' dir='ltr'>ac</span> <span class='ocrx_word' id='word_1_170' title='bbox 293 2573 620 2629; x_wconf 86' lang='lat' dir='ltr'>sinuatione</span> <span class='ocrx_word' id='word_1_171' title='bbox 647 2572 924 2644; x_wconf 88' lang='lat' dir='ltr'>bipartita</span> <span class='ocrx_word' id='word_1_172' title='bbox 952 2588 1019 2626; x_wconf 89' lang='lat' dir='ltr'>ac</span> <span class='ocrx_word' id='word_1_173' title='bbox 1048 2570 1342 2642; x_wconf 77' lang='lat' dir='ltr'>tripertita</span> <span class='ocrx_word' id='word_1_174' title='bbox 1373 2569 1626 2624; x_wconf 69' lang='lat' dir='ltr'>adhmret</span> <span class='ocrx_word' id='word_1_175' title='bbox 1672 2569 1841 2625; x_wconf 82' lang='lat' dir='ltr'>cibus</span> 
     </span>
    </p>
   </div>
   <div class='ocr_carea' id='block_1_27' title="bbox 201 2657 1837 2731">
    <p class='ocr_par' dir='ltr' id='par_1_27' title="bbox 201 2657 1837 2731">
     <span class='ocr_line' id='line_1_27' title="bbox 201 2657 1837 2731; baseline -0.004 -13"><span class='ocrx_word' id='word_1_176' title='bbox 201 2668 250 2718; x_wconf 89' lang='lat' dir='ltr'>et</span> <span class='ocrx_word' id='word_1_177' title='bbox 286 2662 691 2719; x_wconf 89' lang='lat' dir='ltr'>descendendo</span> <span class='ocrx_word' id='word_1_178' title='bbox 741 2661 894 2716; x_wconf 70' lang='lat'>238</span> <span class='ocrx_word' id='word_1_179' title='bbox 954 2658 1236 2731; x_wconf 85' lang='lat' dir='ltr'>paulatim</span> <span class='ocrx_word' id='word_1_180' title='bbox 1307 2659 1458 2714; x_wconf 89' lang='lat' dir='ltr'>vires</span> <span class='ocrx_word' id='word_1_181' title='bbox 1521 2657 1837 2723; x_wconf 88' lang='lat' dir='ltr'>ministrat,</span> 
     </span>
    </p>
   </div>
   <div class='ocr_carea' id='block_1_28' title="bbox 173 2746 1842 2821">
    <p class='ocr_par' dir='ltr' id='par_1_28' title="bbox 173 2746 1842 2821">
     <span class='ocr_line' id='line_1_28' title="bbox 173 2746 1842 2821; baseline -0.003 -16"><span class='ocrx_word' id='word_1_182' title='bbox 173 2769 430 2807; x_wconf 69' lang='lat' dir='ltr'>succum</span> <span class='ocrx_word' id='word_1_183' title='bbox 460 2750 721 2806; x_wconf 83' lang='lat' dir='ltr'>infundit</span> <span class='ocrx_word' id='word_1_184' title='bbox 745 2748 990 2821; x_wconf 87' lang='lat' dir='ltr'>corpori,</span> <span class='ocrx_word' id='word_1_185' title='bbox 1025 2752 1183 2804; x_wconf 86' lang='lat' dir='ltr'>tenet</span> <span class='ocrx_word' id='word_1_186' title='bbox 1239 2747 1595 2813; x_wconf 84' lang='lat' dir='ltr'>satietatem,</span> <span class='ocrx_word' id='word_1_187' title='bbox 1650 2746 1842 2802; x_wconf 81' lang='lat' dir='ltr'>diﬁ‘ert</span> 
     </span>
    </p>
   </div>
   <div class='ocr_carea' id='block_1_29' title="bbox 200 2834 1838 2912">
    <p class='ocr_par' dir='ltr' id='par_1_29' title="bbox 200 2834 1838 2912">
     <span class='ocr_line' id='line_1_29' title="bbox 200 2834 1838 2912; baseline -0.004 -17"><span class='ocrx_word' id='word_1_188' title='bbox 200 2841 395 2896; x_wconf 85' lang='lat' dir='ltr'>edendi</span> <span class='ocrx_word' id='word_1_189' title='bbox 423 2837 822 2912; x_wconf 84' lang='lat' dir='ltr'>appetentiam</span> <span class='ocrx_word' id='word_1_190' title='bbox 859 2856 872 2906; x_wconf 90' lang='lat'><strong>;</strong></span> <span class='ocrx_word' id='word_1_191' title='bbox 908 2853 1012 2892; x_wconf 91' lang='lat' dir='ltr'>nec</span> <span class='ocrx_word' id='word_1_192' title='bbox 1069 2837 1264 2892; x_wconf 87' lang='lat' dir='ltr'>subita</span> <span class='ocrx_word' id='word_1_193' title='bbox 1319 2834 1548 2901; x_wconf 82' lang='lat' dir='ltr'>eﬁusio,</span> <span class='ocrx_word' id='word_1_194' title='bbox 1610 2850 1714 2890; x_wconf 88' lang='lat' dir='ltr'>nec</span> <span class='ocrx_word' id='word_1_195' title='bbox 1754 2850 1838 2889; x_wconf 88' lang='lat' dir='ltr'>re-</span> 
     </span>
    </p>
   </div>
   <div class='ocr_carea' id='block_1_30' title="bbox 199 2921 1838 3000">
    <p class='ocr_par' dir='ltr' id='par_1_30' title="bbox 199 2921 1838 3000">
     <span class='ocr_line' id='line_1_30' title="bbox 199 2921 1838 3000; baseline -0.004 -16"><span class='ocrx_word' id='word_1_196' title='bbox 199 2930 427 3000; x_wconf 90' lang='lat' dir='ltr'>pentina</span> <span class='ocrx_word' id='word_1_197' title='bbox 454 2927 753 2984; x_wconf 86' lang='lat' dir='ltr'>evacuatio</span> <span class='ocrx_word' id='word_1_198' title='bbox 785 2930 892 2993; x_wconf 89' lang='lat' dir='ltr'>est,</span> <span class='ocrx_word' id='word_1_199' title='bbox 927 2942 1034 2981; x_wconf 93' lang='lat' dir='ltr'>nec</span> <span class='ocrx_word' id='word_1_200' title='bbox 1083 2922 1451 2996; x_wconf 84' lang='lat' dir='ltr'>inexplebilis</span> <span class='ocrx_word' id='word_1_201' title='bbox 1505 2921 1838 2994; x_wconf 80' lang='lat' dir='ltr'>appetentis</span> 
     </span>
    </p>
   </div>
   <div class='ocr_carea' id='block_1_31' title="bbox 200 3012 1837 3087">
    <p class='ocr_par' dir='ltr' id='par_1_31' title="bbox 200 3012 1837 3087">
     <span class='ocr_line' id='line_1_31' title="bbox 200 3012 1837 3087; baseline -0.005 -13"><span class='ocrx_word' id='word_1_202' title='bbox 200 3023 296 3086; x_wconf 88' lang='lat' dir='ltr'>est,</span> <span class='ocrx_word' id='word_1_203' title='bbox 329 3035 432 3074; x_wconf 90' lang='lat' dir='ltr'>nec</span> <span class='ocrx_word' id='word_1_204' title='bbox 456 3015 807 3073; x_wconf 84' lang='lat' dir='ltr'>insatiabilis</span> <span class='ocrx_word' id='word_1_205' title='bbox 839 3013 1116 3087; x_wconf 87' lang='lat' dir='ltr'>epulandi</span> <span class='ocrx_word' id='word_1_206' title='bbox 1148 3013 1348 3069; x_wconf 88' lang='lat' dir='ltr'>libido.</span> <span class='ocrx_word' id='word_1_207' title='bbox 1383 3012 1644 3066; x_wconf 90' lang='lat' dir='ltr'>Primum</span> <span class='ocrx_word' id='word_1_208' title='bbox 1700 3026 1837 3082; x_wconf 90' lang='lat' dir='ltr'>ergo</span> 
     </span>
    </p>
   </div>
   <div class='ocr_carea' id='block_1_32' title="bbox 200 3101 1838 3179">
    <p class='ocr_par' dir='ltr' id='par_1_32' title="bbox 200 3101 1838 3179">
     <span class='ocr_line' id='line_1_32' title="bbox 200 3101 1838 3179; baseline -0.004 -19"><span class='ocrx_word' id='word_1_209' title='bbox 200 3106 513 3179; x_wconf 83' lang='lat' dir='ltr'>indigentia</span> <span class='ocrx_word' id='word_1_210' title='bbox 536 3109 644 3171; x_wconf 90' lang='lat' dir='ltr'>est,</span> <span class='ocrx_word' id='word_1_211' title='bbox 677 3108 734 3159; x_wconf 87' lang='lat' dir='ltr'>et</span> <span class='ocrx_word' id='word_1_212' title='bbox 755 3104 938 3159; x_wconf 88' lang='lat' dir='ltr'>fames</span> <span class='ocrx_word' id='word_1_213' title='bbox 966 3119 979 3157; x_wconf 92' lang='lat'>:</span> <span class='ocrx_word' id='word_1_214' title='bbox 1021 3102 1227 3158; x_wconf 88' lang='lat' dir='ltr'>deinde</span> <span class='ocrx_word' id='word_1_215' title='bbox 1257 3118 1324 3156; x_wconf 85' lang='lat' dir='ltr'>ex</span> <span class='ocrx_word' id='word_1_216' title='bbox 1357 3101 1449 3156; x_wconf 91' lang='lat' dir='ltr'>his</span> <span class='ocrx_word' id='word_1_217' title='bbox 1497 3103 1838 3171; x_wconf 88' lang='lat' dir='ltr'>sequeretur</span> 
     </span>
    </p>
   </div>
   <div class='ocr_carea' id='block_1_33' title="bbox 200 3175 1912 3253">
    <p class='ocr_par' dir='ltr' id='par_1_33' title="bbox 200 3175 1912 3253">
     <span class='ocr_line' id='line_1_33' title="bbox 200 3175 1912 3253; baseline -0.004 -4"><span class='ocrx_word' id='word_1_218' title='bbox 200 3175 394 3251; x_wconf 67' lang='lat' dir='ltr'>ededdi</span> <span class='ocrx_word' id='word_1_219' title='bbox 426 3194 554 3250; x_wconf 89' lang='lat' dir='ltr'>sine</span> <span class='ocrx_word' id='word_1_220' title='bbox 587 3191 1020 3248; x_wconf 87' lang='lat' dir='ltr'>intermissione</span> <span class='ocrx_word' id='word_1_221' title='bbox 1049 3189 1426 3246; x_wconf 87' lang='lat' dir='ltr'>continuatio.</span> <span class='ocrx_word' id='word_1_222' title='bbox 1462 3189 1610 3253; x_wconf 90' lang='lat' dir='ltr'>Quid</span> <span class='ocrx_word' id='word_1_223' title='bbox 1643 3192 1837 3244; x_wconf 88' lang='lat' dir='ltr'>autem</span> <span class='ocrx_word' id='word_1_224' title='bbox 1869 3175 1912 3242; x_wconf 85' lang='lat' dir='ltr'>C</span> 
     </span>
    </p>
   </div>
   <div class='ocr_carea' id='block_1_34' title="bbox 203 3277 1839 3354">
    <p class='ocr_par' dir='ltr' id='par_1_34' title="bbox 203 3277 1839 3354">
     <span class='ocr_line' id='line_1_34' title="bbox 203 3277 1839 3354; baseline -0.004 -16"><span class='ocrx_word' id='word_1_225' title='bbox 203 3283 511 3340; x_wconf 79' lang='lat' dir='ltr'>deformius</span> <span class='ocrx_word' id='word_1_226' title='bbox 545 3298 723 3354; x_wconf 90' lang='lat' dir='ltr'>quam</span> <span class='ocrx_word' id='word_1_227' title='bbox 756 3297 988 3352; x_wconf 89' lang='lat' dir='ltr'>semper</span> <span class='ocrx_word' id='word_1_228' title='bbox 1017 3279 1203 3336; x_wconf 89' lang='lat' dir='ltr'>ventri</span> <span class='ocrx_word' id='word_1_229' title='bbox 1259 3279 1512 3344; x_wconf 87' lang='lat' dir='ltr'>studere,</span> <span class='ocrx_word' id='word_1_230' title='bbox 1548 3277 1646 3349; x_wconf 88' lang='lat' dir='ltr'>qui</span> <span class='ocrx_word' id='word_1_231' title='bbox 1705 3293 1839 3332; x_wconf 91' lang='lat' dir='ltr'>cum</span> 
     </span>
    </p>
   </div>
   <div class='ocr_carea' id='block_1_35' title="bbox 203 3365 1846 3444">
    <p class='ocr_par' dir='ltr' id='par_1_35' title="bbox 203 3365 1846 3444">
     <span class='ocr_line' id='line_1_35' title="bbox 203 3365 1846 3444; baseline -0.005 -16"><span class='ocrx_word' id='word_1_232' title='bbox 203 3372 470 3444; x_wconf 86' lang='lat' dir='ltr'>repletur,</span> <span class='ocrx_word' id='word_1_233' title='bbox 497 3369 836 3426; x_wconf 85' lang='lat' dir='ltr'>vacuandus</span> <span class='ocrx_word' id='word_1_234' title='bbox 867 3373 955 3424; x_wconf 91' lang='lat' dir='ltr'>est</span> <span class='ocrx_word' id='word_1_235' title='bbox 989 3387 1001 3436; x_wconf 93' lang='lat'><strong>;</strong></span> <span class='ocrx_word' id='word_1_236' title='bbox 1030 3384 1164 3423; x_wconf 90' lang='lat' dir='ltr'>eum</span> <span class='ocrx_word' id='word_1_237' title='bbox 1187 3365 1846 3437; x_wconf 85' lang='lat' dir='ltr'>vacuatur,replendus?</span> 
     </span>
    </p>
   </div>
   <div class='ocr_carea' id='block_1_36' title="bbox 204 3453 1845 3531">
    <p class='ocr_par' dir='ltr' id='par_1_36' title="bbox 204 3453 1845 3531">
     <span class='ocr_line' id='line_1_36' title="bbox 204 3453 1845 3531; baseline -0.004 -15"><span class='ocrx_word' id='word_1_238' title='bbox 204 3460 454 3516; x_wconf 86' lang='lat' dir='ltr'>Tertium</span> <span class='ocrx_word' id='word_1_239' title='bbox 487 3459 630 3531; x_wconf 91' lang='lat' dir='ltr'>quid</span> <span class='ocrx_word' id='word_1_240' title='bbox 663 3463 918 3528; x_wconf 87' lang='lat' dir='ltr'>superat,</span> <span class='ocrx_word' id='word_1_241' title='bbox 956 3457 1071 3512; x_wconf 91' lang='lat' dir='ltr'>nisi</span> <span class='ocrx_word' id='word_1_242' title='bbox 1106 3473 1263 3512; x_wconf 91' lang='lat' dir='ltr'>mors</span> <span class='ocrx_word' id='word_1_243' title='bbox 1295 3455 1444 3510; x_wconf 89' lang='lat' dir='ltr'>inter</span> <span class='ocrx_word' id='word_1_244' title='bbox 1472 3454 1632 3526; x_wconf 90' lang='lat' dir='ltr'>ipsos</span> <span class='ocrx_word' id='word_1_245' title='bbox 1683 3453 1845 3510; x_wconf 87' lang='lat' dir='ltr'>cibos</span> 
     </span>
    </p>
   </div>
   <div class='ocr_carea' id='block_1_37' title="bbox 205 3542 1846 3621">
    <p class='ocr_par' dir='ltr' id='par_1_37' title="bbox 205 3542 1846 3621">
     <span class='ocr_line' id='line_1_37' title="bbox 205 3542 1846 3621; baseline -0.005 -17"><span class='ocrx_word' id='word_1_246' title='bbox 205 3547 516 3621; x_wconf 86' lang='lat' dir='ltr'>epulasque</span> <span class='ocrx_word' id='word_1_247' title='bbox 547 3547 830 3620; x_wconf 83' lang='lat' dir='ltr'>pcrmista</span> <span class='ocrx_word' id='word_1_248' title='bbox 866 3549 887 3601; x_wconf 72' lang='grc' dir='ltr'><strong><em>Ρ</em></strong></span> <span class='ocrx_word' id='word_1_249' title='bbox 915 3545 1218 3609; x_wconf 87' lang='lat' dir='ltr'>Quomodo</span> <span class='ocrx_word' id='word_1_250' title='bbox 1241 3543 1397 3600; x_wconf 91' lang='lat' dir='ltr'>enim</span> <span class='ocrx_word' id='word_1_251' title='bbox 1423 3546 1693 3615; x_wconf 87' lang='lat' dir='ltr'>poterant</span> <span class='ocrx_word' id='word_1_252' title='bbox 1723 3542 1846 3597; x_wconf 91' lang='lat' dir='ltr'>diu-</span> 
     </span>
    </p>
   </div>
   <div class='ocr_carea' id='block_1_38' title="bbox 205 3631 1843 3708">
    <p class='ocr_par' dir='ltr' id='par_1_38' title="bbox 205 3631 1843 3708">
     <span class='ocr_line' id='line_1_38' title="bbox 205 3631 1843 3708; baseline -0.004 -17"><span class='ocrx_word' id='word_1_253' title='bbox 205 3636 315 3694; x_wconf 88' lang='lat' dir='ltr'>tius</span> <span class='ocrx_word' id='word_1_254' title='bbox 344 3638 521 3693; x_wconf 79' lang='lat' dir='ltr'>vitam</span> <span class='ocrx_word' id='word_1_255' title='bbox 554 3635 883 3708; x_wconf 89' lang='lat' dir='ltr'>procedere,</span> <span class='ocrx_word' id='word_1_256' title='bbox 918 3632 1096 3689; x_wconf 89' lang='lat' dir='ltr'>simul</span> <span class='ocrx_word' id='word_1_257' title='bbox 1128 3633 1384 3699; x_wconf 88' lang='lat' dir='ltr'>edentes,</span> <span class='ocrx_word' id='word_1_258' title='bbox 1411 3637 1468 3687; x_wconf 89' lang='lat' dir='ltr'>et</span> <span class='ocrx_word' id='word_1_259' title='bbox 1498 3631 1843 3700; x_wconf 90' lang='lat' dir='ltr'>esurientes,</span> 
     </span>
    </p>
   </div>
   <div class='ocr_carea' id='block_1_39' title="bbox 203 3719 1849 3795">
    <p class='ocr_par' dir='ltr' id='par_1_39' title="bbox 203 3719 1849 3795">
     <span class='ocr_line' id='line_1_39' title="bbox 203 3719 1849 3795; baseline -0.004 -15"><span class='ocrx_word' id='word_1_260' title='bbox 203 3732 254 3780; x_wconf 87' lang='lat' dir='ltr'>et</span> <span class='ocrx_word' id='word_1_261' title='bbox 282 3727 565 3794; x_wconf 89' lang='lat' dir='ltr'>bibentes,</span> <span class='ocrx_word' id='word_1_262' title='bbox 591 3724 996 3795; x_wconf 89' lang='lat' dir='ltr'>sitientesque,</span> <span class='ocrx_word' id='word_1_263' title='bbox 1021 3726 1078 3777; x_wconf 90' lang='lat' dir='ltr'>et</span> <span class='ocrx_word' id='word_1_264' title='bbox 1106 3721 1452 3793; x_wconf 88' lang='lat' dir='ltr'>priusquam</span> <span class='ocrx_word' id='word_1_265' title='bbox 1485 3719 1849 3792; x_wconf 88' lang='lat' dir='ltr'>replerentur</span> 
     </span>
    </p>
   </div>
   <div class='ocr_carea' id='block_1_40' title="bbox 203 3809 1847 3884">
    <p class='ocr_par' dir='ltr' id='par_1_40' title="bbox 203 3809 1847 3884">
     <span class='ocr_line' id='line_1_40' title="bbox 203 3809 1847 3884; baseline -0.004 -15"><span class='ocrx_word' id='word_1_266' title='bbox 203 3815 588 3871; x_wconf 77' lang='lat' dir='ltr'>exinaniantes</span> <span class='ocrx_word' id='word_1_267' title='bbox 637 3829 809 3868; x_wconf 90' lang='lat' dir='ltr'>omne</span> <span class='ocrx_word' id='word_1_268' title='bbox 861 3812 1016 3884; x_wconf 85' lang='lat' dir='ltr'>quod</span> <span class='ocrx_word' id='word_1_269' title='bbox 1074 3813 1467 3882; x_wconf 89' lang='lat' dir='ltr'>sumpserant,</span> <span class='ocrx_word' id='word_1_270' title='bbox 1530 3809 1847 3880; x_wconf 86' lang='lat' dir='ltr'>statimque</span> 
     </span>
    </p>
   </div>
   <div class='ocr_carea' id='block_1_41' title="bbox 207 3897 1850 3970">
    <p class='ocr_par' dir='ltr' id='par_1_41' title="bbox 207 3897 1850 3970">
     <span class='ocr_line' id='line_1_41' title="bbox 207 3897 1850 3970; baseline -0.004 -13"><span class='ocrx_word' id='word_1_271' title='bbox 207 3904 514 3959; x_wconf 82' lang='lat' dir='ltr'>esurientes</span> <span class='ocrx_word' id='word_1_272' title='bbox 544 3903 571 3957; x_wconf 74' lang='lat' dir='ltr'>‘I</span> <span class='ocrx_word' id='word_1_273' title='bbox 597 3902 762 3957; x_wconf 85' lang='lat' dir='ltr'>Nunc</span> <span class='ocrx_word' id='word_1_274' title='bbox 794 3907 987 3956; x_wconf 88' lang='lat' dir='ltr'>autem</span> <span class='ocrx_word' id='word_1_275' title='bbox 1033 3900 1176 3954; x_wconf 90' lang='lat' dir='ltr'>dum</span> <span class='ocrx_word' id='word_1_276' title='bbox 1206 3899 1488 3970; x_wconf 89' lang='lat' dir='ltr'>paulatim</span> <span class='ocrx_word' id='word_1_277' title='bbox 1546 3897 1850 3953; x_wconf 87' lang='lat' dir='ltr'>descendit</span> 
     </span>
    </p>
   </div>
   <div class='ocr_carea' id='block_1_42' title="bbox 209 3987 1849 4060">
    <p class='ocr_par' dir='ltr' id='par_1_42' title="bbox 209 3987 1849 4060">
     <span class='ocr_line' id='line_1_42' title="bbox 209 3987 1849 4060; baseline -0.002 -15"><span class='ocrx_word' id='word_1_278' title='bbox 209 4008 352 4060; x_wconf 87' lang='lat' dir='ltr'>esca,</span> <span class='ocrx_word' id='word_1_279' title='bbox 384 3993 600 4049; x_wconf 88' lang='lat' dir='ltr'>famem</span> <span class='ocrx_word' id='word_1_280' title='bbox 633 3995 690 4046; x_wconf 90' lang='lat' dir='ltr'>et</span> <span class='ocrx_word' id='word_1_281' title='bbox 710 3990 1054 4046; x_wconf 87' lang='lat' dir='ltr'>cruditatem</span> <span class='ocrx_word' id='word_1_282' title='bbox 1089 3987 1372 4043; x_wconf 89' lang='lat' dir='ltr'>naturalis</span> <span class='ocrx_word' id='word_1_283' title='bbox 1401 3991 1686 4059; x_wconf 90' lang='lat' dir='ltr'>temperat</span> <span class='ocrx_word' id='word_1_284' title='bbox 1713 4003 1849 4058; x_wconf 90' lang='lat' dir='ltr'>pro-</span> 
     </span>
    </p>
   </div>
   <div class='ocr_carea' id='block_1_43' title="bbox 209 4074 1849 4148">
    <p class='ocr_par' dir='ltr' id='par_1_43' title="bbox 209 4074 1849 4148">
     <span class='ocr_line' id='line_1_43' title="bbox 209 4074 1849 4148; baseline -0.001 -16"><span class='ocrx_word' id='word_1_285' title='bbox 209 4081 467 4137; x_wconf 86' lang='lat' dir='ltr'>videntia.</span> <span class='ocrx_word' id='word_1_286' title='bbox 503 4079 767 4136; x_wconf 87' lang='lat' dir='ltr'>Primum</span> <span class='ocrx_word' id='word_1_287' title='bbox 813 4079 968 4134; x_wconf 89' lang='lat' dir='ltr'>enim</span> <span class='ocrx_word' id='word_1_288' title='bbox 1018 4077 1077 4133; x_wconf 92' lang='lat' dir='ltr'>in</span> <span class='ocrx_word' id='word_1_289' title='bbox 1109 4076 1408 4132; x_wconf 88' lang='lat' dir='ltr'>stomacho</span> <span class='ocrx_word' id='word_1_290' title='bbox 1441 4091 1616 4148; x_wconf 91' lang='lat' dir='ltr'>quem</span> <span class='ocrx_word' id='word_1_291' title='bbox 1676 4074 1849 4147; x_wconf 85' lang='lat' dir='ltr'>pleri-</span> 
     </span>
    </p>
   </div>
   <div class='ocr_carea' id='block_1_44' title="bbox 212 4163 1851 4242">
    <p class='ocr_par' dir='ltr' id='par_1_44' title="bbox 212 4163 1851 4242">
     <span class='ocr_line' id='line_1_44' title="bbox 212 4163 1851 4242; baseline -0.004 -18"><span class='ocrx_word' id='word_1_292' title='bbox 212 4185 317 4242; x_wconf 85' lang='lat' dir='ltr'>que</span> <span class='ocrx_word' id='word_1_293' title='bbox 346 4175 602 4226; x_wconf 85' lang='lat' dir='ltr'>ventrem</span> <span class='ocrx_word' id='word_1_294' title='bbox 635 4167 934 4240; x_wconf 88' lang='lat' dir='ltr'>appellant</span> <span class='ocrx_word' id='word_1_295' title='bbox 962 4165 1352 4238; x_wconf 90' lang='lat' dir='ltr'>superiorem,</span> <span class='ocrx_word' id='word_1_296' title='bbox 1403 4166 1571 4220; x_wconf 90' lang='lat' dir='ltr'>cibus</span> <span class='ocrx_word' id='word_1_297' title='bbox 1618 4163 1851 4220; x_wconf 91' lang='lat' dir='ltr'>conﬁci—</span> 
     </span>
    </p>
   </div>
   <div class='ocr_carea' id='block_1_45' title="bbox 214 4252 1856 4329">
    <p class='ocr_par' dir='ltr' id='par_1_45' title="bbox 214 4252 1856 4329">
     <span class='ocr_line' id='line_1_45' title="bbox 214 4252 1856 4329; baseline -0.003 -18"><span class='ocrx_word' id='word_1_298' title='bbox 214 4263 302 4314; x_wconf 90' lang='lat' dir='ltr'>tur</span> <span class='ocrx_word' id='word_1_299' title='bbox 330 4278 341 4314; x_wconf 90' lang='lat'><strong>:</strong></span> <span class='ocrx_word' id='word_1_300' title='bbox 373 4259 586 4315; x_wconf 88' lang='lat' dir='ltr'>deinde</span> <span class='ocrx_word' id='word_1_301' title='bbox 607 4257 878 4329; x_wconf 82' lang='lat' dir='ltr'>coquitur</span> <span class='ocrx_word' id='word_1_302' title='bbox 907 4254 966 4310; x_wconf 90' lang='lat' dir='ltr'>in</span> <span class='ocrx_word' id='word_1_303' title='bbox 994 4257 1216 4326; x_wconf 88' lang='lat' dir='ltr'>jecore,</span> <span class='ocrx_word' id='word_1_304' title='bbox 1252 4259 1426 4326; x_wconf 84' lang='lat' dir='ltr'>atque</span> <span class='ocrx_word' id='word_1_305' title='bbox 1448 4270 1514 4309; x_wconf 91' lang='lat' dir='ltr'>eo</span> <span class='ocrx_word' id='word_1_306' title='bbox 1570 4252 1856 4326; x_wconf 83' lang='lat' dir='ltr'>digeritur</span> 
     </span>
    </p>
   </div>
   <div class='ocr_carea' id='block_1_46' title="bbox 212 4343 1853 4420">
    <p class='ocr_par' dir='ltr' id='par_1_46' title="bbox 212 4343 1853 4420">
     <span class='ocr_line' id='line_1_46' title="bbox 212 4343 1853 4420; baseline -0.002 -20"><span class='ocrx_word' id='word_1_307' title='bbox 212 4363 428 4420; x_wconf 77' lang='lat' dir='ltr'>vapore.</span> <span class='ocrx_word' id='word_1_308' title='bbox 465 4349 691 4404; x_wconf 90' lang='lat' dir='ltr'>Succus</span> <span class='ocrx_word' id='word_1_309' title='bbox 721 4347 850 4417; x_wconf 90' lang='lat' dir='ltr'>ejus</span> <span class='ocrx_word' id='word_1_310' title='bbox 871 4344 1150 4400; x_wconf 88' lang='lat' dir='ltr'>dividitur</span> <span class='ocrx_word' id='word_1_311' title='bbox 1180 4344 1352 4399; x_wconf 86' lang='lat' dir='ltr'>certis</span> <span class='ocrx_word' id='word_1_312' title='bbox 1376 4343 1666 4399; x_wconf 90' lang='lat' dir='ltr'>viscerum</span> <span class='ocrx_word' id='word_1_313' title='bbox 1721 4357 1853 4414; x_wconf 87' lang='lat' dir='ltr'>por-</span> 
     </span>
    </p>
   </div>
   <div class='ocr_carea' id='block_1_47' title="bbox 213 4429 1854 4507">
    <p class='ocr_par' dir='ltr' id='par_1_47' title="bbox 213 4429 1854 4507">
     <span class='ocr_line' id='line_1_47' title="bbox 213 4429 1854 4507; baseline -0.004 -15"><span class='ocrx_word' id='word_1_314' title='bbox 213 4436 479 4501; x_wconf 85' lang='lat' dir='ltr'>tionibus,</span> <span class='ocrx_word' id='word_1_315' title='bbox 514 4453 583 4492; x_wconf 85' lang='lat' dir='ltr'>ex</span> <span class='ocrx_word' id='word_1_316' title='bbox 615 4451 731 4507; x_wconf 90' lang='lat' dir='ltr'>quo</span> <span class='ocrx_word' id='word_1_317' title='bbox 754 4450 925 4490; x_wconf 90' lang='lat' dir='ltr'>omne</span> <span class='ocrx_word' id='word_1_318' title='bbox 957 4449 1169 4505; x_wconf 91' lang='lat' dir='ltr'>corpus</span> <span class='ocrx_word' id='word_1_319' title='bbox 1202 4431 1462 4488; x_wconf 89' lang='lat' dir='ltr'>valescit.</span> <span class='ocrx_word' id='word_1_320' title='bbox 1496 4431 1655 4496; x_wconf 88' lang='lat' dir='ltr'>Quod</span> <span class='ocrx_word' id='word_1_321' title='bbox 1709 4429 1854 4485; x_wconf 89' lang='lat' dir='ltr'>satis</span> 
     </span>
    </p>
   </div>
   <div class='ocr_carea' id='block_1_48' title="bbox 1416 305 2416 369">
    <p class='ocr_par' dir='ltr' id='par_1_48' title="bbox 1416 305 2416 369">
     <span class='ocr_line' id='line_1_48' title="bbox 1416 305 2416 369; baseline -0.002 -1"><span class='ocrx_word' id='word_1_322' title='bbox 1416 307 1650 369; x_wconf 78' lang='lat' dir='ltr'><strong>LIBER</strong></span> <span class='ocrx_word' id='word_1_323' title='bbox 1696 305 1798 368; x_wconf 85' lang='lat' dir='ltr'>DE</span> <span class='ocrx_word' id='word_1_324' title='bbox 1841 306 2012 368; x_wconf 86' lang='lat' dir='ltr'>NOE-</span> <span class='ocrx_word' id='word_1_325' title='bbox 2044 305 2142 368; x_wconf 89' lang='lat' dir='ltr'>ET</span> <span class='ocrx_word' id='word_1_326' title='bbox 2185 305 2416 368; x_wconf 83' lang='lat' dir='ltr'>ARGA.</span> 
     </span>
    </p>
   </div>
   <div class='ocr_carea' id='block_1_49' title="bbox 1877 1808 1925 1873">
    <p class='ocr_par' dir='ltr' id='par_1_49' title="bbox 1877 1808 1925 1873">
     <span class='ocr_line' id='line_1_49' title="bbox 1877 1808 1925 1873; baseline 0 0"><span class='ocrx_word' id='word_1_327' title='bbox 1877 1808 1925 1873; x_wconf 95' lang='lat' dir='ltr'><strong>B</strong></span> 
     </span>
    </p>
   </div>
   <div class='ocr_carea' id='block_1_50' title="bbox 3493 307 3616 368">
    <p class='ocr_par' dir='ltr' id='par_1_50' title="bbox 3493 307 3616 368">
     <span class='ocr_line' id='line_1_50' title="bbox 3493 307 3616 368; baseline 0 0"><span class='ocrx_word' id='word_1_328' title='bbox 3493 307 3616 368; x_wconf 68' lang='lat'>394</span> 
     </span>
    </p>
   </div>
   <div class='ocr_carea' id='block_1_51' title="bbox 3266 439 3610 496">
    <p class='ocr_par' dir='ltr' id='par_1_51' title="bbox 3266 439 3610 496">
     <span class='ocr_line' id='line_1_51' title="bbox 3266 439 3610 496; baseline 0.006 -2"><span class='ocrx_word' id='word_1_329' title='bbox 3266 439 3610 496; x_wconf 87' lang='lat' dir='ltr'>cruditatem</span> 
     </span>
    </p>
   </div>
   <div class='ocr_carea' id='block_1_52' title="bbox 1924 527 3615 600">
    <p class='ocr_par' dir='ltr' id='par_1_52' title="bbox 1924 527 3615 600">
     <span class='ocr_line' id='line_1_52' title="bbox 1924 527 3615 600; baseline 0.002 -19"><span class='ocrx_word' id='word_1_330' title='bbox 1924 561 1928 563; x_wconf 63' lang='grc'><strong>›</strong></span> <span class='ocrx_word' id='word_1_331' title='bbox 1971 533 2230 600; x_wconf 85' lang='lat' dir='ltr'>generat,</span> <span class='ocrx_word' id='word_1_332' title='bbox 2259 527 2647 600; x_wconf 89' lang='lat' dir='ltr'>corruptelam</span> <span class='ocrx_word' id='word_1_333' title='bbox 2680 533 2854 584; x_wconf 90' lang='lat' dir='ltr'>creat.</span> <span class='ocrx_word' id='word_1_334' title='bbox 2889 529 3089 600; x_wconf 89' lang='lat' dir='ltr'>Itaque</span> <span class='ocrx_word' id='word_1_335' title='bbox 3121 531 3221 583; x_wconf 88' lang='lat' dir='ltr'>aut</span> <span class='ocrx_word' id='word_1_336' title='bbox 3249 527 3469 583; x_wconf 87' lang='lat' dir='ltr'>duritia</span> <span class='ocrx_word' id='word_1_337' title='bbox 3525 529 3615 585; x_wconf 85' lang='lat' dir='ltr'>in-</span> 
     </span>
    </p>
   </div>
   <div class='ocr_carea' id='block_1_53' title="bbox 1969 617 3617 689">
    <p class='ocr_par' dir='ltr' id='par_1_53' title="bbox 1969 617 3617 689">
     <span class='ocr_line' id='line_1_53' title="bbox 1969 617 3617 689; baseline 0.002 -18"><span class='ocrx_word' id='word_1_338' title='bbox 1969 621 2136 672; x_wconf 91' lang='lat' dir='ltr'>terna</span> <span class='ocrx_word' id='word_1_339' title='bbox 2163 617 2502 685; x_wconf 88' lang='lat' dir='ltr'>tenduntur,</span> <span class='ocrx_word' id='word_1_340' title='bbox 2529 622 2586 672; x_wconf 92' lang='lat' dir='ltr'>et</span> <span class='ocrx_word' id='word_1_341' title='bbox 2615 617 2962 689; x_wconf 87' lang='lat' dir='ltr'>quatiuntur</span> <span class='ocrx_word' id='word_1_342' title='bbox 2990 617 3310 683; x_wconf 91' lang='lat' dir='ltr'>doloribus,</span> <span class='ocrx_word' id='word_1_343' title='bbox 3342 621 3442 672; x_wconf 90' lang='lat' dir='ltr'>aut</span> <span class='ocrx_word' id='word_1_344' title='bbox 3463 617 3617 674; x_wconf 91' lang='lat' dir='ltr'>inco-</span> 
     </span>
    </p>
   </div>
   <div class='ocr_carea' id='block_1_54' title="bbox 1969 704 3616 778">
    <p class='ocr_par' dir='ltr' id='par_1_54' title="bbox 1969 704 3616 778">
     <span class='ocr_line' id='line_1_54' title="bbox 1969 704 3616 778; baseline 0.003 -20"><span class='ocrx_word' id='word_1_345' title='bbox 1969 705 2058 760; x_wconf 89' lang='lat' dir='ltr'>cto</span> <span class='ocrx_word' id='word_1_346' title='bbox 2111 704 2377 760; x_wconf 91' lang='lat' dir='ltr'>ciborum</span> <span class='ocrx_word' id='word_1_347' title='bbox 2432 705 2679 761; x_wconf 90' lang='lat' dir='ltr'>humore</span> <span class='ocrx_word' id='word_1_348' title='bbox 2737 710 2794 760; x_wconf 91' lang='lat' dir='ltr'>et</span> <span class='ocrx_word' id='word_1_349' title='bbox 2848 705 3254 778; x_wconf 88' lang='lat' dir='ltr'>indigestionis</span> <span class='ocrx_word' id='word_1_350' title='bbox 3304 705 3616 777; x_wconf 87' lang='lat' dir='ltr'>asperitate</span> 
     </span>
    </p>
   </div>
   <div class='ocr_carea' id='block_1_55' title="bbox 1966 792 3606 866">
    <p class='ocr_par' dir='ltr' id='par_1_55' title="bbox 1966 792 3606 866">
     <span class='ocr_line' id='line_1_55' title="bbox 1966 792 3606 866; baseline 0.004 -20"><span class='ocrx_word' id='word_1_351' title='bbox 1966 792 2207 849; x_wconf 88' lang='lat' dir='ltr'>interior</span> <span class='ocrx_word' id='word_1_352' title='bbox 2263 794 2504 866; x_wconf 71' lang='lat' dir='ltr'>quidam</span> <span class='ocrx_word' id='word_1_353' title='bbox 2563 794 2976 850; x_wconf 89' lang='lat' dir='ltr'>intestinorum</span> <span class='ocrx_word' id='word_1_354' title='bbox 3033 795 3285 850; x_wconf 86' lang='lat' dir='ltr'>amictus</span> <span class='ocrx_word' id='word_1_355' title='bbox 3341 794 3606 852; x_wconf 88' lang='lat' dir='ltr'>raditur:</span> 
     </span>
    </p>
   </div>
   <div class='ocr_carea' id='block_1_56' title="bbox 1967 882 3611 956">
    <p class='ocr_par' dir='ltr' id='par_1_56' title="bbox 1967 882 3611 956">
     <span class='ocr_line' id='line_1_56' title="bbox 1967 882 3611 956; baseline 0.003 -20"><span class='ocrx_word' id='word_1_356' title='bbox 1967 882 2105 954; x_wconf 88' lang='lat' dir='ltr'>quia</span> <span class='ocrx_word' id='word_1_357' title='bbox 2133 882 2290 938; x_wconf 86' lang='lat' dir='ltr'>velut</span> <span class='ocrx_word' id='word_1_358' title='bbox 2318 883 2531 939; x_wconf 81' lang='lat' dir='ltr'>chartae</span> <span class='ocrx_word' id='word_1_359' title='bbox 2573 883 2765 955; x_wconf 90' lang='lat' dir='ltr'>specie</span> <span class='ocrx_word' id='word_1_360' title='bbox 2815 884 3086 956; x_wconf 89' lang='lat' dir='ltr'>geminus</span> <span class='ocrx_word' id='word_1_361' title='bbox 3125 901 3326 939; x_wconf 88' lang='lat' dir='ltr'>eorum</span> <span class='ocrx_word' id='word_1_362' title='bbox 3359 885 3611 942; x_wconf 83' lang='lat' dir='ltr'>amictus</span> 
     </span>
    </p>
   </div>
   <div class='ocr_carea' id='block_1_57' title="bbox 1963 971 3607 1046">
    <p class='ocr_par' dir='ltr' id='par_1_57' title="bbox 1963 971 3607 1046">
     <span class='ocr_line' id='line_1_57' title="bbox 1963 971 3607 1046; baseline 0.002 -19"><span class='ocrx_word' id='word_1_363' title='bbox 1963 971 2426 1028; x_wconf 81' lang='lat' dir='ltr'>asseriturzunus</span> <span class='ocrx_word' id='word_1_364' title='bbox 2457 973 2706 1028; x_wconf 84' lang='lat' dir='ltr'>exterior</span> <span class='ocrx_word' id='word_1_365' title='bbox 2736 989 2908 1044; x_wconf 88' lang='lat' dir='ltr'>quem</span> <span class='ocrx_word' id='word_1_366' title='bbox 2940 973 3285 1028; x_wconf 89' lang='lat' dir='ltr'>continuum</span> <span class='ocrx_word' id='word_1_367' title='bbox 3319 974 3485 1028; x_wconf 88' lang='lat' dir='ltr'>aiunt</span> <span class='ocrx_word' id='word_1_368' title='bbox 3509 991 3607 1046; x_wconf 87' lang='lat' dir='ltr'>pe-</span> 
     </span>
    </p>
   </div>
   <div class='ocr_carea' id='block_1_58' title="bbox 1963 1059 3608 1132">
    <p class='ocr_par' dir='ltr' id='par_1_58' title="bbox 1963 1059 3608 1132">
     <span class='ocr_line' id='line_1_58' title="bbox 1963 1059 3608 1132; baseline 0.002 -17"><span class='ocrx_word' id='word_1_369' title='bbox 1963 1059 2078 1130; x_wconf 89' lang='lat' dir='ltr'>riti,</span> <span class='ocrx_word' id='word_1_370' title='bbox 2111 1060 2198 1116; x_wconf 89' lang='lat' dir='ltr'>vel</span> <span class='ocrx_word' id='word_1_371' title='bbox 2230 1061 2329 1132; x_wconf 90' lang='lat' dir='ltr'>qui</span> <span class='ocrx_word' id='word_1_372' title='bbox 2363 1061 2630 1117; x_wconf 91' lang='lat' dir='ltr'>curiosus</span> <span class='ocrx_word' id='word_1_373' title='bbox 2661 1062 2906 1117; x_wconf 85' lang='lat' dir='ltr'>scrutati</span> <span class='ocrx_word' id='word_1_374' title='bbox 2963 1065 3120 1127; x_wconf 88' lang='lat' dir='ltr'>sunt,</span> <span class='ocrx_word' id='word_1_375' title='bbox 3156 1079 3189 1117; x_wconf 91' lang='lat' dir='ltr'>a</span> <span class='ocrx_word' id='word_1_376' title='bbox 3242 1078 3476 1118; x_wconf 90' lang='lat' dir='ltr'>summo</span> <span class='ocrx_word' id='word_1_377' title='bbox 3535 1064 3608 1120; x_wconf 88' lang='lat' dir='ltr'>ad</span> 
     </span>
    </p>
   </div>
   <div class='ocr_carea' id='block_1_59' title="bbox 1960 1149 3610 1223">
    <p class='ocr_par' dir='ltr' id='par_1_59' title="bbox 1960 1149 3610 1223">
     <span class='ocr_line' id='line_1_59' title="bbox 1960 1149 3610 1223; baseline 0.003 -20"><span class='ocrx_word' id='word_1_378' title='bbox 1960 1149 2146 1204; x_wconf 90' lang='lat' dir='ltr'>imum</span> <span class='ocrx_word' id='word_1_379' title='bbox 2181 1151 2467 1206; x_wconf 89' lang='lat' dir='ltr'>directus:</span> <span class='ocrx_word' id='word_1_380' title='bbox 2515 1149 2666 1206; x_wconf 88' lang='lat' dir='ltr'>alius</span> <span class='ocrx_word' id='word_1_381' title='bbox 2695 1149 2936 1206; x_wconf 87' lang='lat' dir='ltr'>interior</span> <span class='ocrx_word' id='word_1_382' title='bbox 2990 1156 3272 1223; x_wconf 89' lang='lat' dir='ltr'>tanquam</span> <span class='ocrx_word' id='word_1_383' title='bbox 3331 1150 3610 1208; x_wconf 87' lang='lat' dir='ltr'>lateribus</span> 
     </span>
    </p>
   </div>
   <div class='ocr_carea' id='block_1_60' title="bbox 1960 1239 3607 1308">
    <p class='ocr_par' dir='ltr' id='par_1_60' title="bbox 1960 1239 3607 1308">
     <span class='ocr_line' id='line_1_60' title="bbox 1960 1239 3607 1308; baseline 0.004 -17"><span class='ocrx_word' id='word_1_384' title='bbox 1960 1243 2214 1294; x_wconf 87' lang='lat' dir='ltr'>attextus</span> <span class='ocrx_word' id='word_1_385' title='bbox 2245 1258 2256 1308; x_wconf 93' lang='lat'>;</span> <span class='ocrx_word' id='word_1_386' title='bbox 2295 1240 2449 1295; x_wconf 90' lang='lat' dir='ltr'>unde</span> <span class='ocrx_word' id='word_1_387' title='bbox 2479 1239 2647 1294; x_wconf 90' lang='lat' dir='ltr'>aiunt</span> <span class='ocrx_word' id='word_1_388' title='bbox 2678 1256 2793 1295; x_wconf 92' lang='lat' dir='ltr'>non</span> <span class='ocrx_word' id='word_1_389' title='bbox 2825 1244 3011 1296; x_wconf 91' lang='lat' dir='ltr'>totum</span> <span class='ocrx_word' id='word_1_390' title='bbox 3035 1239 3179 1296; x_wconf 91' lang='lat' dir='ltr'>solvi</span> <span class='ocrx_word' id='word_1_391' title='bbox 3203 1257 3338 1295; x_wconf 91' lang='lat' dir='ltr'>cum</span> <span class='ocrx_word' id='word_1_392' title='bbox 3360 1240 3607 1298; x_wconf 89' lang='lat' dir='ltr'>raditur.</span> 
     </span>
    </p>
   </div>
   <div class='ocr_carea' id='block_1_61' title="bbox 1957 1325 3610 1396">
    <p class='ocr_par' dir='ltr' id='par_1_61' title="bbox 1957 1325 3610 1396">
     <span class='ocr_line' id='line_1_61' title="bbox 1957 1325 3610 1396; baseline 0.004 -16"><span class='ocrx_word' id='word_1_393' title='bbox 1957 1325 2102 1381; x_wconf 89' lang='lat' dir='ltr'>Nam</span> <span class='ocrx_word' id='word_1_394' title='bbox 2137 1327 2184 1382; x_wconf 90' lang='lat' dir='ltr'>si</span> <span class='ocrx_word' id='word_1_395' title='bbox 2250 1328 2570 1383; x_wconf 89' lang='lat' dir='ltr'>continuus</span> <span class='ocrx_word' id='word_1_396' title='bbox 2622 1332 2776 1383; x_wconf 89' lang='lat' dir='ltr'>esset</span> <span class='ocrx_word' id='word_1_397' title='bbox 2834 1328 3095 1396; x_wconf 88' lang='lat' dir='ltr'>interior,</span> <span class='ocrx_word' id='word_1_398' title='bbox 3156 1328 3610 1386; x_wconf 86' lang='lat' dir='ltr'>immedicabilis</span> 
     </span>
    </p>
   </div>
   <div class='ocr_carea' id='block_1_62' title="bbox 1955 1415 3609 1488">
    <p class='ocr_par' dir='ltr' id='par_1_62' title="bbox 1955 1415 3609 1488">
     <span class='ocr_line' id='line_1_62' title="bbox 1955 1415 3609 1488; baseline 0.004 -19"><span class='ocrx_word' id='word_1_399' title='bbox 1955 1415 2087 1486; x_wconf 90' lang='lat' dir='ltr'>ejus</span> <span class='ocrx_word' id='word_1_400' title='bbox 2119 1416 2381 1472; x_wconf 89' lang='lat' dir='ltr'>scissura</span> <span class='ocrx_word' id='word_1_401' title='bbox 2413 1418 2578 1484; x_wconf 80' lang='lat' dir='ltr'>foret,</span> <span class='ocrx_word' id='word_1_402' title='bbox 2611 1417 2731 1472; x_wconf 93' lang='lat' dir='ltr'>illic</span> <span class='ocrx_word' id='word_1_403' title='bbox 2764 1433 2866 1488; x_wconf 89' lang='lat' dir='ltr'>per</span> <span class='ocrx_word' id='word_1_404' title='bbox 2897 1434 3121 1472; x_wconf 90' lang='lat' dir='ltr'>moram</span> <span class='ocrx_word' id='word_1_405' title='bbox 3162 1417 3609 1486; x_wconf 89' lang='lat' dir='ltr'>adjunctionum</span> 
     </span>
    </p>
   </div>
   <div class='ocr_carea' id='block_1_63' title="bbox 1951 1504 3610 1580">
    <p class='ocr_par' dir='ltr' id='par_1_63' title="bbox 1951 1504 3610 1580">
     <span class='ocr_line' id='line_1_63' title="bbox 1951 1504 3610 1580; baseline 0.004 -22"><span class='ocrx_word' id='word_1_406' title='bbox 1951 1504 2242 1561; x_wconf 67' lang='lat' dir='ltr'>adhaerere</span> <span class='ocrx_word' id='word_1_407' title='bbox 2297 1505 2559 1561; x_wconf 90' lang='lat' dir='ltr'>ciborum</span> <span class='ocrx_word' id='word_1_408' title='bbox 2585 1504 2884 1578; x_wconf 91' lang='lat' dir='ltr'>reliquias.</span> <span class='ocrx_word' id='word_1_409' title='bbox 2939 1509 3072 1572; x_wconf 59' lang='lat' dir='ltr'>Quae</span> <span class='ocrx_word' id='word_1_410' title='bbox 3122 1507 3172 1562; x_wconf 89' lang='lat' dir='ltr'>si</span> <span class='ocrx_word' id='word_1_411' title='bbox 3203 1508 3610 1580; x_wconf 88' lang='lat' dir='ltr'>adjunctiones</span> 
     </span>
    </p>
   </div>
   <div class='ocr_carea' id='block_1_64' title="bbox 1949 1591 3606 1668">
    <p class='ocr_par' dir='ltr' id='par_1_64' title="bbox 1949 1591 3606 1668">
     <span class='ocr_line' id='line_1_64' title="bbox 1949 1591 3606 1668; baseline 0.004 -21"><span class='ocrx_word' id='word_1_412' title='bbox 1949 1591 2268 1662; x_wconf 90' lang='lat' dir='ltr'>solvantur,</span> <span class='ocrx_word' id='word_1_413' title='bbox 2292 1595 2541 1649; x_wconf 88' lang='lat' dir='ltr'>transire</span> <span class='ocrx_word' id='word_1_414' title='bbox 2571 1610 2830 1650; x_wconf 91' lang='lat' dir='ltr'>semesos</span> <span class='ocrx_word' id='word_1_415' title='bbox 2869 1594 3050 1663; x_wconf 91' lang='lat' dir='ltr'>cibos,</span> <span class='ocrx_word' id='word_1_416' title='bbox 3070 1599 3128 1650; x_wconf 91' lang='lat' dir='ltr'>et</span> <span class='ocrx_word' id='word_1_417' title='bbox 3174 1600 3347 1668; x_wconf 90' lang='lat' dir='ltr'>potus</span> <span class='ocrx_word' id='word_1_418' title='bbox 3361 1597 3606 1668; x_wconf 83' lang='lat' dir='ltr'>deﬂuos,</span> 
     </span>
    </p>
   </div>
   <div class='ocr_carea' id='block_1_65' title="bbox 1948 1680 2810 1739">
    <p class='ocr_par' dir='ltr' id='par_1_65' title="bbox 1948 1680 2810 1739">
     <span class='ocr_line' id='line_1_65' title="bbox 1948 1680 2810 1739; baseline 0.001 -3"><span class='ocrx_word' id='word_1_419' title='bbox 1948 1680 2058 1737; x_wconf 92' lang='lat' dir='ltr'>hoc</span> <span class='ocrx_word' id='word_1_420' title='bbox 2088 1687 2178 1737; x_wconf 88' lang='lat' dir='ltr'>est</span> <span class='ocrx_word' id='word_1_421' title='bbox 2211 1682 2467 1739; x_wconf 89' lang='lat' dir='ltr'>hominis</span> <span class='ocrx_word' id='word_1_422' title='bbox 2499 1683 2810 1738; x_wconf 86' lang='lat' dir='ltr'>diluvium.</span> 
     </span>
    </p>
   </div>
   <div class='ocr_carea' id='block_1_66' title="bbox 2025 1771 3604 1848">
    <p class='ocr_par' dir='ltr' id='par_1_66' title="bbox 2025 1771 3604 1848">
     <span class='ocr_line' id='line_1_66' title="bbox 2025 1771 3604 1848; baseline 0.005 -24"><span class='ocrx_word' id='word_1_423' title='bbox 2025 1771 2114 1826; x_wconf 90' lang='lat'>30.</span> <span class='ocrx_word' id='word_1_424' title='bbox 2152 1771 2310 1827; x_wconf 90' lang='lat' dir='ltr'>Unde</span> <span class='ocrx_word' id='word_1_425' title='bbox 2343 1771 2487 1826; x_wconf 89' lang='lat' dir='ltr'>mihi</span> <span class='ocrx_word' id='word_1_426' title='bbox 2519 1772 2755 1827; x_wconf 91' lang='lat' dir='ltr'>videtur</span> <span class='ocrx_word' id='word_1_427' title='bbox 2779 1789 2882 1844; x_wconf 88' lang='lat' dir='ltr'>per</span> <span class='ocrx_word' id='word_1_428' title='bbox 2911 1788 3056 1828; x_wconf 67' lang='lat' dir='ltr'>arca</span> <span class='ocrx_word' id='word_1_429' title='bbox 3114 1773 3294 1844; x_wconf 90' lang='lat' dir='ltr'>hujus</span> <span class='ocrx_word' id='word_1_430' title='bbox 3352 1775 3604 1848; x_wconf 84' lang='lat' dir='ltr'>ﬁguram</span> 
     </span>
    </p>
   </div>
   <div class='ocr_carea' id='block_1_67' title="bbox 1958 1858 3608 1934">
    <p class='ocr_par' dir='ltr' id='par_1_67' title="bbox 1958 1858 3608 1934">
     <span class='ocr_line' id='line_1_67' title="bbox 1958 1858 3608 1934; baseline 0.003 -20"><span class='ocrx_word' id='word_1_431' title='bbox 1958 1858 2213 1915; x_wconf 85' lang='lat' dir='ltr'>voluisse</span> <span class='ocrx_word' id='word_1_432' title='bbox 2238 1860 2423 1916; x_wconf 90' lang='lat' dir='ltr'>Deum</span> <span class='ocrx_word' id='word_1_433' title='bbox 2446 1877 2553 1917; x_wconf 89' lang='lat' dir='ltr'>nos</span> <span class='ocrx_word' id='word_1_434' title='bbox 2574 1861 2835 1929; x_wconf 91' lang='lat' dir='ltr'>edocere,</span> <span class='ocrx_word' id='word_1_435' title='bbox 2861 1862 3361 1934; x_wconf 89' lang='lat' dir='ltr'>quemadmodum</span> <span class='ocrx_word' id='word_1_436' title='bbox 3393 1863 3466 1918; x_wconf 91' lang='lat' dir='ltr'>ad</span> <span class='ocrx_word' id='word_1_437' title='bbox 3498 1863 3608 1919; x_wconf 91' lang='lat' dir='ltr'>hoc</span> 
     </span>
    </p>
   </div>
   <div class='ocr_carea' id='block_1_68' title="bbox 1958 1949 3611 2022">
    <p class='ocr_par' dir='ltr' id='par_1_68' title="bbox 1958 1949 3611 2022">
     <span class='ocr_line' id='line_1_68' title="bbox 1958 1949 3611 2022; baseline 0.002 -19"><span class='ocrx_word' id='word_1_438' title='bbox 1958 1949 2197 2020; x_wconf 87' lang='lat' dir='ltr'>speciali</span> <span class='ocrx_word' id='word_1_439' title='bbox 2229 1949 2342 2022; x_wconf 83' lang='grc'>(19)</span> <span class='ocrx_word' id='word_1_440' title='bbox 2373 1950 2481 2004; x_wconf 90' lang='lat' dir='ltr'>tuti</span> <span class='ocrx_word' id='word_1_441' title='bbox 2498 1950 2685 2005; x_wconf 89' lang='lat' dir='ltr'>simus</span> <span class='ocrx_word' id='word_1_442' title='bbox 2718 1950 2956 2006; x_wconf 91' lang='lat' dir='ltr'>diluvio.</span> <span class='ocrx_word' id='word_1_443' title='bbox 2991 1949 3291 2007; x_wconf 87' lang='lat' dir='ltr'>Corrutela</span> <span class='ocrx_word' id='word_1_444' title='bbox 3335 1952 3494 2007; x_wconf 89' lang='lat' dir='ltr'>enim</span> <span class='ocrx_word' id='word_1_445' title='bbox 3526 1951 3611 2008; x_wconf 85' lang='lat' dir='ltr'>di-</span> 
     </span>
    </p>
   </div>
   <div class='ocr_carea' id='block_1_69' title="bbox 1957 2035 3607 2112">
    <p class='ocr_par' dir='ltr' id='par_1_69' title="bbox 1957 2035 3607 2112">
     <span class='ocr_line' id='line_1_69' title="bbox 1957 2035 3607 2112; baseline 0.003 -21"><span class='ocrx_word' id='word_1_446' title='bbox 1957 2035 2095 2092; x_wconf 91' lang='lat' dir='ltr'>luvii</span> <span class='ocrx_word' id='word_1_447' title='bbox 2171 2055 2347 2093; x_wconf 86' lang='lat' dir='ltr'>causa</span> <span class='ocrx_word' id='word_1_448' title='bbox 2401 2041 2531 2094; x_wconf 90' lang='lat' dir='ltr'>est:</span> <span class='ocrx_word' id='word_1_449' title='bbox 2593 2055 2662 2094; x_wconf 90' lang='lat' dir='ltr'>ea</span> <span class='ocrx_word' id='word_1_450' title='bbox 2719 2040 2818 2094; x_wconf 91' lang='lat' dir='ltr'>ubi</span> <span class='ocrx_word' id='word_1_451' title='bbox 2879 2040 3199 2112; x_wconf 91' lang='lat' dir='ltr'>irrepserit,</span> <span class='ocrx_word' id='word_1_452' title='bbox 3263 2040 3607 2112; x_wconf 87' lang='lat' dir='ltr'>aperiuntur</span> 
     </span>
    </p>
   </div>
   <div class='ocr_carea' id='block_1_70' title="bbox 1955 2126 3610 2201">
    <p class='ocr_par' dir='ltr' id='par_1_70' title="bbox 1955 2126 3610 2201">
     <span class='ocr_line' id='line_1_70' title="bbox 1955 2126 3610 2201; baseline 0.002 -19"><span class='ocrx_word' id='word_1_453' title='bbox 1955 2143 2140 2198; x_wconf 67' lang='lat' dir='ltr'>aquae,</span> <span class='ocrx_word' id='word_1_454' title='bbox 2172 2126 2465 2182; x_wconf 90' lang='lat' dir='ltr'>ebulliunt</span> <span class='ocrx_word' id='word_1_455' title='bbox 2496 2144 2700 2183; x_wconf 91' lang='lat' dir='ltr'>omnes</span> <span class='ocrx_word' id='word_1_456' title='bbox 2732 2129 2922 2184; x_wconf 83' lang='lat' dir='ltr'>fontes</span> <span class='ocrx_word' id='word_1_457' title='bbox 2953 2129 3341 2201; x_wconf 88' lang='lat' dir='ltr'>cupiditatum</span> <span class='ocrx_word' id='word_1_458' title='bbox 3373 2147 3386 2199; x_wconf 89' lang='lat'><strong>;</strong></span> <span class='ocrx_word' id='word_1_459' title='bbox 3421 2133 3487 2184; x_wconf 90' lang='lat' dir='ltr'>ut</span> <span class='ocrx_word' id='word_1_460' title='bbox 3519 2137 3610 2186; x_wconf 85' lang='lat' dir='ltr'>lo-</span> 
     </span>
    </p>
   </div>
   <div class='ocr_carea' id='block_1_71' title="bbox 1954 2218 3604 2289">
    <p class='ocr_par' dir='ltr' id='par_1_71' title="bbox 1954 2218 3604 2289">
     <span class='ocr_line' id='line_1_71' title="bbox 1954 2218 3604 2289; baseline 0.004 -20"><span class='ocrx_word' id='word_1_461' title='bbox 1954 2220 2078 2270; x_wconf 91' lang='lat' dir='ltr'>tum</span> <span class='ocrx_word' id='word_1_462' title='bbox 2107 2231 2318 2287; x_wconf 90' lang='lat' dir='ltr'>corpus</span> <span class='ocrx_word' id='word_1_463' title='bbox 2351 2219 2514 2271; x_wconf 91' lang='lat' dir='ltr'>tanto</span> <span class='ocrx_word' id='word_1_464' title='bbox 2545 2220 2602 2272; x_wconf 89' lang='lat' dir='ltr'>et</span> <span class='ocrx_word' id='word_1_465' title='bbox 2633 2220 2750 2272; x_wconf 84' lang='lat' dir='ltr'>tam</span> <span class='ocrx_word' id='word_1_466' title='bbox 2784 2218 3072 2289; x_wconf 82' lang='lat' dir='ltr'>profundo</span> <span class='ocrx_word' id='word_1_467' title='bbox 3103 2218 3379 2274; x_wconf 83' lang='lat' dir='ltr'>vitiorum</span> <span class='ocrx_word' id='word_1_468' title='bbox 3430 2219 3604 2278; x_wconf 81' lang='lat' dir='ltr'>ﬂuvio</span> 
     </span>
    </p>
   </div>
   <div class='ocr_carea' id='block_1_72' title="bbox 1953 2305 3606 2378">
    <p class='ocr_par' dir='ltr' id='par_1_72' title="bbox 1953 2305 3606 2378">
     <span class='ocr_line' id='line_1_72' title="bbox 1953 2305 3606 2378; baseline 0.004 -20"><span class='ocrx_word' id='word_1_469' title='bbox 1953 2309 2268 2376; x_wconf 83' lang='lat' dir='ltr'>mergatur.</span> <span class='ocrx_word' id='word_1_470' title='bbox 2301 2305 2453 2360; x_wconf 88' lang='lat' dir='ltr'>Nihil</span> <span class='ocrx_word' id='word_1_471' title='bbox 2489 2310 2577 2361; x_wconf 91' lang='lat' dir='ltr'>est</span> <span class='ocrx_word' id='word_1_472' title='bbox 2609 2306 2763 2362; x_wconf 90' lang='lat' dir='ltr'>enim</span> <span class='ocrx_word' id='word_1_473' title='bbox 2797 2307 2950 2378; x_wconf 92' lang='lat' dir='ltr'>quod</span> <span class='ocrx_word' id='word_1_474' title='bbox 2980 2310 3101 2362; x_wconf 89' lang='lat' dir='ltr'>tam</span> <span class='ocrx_word' id='word_1_475' title='bbox 3147 2307 3374 2363; x_wconf 69' lang='lat' dir='ltr'>miserm</span> <span class='ocrx_word' id='word_1_476' title='bbox 3426 2309 3606 2364; x_wconf 88' lang='lat' dir='ltr'>servi-</span> 
     </span>
    </p>
   </div>
   <div class='ocr_carea' id='block_1_73' title="bbox 1951 2392 3602 2468">
    <p class='ocr_par' dir='ltr' id='par_1_73' title="bbox 1951 2392 3602 2468">
     <span class='ocr_line' id='line_1_73' title="bbox 1951 2392 3602 2468; baseline 0.004 -22"><span class='ocrx_word' id='word_1_477' title='bbox 1951 2392 2061 2446; x_wconf 89' lang='lat' dir='ltr'>tuti</span> <span class='ocrx_word' id='word_1_478' title='bbox 2094 2393 2371 2464; x_wconf 80' lang='lat' dir='ltr'>subjiciat</span> <span class='ocrx_word' id='word_1_479' title='bbox 2401 2393 2723 2463; x_wconf 89' lang='lat' dir='ltr'>hominem,</span> <span class='ocrx_word' id='word_1_480' title='bbox 2758 2412 2935 2467; x_wconf 91' lang='lat' dir='ltr'>quam</span> <span class='ocrx_word' id='word_1_481' title='bbox 2967 2395 3169 2466; x_wconf 91' lang='lat' dir='ltr'>libido,</span> <span class='ocrx_word' id='word_1_482' title='bbox 3204 2400 3377 2468; x_wconf 88' lang='lat' dir='ltr'>atque</span> <span class='ocrx_word' id='word_1_483' title='bbox 3436 2398 3602 2468; x_wconf 88' lang='lat' dir='ltr'>ejus-</span> 
     </span>
    </p>
   </div>
   <div class='ocr_carea' id='block_1_74' title="bbox 1953 2481 3600 2559">
    <p class='ocr_par' dir='ltr' id='par_1_74' title="bbox 1953 2481 3600 2559">
     <span class='ocr_line' id='line_1_74' title="bbox 1953 2481 3600 2559; baseline 0.005 -25"><span class='ocrx_word' id='word_1_484' title='bbox 1953 2481 2107 2535; x_wconf 90' lang='lat' dir='ltr'>modi</span> <span class='ocrx_word' id='word_1_485' title='bbox 2136 2481 2485 2552; x_wconf 88' lang='lat' dir='ltr'>cupiditates</span> <span class='ocrx_word' id='word_1_486' title='bbox 2525 2501 2650 2555; x_wconf 81' lang='lat' dir='ltr'>quae</span> <span class='ocrx_word' id='word_1_487' title='bbox 2682 2485 2828 2556; x_wconf 86' lang='lat' dir='ltr'>jugc</span> <span class='ocrx_word' id='word_1_488' title='bbox 2851 2486 3107 2555; x_wconf 87' lang='lat' dir='ltr'>quodam</span> <span class='ocrx_word' id='word_1_489' title='bbox 3128 2485 3438 2542; x_wconf 89' lang='lat' dir='ltr'>criminum</span> <span class='ocrx_word' id='word_1_490' title='bbox 3461 2502 3600 2559; x_wconf 86' lang='lat' dir='ltr'>gra-</span> 
     </span>
    </p>
   </div>
   <div class='ocr_carea' id='block_1_75' title="bbox 1950 2569 3598 2641">
    <p class='ocr_par' dir='ltr' id='par_1_75' title="bbox 1950 2569 3598 2641">
     <span class='ocr_line' id='line_1_75' title="bbox 1950 2569 3598 2641; baseline 0.005 -18"><span class='ocrx_word' id='word_1_491' title='bbox 1950 2571 2001 2623; x_wconf 80' lang='lat' dir='ltr'>vi</span> <span class='ocrx_word' id='word_1_492' title='bbox 2078 2569 2416 2641; x_wconf 89' lang='lat' dir='ltr'>deprimunt</span> <span class='ocrx_word' id='word_1_493' title='bbox 2476 2569 2752 2626; x_wconf 85' lang='lat' dir='ltr'>miseram</span> <span class='ocrx_word' id='word_1_494' title='bbox 2811 2573 3249 2641; x_wconf 91' lang='lat' dir='ltr'>conscientiam,</span> <span class='ocrx_word' id='word_1_495' title='bbox 3293 2579 3359 2628; x_wconf 89' lang='lat' dir='ltr'>ut</span> <span class='ocrx_word' id='word_1_496' title='bbox 3397 2591 3458 2630; x_wconf 86' lang='lat' dir='ltr'>se</span> <span class='ocrx_word' id='word_1_497' title='bbox 3498 2592 3598 2632; x_wconf 88' lang='lat' dir='ltr'>ne-</span> 
     </span>
    </p>
   </div>
   <div class='ocr_carea' id='block_1_76' title="bbox 1949 2657 3590 2731">
    <p class='ocr_par' dir='ltr' id='par_1_76' title="bbox 1949 2657 3590 2731">
     <span class='ocr_line' id='line_1_76' title="bbox 1949 2657 3590 2731; baseline 0.004 -20"><span class='ocrx_word' id='word_1_498' title='bbox 1949 2662 2122 2729; x_wconf 89' lang='lat' dir='ltr'>queat</span> <span class='ocrx_word' id='word_1_499' title='bbox 2152 2657 2433 2727; x_wconf 89' lang='lat' dir='ltr'>attollere,</span> <span class='ocrx_word' id='word_1_500' title='bbox 2469 2664 2668 2731; x_wconf 90' lang='lat' dir='ltr'>utpote</span> <span class='ocrx_word' id='word_1_501' title='bbox 2697 2677 2822 2731; x_wconf 67' lang='lat' dir='ltr'>quaa</span> <span class='ocrx_word' id='word_1_502' title='bbox 2853 2659 3185 2716; x_wconf 89' lang='lat' dir='ltr'>libertatem</span> <span class='ocrx_word' id='word_1_503' title='bbox 3243 2661 3590 2718; x_wconf 67' lang='lat' dir='ltr'>innocentia</span> 
     </span>
    </p>
   </div>
   <div class='ocr_carea' id='block_1_77' title="bbox 1947 2746 3593 2821">
    <p class='ocr_par' dir='ltr' id='par_1_77' title="bbox 1947 2746 3593 2821">
     <span class='ocr_line' id='line_1_77' title="bbox 1947 2746 3593 2821; baseline 0.004 -19"><span class='ocrx_word' id='word_1_504' title='bbox 1947 2746 2230 2802; x_wconf 89' lang='lat' dir='ltr'>amiserit.</span> <span class='ocrx_word' id='word_1_505' title='bbox 2263 2747 2581 2802; x_wconf 77' lang='lat' dir='ltr'>Maximum</span> <span class='ocrx_word' id='word_1_506' title='bbox 2611 2765 2748 2821; x_wconf 87' lang='lat' dir='ltr'>ergo</span> <span class='ocrx_word' id='word_1_507' title='bbox 2780 2748 2838 2803; x_wconf 91' lang='lat' dir='ltr'>in</span> <span class='ocrx_word' id='word_1_508' title='bbox 2870 2748 2978 2804; x_wconf 90' lang='lat' dir='ltr'>hoc</span> <span class='ocrx_word' id='word_1_509' title='bbox 3023 2749 3237 2805; x_wconf 89' lang='lat' dir='ltr'>diluvio</span> <span class='ocrx_word' id='word_1_510' title='bbox 3269 2755 3360 2806; x_wconf 88' lang='lat' dir='ltr'>est</span> <span class='ocrx_word' id='word_1_511' title='bbox 3412 2768 3593 2808; x_wconf 87' lang='lat' dir='ltr'>reme-</span> 
     </span>
    </p>
   </div>
   <div class='ocr_carea' id='block_1_78' title="bbox 1947 2835 3593 2910">
    <p class='ocr_par' dir='ltr' id='par_1_78' title="bbox 1947 2835 3593 2910">
     <span class='ocr_line' id='line_1_78' title="bbox 1947 2835 3593 2910; baseline 0.005 -21"><span class='ocrx_word' id='word_1_512' title='bbox 1947 2835 2133 2904; x_wconf 89' lang='lat' dir='ltr'>dium,</span> <span class='ocrx_word' id='word_1_513' title='bbox 2166 2838 2484 2908; x_wconf 89' lang='lat' dir='ltr'>utjustum</span> <span class='ocrx_word' id='word_1_514' title='bbox 2517 2838 2669 2894; x_wconf 69' lang='lat'>239</span> <span class='ocrx_word' id='word_1_515' title='bbox 2702 2838 2990 2909; x_wconf 67' lang='lat' dir='ltr'>praeferas,</span> <span class='ocrx_word' id='word_1_516' title='bbox 3024 2855 3277 2910; x_wconf 91' lang='lat' dir='ltr'>eumque</span> <span class='ocrx_word' id='word_1_517' title='bbox 3327 2841 3593 2898; x_wconf 88' lang='lat' dir='ltr'>mandati</span> 
     </span>
    </p>
   </div>
   <div class='ocr_carea' id='block_1_79' title="bbox 1947 2924 3588 2999">
    <p class='ocr_par' dir='ltr' id='par_1_79' title="bbox 1947 2924 3588 2999">
     <span class='ocr_line' id='line_1_79' title="bbox 1947 2924 3588 2999; baseline 0.002 -18"><span class='ocrx_word' id='word_1_518' title='bbox 1947 2924 2197 2981; x_wconf 80' lang='lat' dir='ltr'>ccelestis</span> <span class='ocrx_word' id='word_1_519' title='bbox 2225 2929 2620 2981; x_wconf 85' lang='lat' dir='ltr'>exsecutorem</span> <span class='ocrx_word' id='word_1_520' title='bbox 2651 2925 2852 2999; x_wconf 89' lang='lat' dir='ltr'>eligas.</span> <span class='ocrx_word' id='word_1_521' title='bbox 2888 2926 3028 2991; x_wconf 90' lang='lat' dir='ltr'>Quis</span> <span class='ocrx_word' id='word_1_522' title='bbox 3045 2931 3134 2983; x_wconf 91' lang='lat' dir='ltr'>est</span> <span class='ocrx_word' id='word_1_523' title='bbox 3156 2929 3362 2999; x_wconf 86' lang='lat' dir='ltr'>justus</span> <span class='ocrx_word' id='word_1_524' title='bbox 3392 2930 3452 2984; x_wconf 92' lang='lat' dir='ltr'>in</span> <span class='ocrx_word' id='word_1_525' title='bbox 3486 2947 3588 2986; x_wconf 90' lang='lat' dir='ltr'>no-</span> 
     </span>
    </p>
   </div>
   <div class='ocr_carea' id='block_1_80' title="bbox 1945 3014 3596 3088">
    <p class='ocr_par' dir='ltr' id='par_1_80' title="bbox 1945 3014 3596 3088">
     <span class='ocr_line' id='line_1_80' title="bbox 1945 3014 3596 3088; baseline 0.004 -20"><span class='ocrx_word' id='word_1_526' title='bbox 1945 3015 2055 3081; x_wconf 89' lang='lat' dir='ltr'>bis,</span> <span class='ocrx_word' id='word_1_527' title='bbox 2091 3015 2206 3069; x_wconf 92' lang='lat' dir='ltr'>nisi</span> <span class='ocrx_word' id='word_1_528' title='bbox 2239 3014 2451 3070; x_wconf 88' lang='lat' dir='ltr'>mentis</span> <span class='ocrx_word' id='word_1_529' title='bbox 2483 3015 2642 3088; x_wconf 88' lang='lat' dir='ltr'>vigor</span> <span class='ocrx_word' id='word_1_530' title='bbox 2671 3017 2772 3086; x_wconf 87' lang='lat' dir='ltr'>qui</span> <span class='ocrx_word' id='word_1_531' title='bbox 2800 3016 2956 3070; x_wconf 92' lang='lat' dir='ltr'>intra</span> <span class='ocrx_word' id='word_1_532' title='bbox 2985 3016 3160 3074; x_wconf 87' lang='lat' dir='ltr'>istam</span> <span class='ocrx_word' id='word_1_533' title='bbox 3186 3034 3382 3073; x_wconf 89' lang='lat' dir='ltr'>arcam</span> <span class='ocrx_word' id='word_1_534' title='bbox 3405 3018 3596 3074; x_wconf 88' lang='lat' dir='ltr'>inclu-</span> 
     </span>
    </p>
   </div>
   <div class='ocr_carea' id='block_1_81' title="bbox 1949 3104 3604 3180">
    <p class='ocr_par' dir='ltr' id='par_1_81' title="bbox 1949 3104 3604 3180">
     <span class='ocr_line' id='line_1_81' title="bbox 1949 3104 3604 3180; baseline 0.004 -23"><span class='ocrx_word' id='word_1_535' title='bbox 1949 3104 2046 3158; x_wconf 86' lang='lat' dir='ltr'>dat</span> <span class='ocrx_word' id='word_1_536' title='bbox 2078 3121 2250 3159; x_wconf 92' lang='lat' dir='ltr'>omne</span> <span class='ocrx_word' id='word_1_537' title='bbox 2276 3104 2665 3160; x_wconf 88' lang='lat' dir='ltr'>animantium</span> <span class='ocrx_word' id='word_1_538' title='bbox 2697 3121 2902 3177; x_wconf 89' lang='lat' dir='ltr'>genus,</span> <span class='ocrx_word' id='word_1_539' title='bbox 2937 3106 3092 3176; x_wconf 90' lang='lat' dir='ltr'>quod</span> <span class='ocrx_word' id='word_1_540' title='bbox 3131 3110 3219 3162; x_wconf 88' lang='lat' dir='ltr'>est</span> <span class='ocrx_word' id='word_1_541' title='bbox 3251 3124 3427 3180; x_wconf 87' lang='lat' dir='ltr'>super</span> <span class='ocrx_word' id='word_1_542' title='bbox 3482 3111 3604 3165; x_wconf 85' lang='lat' dir='ltr'>ter-.</span> 
     </span>
    </p>
   </div>
   <div class='ocr_carea' id='block_1_82' title="bbox 1952 3192 3599 3270">
    <p class='ocr_par' dir='ltr' id='par_1_82' title="bbox 1952 3192 3599 3270">
     <span class='ocr_line' id='line_1_82' title="bbox 1952 3192 3599 3270; baseline 0.001 -23"><span class='ocrx_word' id='word_1_543' title='bbox 1952 3210 2075 3248; x_wconf 87' lang='lat' dir='ltr'>ram</span> <span class='ocrx_word' id='word_1_544' title='bbox 2105 3193 2133 3248; x_wconf 85' lang='lat'><strong>?</strong></span> <span class='ocrx_word' id='word_1_545' title='bbox 2163 3192 2379 3248; x_wconf 88' lang='lat' dir='ltr'>Cohibe</span> <span class='ocrx_word' id='word_1_546' title='bbox 2409 3210 2543 3266; x_wconf 87' lang='lat' dir='ltr'>ergo</span> <span class='ocrx_word' id='word_1_547' title='bbox 2575 3197 2630 3248; x_wconf 90' lang='lat' dir='ltr'>et</span> <span class='ocrx_word' id='word_1_548' title='bbox 2659 3197 2721 3248; x_wconf 90' lang='lat' dir='ltr'>tu</span> <span class='ocrx_word' id='word_1_549' title='bbox 2757 3210 2961 3249; x_wconf 90' lang='lat' dir='ltr'>omnes</span> <span class='ocrx_word' id='word_1_550' title='bbox 2993 3193 3418 3252; x_wconf 88' lang='lat' dir='ltr'>irrationabiles</span> <span class='ocrx_word' id='word_1_551' title='bbox 3464 3214 3599 3270; x_wconf 84' lang='lat' dir='ltr'>pas.-</span> 
     </span>
    </p>
   </div>
   <div class='ocr_carea' id='block_1_83' title="bbox 1953 3282 3597 3357">
    <p class='ocr_par' dir='ltr' id='par_1_83' title="bbox 1953 3282 3597 3357">
     <span class='ocr_line' id='line_1_83' title="bbox 1953 3282 3597 3357; baseline 0.002 -20"><span class='ocrx_word' id='word_1_552' title='bbox 1953 3282 2146 3338; x_wconf 88' lang='lat' dir='ltr'>siones</span> <span class='ocrx_word' id='word_1_553' title='bbox 2177 3285 2330 3346; x_wconf 87' lang='lat' dir='ltr'>tuas,</span> <span class='ocrx_word' id='word_1_554' title='bbox 2363 3298 2681 3354; x_wconf 91' lang='lat' dir='ltr'>omnesque</span> <span class='ocrx_word' id='word_1_555' title='bbox 2712 3299 2921 3337; x_wconf 90' lang='lat' dir='ltr'>sensus</span> <span class='ocrx_word' id='word_1_556' title='bbox 2953 3287 3087 3338; x_wconf 91' lang='lat' dir='ltr'>tuos</span> <span class='ocrx_word' id='word_1_557' title='bbox 3114 3285 3294 3339; x_wconf 90' lang='lat' dir='ltr'>menti</span> <span class='ocrx_word' id='word_1_558' title='bbox 3353 3285 3597 3357; x_wconf 88' lang='lat' dir='ltr'>subjice,</span> 
     </span>
    </p>
   </div>
   <div class='ocr_carea' id='block_1_84' title="bbox 1953 3370 3604 3444">
    <p class='ocr_par' dir='ltr' id='par_1_84' title="bbox 1953 3370 3604 3444">
     <span class='ocr_line' id='line_1_84' title="bbox 1953 3370 3604 3444; baseline 0.001 -16"><span class='ocrx_word' id='word_1_559' title='bbox 1953 3371 2252 3442; x_wconf 90' lang='lat' dir='ltr'>animique</span> <span class='ocrx_word' id='word_1_560' title='bbox 2283 3370 2544 3444; x_wconf 90' lang='lat' dir='ltr'>imperiis</span> <span class='ocrx_word' id='word_1_561' title='bbox 2577 3387 2868 3426; x_wconf 89' lang='lat' dir='ltr'>assuesce.</span> <span class='ocrx_word' id='word_1_562' title='bbox 2902 3371 3140 3429; x_wconf 90' lang='lat' dir='ltr'>Evolare</span> <span class='ocrx_word' id='word_1_563' title='bbox 3170 3373 3326 3430; x_wconf 80' lang='lat' dir='ltr'>foras</span> <span class='ocrx_word' id='word_1_564' title='bbox 3355 3391 3472 3430; x_wconf 89' lang='lat' dir='ltr'>non</span> <span class='ocrx_word' id='word_1_565' title='bbox 3529 3374 3604 3430; x_wconf 89' lang='lat' dir='ltr'>si-</span> 
     </span>
    </p>
   </div>
   <div class='ocr_carea' id='block_1_85' title="bbox 1955 3459 3598 3534">
    <p class='ocr_par' dir='ltr' id='par_1_85' title="bbox 1955 3459 3598 3534">
     <span class='ocr_line' id='line_1_85' title="bbox 1955 3459 3598 3534; baseline 0.002 -18"><span class='ocrx_word' id='word_1_566' title='bbox 1955 3477 2061 3516; x_wconf 87' lang='lat' dir='ltr'>nas</span> <span class='ocrx_word' id='word_1_567' title='bbox 2091 3460 2442 3532; x_wconf 88' lang='lat' dir='ltr'>cupiditates</span> <span class='ocrx_word' id='word_1_568' title='bbox 2474 3463 2632 3526; x_wconf 89' lang='lat' dir='ltr'>tuas,</span> <span class='ocrx_word' id='word_1_569' title='bbox 2671 3459 2826 3514; x_wconf 85' lang='lat' dir='ltr'>exire</span> <span class='ocrx_word' id='word_1_570' title='bbox 2857 3460 2916 3514; x_wconf 89' lang='lat' dir='ltr'>in</span> <span class='ocrx_word' id='word_1_571' title='bbox 2974 3461 3185 3534; x_wconf 87' lang='lat' dir='ltr'>vulgus</span> <span class='ocrx_word' id='word_1_572' title='bbox 3241 3462 3550 3520; x_wconf 89' lang='lat' dir='ltr'>libidinem</span> <span class='ocrx_word' id='word_1_573' title='bbox 3583 3481 3598 3521; x_wconf 88' lang='lat'><strong>:</strong></span> 
     </span>
    </p>
   </div>
   <div class='ocr_carea' id='block_1_86' title="bbox 1953 3547 3602 3622">
    <p class='ocr_par' dir='ltr' id='par_1_86' title="bbox 1953 3547 3602 3622">
     <span class='ocr_line' id='line_1_86' title="bbox 1953 3547 3602 3622; baseline 0.003 -18"><span class='ocrx_word' id='word_1_574' title='bbox 1953 3554 2010 3604; x_wconf 87' lang='lat' dir='ltr'>et</span> <span class='ocrx_word' id='word_1_575' title='bbox 2041 3565 2142 3622; x_wconf 91' lang='lat' dir='ltr'>per</span> <span class='ocrx_word' id='word_1_576' title='bbox 2171 3547 2576 3604; x_wconf 90' lang='lat' dir='ltr'>rationabilem</span> <span class='ocrx_word' id='word_1_577' title='bbox 2604 3552 2856 3604; x_wconf 87' lang='lat' dir='ltr'>mentem</span> <span class='ocrx_word' id='word_1_578' title='bbox 2890 3550 3105 3620; x_wconf 89' lang='lat' dir='ltr'>poteris</span> <span class='ocrx_word' id='word_1_579' title='bbox 3145 3552 3321 3608; x_wconf 89' lang='lat' dir='ltr'>etiam</span> <span class='ocrx_word' id='word_1_580' title='bbox 3369 3552 3602 3609; x_wconf 89' lang='lat' dir='ltr'>irratio-</span> 
     </span>
    </p>
   </div>
   <div class='ocr_carea' id='block_1_87' title="bbox 1955 3637 3602 3714">
    <p class='ocr_par' dir='ltr' id='par_1_87' title="bbox 1955 3637 3602 3714">
     <span class='ocr_line' id='line_1_87' title="bbox 1955 3637 3602 3714; baseline 0.003 -21"><span class='ocrx_word' id='word_1_581' title='bbox 1955 3637 2174 3693; x_wconf 89' lang='lat' dir='ltr'>nabilia</span> <span class='ocrx_word' id='word_1_582' title='bbox 2205 3642 2326 3706; x_wconf 88' lang='lat' dir='ltr'>tua,</span> <span class='ocrx_word' id='word_1_583' title='bbox 2356 3638 2413 3692; x_wconf 80' lang='lat' dir='ltr'>et</span> <span class='ocrx_word' id='word_1_584' title='bbox 2444 3637 2752 3692; x_wconf 89' lang='lat' dir='ltr'>immunda</span> <span class='ocrx_word' id='word_1_585' title='bbox 2782 3642 3019 3708; x_wconf 91' lang='lat' dir='ltr'>peccata</span> <span class='ocrx_word' id='word_1_586' title='bbox 3050 3639 3122 3695; x_wconf 90' lang='lat' dir='ltr'>ab</span> <span class='ocrx_word' id='word_1_587' title='bbox 3155 3641 3316 3696; x_wconf 92' lang='lat' dir='ltr'>omni</span> <span class='ocrx_word' id='word_1_588' title='bbox 3340 3641 3602 3714; x_wconf 89' lang='lat' dir='ltr'>periculo</span> 
     </span>
    </p>
   </div>
   <div class='ocr_carea' id='block_1_88' title="bbox 1953 3725 2452 3782">
    <p class='ocr_par' dir='ltr' id='par_1_88' title="bbox 1953 3725 2452 3782">
     <span class='ocr_line' id='line_1_88' title="bbox 1953 3725 2452 3782; baseline -0.004 0"><span class='ocrx_word' id='word_1_589' title='bbox 1953 3725 2157 3782; x_wconf 88' lang='lat' dir='ltr'>diluvii</span> <span class='ocrx_word' id='word_1_590' title='bbox 2184 3725 2452 3781; x_wconf 90' lang='lat' dir='ltr'>liberare.</span> 
     </span>
    </p>
   </div>
   <div class='ocr_carea' id='block_1_89' title="bbox 2606 3833 2932 3889">
    <p class='ocr_par' dir='ltr' id='par_1_89' title="bbox 2606 3833 2932 3889">
     <span class='ocr_line' id='line_1_89' title="bbox 2606 3833 2932 3889; baseline -0.003 -1"><span class='ocrx_word' id='word_1_591' title='bbox 2606 3833 2840 3889; x_wconf 76' lang='lat' dir='ltr'>CAPUT</span> <span class='ocrx_word' id='word_1_592' title='bbox 2882 3838 2932 3887; x_wconf 84' lang='lat' dir='ltr'><strong>X</strong></span> 
     </span>
    </p>
   </div>
   <div class='ocr_carea' id='block_1_90' title="bbox 1959 3923 3601 3995">
    <p class='ocr_par' dir='ltr' id='par_1_90' title="bbox 1959 3923 3601 3995">
     <span class='ocr_line' id='line_1_90' title="bbox 1959 3923 3601 3995; baseline -0.001 -15"><span class='ocrx_word' id='word_1_593' title='bbox 1959 3928 2038 3980; x_wconf 83' lang='lat' dir='ltr'>De</span> <span class='ocrx_word' id='word_1_594' title='bbox 2058 3923 2234 3978; x_wconf 83' lang='lat' dir='ltr'>tribus</span> <span class='ocrx_word' id='word_1_595' title='bbox 2262 3923 2443 3979; x_wconf 86' lang='lat' dir='ltr'>causis</span> <span class='ocrx_word' id='word_1_596' title='bbox 2473 3923 2536 3978; x_wconf 86' lang='lat' dir='ltr'>ob</span> <span class='ocrx_word' id='word_1_597' title='bbox 2568 3939 2702 3992; x_wconf 82' lang='lat' dir='ltr'>quas</span> <span class='ocrx_word' id='word_1_598' title='bbox 2731 3930 2883 3978; x_wconf 83' lang='lat' dir='ltr'>muta</span> <span class='ocrx_word' id='word_1_599' title='bbox 2913 3923 3288 3995; x_wconf 79' lang='lat' dir='ltr'>inanimantia</span> <span class='ocrx_word' id='word_1_600' title='bbox 3311 3940 3414 3995; x_wconf 82' lang='lat' dir='ltr'>per</span> <span class='ocrx_word' id='word_1_601' title='bbox 3457 3924 3601 3980; x_wconf 81' lang='lat' dir='ltr'>ditu-</span> 
     </span>
    </p>
   </div>
   <div class='ocr_carea' id='block_1_91' title="bbox 2028 3993 3606 4066">
    <p class='ocr_par' dir='ltr' id='par_1_91' title="bbox 2028 3993 3606 4066">
     <span class='ocr_line' id='line_1_91' title="bbox 2028 3993 3606 4066; baseline 0 -16"><span class='ocrx_word' id='word_1_602' title='bbox 2028 3997 2180 4050; x_wconf 82' lang='lat' dir='ltr'>vium</span> <span class='ocrx_word' id='word_1_603' title='bbox 2210 3995 2452 4066; x_wconf 85' lang='lat' dir='ltr'>subjecta</span> <span class='ocrx_word' id='word_1_604' title='bbox 2475 3995 2588 4048; x_wconf 83' lang='lat' dir='ltr'>sint</span> <span class='ocrx_word' id='word_1_605' title='bbox 2612 4011 2800 4064; x_wconf 68' lang='lat' dir='ltr'>paenae,</span> <span class='ocrx_word' id='word_1_606' title='bbox 2831 3999 2883 4050; x_wconf 84' lang='lat' dir='ltr'>et</span> <span class='ocrx_word' id='word_1_607' title='bbox 2909 3993 3367 4064; x_wconf 65' lang='lat' dir='ltr'>quemadmodum</span> <span class='ocrx_word' id='word_1_608' title='bbox 3416 4011 3606 4050; x_wconf 82' lang='lat' dir='ltr'>sensus</span> 
     </span>
    </p>
   </div>
   <div class='ocr_carea' id='block_1_92' title="bbox 2030 4067 3609 4137">
    <p class='ocr_par' dir='ltr' id='par_1_92' title="bbox 2030 4067 3609 4137">
     <span class='ocr_line' id='line_1_92' title="bbox 2030 4067 3609 4137; baseline 0.002 -18"><span class='ocrx_word' id='word_1_609' title='bbox 2030 4068 2205 4121; x_wconf 78' lang='lat' dir='ltr'>nostri</span> <span class='ocrx_word' id='word_1_610' title='bbox 2228 4070 2443 4137; x_wconf 84' lang='lat' dir='ltr'>peccato</span> <span class='ocrx_word' id='word_1_611' title='bbox 2467 4067 2780 4120; x_wconf 81' lang='lat' dir='ltr'>moriantur</span> <span class='ocrx_word' id='word_1_612' title='bbox 2809 4084 2829 4130; x_wconf 87' lang='lat'><strong><em>;</em></strong></span> <span class='ocrx_word' id='word_1_613' title='bbox 2859 4082 2922 4120; x_wconf 89' lang='lat' dir='ltr'>ac</span> <span class='ocrx_word' id='word_1_614' title='bbox 2941 4067 3080 4121; x_wconf 79' lang='lat' dir='ltr'>Deus</span> <span class='ocrx_word' id='word_1_615' title='bbox 3109 4070 3494 4123; x_wconf 81' lang='lat' dir='ltr'>testamentum</span> <span class='ocrx_word' id='word_1_616' title='bbox 3521 4084 3609 4122; x_wconf 85' lang='lat' dir='ltr'>su-</span> 
     </span>
    </p>
   </div>
   <div class='ocr_carea' id='block_1_93' title="bbox 2032 4139 2744 4208">
    <p class='ocr_par' dir='ltr' id='par_1_93' title="bbox 2032 4139 2744 4208">
     <span class='ocr_line' id='line_1_93' title="bbox 2032 4139 2744 4208; baseline 0 -17"><span class='ocrx_word' id='word_1_617' title='bbox 2032 4155 2126 4191; x_wconf 86' lang='lat' dir='ltr'>um</span> <span class='ocrx_word' id='word_1_618' title='bbox 2149 4154 2270 4192; x_wconf 85' lang='lat' dir='ltr'>eum</span> <span class='ocrx_word' id='word_1_619' title='bbox 2290 4139 2444 4208; x_wconf 83' lang='lat' dir='ltr'>justo</span> <span class='ocrx_word' id='word_1_620' title='bbox 2473 4139 2744 4192; x_wconf 84' lang='lat' dir='ltr'>statuerit.</span> 
     </span>
    </p>
   </div>
   <div class='ocr_carea' id='block_1_94' title="bbox 2031 4242 3611 4314">
    <p class='ocr_par' dir='ltr' id='par_1_94' title="bbox 2031 4242 3611 4314">
     <span class='ocr_line' id='line_1_94' title="bbox 2031 4242 3611 4314; baseline 0.001 -16"><span class='ocrx_word' id='word_1_621' title='bbox 2031 4245 2119 4298; x_wconf 89' lang='grc'>31.</span> <span class='ocrx_word' id='word_1_622' title='bbox 2156 4245 2515 4313; x_wconf 68' lang='lat' dir='ltr'>Quaecunque,</span> <span class='ocrx_word' id='word_1_623' title='bbox 2549 4242 2759 4314; x_wconf 91' lang='lat' dir='ltr'>inquit,</span> <span class='ocrx_word' id='word_1_624' title='bbox 2811 4245 3024 4299; x_wconf 81' lang='lat' dir='ltr'>suntin</span> <span class='ocrx_word' id='word_1_625' title='bbox 3078 4247 3247 4312; x_wconf 80' lang='lat' dir='ltr'>terra,</span> <span class='ocrx_word' id='word_1_626' title='bbox 3305 4247 3611 4301; x_wconf 84' lang='lat' dir='ltr'>morientur</span> 
     </span>
    </p>
   </div>
   <div class='ocr_carea' id='block_1_95' title="bbox 1963 4331 3613 4404">
    <p class='ocr_par' dir='ltr' id='par_1_95' title="bbox 1963 4331 3613 4404">
     <span class='ocr_line' id='line_1_95' title="bbox 1963 4331 3613 4404; baseline -0.001 -15"><span class='ocrx_word' id='word_1_627' title='bbox 1963 4332 2114 4404; x_wconf 85' lang='lat' dir='ltr'>(Gen.</span> <span class='ocrx_word' id='word_1_628' title='bbox 2147 4350 2225 4399; x_wconf 75' lang='lat' dir='ltr'>vr,</span> <span class='ocrx_word' id='word_1_629' title='bbox 2259 4333 2369 4404; x_wconf 83' lang='grc'>17).</span> <span class='ocrx_word' id='word_1_630' title='bbox 2402 4331 2550 4394; x_wconf 93' lang='lat' dir='ltr'>Quid</span> <span class='ocrx_word' id='word_1_631' title='bbox 2596 4331 2799 4402; x_wconf 90' lang='lat' dir='ltr'>utique</span> <span class='ocrx_word' id='word_1_632' title='bbox 2859 4337 3020 4387; x_wconf 91' lang='lat' dir='ltr'>muta</span> <span class='ocrx_word' id='word_1_633' title='bbox 3069 4332 3438 4404; x_wconf 85' lang='lat' dir='ltr'>deliquerant</span> <span class='ocrx_word' id='word_1_634' title='bbox 3494 4334 3613 4390; x_wconf 90' lang='lat' dir='ltr'>ani-</span> 
     </span>
    </p>
   </div>
   <div class='ocr_carea' id='block_1_96' title="bbox 1965 4420 3612 4495">
    <p class='ocr_par' dir='ltr' id='par_1_96' title="bbox 1965 4420 3612 4495">
     <span class='ocr_line' id='line_1_96' title="bbox 1965 4420 3612 4495; baseline 0 -17"><span class='ocrx_word' id='word_1_635' title='bbox 1965 4421 2234 4490; x_wconf 74' lang='lat' dir='ltr'>mantia?</span> <span class='ocrx_word' id='word_1_636' title='bbox 2263 4437 2378 4492; x_wconf 89' lang='lat' dir='ltr'>qua</span> <span class='ocrx_word' id='word_1_637' title='bbox 2409 4436 2585 4475; x_wconf 85' lang='lat' dir='ltr'>causa</span> <span class='ocrx_word' id='word_1_638' title='bbox 2616 4420 2878 4490; x_wconf 90' lang='lat' dir='ltr'>subjecta</span> <span class='ocrx_word' id='word_1_639' title='bbox 2908 4424 3048 4476; x_wconf 87' lang='lat' dir='ltr'>sunt</span> <span class='ocrx_word' id='word_1_640' title='bbox 3077 4437 3281 4493; x_wconf 65' lang='lat' dir='ltr'>paenae,</span> <span class='ocrx_word' id='word_1_641' title='bbox 3313 4439 3440 4494; x_wconf 72' lang='lat' dir='ltr'>qua:</span> <span class='ocrx_word' id='word_1_642' title='bbox 3480 4439 3612 4495; x_wconf 80' lang='lat' dir='ltr'>pec-</span> 
     </span>
    </p>
   </div>
   <div class='ocr_carea' id='block_1_97' title="bbox 211 4507 3614 4604">
    <p class='ocr_par' dir='ltr' id='par_1_97' title="bbox 211 4507 3614 4604">
     <span class='ocr_line' id='line_1_97' title="bbox 211 4507 3614 4604; baseline -0.002 -24"><span class='ocrx_word' id='word_1_643' title='bbox 211 4526 500 4594; x_wconf 76' lang='lat' dir='ltr'>iuniorum</span> <span class='ocrx_word' id='word_1_644' title='bbox 533 4527 913 4592; x_wconf 87' lang='lat' dir='ltr'>incrementa,</span> <span class='ocrx_word' id='word_1_645' title='bbox 948 4539 1156 4578; x_wconf 90' lang='lat' dir='ltr'>senum</span> <span class='ocrx_word' id='word_1_646' title='bbox 1189 4521 1533 4576; x_wconf 84' lang='lat' dir='ltr'>testiﬁcatur</span> <span class='ocrx_word' id='word_1_647' title='bbox 1591 4535 1852 4591; x_wconf 87' lang='lat' dir='ltr'>perseve-</span> <span class='ocrx_word' id='word_1_648' title='bbox 1884 4540 1934 4604; x_wconf 68' lang='grc' dir='ltr'>υ</span> <span class='ocrx_word' id='word_1_649' title='bbox 1964 4509 2131 4566; x_wconf 75' lang='grc' dir='ltr'>οειηάἱ</span> <span class='ocrx_word' id='word_1_650' title='bbox 2164 4525 2404 4564; x_wconf 73' lang='lat' dir='ltr'>sensum</span> <span class='ocrx_word' id='word_1_651' title='bbox 2438 4525 2552 4563; x_wconf 77' lang='lat' dir='ltr'>n0r1</span> <span class='ocrx_word' id='word_1_652' title='bbox 2580 4507 2797 4604; x_wconf 47' lang='lat' dir='ltr'>habfmf</span> <span class='ocrx_word' id='word_1_653' title='bbox 2825 4507 2852 4562; x_wconf 75' lang='lat'><strong>?</strong></span> <span class='ocrx_word' id='word_1_654' title='bbox 2883 4507 2995 4563; x_wconf 72' lang='lat' dir='ltr'>58d</span> <span class='ocrx_word' id='word_1_655' title='bbox 3029 4510 3526 4604; x_wconf 63' lang='lat' dir='ltr'>quemadmodum</span> <span class='ocrx_word' id='word_1_656' title='bbox 3555 4513 3614 4566; x_wconf 86' lang='lat' dir='ltr'>in</span> 
     </span>
    </p>
   </div>
   <div class='ocr_carea' id='block_1_98' title="bbox 211 4608 1850 4685">
    <p class='ocr_par' dir='ltr' id='par_1_98' title="bbox 211 4608 1850 4685">
     <span class='ocr_line' id='line_1_98' title="bbox 211 4608 1850 4685; baseline -0.003 -18"><span class='ocrx_word' id='word_1_657' title='bbox 211 4616 407 4671; x_wconf 85' lang='lat' dir='ltr'>rantia.</span> <span class='ocrx_word' id='word_1_658' title='bbox 462 4614 776 4685; x_wconf 83' lang='lat' dir='ltr'>Reliquum</span> <span class='ocrx_word' id='word_1_659' title='bbox 811 4613 925 4668; x_wconf 92' lang='lat' dir='ltr'>cibi</span> <span class='ocrx_word' id='word_1_660' title='bbox 973 4611 1033 4666; x_wconf 90' lang='lat' dir='ltr'>in</span> <span class='ocrx_word' id='word_1_661' title='bbox 1088 4614 1348 4666; x_wconf 77' lang='lat' dir='ltr'>ventrem</span> <span class='ocrx_word' id='word_1_662' title='bbox 1394 4608 1616 4675; x_wconf 83' lang='lat' dir='ltr'>defluit,</span> <span class='ocrx_word' id='word_1_663' title='bbox 1677 4624 1850 4679; x_wconf 87' lang='lat' dir='ltr'>quem</span> 
     </span>
    </p>
   </div>
   <div class='ocr_carea' id='block_1_99' title="bbox 210 4696 1854 4774">
    <p class='ocr_par' dir='ltr' id='par_1_99' title="bbox 210 4696 1854 4774">
     <span class='ocr_line' id='line_1_99' title="bbox 210 4696 1854 4774; baseline -0.003 -16"><span class='ocrx_word' id='word_1_664' title='bbox 210 4720 405 4761; x_wconf 85' lang='lat' dir='ltr'>omnes</span> <span class='ocrx_word' id='word_1_665' title='bbox 423 4707 686 4762; x_wconf 88' lang='lat' dir='ltr'>ventrem</span> <span class='ocrx_word' id='word_1_666' title='bbox 707 4700 1072 4774; x_wconf 87' lang='lat' dir='ltr'>appellamus</span> <span class='ocrx_word' id='word_1_667' title='bbox 1090 4699 1216 4755; x_wconf 89' lang='lat' dir='ltr'>sine</span> <span class='ocrx_word' id='word_1_668' title='bbox 1239 4696 1854 4770; x_wconf 85' lang='lat' dir='ltr'>adjectione,plerique</span> 
     </span>
    </p>
   </div>
   <div class='ocr_carea' id='block_1_100' title="bbox 211 4787 1855 4863">
    <p class='ocr_par' dir='ltr' id='par_1_100' title="bbox 211 4787 1855 4863">
     <span class='ocr_line' id='line_1_100' title="bbox 211 4787 1855 4863; baseline -0.003 -16"><span class='ocrx_word' id='word_1_669' title='bbox 211 4793 406 4863; x_wconf 88' lang='lat' dir='ltr'>dicunt</span> <span class='ocrx_word' id='word_1_670' title='bbox 434 4797 697 4850; x_wconf 87' lang='lat' dir='ltr'>ventrem</span> <span class='ocrx_word' id='word_1_671' title='bbox 731 4791 1061 4846; x_wconf 82' lang='lat' dir='ltr'>inferiorem</span> <span class='ocrx_word' id='word_1_672' title='bbox 1099 4807 1112 4855; x_wconf 91' lang='lat'><strong>;</strong></span> <span class='ocrx_word' id='word_1_673' title='bbox 1148 4805 1215 4844; x_wconf 82' lang='lat' dir='ltr'>ex</span> <span class='ocrx_word' id='word_1_674' title='bbox 1247 4805 1361 4859; x_wconf 93' lang='lat' dir='ltr'>quo</span> <span class='ocrx_word' id='word_1_675' title='bbox 1392 4787 1569 4842; x_wconf 90' lang='lat' dir='ltr'>ﬁmus</span> <span class='ocrx_word' id='word_1_676' title='bbox 1618 4802 1855 4842; x_wconf 87' lang='lat' dir='ltr'>necesse</span> 
     </span>
    </p>
   </div>
   <div class='ocr_carea' id='block_1_101' title="bbox 212 4876 1853 4955">
    <p class='ocr_par' dir='ltr' id='par_1_101' title="bbox 212 4876 1853 4955">
     <span class='ocr_line' id='line_1_101' title="bbox 212 4876 1853 4955; baseline -0.004 -19"><span class='ocrx_word' id='word_1_677' title='bbox 212 4887 294 4936; x_wconf 88' lang='lat' dir='ltr'>est</span> <span class='ocrx_word' id='word_1_678' title='bbox 323 4884 418 4955; x_wconf 90' lang='lat' dir='ltr'>qui</span> <span class='ocrx_word' id='word_1_679' title='bbox 453 4881 664 4955; x_wconf 87' lang='lat' dir='ltr'>plenus</span> <span class='ocrx_word' id='word_1_680' title='bbox 679 4881 808 4952; x_wconf 87' lang='lat' dir='ltr'>jam</span> <span class='ocrx_word' id='word_1_681' title='bbox 841 4877 1231 4950; x_wconf 90' lang='lat' dir='ltr'>corruptionis</span> <span class='ocrx_word' id='word_1_682' title='bbox 1263 4876 1665 4941; x_wconf 88' lang='lat' dir='ltr'>descenderat,</span> <span class='ocrx_word' id='word_1_683' title='bbox 1724 4891 1853 4946; x_wconf 88' lang='lat' dir='ltr'>ege-</span> 
     </span>
    </p>
   </div>
   <div class='ocr_carea' id='block_1_102' title="bbox 211 4966 1400 5044">
    <p class='ocr_par' dir='ltr' id='par_1_102' title="bbox 211 4966 1400 5044">
     <span class='ocr_line' id='line_1_102' title="bbox 211 4966 1400 5044; baseline -0.005 -19"><span class='ocrx_word' id='word_1_684' title='bbox 211 4976 367 5027; x_wconf 88' lang='lat' dir='ltr'>ratur</span> <span class='ocrx_word' id='word_1_685' title='bbox 394 4989 499 5044; x_wconf 91' lang='lat' dir='ltr'>per</span> <span class='ocrx_word' id='word_1_686' title='bbox 525 4970 669 5025; x_wconf 88' lang='lat' dir='ltr'>illud</span> <span class='ocrx_word' id='word_1_687' title='bbox 699 4987 768 5026; x_wconf 81' lang='lat' dir='ltr'>ex</span> <span class='ocrx_word' id='word_1_688' title='bbox 801 4976 1128 5024; x_wconf 86' lang='lat' dir='ltr'>transverso</span> <span class='ocrx_word' id='word_1_689' title='bbox 1159 4966 1400 5022; x_wconf 90' lang='lat' dir='ltr'>ostium.</span> 
     </span>
    </p>
   </div>
   <div class='ocr_carea' id='block_1_103' title="bbox 275 5052 1856 5114">
    <p class='ocr_par' dir='ltr' id='par_1_103' title="bbox 275 5052 1856 5114">
     <span class='ocr_line' id='line_1_103' title="bbox 275 5052 1856 5114; baseline -0.004 0"><span class='ocrx_word' id='word_1_690' title='bbox 275 5060 362 5114; x_wconf 79' lang='lat'>29.</span> <span class='ocrx_word' id='word_1_691' title='bbox 416 5064 549 5114; x_wconf 75' lang='lat' dir='ltr'>Haec</span> <span class='ocrx_word' id='word_1_692' title='bbox 597 5075 728 5113; x_wconf 91' lang='lat' dir='ltr'>cum</span> <span class='ocrx_word' id='word_1_693' title='bbox 791 5057 872 5112; x_wconf 91' lang='lat' dir='ltr'>ita</span> <span class='ocrx_word' id='word_1_694' title='bbox 931 5056 1147 5110; x_wconf 80' lang='lat' dir='ltr'>atl‘abre</span> <span class='ocrx_word' id='word_1_695' title='bbox 1184 5053 1436 5109; x_wconf 86' lang='lat' dir='ltr'>naturali</span> <span class='ocrx_word' id='word_1_696' title='bbox 1490 5052 1856 5108; x_wconf 90' lang='lat' dir='ltr'>institutione</span> 
     </span>
    </p>
   </div>
   <div class='ocr_carea' id='block_1_104' title="bbox 213 5143 1856 5220">
    <p class='ocr_par' dir='ltr' id='par_1_104' title="bbox 213 5143 1856 5220">
     <span class='ocr_line' id='line_1_104' title="bbox 213 5143 1856 5220; baseline -0.004 -20"><span class='ocrx_word' id='word_1_697' title='bbox 213 5147 277 5201; x_wconf 85' lang='lat' dir='ltr'>ad</span> <span class='ocrx_word' id='word_1_698' title='bbox 311 5148 403 5203; x_wconf 91' lang='lat' dir='ltr'>Dei</span> <span class='ocrx_word' id='word_1_699' title='bbox 437 5147 886 5220; x_wconf 73' lang='lat' dir='ltr'>prmeeptionem</span> <span class='ocrx_word' id='word_1_700' title='bbox 917 5143 1240 5215; x_wconf 86' lang='lat' dir='ltr'>composita</span> <span class='ocrx_word' id='word_1_701' title='bbox 1261 5143 1568 5197; x_wconf 90' lang='lat' dir='ltr'>videantur</span> <span class='ocrx_word' id='word_1_702' title='bbox 1600 5159 1613 5208; x_wconf 84' lang='lat'><strong>;</strong></span> <span class='ocrx_word' id='word_1_703' title='bbox 1661 5146 1856 5195; x_wconf 88' lang='lat' dir='ltr'>tamen</span> 
     </span>
    </p>
   </div>
   <div class='ocr_carea' id='block_1_105' title="bbox 213 5231 1856 5304">
    <p class='ocr_par' dir='ltr' id='par_1_105' title="bbox 213 5231 1856 5304">
     <span class='ocr_line' id='line_1_105' title="bbox 213 5231 1856 5304; baseline -0.002 -16"><span class='ocrx_word' id='word_1_704' title='bbox 213 5236 256 5289; x_wconf 86' lang='lat' dir='ltr'>si</span> <span class='ocrx_word' id='word_1_705' title='bbox 287 5253 396 5292; x_wconf 86' lang='lat' dir='ltr'>non</span> <span class='ocrx_word' id='word_1_706' title='bbox 428 5236 641 5292; x_wconf 89' lang='lat' dir='ltr'>edendi</span> <span class='ocrx_word' id='word_1_707' title='bbox 673 5251 705 5290; x_wconf 89' lang='lat' dir='ltr'>a</span> <span class='ocrx_word' id='word_1_708' title='bbox 736 5233 925 5297; x_wconf 89' lang='lat' dir='ltr'>nobis,</span> <span class='ocrx_word' id='word_1_709' title='bbox 959 5232 1287 5304; x_wconf 88' lang='lat' dir='ltr'>agendique</span> <span class='ocrx_word' id='word_1_710' title='bbox 1319 5231 1530 5285; x_wconf 88' lang='lat' dir='ltr'>modus</span> <span class='ocrx_word' id='word_1_711' title='bbox 1574 5234 1856 5297; x_wconf 82' lang='lat' dir='ltr'>servetur,</span> 
     </span>
    </p>
   </div>
   <div class='ocr_carea' id='block_1_106' title="bbox 214 5318 1856 5397">
    <p class='ocr_par' dir='ltr' id='par_1_106' title="bbox 214 5318 1856 5397">
     <span class='ocr_line' id='line_1_106' title="bbox 214 5318 1856 5397; baseline -0.004 -19"><span class='ocrx_word' id='word_1_712' title='bbox 214 5328 491 5397; x_wconf 88' lang='lat' dir='ltr'>tanquam</span> <span class='ocrx_word' id='word_1_713' title='bbox 525 5321 982 5378; x_wconf 81' lang='lat' dir='ltr'>exuberantibus</span> <span class='ocrx_word' id='word_1_714' title='bbox 1015 5319 1388 5391; x_wconf 88' lang='lat' dir='ltr'>passionibus</span> <span class='ocrx_word' id='word_1_715' title='bbox 1431 5322 1742 5390; x_wconf 84' lang='lat' dir='ltr'>generatur</span> <span class='ocrx_word' id='word_1_716' title='bbox 1770 5318 1856 5372; x_wconf 87' lang='lat' dir='ltr'>di-</span> 
     </span>
    </p>
   </div>
   <div class='ocr_carea' id='block_1_107' title="bbox 212 5406 1855 5484">
    <p class='ocr_par' dir='ltr' id='par_1_107' title="bbox 212 5406 1855 5484">
     <span class='ocr_line' id='line_1_107' title="bbox 212 5406 1855 5484; baseline -0.002 -18"><span class='ocrx_word' id='word_1_717' title='bbox 212 5410 450 5482; x_wconf 86' lang='lat' dir='ltr'>luvium,</span> <span class='ocrx_word' id='word_1_718' title='bbox 477 5418 537 5468; x_wconf 90' lang='lat' dir='ltr'>et</span> <span class='ocrx_word' id='word_1_719' title='bbox 566 5411 834 5484; x_wconf 76' lang='lat' dir='ltr'>quaedam</span> <span class='ocrx_word' id='word_1_720' title='bbox 870 5408 1049 5465; x_wconf 85' lang='lat' dir='ltr'>totius</span> <span class='ocrx_word' id='word_1_721' title='bbox 1081 5407 1242 5465; x_wconf 86' lang='lat' dir='ltr'>labes</span> <span class='ocrx_word' id='word_1_722' title='bbox 1302 5406 1581 5478; x_wconf 88' lang='lat' dir='ltr'>corporis.</span> <span class='ocrx_word' id='word_1_723' title='bbox 1643 5407 1855 5462; x_wconf 91' lang='lat' dir='ltr'>Intem-</span> 
     </span>
    </p>
   </div>
   <div class='ocr_carea' id='block_1_108' title="bbox 1965 4595 3614 4669">
    <p class='ocr_par' dir='ltr' id='par_1_108' title="bbox 1965 4595 3614 4669">
     <span class='ocr_line' id='line_1_108' title="bbox 1965 4595 3614 4669; baseline -0.002 -14"><span class='ocrx_word' id='word_1_724' title='bbox 1965 4599 2114 4656; x_wconf 90' lang='lat' dir='ltr'>bello</span> <span class='ocrx_word' id='word_1_725' title='bbox 2146 4615 2279 4654; x_wconf 91' lang='lat' dir='ltr'>eum</span> <span class='ocrx_word' id='word_1_726' title='bbox 2315 4599 2630 4669; x_wconf 82' lang='lat' dir='ltr'>imperator</span> <span class='ocrx_word' id='word_1_727' title='bbox 2670 4597 2741 4651; x_wconf 90' lang='lat' dir='ltr'>ab</span> <span class='ocrx_word' id='word_1_728' title='bbox 2764 4595 2930 4653; x_wconf 87' lang='lat' dir='ltr'>hoste</span> <span class='ocrx_word' id='word_1_729' title='bbox 2962 4597 3266 4668; x_wconf 90' lang='lat' dir='ltr'>occiditur,</span> <span class='ocrx_word' id='word_1_730' title='bbox 3299 4600 3614 4655; x_wconf 89' lang='lat' dir='ltr'>commori-</span> 
     </span>
    </p>
   </div>
   <div class='ocr_carea' id='block_1_109' title="bbox 1962 4686 3613 4758">
    <p class='ocr_par' dir='ltr' id='par_1_109' title="bbox 1962 4686 3613 4758">
     <span class='ocr_line' id='line_1_109' title="bbox 1962 4686 3613 4758; baseline -0.002 -14"><span class='ocrx_word' id='word_1_731' title='bbox 1962 4695 2059 4744; x_wconf 89' lang='lat' dir='ltr'>tur</span> <span class='ocrx_word' id='word_1_732' title='bbox 2089 4689 2217 4758; x_wconf 88' lang='lat' dir='ltr'>ejus</span> <span class='ocrx_word' id='word_1_733' title='bbox 2255 4686 2563 4752; x_wconf 83' lang='lat' dir='ltr'>exercitus,</span> <span class='ocrx_word' id='word_1_734' title='bbox 2607 4690 2783 4757; x_wconf 87' lang='lat' dir='ltr'>atque</span> <span class='ocrx_word' id='word_1_735' title='bbox 2825 4686 3018 4743; x_wconf 88' lang='lat' dir='ltr'>omnis</span> <span class='ocrx_word' id='word_1_736' title='bbox 3051 4688 3474 4743; x_wconf 89' lang='lat' dir='ltr'>comminuitur</span> <span class='ocrx_word' id='word_1_737' title='bbox 3500 4687 3613 4742; x_wconf 88' lang='lat' dir='ltr'>vir-</span> 
     </span>
    </p>
   </div>
   <div class='ocr_carea' id='block_1_110' title="bbox 1965 4771 3614 4850">
    <p class='ocr_par' dir='ltr' id='par_1_110' title="bbox 1965 4771 3614 4850">
     <span class='ocr_line' id='line_1_110' title="bbox 1965 4771 3614 4850; baseline -0.003 -17"><span class='ocrx_word' id='word_1_738' title='bbox 1965 4783 2059 4833; x_wconf 91' lang='lat' dir='ltr'>tus</span> <span class='ocrx_word' id='word_1_739' title='bbox 2083 4775 2358 4831; x_wconf 86' lang='lat' dir='ltr'>militaris</span> <span class='ocrx_word' id='word_1_740' title='bbox 2392 4792 2403 4830; x_wconf 87' lang='lat'>:</span> <span class='ocrx_word' id='word_1_741' title='bbox 2439 4775 2521 4830; x_wconf 92' lang='lat' dir='ltr'>sic</span> <span class='ocrx_word' id='word_1_742' title='bbox 2549 4771 3029 4850; x_wconf 39' lang='lat' dir='ltr'>non&#39;discrepare</span> <span class='ocrx_word' id='word_1_743' title='bbox 3061 4795 3094 4831; x_wconf 91' lang='lat' dir='ltr'>a</span> <span class='ocrx_word' id='word_1_744' title='bbox 3137 4777 3370 4848; x_wconf 89' lang='lat' dir='ltr'>justitia</span> <span class='ocrx_word' id='word_1_745' title='bbox 3425 4775 3614 4829; x_wconf 90' lang='lat' dir='ltr'>visum</span> 
     </span>
    </p>
   </div>
   <div class='ocr_carea' id='block_1_111' title="bbox 1964 4863 3616 4937">
    <p class='ocr_par' dir='ltr' id='par_1_111' title="bbox 1964 4863 3616 4937">
     <span class='ocr_line' id='line_1_111' title="bbox 1964 4863 3616 4937; baseline -0.004 -15"><span class='ocrx_word' id='word_1_746' title='bbox 1964 4871 2235 4932; x_wconf 89' lang='lat' dir='ltr'>est,eum</span> <span class='ocrx_word' id='word_1_747' title='bbox 2285 4865 2549 4920; x_wconf 89' lang='lat' dir='ltr'>interiret</span> <span class='ocrx_word' id='word_1_748' title='bbox 2600 4865 2772 4920; x_wconf 90' lang='lat' dir='ltr'>homo</span> <span class='ocrx_word' id='word_1_749' title='bbox 2833 4866 2925 4920; x_wconf 92' lang='lat' dir='ltr'>cui</span> <span class='ocrx_word' id='word_1_750' title='bbox 2988 4864 3239 4937; x_wconf 87' lang='lat' dir='ltr'>regalem</span> <span class='ocrx_word' id='word_1_751' title='bbox 3300 4863 3616 4934; x_wconf 89' lang='lat' dir='ltr'>quamdam</span> 
     </span>
    </p>
   </div>
   <div class='ocr_carea' id='block_1_112' title="bbox 1966 4950 3619 5023">
    <p class='ocr_par' dir='ltr' id='par_1_112' title="bbox 1966 4950 3619 5023">
     <span class='ocr_line' id='line_1_112' title="bbox 1966 4950 3619 5023; baseline -0.004 -12"><span class='ocrx_word' id='word_1_752' title='bbox 1966 4955 2249 5011; x_wconf 90' lang='lat' dir='ltr'>Dominus</span> <span class='ocrx_word' id='word_1_753' title='bbox 2281 4953 2435 5009; x_wconf 90' lang='lat' dir='ltr'>Deus</span> <span class='ocrx_word' id='word_1_754' title='bbox 2466 4953 2524 5008; x_wconf 92' lang='lat' dir='ltr'>in</span> <span class='ocrx_word' id='word_1_755' title='bbox 2551 4970 2723 5009; x_wconf 90' lang='lat' dir='ltr'>omne</span> <span class='ocrx_word' id='word_1_756' title='bbox 2756 4955 3148 5009; x_wconf 88' lang='lat' dir='ltr'>animantium</span> <span class='ocrx_word' id='word_1_757' title='bbox 3211 4967 3396 5023; x_wconf 88' lang='lat' dir='ltr'>genus</span> <span class='ocrx_word' id='word_1_758' title='bbox 3453 4950 3619 5022; x_wconf 88' lang='lat' dir='ltr'>pote-</span> 
     </span>
    </p>
   </div>
   <div class='ocr_carea' id='block_1_113' title="bbox 1965 5037 3619 5111">
    <p class='ocr_par' dir='ltr' id='par_1_113' title="bbox 1965 5037 3619 5111">
     <span class='ocr_line' id='line_1_113' title="bbox 1965 5037 3619 5111; baseline -0.006 -9"><span class='ocrx_word' id='word_1_759' title='bbox 1965 5049 2175 5102; x_wconf 89' lang='lat' dir='ltr'>statem</span> <span class='ocrx_word' id='word_1_760' title='bbox 2207 5042 2385 5111; x_wconf 87' lang='lat' dir='ltr'>dedit,</span> <span class='ocrx_word' id='word_1_761' title='bbox 2421 5046 2484 5097; x_wconf 91' lang='lat' dir='ltr'>ut</span> <span class='ocrx_word' id='word_1_762' title='bbox 2514 5043 2790 5098; x_wconf 89' lang='lat' dir='ltr'>omnibus</span> <span class='ocrx_word' id='word_1_763' title='bbox 2818 5041 3176 5106; x_wconf 89' lang='lat' dir='ltr'>volatilibus,</span> <span class='ocrx_word' id='word_1_764' title='bbox 3208 5038 3367 5103; x_wconf 85' lang='lat' dir='ltr'>feris,</span> <span class='ocrx_word' id='word_1_765' title='bbox 3416 5037 3619 5094; x_wconf 89' lang='lat' dir='ltr'>bestiis</span> 
     </span>
    </p>
   </div>
   <div class='ocr_carea' id='block_1_114' title="bbox 1966 5126 3620 5206">
    <p class='ocr_par' dir='ltr' id='par_1_114' title="bbox 1966 5126 3620 5206">
     <span class='ocr_line' id='line_1_114' title="bbox 1966 5126 3620 5206; baseline -0.005 -16"><span class='ocrx_word' id='word_1_766' title='bbox 1966 5132 2254 5206; x_wconf 88' lang='lat' dir='ltr'>imperiali</span> <span class='ocrx_word' id='word_1_767' title='bbox 2288 5136 2564 5203; x_wconf 69' lang='lat' dir='ltr'>prmesset</span> <span class='ocrx_word' id='word_1_768' title='bbox 2592 5130 2959 5195; x_wconf 90' lang='lat' dir='ltr'>auctoritate,</span> <span class='ocrx_word' id='word_1_769' title='bbox 2994 5127 3148 5197; x_wconf 89' lang='lat' dir='ltr'>quod</span> <span class='ocrx_word' id='word_1_770' title='bbox 3210 5126 3383 5180; x_wconf 86' lang='lat' dir='ltr'>etiam</span> <span class='ocrx_word' id='word_1_771' title='bbox 3443 5143 3620 5198; x_wconf 73' lang='lat' dir='ltr'>pecu.-</span> 
     </span>
    </p>
   </div>
   <div class='ocr_carea' id='block_1_115' title="bbox 1967 5213 3621 5294">
    <p class='ocr_par' dir='ltr' id='par_1_115' title="bbox 1967 5213 3621 5294">
     <span class='ocr_line' id='line_1_115' title="bbox 1967 5213 3621 5294; baseline -0.007 -14"><span class='ocrx_word' id='word_1_772' title='bbox 1967 5226 2148 5290; x_wconf 89' lang='lat' dir='ltr'>des,et</span> <span class='ocrx_word' id='word_1_773' title='bbox 2171 5236 2530 5294; x_wconf 68' lang='lat' dir='ltr'>quaecunque</span> <span class='ocrx_word' id='word_1_774' title='bbox 2553 5213 3150 5273; x_wconf 86' lang='lat' dir='ltr'>erantirrationabilia</span> <span class='ocrx_word' id='word_1_775' title='bbox 3191 5229 3621 5269; x_wconf 89' lang='lat' dir='ltr'>commoreren-</span> 
     </span>
    </p>
   </div>
   <div class='ocr_carea' id='block_1_116' title="bbox 1967 5301 3621 5378">
    <p class='ocr_par' dir='ltr' id='par_1_116' title="bbox 1967 5301 3621 5378">
     <span class='ocr_line' id='line_1_116' title="bbox 1967 5301 3621 5378; baseline -0.007 -9"><span class='ocrx_word' id='word_1_776' title='bbox 1967 5319 2064 5369; x_wconf 91' lang='lat' dir='ltr'>tur</span> <span class='ocrx_word' id='word_1_777' title='bbox 2083 5308 2644 5378; x_wconf 86' lang='lat' dir='ltr'>animalia.l)enique</span> <span class='ocrx_word' id='word_1_778' title='bbox 2676 5305 2723 5360; x_wconf 91' lang='lat' dir='ltr'>si</span> <span class='ocrx_word' id='word_1_779' title='bbox 2759 5303 2992 5374; x_wconf 88' lang='lat' dir='ltr'>quando</span> <span class='ocrx_word' id='word_1_780' title='bbox 3025 5307 3115 5356; x_wconf 89' lang='lat' dir='ltr'>est</span> <span class='ocrx_word' id='word_1_781' title='bbox 3135 5301 3621 5374; x_wconf 89' lang='lat' dir='ltr'>pestilentia,cor-</span> 
     </span>
    </p>
   </div>
   <div class='ocr_carea' id='block_1_117' title="bbox 1967 5391 3594 5475">
    <p class='ocr_par' dir='ltr' id='par_1_117' title="bbox 1967 5391 3594 5475">
     <span class='ocr_line' id='line_1_117' title="bbox 1967 5391 3594 5475; baseline -0.007 -15"><span class='ocrx_word' id='word_1_782' title='bbox 1967 5407 2137 5475; x_wconf 89' lang='lat' dir='ltr'>rupto</span> <span class='ocrx_word' id='word_1_783' title='bbox 2163 5399 2291 5456; x_wconf 86' lang='lat' dir='ltr'>coeli</span> <span class='ocrx_word' id='word_1_784' title='bbox 2325 5400 2532 5461; x_wconf 85' lang='lat' dir='ltr'>tractu,</span> <span class='ocrx_word' id='word_1_785' title='bbox 2561 5394 2724 5467; x_wconf 91' lang='lat' dir='ltr'>prius</span> <span class='ocrx_word' id='word_1_786' title='bbox 2771 5407 2837 5446; x_wconf 89' lang='lat' dir='ltr'>ea</span> <span class='ocrx_word' id='word_1_787' title='bbox 2868 5408 2995 5463; x_wconf 83' lang='lat' dir='ltr'>quae</span> <span class='ocrx_word' id='word_1_788' title='bbox 3053 5396 3194 5446; x_wconf 89' lang='lat' dir='ltr'>sunt</span> <span class='ocrx_word' id='word_1_789' title='bbox 3251 5391 3594 5449; x_wconf 89' lang='lat' dir='ltr'>irrationabi</span> 
     </span>
    </p>
   </div>
   <div class='ocr_carea' id='block_1_118' title="bbox 283 5613 2872 5712">
    <p class='ocr_par' dir='ltr' id='par_1_118' title="bbox 283 5613 2872 5712">
     <span class='ocr_line' id='line_1_118' title="bbox 283 5613 2872 5712; baseline -0.008 -19"><span class='ocrx_word' id='word_1_790' title='bbox 283 5637 386 5712; x_wconf 79' lang='lat'><strong>(19)</strong></span> <span class='ocrx_word' id='word_1_791' title='bbox 419 5639 510 5695; x_wconf 90' lang='lat' dir='ltr'>Ita</span> <span class='ocrx_word' id='word_1_792' title='bbox 540 5652 685 5693; x_wconf 88' lang='lat' dir='ltr'>mss.</span> <span class='ocrx_word' id='word_1_793' title='bbox 720 5633 911 5702; x_wconf 89' lang='lat' dir='ltr'>Corb.,</span> <span class='ocrx_word' id='word_1_794' title='bbox 955 5632 1133 5704; x_wconf 87' lang='lat' dir='ltr'>Long.</span> <span class='ocrx_word' id='word_1_795' title='bbox 1167 5633 1223 5688; x_wconf 87' lang='lat' dir='ltr'>et</span> <span class='ocrx_word' id='word_1_796' title='bbox 1279 5631 1389 5686; x_wconf 83' lang='lat' dir='ltr'>Vat</span> <span class='ocrx_word' id='word_1_797' title='bbox 1419 5632 1476 5687; x_wconf 89' lang='lat' dir='ltr'>et</span> <span class='ocrx_word' id='word_1_798' title='bbox 1531 5629 1668 5689; x_wconf 90' lang='lat' dir='ltr'>edit.</span> <span class='ocrx_word' id='word_1_799' title='bbox 1703 5632 1823 5688; x_wconf 89' lang='lat' dir='ltr'>ant.</span> <span class='ocrx_word' id='word_1_800' title='bbox 1856 5628 1994 5690; x_wconf 80' lang='lat' dir='ltr'>edit.</span> <span class='ocrx_word' id='word_1_801' title='bbox 2031 5627 2196 5686; x_wconf 85' lang='lat' dir='ltr'>Rom.</span> <span class='ocrx_word' id='word_1_802' title='bbox 2229 5624 2286 5681; x_wconf 85' lang='lat' dir='ltr'>et</span> <span class='ocrx_word' id='word_1_803' title='bbox 2317 5617 2391 5677; x_wconf 85' lang='lat' dir='ltr'>al.</span> <span class='ocrx_word' id='word_1_804' title='bbox 2421 5619 2576 5689; x_wconf 83' lang='lat' dir='ltr'>Vat.,</span> <span class='ocrx_word' id='word_1_805' title='bbox 2607 5613 2872 5691; x_wconf 75' lang='lat' dir='ltr'>spiritali.</span> 
     </span>
    </p>
   </div>
   <div class='ocr_carea' id='block_1_119' title="bbox 531 5759 1010 5828">
    <p class='ocr_par' dir='ltr' id='par_1_119' title="bbox 531 5759 1010 5828">
     <span class='ocr_line' id='line_1_119' title="bbox 531 5759 1010 5828; baseline 0 0"><span class='ocrx_word' id='word_1_806' title='bbox 531 5763 800 5828; x_wconf 76' lang='grc' dir='ltr'>ΡΑτιιοῐ..</span> <span class='ocrx_word' id='word_1_807' title='bbox 846 5759 1010 5828; x_wconf 82' lang='lat' dir='ltr'>XIV.</span> 
     </span>
    </p>
   </div>
   <div class='ocr_carea' id='block_1_120' title="bbox 3225 5743 3297 5816">
    <p class='ocr_par' dir='ltr' id='par_1_120' title="bbox 3225 5743 3297 5816">
     <span class='ocr_line' id='line_1_120' title="bbox 3225 5743 3297 5816; baseline 0.056 -4"><span class='ocrx_word' id='word_1_808' title='bbox 3225 5743 3297 5816; x_wconf 72' lang='grc'>13</span> 
     </span>
    </p>
   </div>
  </div>
