4166 6154
478 303 598 370 393

1934 290 1998 354 S.
2049 289 2091 351 A
2104 281 2428 350 MBROSII

3741 274 3845 343 396

476 442 554 496 tia
583 440 709 496 lues
737 437 865 494 dira
894 434 1276 503 contaminat,
1307 434 1363 488 et
1384 428 1633 486 maxime
1665 443 1858 489 canes,
1910 439 2114 495 equos,
2150 422 2198 487 Α
2236 421 2368 474 Deo.
2402 416 2648 472 Moritur
2675 409 3048 503 multiloquio
3073 408 3211 503 quia
3266 406 3552 503 scriptum
3605 414 3687 503 est
3716 428 3757 503 ε-
3779 411 3848 466 Ex

477 533 652 585 boves
685 546 700 597 ;
736 531 910 600 atque
937 542 1007 583 ea
1035 497 1377 594 inﬁcit'quae
1439 535 1573 575 cum
1633 515 1981 572 hominibus
2012 528 2116 566 con
2151 513 2160 532 '
2233 507 2585 600 multitoquio
2613 518 2723 559 non
2752 501 2979 600 effugies
3003 502 3284 600 peceatum
3308 497 3577 600 (Pravis,
3610 498 3709 567 19).
3739 498 3847 555 Μο-

473 615 694 673 versari
723 615 997 673 videntur
1030 633 1042 671 :
1076 613 1157 669 sic
1188 608 1376 666 morbi
1424 609 1511 664 vis
1542 607 1718 663 etiam
1778 619 1965 676 genus
2016 600 2124 656 hu-

476 721 719 762 manum
751 704 1030 777 implicat.
1086 701 1212 756 Haec
1242 698 1424 771 igitur
1468 696 1660 770 prima
1687 710 1885 764 causa,
1917 695 1984 746 ut
2037 705 2128 745 ar-

478 795 685 863 bitror,
709 796 884 868 justas
913 788 1271 848 assertionis.

554 885 644 939 32.
676 882 941 939 Secunda
968 879 1088 945 illa,
1122 877 1260 949 quia
1316 892 1487 931 nemo
1546 875 1783 929 accusat
1835 876 2128 932 naturam,

482 991 588 1030 cur
616 971 839 1043 reliqua
867 968 1122 1040 corporis
1156 967 1337 1023 nostri
1373 965 1636 1020 membra
1663 962 1990 1017 moriantur
2010 955 2133 1025 solo

484 1061 672 1133 capite
701 1057 953 1125 sublato,
986 1073 1121 1112 cum
1180 1054 1400 1110 multos
1457 1053 1763 1108 videamus
1814 1043 2133 1119 amputatis

392 1166 397 1175 '
483 1149 757 1206 manibus
790 1150 845 1203 et
886 1145 1134 1219 pedibus
1165 1142 1550 1217 supervivere.
1582 1140 1693 1196 Sed
1748 1154 1864 1193 non
1928 1135 2132 1190 eadem

482 1242 821 1294 czeterorum
854 1234 1252 1291 membrorum
1294 1235 1384 1287 est
1414 1229 1810 1303 prierogativa,
1854 1242 1982 1297 qua:
2039 1239 2132 1277 ca-

484 1326 621 1401 pitis
654 1344 668 1395 ;
703 1326 949 1396 ideoque
979 1322 1240 1379 abscisso
1271 1338 1357 1386 eo,
1391 1320 1547 1375 unde
1590 1333 1800 1374 sensus
1830 1312 2017 1371 nostri
2075 1311 2134 1364 in

484 1400 779 1487 reliquum
809 1428 1021 1485 corpus
1069 1411 1378 1483 prodeunt,
1440 1406 1904 1464 commoriuntur
1956 1400 2134 1456 etiam

487 1502 686 1560 omnia
710 1503 975 1558 membra
1007 1519 1019 1555 :
1055 1515 1160 1554 nec
1190 1499 1250 1553 in
1282 1514 1348 1553 eo
1380 1492 1810 1567 autoperatoris
1829 1489 2133 1564 providen-

487 1594 570 1648 tia
607 1591 914 1657 deseritur,
948 1592 1051 1644 aut
1117 1586 1461 1643 substantiae
1521 1584 1791 1638 humana:
1851 1576 2137 1649 fragilitas

490 1681 880 1753 redarguitur.
912 1676 1194 1733 Similiter
1222 1691 1359 1748 ergo
1387 1689 1558 1729 nemo
1590 1687 1744 1726 nunc
1766 1664 2141 1740 arguat,quia

492 1775 669 1841 caput
685 1774 742 1824 et
762 1765 1082 1840 principale
1104 1764 1399 1837 quoddam
1422 1764 1758 1817 ceterorum
1792 1753 2138 1814 animalium

490 1859 669 1914 homo
692 1862 802 1919 est,
826 1871 941 1928 quo
960 1854 1241 1909 moriente
1263 1869 1377 1909 non
1396 1851 1568 1907 debet
1589 1849 1808 1904 mirum
1843 1843 2047 1911 videri,
2094 1842 2144 1897 si

493 1950 699 2003 caetera
724 1942 1188 2001 commoriantur
1213 1939 1510 1997 animalia.
1824 1928 1837 1943 ’

565 2035 656 2091 33.
689 2034 954 2090 Tertium
983 2030 1132 2087 illud
1157 2034 1267 2097 est,
1300 2029 1440 2101 quia
1469 2025 1714 2083 rationis
1744 2022 2000 2096 expertia
2030 2037 2147 2077 non

494 2128 731 2198 propter
761 2139 843 2190 se,
875 2122 977 2178 sed
1026 2124 1263 2193 prepter
1324 2117 1622 2174 hominem
1679 2116 1954 2189 generata
2009 2112 2150 2166 sunt

497 2212 779 2270 animalia
809 2229 823 2280 ;
858 2209 1113 2266 hominis
1143 2207 1301 2264 enim
1328 2223 1505 2263 causa
1533 2222 1660 2261 esse
1677 2204 1962 2276 precepts
1988 2203 2149 2266 sunt,

500 2307 569 2359 ut
597 2290 800 2359 eorum
833 2298 1196 2370 subjectione
1227 2296 1488 2352 humana
1517 2295 1819 2366 praestaret
1874 2287 2150 2345 conditio.

504 2390 765 2463 Denique
796 2389 995 2462 gratiae
1028 2386 1285 2443 hominis
1315 2383 1582 2441 attribuit
1613 2380 1902 2454 Propheta
1930 2379 2152 2433 dicens:

511 2480 709 2536 Omnia
734 2476 1014 2550 subjecisti
1034 2476 1132 2532 sub
1160 2473 1387 2547 pedibus
1414 2474 1679 2545 ejus,oves
1697 2474 1753 2525 et
1774 2470 1926 2526 boves
1942 2470 2159 2523 univer-

510 2586 620 2636 sas,
644 2571 870 2639 insuper
898 2573 952 2621 et
977 2581 1174 2637 pecora
1202 2564 1404 2634 campi,
1440 2561 1683 2617 volucres
1738 2559 1865 2614 coeti
1882 2566 1934 2614 et
1982 2558 2159 2629 pisces

518 2656 882 2729 maris(Psal.
910 2672 1030 2722 vm,
1063 2656 1116 2725 8,
1151 2653 1205 2724 9)
1239 2670 1253 2719 ;
1323 2651 1460 2723 quia
1525 2652 1761 2721 propter
1816 2648 2009 2719 ipsum
2059 2644 2162 2699 illa

526 2746 724 2804 omnia
756 2763 769 2800 :
803 2743 917 2799 alia
954 2747 1190 2816 propter
1218 2739 1551 2807 utilitatem,
1586 2736 1702 2792 alia
1758 2733 2164 2791 delectationis

520 2835 729 2910 gratia,
764 2833 881 2888 alia
908 2830 1243 2903 voluptatis.
1298 2830 1673 2897 Consequens
1729 2840 1865 2895 ergo
1923 2827 2045 2879 erat
2101 2826 2167 2878 ut

521 2940 657 2981 cum
683 2922 973 2977 deleretur
1004 2919 1181 2974 homo
1213 2934 1247 2972 a
1304 2915 1449 2972 facie
1506 2920 1674 2971 terra:
1729 2914 1882 2970 240
1932 2915 2168 2984 propter

520 3028 697 3086 quem
729 3010 880 3065 facta
908 3012 1065 3075 sunt,
1099 3006 1275 3062 etiam
1307 3006 1435 3078 ipsa
1466 3005 1589 3077 pari
1642 3004 1973 3060 delerentur
2002 3017 2165 3059 occa-

519 3119 611 3159 su.
645 3104 776 3156 Haec
805 3098 1129 3155 secundum
1163 3095 1492 3168 simplicem
1536 3094 1803 3150 lectionis
1855 3091 2166 3165 expositio-

516 3204 677 3248 nem.
848 3188 851 3189 ⁷

586 3281 678 3335 34.
707 3277 894 3334 Altior
922 3279 1118 3332 autem
1148 3281 1202 3331 et
1234 3274 1577 3347 profundior
1597 3272 1994 3345 interpretatio
2018 3271 2165 3328 illud

517 3368 743 3432 attexit,
771 3366 926 3439 quod
959 3365 1059 3420 ubi
1093 3364 1291 3419 anima
1322 3362 1472 3418 mole
1502 3361 1842 3434 passionum
1891 3366 2169 3416 curvatur

516 3456 702 3532 gravi,
735 3459 791 3511 et
815 3454 982 3526 quasi
1016 3454 1377 3508 diversarum
1437 3451 1823 3524 cupiditatum
1883 3449 2169 3522 mergitur

519 3549 685 3608 aestu,
707 3548 949 3599 terrena:
970 3559 1174 3598 omnes
1196 3540 1575 3614 cogitationes
1596 3544 1654 3595 et
1683 3539 2164 3611 concupiscentiae

519 3635 580 3690 in
611 3649 868 3707 praeceps
894 3636 1072 3687 ruunt
1105 3647 1119 3687 :
1153 3631 1293 3702 quia
1321 3634 1591 3702 peccator
1620 3628 2032 3700 unusquisque
2049 3644 2164 3699 quo

521 3720 789 3796 graviora
843 3719 1063 3793 ﬂagitia
1117 3719 1496 3785 commiserit,
1556 3734 1621 3773 eo
1681 3717 1746 3771 ﬁt
1800 3715 2163 3772 insolentior.

521 3812 786 3882 Namque
820 3826 927 3864 usu
962 3813 1137 3880 atque
1168 3807 1576 3862 exercitatione
1606 3805 1954 3877 improbitas
1987 3820 2166 3876 auge-

519 3904 637 3971 tur,
666 3903 725 3955 et
753 3897 1103 3971 impunitate
1129 3896 1387 3952 nutritur
1433 3895 1696 3950 audacia.
1766 3892 2003 3948 Recedit
2065 3894 2168 3948 ita-

520 4006 633 4061 que
663 3988 734 4044 ab
765 3988 923 4043 omni
957 3989 1221 4058 respectu
1263 3984 1607 4050 honestatis,
1640 3987 1697 4038 et
1726 3983 1784 4038 in
1814 3999 1880 4038 eo
1936 3986 2167 4038 terrena

518 4076 718 4134 omnia
747 4076 1082 4131 moriuntur
1109 4072 1341 4129 lethalis
1391 4073 1615 4145 peccati
1672 4071 2003 4136 acerbitate,
2037 4086 2165 4142 qua:

517 4184 654 4223 vera
681 4170 739 4222 et
768 4168 1049 4238 perpetua
1079 4167 1264 4219 morte
1296 4166 1657 4234 peccatorem
1717 4159 1923 4215 deleat.
1985 4159 2165 4215 Nemo

517 4257 674 4313 enim
704 4254 940 4327 gravius
971 4252 1240 4318 moritur,
1291 4267 1468 4322 quam
1536 4248 1635 4321 qui
1703 4253 1940 4320 peccato
2003 4246 2162 4303 vivit.

516 4343 845 4399 Moriuntur
873 4343 931 4397 in
962 4357 1028 4397 eo
1060 4340 1304 4413 singulae
1366 4338 1666 4411 passiones
1698 4339 1812 4409 (20)
1845 4355 1858 4392 :
1919 4337 2169 4392 moritur

517 4432 680 4486 visus
710 4431 809 4502 qui
843 4434 1146 4501 peccatum
1177 4428 1506 4493 annuntiat,
1542 4428 1643 4499 qui
1689 4426 1919 4481 mulieri
1974 4425 2165 4481 fallaci

2236 596 2385 651 ritur
2418 609 2520 667 per
2545 590 2934 657 iracundiam,
2967 604 3103 644 cum
3133 586 3600 659 praetergreditur
3643 602 3854 644 mensu-

2236 701 2365 740 ram
2396 680 2657 738 ultionis.
2690 678 2896 736 Omnis
2920 691 3176 749 namque
3205 678 3500 747 postremo
3531 691 3727 732 sensus
3742 692 3855 732 mo-

2239 773 2406 839 ritur,
2441 770 2492 826 si
2519 769 2787 825 minister
2814 767 2893 823 sit
2920 764 3270 838 iniquitatis.

2313 862 2401 916 35.
2435 860 2507 915 Et
2534 859 2664 913 ideo
2695 856 2833 929 quia
2857 860 3089 911 terrena
3115 852 3315 909 omnia
3378 853 3700 909 moriuntur
3727 853 3860 910 dilu-

2240 950 2355 1014 vio,
2426 948 2588 1004 solus
2644 950 2840 1000 autem
2891 945 3095 1015 justus
3133 942 3193 997 in
3232 946 3514 996 aeternum
3554 945 3761 1008 manet,
3798 942 3860 998 ad

2241 1039 2438 1111 ipsum
2469 1035 2729 1092 dicitur:
2764 1034 3015 1089 Statuam
3064 1032 3449 1087 testamentum
3487 1046 3665 1085 meum
3718 1029 3783 1085 ad
3819 1034 3864 1087 te

2244 1131 2401 1199 (Gen.
2437 1142 2515 1187 v1,
2551 1125 2637 1195 18)
2671 1142 2684 1191 ;
2719 1122 2859 1195 quia
2912 1120 3036 1193 ipse
3067 1119 3279 1175 divinm
3306 1123 3396 1175 est
3424 1118 3609 1175 hmres
3662 1119 3866 1191 gratiis,

2243 1215 2369 1287 ipse
2398 1212 2653 1269 cmlestis
2684 1225 2988 1283 possessor
3016 1208 3394 1276 hereditatis,
3417 1207 3869 1265 beatissimorum

2244 1319 2484 1359 consors
2515 1302 2823 1357 bonorum.
2856 1299 2926 1353 Et
2955 1296 3223 1353 homines
3265 1296 3501 1369 quidem
3564 1312 3699 1352 cum
3761 1313 3897 1354 mo—~

2244 1391 2499 1456 riuntur,
2543 1387 2964 1461 patrimonium
3020 1401 3196 1441 suum
3222 1389 3570 1442 testamento
3614 1386 3878 1442 transcri-

2247 1481 2382 1535 bere
2455 1477 2691 1544 solent;
2769 1492 2875 1532 nec
2912 1474 3070 1530 cedit
3132 1473 3464 1540 haereditas,
3503 1473 3685 1530 donec
3752 1473 3880 1528 vivit

2246 1573 2524 1624 testator:
2558 1568 2713 1622 Deus
2738 1572 2934 1621 autem
2962 1580 3095 1620 cum
3128 1563 3208 1619 sit
3236 1563 3653 1637 sempertinus,
3708 1566 3883 1618 trans-

2250 1658 2440 1713 fundit
2488 1654 2672 1727 justis
2710 1655 2915 1710 divinae
2977 1652 3375 1709 haereditatem
3413 1651 3750 1708 substantia:
3781 1668 3796 1719 ;
3830 1656 3883 1707 et

2249 1748 2374 1820 ipse
2405 1762 2520 1801 non
2550 1743 2823 1816 indigens
2852 1744 3030 1799 donat
3094 1758 3203 1798 sua
3227 1741 3355 1798 sine
3414 1740 3535 1797 ullo
3573 1740 3884 1797 donationis

2255 1834 2593 1907 dispendio,
2637 1848 2811 1905 quem
2852 1848 2968 1888 non
3007 1834 3253 1904 gravant
3310 1846 3556 1887 suorum
3608 1833 3887 1887 consortes

2255 1925 2564 1987 bonorum,
2604 1921 2912 1993 magisque
2938 1920 3152 1975 fruitur
3177 1935 3244 1975 eo
3307 1935 3423 1991 quo
3490 1934 3602 1975 nos
3662 1918 3886 1975 utimur.

2256 2012 2517 2082 Denique
2558 2010 2840 2064 Dominus
2876 2008 3052 2064 Jesus
3092 2024 3316 2080 pauper
3366 2008 3561 2064 factus
3598 2010 3705 2075 est,
3766 2022 3888 2063 cum

2259 2100 2419 2155 dives
2447 2102 2620 2163 esset,
2664 2102 2731 2153 ut
2760 2114 2868 2152 nos
2899 2096 3061 2151 illius
3125 2096 3325 2168 inopia
3378 2096 3749 2153 ditaremur:
3804 2093 3894 2168 qui

2258 2189 2701 2243 Testamentum
2734 2191 3053 2257 utrumque
3083 2201 3191 2242 suo
3212 2185 3649 2242 consummavit
3676 2183 3892 2258 sangui-

2264 2293 2355 2343 ne,
2390 2281 2454 2330 ut
2486 2291 2592 2331 nos
2620 2275 2749 2330 vitae
2778 2291 2896 2330 sua:
2956 2273 3303 2330 coheredes.
3335 2277 3395 2330 et
3447 2274 3657 2330 mortis
3702 2273 3899 2330 faceret

2264 2365 2546 2432 heredes,
2580 2380 2695 2436 quo
2718 2366 2775 2418 et
2802 2363 2930 2418 vitae
2998 2363 3346 2419 haberemus
3414 2362 3794 2431 consortium,
3848 2364 3899 2417 et

2268 2453 2475 2509 mortis
2502 2451 2870 2508 beneficium.
2940 2450 3186 2507 Multum
3219 2455 3417 2507 autem
3478 2451 3690 2509 tribuit
3735 2452 3901 2524 justo,

2269 2540 2843 2597 dicendo:Statuam
2907 2543 3291 2595 testamentum
3351 2556 3544 2597 meum
3608 2541 3792 2597 adte:
3849 2555 3901 2597 eo

2272 2630 2426 2702 quod
2461 2626 2824 2682 rationabilis
2853 2633 2912 2683 et
2957 2627 3147 2683 tldelis
3209 2628 3300 2683 vir
3363 2628 3449 2684 sit
3502 2632 3905 2686 testamentum

2273 2719 2394 2774 Dei.
2432 2723 2557 2789 Ipse
2582 2723 2673 2771 est
2702 2716 2856 2770 enim
2913 2715 3242 2783 haereditas,
3298 2714 3432 2788 ipse
3488 2719 3802 2790 possessio,
3851 2717 3903 2773 in

2273 2823 2388 2879 quo
2420 2807 2605 2860 virtus
2635 2803 2814 2859 divini
2844 2805 3176 2860 testamenti
3207 2807 3315 2875 est,
3346 2803 3411 2860 in
3445 2822 3566 2879 quo
3590 2805 3805 2863 fructus
3819 2805 3905 2877 ju-

2275 2894 2434 2958 dicii,
2466 2893 2524 2948 in
2556 2909 2673 2964 quo
2705 2892 3013 2948 hmreditas
3043 2892 3483 2963 promissionis,
3517 2895 3590 2951 de
3641 2910 3754 2967 quo
3815 2894 3909 2950 Da«

2273 2983 2365 3038 vid
2396 2981 2538 3037 dicit
2568 2997 2580 3035 :
2613 2981 2746 3035 Ecce
2773 2979 3067 3037 hxreditas
3096 2981 3337 3047 Domini,
3368 2981 3507 3053 ﬁlii,
3536 2998 3740 3039 merces
3773 2984 3909 3054 frue-

2275 3078 2362 3127 tus
2392 3071 2595 3127 ventris
2623 3068 2851 3138 (Psalm.
2884 3084 3074 3137 cxxvx,
3102 3068 3180 3140 3).
3213 3067 3323 3125 Sed
3346 3070 3483 3141 jam
3517 3070 3679 3127 salva
3705 3056 3912 3145 exposi-

2199 3174 2242 3240 C
2277 3161 2433 3217 tione
2464 3156 2860 3232 profundioris
2890 3157 3147 3230 mysterii
3180 3158 3251 3214 ad
3284 3157 3520 3232 reliqua
3558 3175 3881 3234 pergamus.

2816 3283 2964 3340 241
3008 3281 3240 3339 CAPUT
3297 3282 3393 3340 XI.

2282 3394 2466 3449 Virum
2484 3392 2699 3463 justum
2726 3389 2835 3445 sibi
2860 3390 3032 3463 saluti
3054 3404 3187 3455 esse,
3221 3389 3345 3463 licet
3375 3407 3781 3463 nonnunquam
3813 3400 3917 3448 stu-

2345 3461 2498 3518 dium
2524 3462 2804 3536 retaaganti
2829 3461 3049 3536 obrepat
3101 3476 3273 3536 error.
3323 3462 3449 3536 Non
3484 3461 3700 3536 semper
3718 3464 3920 3536 justum

2344 3550 2458 3590 esse
2483 3533 2627 3605 apud
2656 3534 2828 3588 Deum
2853 3534 2949 3604 qui
2956 3531 2961 3532 “
2966 3531 3151 3605 justus
3174 3534 3246 3587 sit
3263 3533 3420 3604 apud
3484 3531 3745 3591 ’iom'mes'.
3776 3534 3921 3590 Deni-

2344 3606 2879 3746 ἕῖῗνὲηέῗέὲζζιιῶηἰεν
2894 3604 3172 3675 passiones
3230 3606 3391 3675 quasi
3456 3610 3639 3678 patris
3695 3605 3926 3677 familias

2344 3784 2433 3838 36.
2466 3785 2642 3847 Intra,
2663 3780 2874 3853 inquit,
2892 3784 2954 3836 tu
2980 3780 3229 3836 etomnis
3257 3780 3463 3839 domus
3510 3785 3609 3840 tua
3658 3785 3720 3840 in
3756 3795 3926 3843 arcam

2277 3875 2407 3946 quia
2480 3880 2530 3928 te
2602 3871 2717 3926 vidi
2778 3871 2995 3942 justum
3066 3885 3252 3925 coram
3324 3887 3420 3927 me
3496 3874 3563 3928 in
3635 3872 3926 3945 generatio-

2272 3980 2342 4017 ne
2369 3963 2474 4017 ista
2493 3960 2644 4032 (Gen.
2678 3976 2778 4027 vn,
2820 3959 2885 4031 1).
2921 3958 3228 4014 Manifesta
3259 3957 3408 4016 fides
3442 3961 3798 4035 prophetica:
3819 3974 3932 4016 sen-

2275 4051 2469 4107 tentiae
2500 4048 2673 4105 etiam
2704 4048 2815 4103 hoc
2846 4046 3133 4103 astruitur
3162 4045 3311 4119 loco,
3344 4050 3501 4120 quia
3557 4050 3779 4107 stultus
3828 4044 3929 4104 sibi

2277 4138 2384 4195 soli
2414 4136 2635 4194 stultus
2665 4141 2772 4204 est,
2806 4136 3043 4209 sapiens
3075 4139 3271 4192 autem
3302 4137 3425 4193 sibi
3456 4143 3518 4195 et
3548 4137 3820 4212 plurimis
3845 4150 3926 4192 sa-

2276 4228 2361 4300 pit
2392 4230 2575 4296 (Prov.
2597 4243 2675 4293 IX,
2708 4226 3031 4298 12).ltaque
3059 4225 3179 4280 Noe
3198 4225 3346 4296 justi
3377 4228 3606 4284 merito
3638 4227 3813 4284 etiam
3848 4225 3933 4280 do-

2276 4333 2411 4372 mus
2440 4317 2568 4387 ejus
2589 4313 2647 4370 in
2680 4312 2898 4369 diluvio
2930 4317 3215 4369 servatur.
3251 4314 3345 4369 Sic
3366 4314 3434 4371 in
3470 4316 3629 4372 mari
3663 4314 3928 4387 navigan-

2276 4409 2385 4473 tes,
2419 4408 2475 4461 et
2507 4404 2564 4458 in
2587 4401 2739 4459 bello
2769 4402 3076 4467 exercitus,
3100 4403 3149 4458 si
3182 4401 3301 4458 illis
3361 4420 3489 4461 non
3513 4405 3675 4462 desit
3729 4404 3925 4478 guber-

519 4490 789 4584 intendit,
824 4490 921 4588 qui
950 4518 1178 4589 capitur
1225 4517 1399 4573 alieni
1455 4490 1652 4571 vultus
1708 4516 1931 4583 decore,
1988 4531 2155 4587 quem

2276 4493 2497 4550 natoris
2522 4492 2749 4565 peritia,
2783 4491 2915 4547 istis
2945 4490 3316 4563 imperatoris
3345 4494 3701 4564 prudentia,
3759 4509 3794 4549 a
3845 4504 3929 4561 pe-

518 4606 671 4664 oculi
704 4605 1025 4661 meretricis
1050 4605 1375 4678 ligaverint,
1411 4622 1585 4676 quem
1618 4609 1887 4677 aspectus
1917 4603 2161 4676 illaque-

519 4696 699 4752 averit
721 4695 1067 4750 fornicariae.
1099 4696 1303 4749 Annon
1334 4692 1563 4749 videtur
1594 4694 1764 4763 mori,
1796 4694 1896 4765 qui
1951 4693 2062 4748 sibi
2095 4692 2164 4747 li-

518 4783 737 4843 bidinis
768 4782 952 4838 telum
983 4782 1367 4854 impresserit,
1401 4781 1500 4854 qui
1532 4788 1891 4854 spontaneus
1940 4781 2165 4837 foveam

517 4875 724 4931 mortis
764 4870 1000 4927 irruerit
1024 4870 1053 4926 ‘I
1090 4870 1334 4927 Moritur
1370 4877 1427 4926 et
1490 4871 1748 4938 auditus,
1792 4870 1925 4926 cu’m
1994 4870 2167 4927 refert

517 4963 783 5030 crimina,
826 4978 961 5016 cum
1001 4959 1374 5016 sollicitantis
1412 4959 1659 5014 adulteri
1700 4975 2023 5015 sermonem
2071 4976 2169 5014 an-

514 5052 769 5120 nuntiat,
812 5066 943 5105 cum
988 5048 1191 5104 inserit
1228 5049 1443 5103 animis
1481 5049 1655 5103 verba
1694 5047 2015 5103 meretricis
2038 5064 2165 5119 qua:

515 5141 747 5196 seducit
794 5140 1071 5211 juvenem
1130 5138 1316 5193 multo
1388 5136 1785 5191 blamlimcnto
1854 5137 2163 5204 sermonis,

512 5229 739 5301 laqueis
814 5235 1008 5284 autem
1087 5227 1376 5282 labiorum
1454 5242 1694 5281 suorum
1764 5225 1949 5298 illigat
2006 5242 2160 5283 eum.

513 5317 763 5374 Moritur
835 5332 943 5372 vox
1017 5315 1248 5371 silentio
1326 5313 1460 5385 (2i),
1538 5313 1584 5367 si
1628 5330 1743 5368 non
1819 5313 2168 5368 conﬁteatur

494 5453 503 5462 ’
585 5470 866 5540 (20)Edit.
907 5467 1099 5540 Rom.,
1130 5469 1371 5540 actiones
1397 5466 1650 5540 singular.
1684 5463 1938 5540 Aliae__et
1997 5479 2164 5540 mss.,

507 5533 803 5611 passiones.
838 5539 933 5611 Sic
962 5539 1142 5611 etiam
1174 5539 1326 5594 infra
1356 5533 1559 5611 eadem
1587 5537 1752 5611 Rom.
1784 5533 1948 5604 edit.,
1998 5536 2168 5609 infert

507 5606 769 5685 crimina,
806 5608 908 5668 ubi
941 5606 1066 5666 aliae
1087 5615 1144 5667 et
1172 5626 1341 5682 mss.,
1374 5610 1540 5688 refert
1566 5609 1825 5668 crimina.

2273 4583 2456 4639 riculo
2486 4582 2595 4637 tuti
2627 4586 2769 4637 sunt
2798 4580 2989 4636 aliena
3017 4595 3147 4653 ope.
3179 4580 3287 4635 Sed
3326 4582 3477 4651 quia
3509 4582 3657 4638 boni
3700 4582 3932 4653 impers-

2272 4673 2417 4727 toris
2440 4671 2627 4726 bonus
2656 4669 2944 4726 exercitus
2965 4673 3055 4724 est
3087 4686 3100 4737 ;
3133 4668 3262 4724 ideo
3291 4668 3479 4726 etiam
3509 4670 3576 4726 in
3612 4687 3684 4728 eo
3711 4669 3930 4727 laudem

2264 4760 2413 4832 justi
2442 4757 2827 4831 intelligimus
2892 4773 3007 4813 non
3057 4755 3361 4829 praeteriri,
3397 4759 3509 4830 qui
3566 4758 3753 4817 talem
3783 4752 3935 4814 insti-

2271 4849 2387 4905 tuit
2415 4849 2657 4904 domum
2688 4863 2877 4913 suam,
2910 4851 2976 4901 ut
3026 4846 3262 4902 virtutis
3305 4844 3572 4920 fulgeret
3630 4843 3930 4910 consortio,

2276 4938 2602 5009 meritoque
2654 4936 2875 4991 invenit
2916 4932 3168 4990 salutem
3225 4935 3529 5007 cognatio.
3605 4936 3728 4993 Nec
3774 4948 3933 5006 repu'

2274 5030 2435 5098 gnat,
2469 5024 2607 5097 quia
2636 5027 2838 5097 postea
2867 5026 2968 5078 aut
2996 5021 3176 5091 ﬁlius,
3211 5027 3312 5078 aut
3334 5039 3490 5079 uxor
3518 5024 3790 5081 offendit.
3812 5021 3937 5078 Dor-

2278 5114 2494 5169 miebat
2517 5114 2878 5184 justus,cum
2901 5115 3122 5167 erraret
3142 5110 3299 5166 ﬁlius
3332 5110 3495 5183 (Gen.
3522 5130 3608 5185 ιχ,
3641 5106 3933 5184 22).F'emi-

2278 5219 2352 5258 na
2409 5218 2642 5274 quoque
2708 5204 2907 5272 utpote
2972 5215 3148 5256 sexus
3217 5198 3547 5272 fragilioris
3579 5199 3740 5258 mole
3797 5195 3936 5271 peri-

2276 5290 2390 5346 culi
2420 5291 2651 5346 turbata
2716 5289 2869 5362 (Gen.
2932 5304 3050 5356 x1x,
3098 5289 3214 5357 26),
3281 5302 3411 5359 quas
3484 5292 3690 5346 totum
3749 5286 3938 5344 orbem

2275 5380 2469 5435 divino
2572 5378 2840 5434 incendio
2880 5376 3067 5450 perire
3105 5377 3380 5444 crederet,
3422 5377 3578 5449 quid
3623 5375 3856 5434 miraris
3892 5370 3939 5428 si

2347 5468 2458 5539 (2t)
2490 5468 2641 5524 Edit.
2674 5471 2820 5536 ant.,
2855 5465 3433 5539 Moriturexsitentio
3467 5464 3748 5539 {melius
3779 5464 3935 5521 Rom.

2276 5544 2333 5597 et
2356 5537 2491 5597 cod.
2522 5539 2692 5600 Corb.
2719 5555 2786 5597 ac
2818 5544 3020 5615 Long,
3053 5538 3287 5598 Moritur
3316 5551 3425 5597 vos:
3444 5537 3705 5598 silentio.
