4026 6186
232 331 340 391 397

1432 338 1658 400 [ABER
1701 338 1802 399 DE
1848 338 2004 399 NOE
2049 337 2147 400 ET
2189 341 2418 402 ARCA.

3498 341 3619 404 398

233 466 409 520 virum
441 483 555 522 non
593 469 781 540 potuit
811 469 1137 540 sequi,cum
1171 470 1292 541 ipse
1316 471 1517 540 justus
1541 473 1612 525 ab
1636 473 1860 541 angelis
1894 473 1945 536 Α
1980 477 2197 542 partus.
2230 479 2284 528 et
2315 473 2618 530 muliebris
2650 474 2888 546 copulae,
2921 474 3029 530 etsi
3077 475 3398 530 hebdomas
3451 475 3614 530 femi-

231 554 479 612 monitus
521 559 611 611 vix
657 558 902 614 evaserit
931 559 1088 630 (Ibid.
1134 559 1268 629 29)?
1315 559 1462 624 Quid
1508 565 1704 614 autem
1755 560 1862 614 mi-

231 661 349 698 rum
383 644 430 700 si
463 644 687 700 homini
713 645 941 718 obrepit
969 663 1150 713 error,
1181 652 1280 702 aut
1318 665 1378 703 se
1409 647 1628 704 relaxat
1675 648 1862 703 inten-

228 734 338 789 tio?
368 737 555 806 Argue
576 750 712 808 ergo
739 735 878 807 quia
925 739 982 791 et
1015 737 1217 808 justus
1244 737 1568 793 inebriatus
1611 742 1718 794 est.
1751 737 1862 794 Sed

229 821 340 878 bzrc
370 821 495 878 loco
528 840 633 878 suo
659 825 1007 880 reservanda
1037 826 1306 881 arbitror.

289 913 378 966 37.
414 911 579 966 Nunc
611 913 763 984 quod
796 918 1062 984 superest
1093 915 1553 970 consideremus.
1619 915 1864 972 Pulchre

225 999 374 1054 enim
407 1000 580 1055 dixit:
604 1002 743 1069 Quia
772 1002 889 1057 vidi
915 1007 966 1058 te
986 1005 1200 1074 justum
1227 1020 1408 1060 coram
1436 1021 1522 1060 me
1551 1007 1609 1060 in
1640 1022 1864 1073 genera-

221 1090 361 1145 tione
391 1091 498 1145 ista
526 1090 794 1160 (Gen.vu,
829 1093 896 1163 I).
934 1091 1096 1147 Multi
1157 1093 1518 1162 hominibus,
1570 1094 1718 1164 justi
1775 1095 1862 1150 vi-

221 1179 449 1245 dentur,
483 1179 650 1252 pauci
684 1180 796 1236 Deo
830 1197 842 1233 :
877 1179 1042 1236 aliter
1097 1181 1457 1252 hominibus,
1510 1181 1676 1238 aliter
1723 1183 1859 1240 Deo.

224 1266 568 1324 Hominibus
587 1268 910 1324 secundum
931 1269 1054 1323 vitae
1080 1269 1362 1342 speciem;
1388 1270 1502 1326 Deo
1535 1272 1860 1327 secundum

222 1357 532 1428 puritatem
566 1357 766 1426 animi,
798 1359 1028 1414 virtutis
1058 1360 1392 1428 veritatem;
1425 1358 1692 1415 homines
1733 1378 1860 1433 quae

224 1446 356 1502 foris
385 1451 528 1502 sunt
559 1447 995 1518 probant,Deus
1025 1465 1150 1519 qua:
1179 1447 1339 1503 intus
1382 1449 1694 1504 examinat.
1730 1450 1858 1505 Per-

222 1552 390 1606 pense
422 1540 617 1591 autem
650 1536 911 1592 addidit:
939 1539 1001 1592 In
1029 1539 1385 1605 generatione
1415 1539 1552 1605 ista;
1588 1542 1652 1592 ut
1674 1554 1860 1610 neque

223 1624 547 1696 superiores
578 1625 1011 1691 condemnaret,
1047 1642 1232 1697 neque
1281 1627 1633 1697 posteriores
1673 1627 1861 1682 exclu-

225 1713 394 1781 deret,
427 1717 695 1784 recteque
725 1713 1010 1769 diluvium
1038 1715 1253 1770 factum
1287 1720 1572 1770 astrueret
1619 1715 1857 1771 interitu

224 1802 603 1873 generationis
658 1804 786 1873 ejus
845 1821 970 1875 qua:
1033 1821 1147 1858 non
1200 1803 1438 1859 haberet
1495 1803 1855 1860 consortium

225 1891 524 1962 aequitatis.
559 1891 690 1946 Haec
722 1893 1046 1947 secundum
1078 1891 1351 1948 litteram.

290 1980 372 2034 38.
404 1979 586 2035 Altior
632 1986 825 2035 autem
885 1998 1094 2036 sensus
1149 1985 1418 2053 provocat
1464 1999 1590 2048 nos,
1638 1986 1702 2036 ut
1750 1981 1857 2038 hoc

226 2073 484 2139 putemus
515 2069 770 2142 vigorem
805 2070 1017 2124 mentis
1051 2070 1107 2124 in
1141 2069 1336 2126 anima
1357 2074 1568 2138 esse,et
1596 2069 1855 2125 animam

224 2156 275 2211 in
308 2174 562 2229 corpore,
595 2159 748 2229 quod
799 2161 886 2213 cst
933 2158 1356 2230 paterfamilias
1406 2159 1464 2214 in
1513 2160 1684 2215 domo
1725 2176 1852 2215 sua.

223 2247 370 2310 Quod
400 2247 556 2302 enim
591 2247 648 2302 in
681 2247 875 2302 anima
906 2264 1093 2314 mens,
1127 2247 1235 2302 hoc
1268 2248 1464 2303 anima
1494 2249 1552 2303 in
1593 2264 1851 2320 corpore.

222 2336 272 2390 Si
303 2354 462 2392 mens
495 2341 618 2392 tuta
648 2341 757 2404 est,
789 2342 914 2392 tuta
943 2342 1030 2392 est
1061 2339 1290 2404 domus,
1341 2342 1470 2392 tuta
1515 2338 1713 2392 anima
1747 2355 1758 2390 ε
1803 2337 1851 2394 si

221 2424 405 2480 anima
435 2424 768 2493 incolumis,
801 2424 1110 2481 incolumis
1156 2443 1307 2480 caro.
1343 2425 1506 2482 Mens
1553 2427 1708 2481 enim
1758 2443 1852 2482 so-

222 2514 340 2570 bria
377 2515 680 2586 passiones
729 2531 933 2569 omnes
983 2514 1232 2584 cohibet,
1283 2531 1494 2570 sensus
1541 2516 1848 2587 gubernat,

219 2621 537 2662 sermonem
572 2604 994 2676 regit.ldeoque
1017 2603 1163 2659 bene
1193 2603 1334 2658 dicit
1364 2603 1848 2674 Dominusjusto,

218 2696 355 2750 intra
385 2704 462 2761 tu,
492 2694 603 2748 hoc
635 2697 742 2760 est,
774 2692 832 2747 in
866 2693 1117 2764 teipsum
1151 2692 1323 2757 intra,
1365 2691 1422 2746 in
1474 2696 1637 2746 tuam
1688 2710 1848 2748 men-

217 2788 346 2848 tcm,
377 2784 436 2838 in
488 2787 601 2837 tuae
654 2781 860 2837 animae
911 2780 1255 2854 principale;
1290 2781 1371 2836 ibi
1409 2781 1570 2836 salus
1616 2786 1724 2850 est,
1770 2781 1848 2837 ibi

215 2870 700 2943 gubernaculum;
735 2871 874 2925 foris
904 2869 1210 2938 diluvium,
1241 2870 1379 2924 foris
1411 2869 1754 2941 periculum.
1788 2870 1845 2926 Si

216 2967 399 3016 autem
461 2961 621 3015 intus
680 2959 859 3014 fueris
905 2963 961 3014 et
1007 2957 1146 3014 foris
1197 2963 1360 3013 tutus
1399 2975 1493 3026 es;
1550 2959 1688 3030 quia
1751 2959 1846 3014 ubi

219 3067 373 3106 mens
402 3049 492 3105 sui
527 3048 746 3104 arbitra
775 3052 881 3114 est,
916 3048 1079 3102 bona:
1129 3051 1266 3101 sunt
1314 3046 1714 3118 cogitationes,
1747 3049 1847 3103 bo-

216 3155 294 3191 na:
326 3144 461 3192 sunt
491 3137 910 3194 exsecutiones.
943 3135 1004 3190 Si
1033 3135 1188 3190 enim
1241 3135 1385 3190 nihil
1434 3135 1556 3190 vitii
1592 3141 1846 3191 mentem

1977 576 2084 614 neo
2115 567 2486 633 nuncupetur
2512 562 2812 632 vocabulo,
2846 563 3030 620 virilis
3082 563 3260 618 habet
3287 563 3616 619 sanctiﬁca-

1975 647 2150 704 tionis
2197 651 2444 722 gratiam
2479 669 2491 706 :
2526 654 2718 710 Omnis
2774 652 2930 707 enim
2973 653 3248 707 masculus
3293 651 3618 723 adaperiens

1973 737 2191 792 vulvam
2235 743 2452 795 sanctus
2493 743 2717 795 Domino
2746 741 3026 796 vocabitur
3053 740 3244 812 (Exod.
3277 757 3470 807 xxxxv,
3505 740 3615 812 19).

1973 825 2042 880 Et
2070 825 2126 880 in
2160 827 2444 898 propheta
2475 827 2653 884 habes
2687 847 2698 883 :
2734 829 2958 900 Effudit,
2992 837 3042 884 et
3070 831 3281 902 peperit
3309 829 3618 883 masculum

1973 914 2097 981 (Isa.
2133 932 2278 981 vax,
2320 917 2397 985 7),
2458 917 2515 971 id
2565 921 2654 972 est
2707 921 2995 973 sanctum.
3057 918 3361 974 Secundus
3420 921 3616 972 autem

1974 1019 2256 1059 numerus
2287 1021 2401 1060 non
2434 1011 2524 1060 est
2555 1005 2784 1077 plenus,
2813 1005 2949 1078 quia
2976 1007 3390 1072 divisus.Quod
3420 1011 3617 1062 autem

1973 1108 2088 1147 non
2121 1098 2209 1148 est
2239 1093 2498 1166 plenum,
2530 1112 2777 1150 vacuum
2809 1095 3075 1151 habetur.
3099 1095 3399 1167 Septimus
3420 1099 3614 1150 autem

1973 1197 2256 1236 numerus
2288 1183 2515 1253 plenus,
2551 1182 2688 1255 quia
2719 1183 3058 1249 hebdomas,
3095 1188 3158 1238 ut
3187 1183 3388 1250 decas;
3421 1188 3479 1238 et
3531 1182 3616 1238 si-

1973 1270 2129 1324 milis
2161 1269 2319 1326 ilIius
2350 1271 2547 1343 primi,
2579 1272 2717 1343 quia
2764 1272 2912 1327 facta
2941 1277 3028 1328 est
3059 1273 3129 1326 ad
3163 1271 3614 1327 similitudinem

1971 1359 2081 1430 (22)
2114 1359 2276 1414 illius
2301 1360 2399 1431 qui
2431 1366 2518 1416 est
2551 1377 2801 1432 semper,
2835 1377 2868 1415 a
2899 1378 3014 1432 quo
3046 1361 3346 1432 proﬂuunt
3391 1364 3448 1415 et
3489 1376 3613 1416 mo-

1969 1451 2176 1502 ventur
2206 1464 2332 1519 quaa
2365 1453 2502 1504 sunt
2533 1449 2588 1503 in
2621 1448 2782 1504 omni
2812 1465 3022 1521 genere
3051 1449 3314 1506 virtutes.
3348 1448 3478 1505 Haec
3511 1465 3611 1504 na-

1969 1535 2200 1592 turalia.

2040 1626 2127 1679 40.
2163 1625 2243 1680 De
2297 1627 2616 1682 moralibus
2663 1631 2858 1682 autem
2915 1631 2975 1681 ut
3023 1627 3308 1694 dicamus,
3360 1643 3475 1682 non
3525 1633 3614 1684 est

1967 1713 2213 1768 dubium
2266 1716 2419 1786 quod
2473 1714 2871 1770 irrationabile
2902 1716 3013 1785 (23)
3041 1715 3248 1771 animaa
3297 1718 3507 1771 nostris
3549 1715 3610 1772 in

1967 1803 2228 1874 quinque
2259 1819 2466 1859 sensus
2503 1803 2817 1868 dividatur,
2851 1807 2908 1859 et
2954 1819 3174 1870 vocem,
3208 1807 3264 1858 et
3309 1807 3612 1876 generato-

1969 1890 2280 1962 rium,qua3
2313 1897 2523 1948 natura
2551 1893 2820 1947 videntur
2848 1909 2976 1948 esse
3008 1891 3285 1960 feminea;
3316 1891 3457 1963 quia
3487 1907 3614 1949 sen-

1967 1996 2070 2035 sus
2101 1979 2283 2034 nostri
2325 1981 2381 2035 in
2432 1981 2757 2037 materialia
2801 1986 2859 2036 et
2906 1980 3207 2036 saecularia
3237 1979 3348 2035 cito
3379 1984 3610 2052 repunt.

1967 2067 2130 2124 Unde
2160 2069 2340 2124 claret
2369 2085 2466 2125 eos
2499 2068 2782 2125 mollioris
2814 2075 3036 2125 natura:
3081 2069 3293 2125 habere
3335 2069 3609 2125 substan-

1963 2155 2126 2212 tiam.
2162 2158 2270 2213 Sed
2301 2158 2524 2213 erudito
2555 2161 2612 2213 et
2637 2158 2925 2214 industrio
2954 2158 3075 2214 viro
3114 2159 3334 2213 munda
3361 2157 3562 2214 omnia
3591 2172 3609 2214 :

1964 2245 2103 2316 quia
2134 2247 2420 2318 sapientia
2447 2247 2741 2302 exercitati
2759 2248 2865 2302 viri
2883 2251 2939 2302 et
2961 2247 3144 2302 virtus
3170 2247 3608 2302 ﬁrmamentum

1963 2333 2055 2388 his
2105 2334 2255 2389 virili
2305 2336 2661 2391 transfundit
2705 2336 2952 2406 judicio.
3001 2336 3149 2408 Ergo
3199 2335 3505 2408 prudentis
3553 2338 3611 2392 et

1962 2423 2256 2494 proposito
2285 2425 2668 2496 gubernantis
2685 2441 2752 2479 ex
2770 2424 3110 2480 inﬁrmioris
3131 2441 3303 2480 sexus
3325 2423 3607 2496 qualitate

1961 2512 2018 2566 in
2053 2513 2348 2568 fortiorem
2380 2513 2769 2569 substantiam
2804 2514 3234 2569 transferuntur
3253 2511 3606 2584 (24).Va1ida

1958 2601 2113 2655 enim
2142 2600 2424 2672 sapientis
2453 2606 2509 2656 et
2535 2601 2647 2656 ﬁxa
2668 2601 2956 2656 sententia
2983 2606 3098 2670 est;
3134 2618 3246 2656 non
3274 2599 3604 2661 mutabilis.

1959 2696 2022 2744 ut
2052 2689 2216 2744 stulti
2247 2694 2303 2744 et
2333 2689 2664 2762 insipientis
2712 2690 2811 2761 qui
2862 2689 3103 2745 consilio
3151 2693 3320 2745 nutat
3359 2690 3598 2757 incerto,

1957 2784 2024 2834 ut
2053 2779 2300 2851 improbi
2334 2780 2432 2851 qui
2465 2797 2578 2834 non
2610 2780 2766 2850 quod
2789 2795 2986 2834 verum
3005 2779 3309 2849 etjustum
3326 2778 3402 2833 sit
3417 2777 3601 2851 eligit,

1958 2869 2059 2923 sed
2091 2868 2244 2940 quod
2295 2868 2407 2923 sibi
2452 2868 2826 2924 commodum
2873 2867 3033 2938 velit,
3086 2866 3301 2922 scindit
3355 2884 3388 2922 a
3443 2883 3601 2935 vero,

1957 2957 2208 3012 secernit
2235 2974 2268 3011 a
2291 2957 2722 3028 justo.Justitia
2741 2956 2898 3012 enim
2921 2955 3218 3029 singulare
3247 2959 3336 3012 est
3358 2956 3602 3024 bonum,

1957 3063 2060 3118 per
2107 3062 2167 3101 se
2215 3045 2345 3117 ipsa
2392 3062 2498 3101 suo
2547 3045 2688 3100 tanti
2740 3050 3037 3117 spectatur
3075 3044 3280 3117 pretio.
3316 3044 3602 3116 Iniquitas

1955 3153 2086 3190 vero
2120 3133 2276 3190 velut
2304 3135 2540 3190 dividua
2579 3135 2749 3206 parit,
2783 3151 2938 3190 nunc
2985 3134 3116 3190 odio
3167 3134 3395 3199 inﬂexa,
3446 3149 3602 3190 nunc

217 3227 535 3293 obumbret,
597 3227 833 3281 sincerae
891 3224 1270 3296 cogitationes
1329 3228 1488 3278 sunt.
1539 3224 1596 3278 Si
1648 3211 1918 3279 studioC
1957 3229 2206 3295 quwstu,
2263 3229 2320 3278 et
2376 3241 2444 3279 ea
2495 3242 2622 3296 qua:
2694 3229 2832 3279 sunt
2902 3223 3212 3278 dividenda
3274 3221 3602 3278 confundit.

219 3316 287 3369 sit
317 3317 573 3383 castitas,
606 3315 761 3369 cordi
797 3312 875 3369 sit
905 3314 1058 3370 242
1089 3312 1666 3385 temperantia,nulla
1695 3313 1853 3368 inar-

218 3404 390 3459 descit
439 3405 678 3459 flamma
723 3403 1008 3469 libidinis,
1045 3400 1207 3456 nulla
1258 3401 1450 3456 ulcera
1506 3405 1856 3474 proserpunt

219 3494 594 3565 egritudinis.
623 3491 916 3548 Sobrietas
961 3491 1118 3546 enim
1164 3491 1399 3555 mentis,
1450 3490 1735 3546 medicina
1768 3495 1857 3548 est

221 3582 488 3655 corporis.

841 3659 1070 3714 CAPUT
1110 3659 1228 3714 XII.

220 3768 444 3838 Septena
467 3767 742 3822 animalia
761 3767 1000 3822 mundus
1025 3767 1306 3838 utriusque
1325 3783 1487 3822 sexus
1508 3775 1558 3821 et
1588 3767 1726 3821 bina
1752 3768 1854 3821 im-

283 3837 486 3894 munda
533 3842 593 3893 in
641 3855 830 3894 arcam
876 3838 1084 3903 induci,
1115 3837 1256 3907 quod
1303 3839 1562 3908 septimus
1597 3854 1859 3892 numerus

284 3927 428 3964 sacer
469 3926 538 3965 ac
568 3911 766 3980 plenus
795 3912 888 3973 sit,
934 3924 1083 3963 secus
1131 3924 1254 3963 vero
1301 3909 1583 3963 secundus.
1612 3911 1675 3963 In
1704 3908 1858 3964 nobis

283 3979 648 4051 septenarium
681 3981 948 4052 quoddam
983 3981 1278 4052 femineum
1305 3995 1437 4047 esse,
1469 3979 1560 4034 sed
1606 3980 1675 4034 ad
1721 3981 1857 4034 viri-

288 4052 385 4107 lem
411 4051 776 4108 conditionem
806 4052 873 4106 ab
909 4051 1119 4122 erudito
1149 4053 1266 4105 viro
1293 4052 1621 4122 promoveri.
1648 4055 1858 4106 Postre-

286 4140 368 4179 mo
397 4123 699 4178 humanam
727 4129 992 4179 naturam
1017 4121 1300 4193 designari
1344 4123 1746 4178 contrariorum
1767 4139 1858 4178 ca-

282 4211 485 4264 pacem.

293 4301 375 4357 39.
409 4303 574 4357 Nunc
624 4301 1064 4358 consideremus
1112 4316 1228 4371 qua
1274 4299 1497 4354 ratione
1546 4299 1744 4355 induci
1801 4299 1860 4354 in

228 4406 410 4446 arcam
430 4391 606 4462 jubet
632 4407 665 4445 a
686 4389 973 4461 jumentis
1008 4387 1246 4443 mundis
1276 4392 1498 4460 septem
1530 4394 1587 4442 et
1618 4393 1863 4459 septem,

227 4480 548 4536 masculum
577 4485 634 4535 et
668 4479 944 4534 feminam
978 4495 991 4532 ε
1026 4479 1097 4534 ab
1144 4477 1466 4532 immundis
1512 4481 1704 4532 autem
1749 4478 1864 4532 duo

1959 3311 2186 3368 Stultus
2234 3314 2389 3368 enim
2447 3318 2510 3368 ut
2561 3313 2701 3368 luna
2740 3317 3020 3380 mutatur,
3054 3315 3111 3368 et
3139 3310 3467 3378 versicolor,
3502 3313 3606 3365 aut

1962 3400 2277 3456 humorum
2321 3401 2596 3456 varietate
2625 3400 2911 3456 diIl‘ormis
2942 3401 3200 3456 animam
3240 3416 3408 3456 suam
3440 3399 3501 3453 in
3532 3397 3609 3454 le-

1963 3489 2118 3562 prosi
2154 3490 2414 3560 corporis
2445 3490 2698 3561 speciem
2748 3491 2903 3561 turpi
2955 3489 3298 3562 contagione
3344 3504 3608 3544 comma-

1964 3577 2140 3643 culat,
2172 3576 2440 3633 salubres
2489 3578 2870 3650 cogitationes
2922 3579 3109 3634 noxiis
3157 3596 3309 3651 saepe
3357 3577 3610 3650 permis-

1964 3684 2118 3723 cens.

2038 3755 2122 3810 lit.
2157 3755 2267 3810 Sed
2315 3755 2558 3810 fortasse
2606 3755 2744 3826 quia
2794 3756 3016 3810 munda
3063 3760 3121 3810 et
3163 3753 3472 3810 immunda
3518 3753 3611 3809 in-

1968 3843 2100 3900 duci
2133 3845 2286 3900 243
2315 3844 2374 3899 in
2409 3861 2605 3899 arcam
2639 3844 2872 3916 praecipi
2903 3844 3094 3900 cernis
3126 3843 3450 3900 animantia
3470 3842 3608 3913 (25),

1959 3934 2092 4005 jure
2123 3949 2351 3988 movere
2382 3933 2566 4005 possit
2614 3932 2751 4005 quia
2782 3932 2898 3986 dixi
2930 3931 3192 3988 honestis
3234 3930 3608 4001 disceptatio-

1969 4021 2141 4077 nibus
2173 4020 2476 4077 indecoras
2508 4039 2622 4076 non
2645 4038 2771 4077 esse
2799 4020 3266 4076 miscendas.Nec
3290 4035 3394 4092 ego
3417 4018 3610 4074 abnuo

1969 4109 2455 4165 irrationabilium
2480 4110 3103 4182 quidem,mundorum
3124 4114 3320 4165 tamen
3344 4112 3612 4163 motuum

1970 4199 2166 4270 aliqua
2205 4215 2334 4254 esse
2381 4199 2608 4254 semina
2657 4205 2712 4255 et
2759 4199 2925 4271 quasi
2975 4199 3262 4271 principia
3310 4197 3369 4252 in
3417 4196 3618 4253 anima

1972 4292 2191 4356 nostra,
2224 4292 2503 4343 eteorum
2536 4289 2636 4360 qui
2667 4289 2872 4344 mundi
2906 4305 3021 4344 non
3053 4289 3187 4344 sint.
3216 4287 3430 4343 Natura
3459 4285 3616 4341 enim

1975 4376 2233 4431 hominis
2265 4377 2690 4432 contrariorum
2738 4394 2918 4448 capax
2967 4381 3075 4443 est,
3109 4382 3172 4432 ut
3201 4379 3258 4431 et
3288 4375 3526 4432 malitia:
3557 4374 3616 4431 in

1973 4481 2042 4520 ea
2071 4466 2148 4520 sit
2179 4465 2346 4533 vis,et
2367 4465 2597 4520 virtutis
2628 4467 2930 4537 ingressus
2963 4482 2977 4520 ε
3015 4466 3341 4536 meritoque
3371 4463 3430 4518 in
3459 4463 3618 4536 prin-

225 4573 276 4620 et
305 4569 434 4637 duo,
472 4574 538 4624 ut
570 4567 864 4622 nutriatur
893 4583 1093 4622 semen
1126 4566 1184 4620 in
1216 4581 1448 4620 omnem
1479 4561 1862 4636 terram(Gén.
1896 4581 1942 4645 D
1973 4553 2151 4645 clpi0_
2175 4554 2308 4608 libri
2359 4553 2537 4645 huius
2567 4553 2666 4645 qui
2695 4558 2785 4645 est
2801 4554 3074 4645 Genesis,
3109 4571 3211 4627 per
3239 4554 3464 4645 arboris
3497 4569 3624 4645 spe~

224 4670 319 4722 vn,
349 4660 422 4729 2).
459 4663 546 4724 Et,
582 4661 645 4711 ut
686 4673 790 4728 ego
833 4656 1100 4723 arbitror,
1135 4655 1282 4709 inire
1334 4653 1615 4708 mundam
1659 4654 1867 4710 asserit

225 4742 643 4802 hebdomadam
681 4746 853 4817 :quia
881 4744 1139 4799 mundus
1171 4749 1227 4798 et
1256 4759 1419 4799 sacer
1448 4743 1738 4814 septimus
1763 4760 1869 4798 nu-

228 4834 602 4890 merus.Nulli
633 4834 789 4890 enim
823 4833 1123 4899 miscetur,
1156 4849 1261 4888 nec
1293 4833 1365 4886 ab
1397 4831 1508 4887 alio
1539 4836 1866 4904 generatur.

229 4921 471 4996 Ideoque
496 4923 658 4996 virgo
700 4923 934 4989 dicitur,
989 4922 1126 4994 quia
1164 4919 1310 4975 nihil
1357 4937 1424 4975 ex
1468 4937 1530 4978 se
1573 4926 1811 4992 generat
1857 4939 1870 4989 ;

234 5012 555 5085 meritoque
606 5019 888 5085 tanquam
939 5010 1186 5066 materni
1231 5026 1428 5064 exsors
1478 5008 1876 5082 immunisque

300 5167 406 5235 (22)
461 5165 604 5220 Mss.
639 5165 805 5220 Corb.
840 5169 896 5218 et
926 5163 1079 5228 Vat.,
1111 5165 1240 5233 quia
1268 5163 1432 5233 alpha
1462 5171 1541 5216 est
1571 5162 1646 5217 ad
1674 5163 1872 5218 simili-

237 5237 498 5303 tudinem,
530 5243 640 5291 etc.
704 5237 849 5290 Hinc
898 5235 1067 5288 nobis
1112 5235 1341 5288 videtur
1389 5251 1420 5287 a
1461 5250 1592 5288 vero
1627 5250 1738 5288 non
1773 5235 1874 5288 ab-

232 5306 461 5363 horrere
509 5307 729 5378 aliquid
765 5307 924 5378 prius
956 5307 1025 5360 de
1057 5306 1243 5376 primo
1277 5321 1519 5359 numero
1539 5304 1731 5378 fuisse
1762 5305 1878 5378 dic-

233 5384 498 5450 tum,quo
523 5375 724 5450 postea
752 5375 982 5450 sublato
1006 5375 1117 5431 non
1152 5380 1467 5432 minimum
1500 5375 1877 5430 obscuritatis

229 5452 327 5505 toti
363 5449 503 5505 huic
526 5449 662 5505 loco
695 5449 1006 5505 subortum
1038 5453 1144 5503 est.

297 5523 527 5601 (23)~l_ta
558 5538 704 5601 mss:
752 5521 921 5576 Corb.
981 5520 1264 5601 et_L_ong.
1316 5517 1457 5599 Vat.
1497 5522 1688 5601 autem
1743 5533 1877 5601 cum

231 5589 362 5649 edit.
388 5589 532 5649 'Gill.
567 5609 634 5648 ac
667 5593 834 5649 Rom.
858 5608 970 5648 non
997 5595 1074 5647 est
1103 5589 1332 5645 dubium
1361 5589 1496 5649 quin
1525 5589 1874 5646 rationabile.

232 5667 352 5736 Am.
384 5672 442 5725 et
471 5665 628 5736 Era,
667 5681 780 5724 non
827 5668 903 5722 est
949 5662 1192 5720 dubium.
1245 5662 1356 5734 Quo

236 5735 354 5801 Mle.

1438 5661 1590 5720 enim
1633 5662 1873 5725 rationa-
1897 5721 1900 5724 .

1975 4642 2121 4698 ciem
2140 4643 2195 4696 in
2212 4641 2466 4714 paradisi
2488 4643 2680 4697 medio
2703 4642 2892 4715 legisti
2911 4643 3047 4699 boni
3073 4650 3130 4699 et
3153 4642 3293 4698 mali
3317 4642 3621 4698 scientiam

1980 4731 2231 4799 (6071.11,
2264 4731 2338 4802 9).
2384 4731 2462 4787 De
2511 4748 2627 4803 quo
2676 4731 2834 4804 ligno
2884 4733 3141 4788 scientiae
3193 4732 3329 4788 boni
3383 4736 3440 4785 et
3485 4725 3623 4782 mali

1983 4823 2334 4891 prmeeptum
2365 4824 2453 4874 est
2484 4837 2599 4875 non
2629 4838 2759 4877 esse
2786 4823 3149 4894 gustandum
3171 4837 3256 4889 ;eo
3279 4818 3431 4890 quod
3456 4829 3622 4870 mens

1982 4914 2182 4963 nostra
2224 4907 2283 4962 in
2331 4925 2447 4979 qua
2477 4913 2567 4964 est
2617 4910 2868 4982 cognitio
2916 4916 2973 4965 et
3019 4907 3348 4980 disciplina,
3381 4903 3516 4960 boni
3567 4905 3625 4957 et

1986 4996 2122 5051 mali
2152 4997 2357 5068 recipit
2387 4999 2701 5054 notionem.
2735 5000 2934 5072 Itaque
2976 5003 3193 5053 natura:
3243 4994 3432 5066 opifex
3475 4991 3626 5047 sicut

2056 5159 2167 5229 (24)
2200 5157 2347 5213 Edit.
2381 5163 2512 5213 Am.
2548 5177 2629 5215 ac.
2686 5161 2834 5227 Era.,
2885 5160 3218 5231 propositum
3263 5154 3632 5231 gubernantis

1983 5226 2410 5300 ex'inﬁrmioris
2450 5247 2587 5285 sexu
2617 5226 2897 5302 qualitate
2930 5226 3002 5302 "in
3049 5229 3330 5298 fortiorem
3375 5226 3634 5302 substan-

1983 5303 2124 5356 tiam
2155 5304 2577 5370 transferuntur.
2625 5300 2768 5356 Gill.
2821 5307 2878 5355 et
2927 5301 3118 5366 Rom.,
3165 5300 3493 5370 propositum
3522 5313 3634 5367 gu-

1988 5373 2270 5428 bernantis
2298 5382 2374 5426 est
2405 5373 2728 5440 inﬁrmioris
2755 5388 2918 5426 sex-us
2942 5371 3334 5441 qualitatem...
3356 5373 3638 5441 transfer-

1987 5462 2064 5501 re.
2101 5443 2239 5498 Mss.
2275 5443 2441 5496 Corb.
2467 5439 2533 5496 et
2563 5439 2961 5514 Long.melius
2994 5448 3058 5498 ut
3085 5445 3142 5498 in
3175 5445 3354 5508 textu,
3378 5439 3478 5495 ubi
3499 5439 3644 5495 sub-

1987 5514 2364 5587 intelligenda
2391 5530 2517 5580 vox,
2540 5530 2767 5568 sensus.

2057 5583 2580 5676 (ἓᾷχίῌᾴξξςροφτξςξ,
2608 5587 2865 5659 ρνάοείριί
2893 5588 3080 5644 carnis
3109 5585 3444 5644 animantia.
3462 5583 3646 5676 Μεθυ,

1980 5655 2216 5740 praecipi
2242 5655 2441 5732 cernis,
2471 5660 2578 5720 etc.
