4026 6186
444 284 564 361 399

1902 294 1967 360 S.
2014 290 2387 363 AMBROSII

449 433 517 485 ad
578 427 1048 502 propagandum,
1077 427 1167 485 vel
1225 427 1400 485 etiam
1460 431 1847 502 reparandum
1902 448 2088 501 genus
2120 437 2171 501 Α
2203 433 2369 488 venia
2400 435 2750 505 posceretur,
2782 424 3127 504 sequeretur
3153 428 3448 501 correctio,
3473 435 3616 490 etab
3659 439 3786 496 indi-

448 517 771 573 animantia
810 506 1144 584 reservavit,
1177 521 1243 573 ut
1287 517 1573 574 universae
1615 523 1781 574 terrae
1827 521 2092 576 animan-

447 607 597 663 tium
632 607 857 665 semine
888 607 1250 680 replerentur
1274 623 1287 676 ;
1315 607 1397 662 ita
1426 607 1601 664 etiam
1624 609 1884 679 corporis
1908 609 2095 665 nostri

447 701 739 753 terrenam
770 696 1160 761 substantiam
1192 711 1436 752 vacuam
1470 714 1584 753 non
1616 698 1839 770 putavit
1870 698 2093 771 passio-

449 802 594 842 num
651 785 993 858 hujusmodi
1041 788 1323 858 tanquam
1377 786 1820 843 immundorum
1869 788 2095 842 anima-

450 873 599 931 lium
631 874 1095 947 relinquendam,
1129 890 1258 946 quae
1306 890 1440 929 cum
1492 874 1717 931 deliciis
1767 879 1826 930 et
1869 873 2097 930 luxurie

450 956 732 1034 tanquam
760 963 883 1017 vine
913 960 1115 1017 diluvii
1146 962 1561 1035 ingurgitatur,
1592 964 1928 1021 memoratis
1961 964 2099 1018 flue-

448 1055 578 1106 tuat
606 1049 997 1122 passionibus.
1046 1048 1155 1105 Ubi
1203 1056 1397 1106 autem
1449 1052 1762 1108 sobrietate
1812 1057 1869 1107 et
1915 1051 2097 1107 conti-

450 1139 648 1196 nentia
677 1139 1089 1211 unusquisque
1117 1139 1532 1196 inundantium
1562 1142 1925 1197 evacuaverit
1953 1141 2100 1196 dilu-

447 1228 608 1285 vium
641 1228 1073 1301 passionum,et
1099 1228 1418 1300 quamdam
1451 1228 1658 1284 animae
1689 1227 1956 1285 retexerit
1986 1229 2098 1285 sic-

451 1317 706 1385 citatem,
738 1316 1026 1372 viviﬁcare
1071 1317 1275 1389 incipit
1318 1334 1493 1373 suum
1542 1334 1777 1391 corpus,
1810 1321 1867 1373 et
1893 1317 2099 1374 animae

451 1406 793 1481 puritatem,
825 1405 919 1462 cui
952 1406 1210 1478 regimen
1241 1405 1528 1479 sapientia
1558 1410 1647 1462 est
1675 1407 1809 1477 (26).

1065 1538 1297 1597 CAPUT
1338 1538 1482 1594 XIII.

455 1648 564 1702 Cur
592 1647 837 1715 ingresso
863 1650 977 1703 Noe
1006 1647 1064 1700 in
1093 1653 1431 1717 arcam,post
1458 1653 1659 1717 septem
1687 1645 2105 1717 diesdiluvium

524 1719 845 1799 factum‘sit‘.
878 1719 1012 1799 Item
1062 1733 1163 1771 cur
1184 1715 1402 1799 _Moqses
1447 1715 1652 1799 diirerit
1681 1715 1819 1799 illud
1851 1718 2103 1799 quadra-

2202 523 2478 594 gnatione
2510 521 2918 594 requiesceret.

2273 646 2362 700 43.
2397 645 2558 701 Istud
2590 661 2822 718 quoque
2868 661 3020 700 curae
3068 642 3178 700 fuit
3226 644 3357 725 non
3388 640 3796 725 pratermittere,
3905 668 3913 673 ·

2204 751 2270 790 eo
2303 734 2457 806 quod
2491 732 2778 789 diluvium
2809 734 3032 790 factum
3064 732 3294 800 dixerit,
3320 734 3670 806 quadraginta
3704 732 3801 797 diei

2206 823 2321 892 bus,
2354 826 2411 878 et
2440 822 2749 888 addiderit,
2789 821 3157 893 quadraginta
3187 824 3429 878 noctibus
3458 806 3801 901 (Gerulum);

2206 910 2438 966 Scimus
2468 911 2625 966 enim
2647 910 2800 966 diem
2821 910 2936 966 dici
2954 908 3128 982 quem
3153 908 3240 966 sol
3262 916 3470 967 terram
3500 910 3806 973 illu'min'ans

2207 999 2429 1070 signat;
2464 1002 2691 1054 noctem
2722 1015 2902 1071 quam
2931 992 3300 1055 circumfusa:
3329 992 3622 1056 tenchrzé‘a
3664 1001 3809 1058 clari-

2206 1091 2324 1143 tate
2350 1086 2790 1156 disterminant;
2824 1090 2881 1143 et
2917 1086 3275 1161 plerumque
3308 1105 3342 1142 a
3386 1087 3548 1145 nobis
3564 1087 3653 1145 'it’a’
3676 1081 3810 1147 diem

2207 1173 2525 1248 significari
2575 1179 2639 1231 ut
2690 1180 2917 1232 noctem
2965 1194 3081 1233 non
3112 1176 3684 1250 comprehendamus,
3713 1168 3815 1252 ple-

2208 1280 2457 1335 rumque
2489 1268 2554 1319 ut
2580 1263 3057 1337 complectamur.
3071 1263 3475 1338 Signiﬁcantes
3501 1265 3649 1322 enim
3671 1262 3817 1345 mehe

2209 1369 2333 1409 sem
2367 1352 2607 1424 triginta
2636 1353 2887 1431 dierum,
2913 1353 3318 1428 significamus
3357 1360 3411 1410 eli
3442 1350 3650 1411 noctes.
3677 1354 3822 1412 Unde

2209 1457 2344 1495 cum
2394 1441 2538 1496 satis
2584 1441 2793 1498 fuisset
2837 1441 3021 1515 Moysi
3079 1440 3296 1499 dixisse
3345 1440 3625 1499 diluvium
3664 1436 3822 1501 fuisse

2212 1529 2583 1600 quadraginta
2622 1530 2830 1598 diebus,
2871 1547 2977 1586 cur
3026 1530 3335 1600 addiderit,
3386 1533 3438 1588 et
3493 1531 3827 1605 quadraginta

2210 1619 2480 1686 noctibus,
2521 1619 2819 1691 quaeritur.
2855 1618 2923 1675 Et
2975 1618 3159 1692 aliqui
3216 1618 3301 1676 ita
3355 1622 3693 1694 acceperunt
3741 1620 3828 1693 qui

2214 1711 2348 1763 ante
2378 1725 2484 1763 nos
2511 1709 2846 1776 fuerunt,ut
2877 1711 2935 1763 et
2963 1707 3223 1764 virorum
3248 1714 3306 1765 et
3337 1708 3646 1766 mulierum
3664 1709 3830 1765 factus

525 1789 691 1861 ginta
723 1787 928 1869 diebus
962 1791 1019 1842 et
1049 1787 1438 1869 quadraginta
1469 1787 1738 1845 noctibus
1777 1787 2056 1869 durauisse
2085 1807 2103 1842 :
2134 1805 2180 1869 Β
2211 1794 2427 1851 diluvio
2474 1796 2746 1852 interitus
2789 1797 3312 1865 demonstraretur,
3346 1797 3502 1854 diem
3551 1796 3623 1853 ad
3666 1795 3831 1853 virum

527 1859 698 1932 quave
727 1860 945 1914 ratione
972 1859 1338 1929 quadraginta
1369 1859 1487 1914 dies
1511 1862 1954 1932 perseveraverit.
1989 1860 2102 1927 Quo

523 1929 681 2002 pacto
731 1932 793 1985 in
838 1932 955 2001 ipsa
1001 1945 1183 2001 paena?
1217 1929 1640 1986 comminatione
1667 1929 1858 1985 divina
1886 1932 2101 2002 miseri-

524 2000 716 2058 }:Ordia
743 2000 969 2058 eluceat.
1002 2000 1145 2057 ’Post
1190 2016 1316 2072 qua:
1363 2002 1608 2056 liberalis
1652 2002 1759 2057 Noe
1795 2001 2102 2057 obedieutza

525 2072 919 2128 consideratur.

2213 1885 2527 1940 referentes
2559 1886 2658 1957 qui
2691 1883 2769 1940 sit
2797 1885 3016 1957 purior,
3050 1885 3262 1941 similis
3309 1884 3482 1955 lucis,
3530 1884 3832 1941 noctem-ad

2214 1972 2518 2029 mulierem
2565 1992 2691 2047 qua:
2733 1974 2856 2028 viro
2905 1972 3238 2030 dormiente
3282 1978 3483 2031 creata
3519 1973 3837 2031 describitur

2213 2062 2365 2133 (Gen.
2401 2079 2461 2127 ιι,
2491 2062 2611 2131 2|);
2647 2062 2939 2134 simulque
2969 2063 3109 2134 quia
3137 2061 3224 2117 vir
3250 2065 3416 2136 priOr
3445 2064 3617 2136 quasi
3641 2050 3836 2129 auctor,

525 2189 614 2244 42.
650 2188 799 2244 mna
830 2203 1061 2260 quoque
1092 2187 1287 2244 ειυάίο
1317 2192 1405 2244 εει
1748 2204 1875 2259 quae
2208 2150 2672 2260 ξιξιέηῖίτευιξεῖ,
2697 2149 3513 2260 ’ἷξῖῩθῗῖΕῗἾένΞῇ-.Ῡῖίέῗὲ
3554 2146 3841 2260 {esse

455 2281 545 2333 est
572 2292 678 2333 cur
705 2282 909 2349 postea
937 2291 1117 2348 quam
1146 2275 1451 2349 ingressus
1497 2280 1587 2331 est
1632 2275 1751 2331 Noe
1790 2276 1851 2329 in
1882 2292 2100 2342 arcam,

454 2368 512 2422 et
541 2366 770 2422 induxit
806 2364 1149 2432 animantia,
1184 2369 1317 2437 post
1365 2370 1587 2436 septem
1640 2365 1766 2421 dies
1814 2363 2100 2419 diluvium

454 2455 671 2512 factum
704 2454 800 2510 sit.
833 2453 958 2509 Non
1007 2454 1164 2509 enim
1213 2454 1465 2510 otiosum
1512 2454 1762 2521 videtur,
1797 2454 1952 2525 quod
1984 2469 2099 2508 non

450 2547 554 2599 aut
580 2543 779 2616 plures
809 2548 912 2599 aut
936 2542 1238 2615 pauciores
1269 2543 1594 2615 interpositi
1626 2547 1766 2598 sunt
1808 2541 1953 2611 dies,
1997 2542 2099 2598 sed

449 2634 535 2688 tot
563 2637 705 2704 quot
734 2632 793 2687 in
825 2631 1240 2688 constitutione
1273 2632 1476 2687 mundi
1503 2632 1758 2687 fuerunt.
1793 2631 1903 2687 Sex
1941 2630 2097 2686 enim

448 2716 659 2776 diebus
705 2721 892 2776 factus
945 2728 1034 2777 est
1083 2721 1361 2789 mundus,
1410 2723 1636 2793 septimo
1694 2720 1782 2775 die
1836 2721 2100 2792 requievit

446 2809 589 2865 Deus
616 2810 687 2865 ab
712 2810 964 2882 operibus
1006 2811 1123 2864 suis
1169 2808 1323 2881 (Gen.
1375 2826 1437 2875 ιι,
1485 2812 1561 2881 2).
1615 2810 1738 2873 Quo
1788 2807 2100 2865 declaravit

448 2897 664 2953 indicio
748 2898 946 2968 ipsum
1022 2913 1151 2953 esse
1231 2902 1529 2954 auctorem
1608 2896 1837 2963 mundi,
1921 2902 2097 2969 atque

448 2984 965 3041 diluvii.Mundum
1000 2988 1236 3058 propter
1264 2986 1583 3042 bonitatem
1619 3003 1785 3042 suam
1812 2984 2093 3053 condidit,

447 3071 733 3129 diluvium
827 3073 964 3130 fecit
1026 3078 1361 3130 nostrorum
1420 3075 1627 3130 merito
1723 3073 2088 3130 delictorum.

2211 2241 2419 2295 excitet
2473 2257 2486 2294 :
2544 2243 2675 2295 actu
2727 2237 2824 2295 ille
2868 2238 3080 2295 clarior
3107 2239 3375 2312 publico;
3409 2238 3524 2295 ista
3551 2237 3840 2305 obscurior,

2208 2332 2491 2400 tanquam
2549 2327 2886 2384 domesticis
2943 2326 3152 2385 clausa
3215 2328 3548 2402 parietibus
3604 2332 3659 2386 et
3717 2325 3850 2383 nocti

2210 2417 2496 2490 proxima,
2555 2417 2815 2473 secundo
2874 2421 3006 2473 orta
3063 2415 3211 2488 loco,
3269 2421 3333 2472 et
3393 2415 3702 2475 ereationis
3748 2429 3849 2470 sue

2210 2506 2460 2561 formata
2479 2506 2605 2578 jam
2639 2510 2810 2562 costae
2840 2506 2951 2560 viri
2983 2505 3095 2578 (27)
3130 2506 3359 2562 debens
3407 2504 3677 2580 gratiam;
3704 2508 3850 2576 supe-

2209 2594 2344 2650 riori
2379 2612 2611 2666 quoque
2638 2594 2881 2667 potioris
2910 2593 3159 2651 obnoxia
3188 2594 3526 2668 privilegio,
3556 2598 3612 2651 et
3638 2590 3844 2668 parien-

2208 2685 2265 2739 di
2344 2702 2453 2739 usu
2538 2683 2949 2739 u‘iatcrialihus
3035 2683 3465 2756 comparanda.
3532 2684 3846 2740 Consonans

2208 2778 2406 2829 autem
2447 2774 2505 2828 in
2539 2778 2786 2845 utroque
2827 2789 3108 2829 numerus
3146 2771 3421 2845 periculi,
3466 2772 3604 2846 quia
3638 2773 3846 2845 peccata

2207 2862 2381 2917 etiam
2439 2861 2871 2930 consonantia;
2931 2863 3258 2932 meritoque
3317 2872 3439 2919 non
3479 2861 3698 2918 distant
3731 2868 3845 2931 spa-

2206 2951 2288 3007 tia
2326 2957 2678 3023 temporum,
2720 2951 2860 3022 quia
2912 2968 3027 3007 non
3081 2949 3312 3007 distant
3371 2949 3587 3009 merita
3634 2942 3849 3005 delicto-

2203 3056 2356 3095 rum.

445 3162 767 3218 Admoniti‘
827 3166 968 3219 sunt
1031 3162 1214 3235 igitur
1278 3163 1548 3219 homines
1601 3162 1688 3219 vel
1730 3178 1798 3218 ex
1848 3178 2091 3219 numero
2123 3165 2166 3233 C
2274 3165 2362 3219 Μ.
2395 3164 2519 3219 Non
2548 3163 2923 3219 mediocriter
2969 3163 3083 3235 (28)
3126 3164 3315 3220 etiam
3362 3168 3710 3222 scrutantur
3747 3159 3851 3234 ple-

443 3251 671 3308 dierum
703 3251 920 3324 quibus
948 3251 1206 3306 mundus
1235 3255 1327 3306 est
1356 3251 1645 3319 conditus,
1680 3251 1836 3321 quod
1879 3250 2086 3306 Condi-

442 3344 628 3396 torem
655 3356 830 3397 suum
864 3356 979 3396 non
1014 3339 1290 3412 laerymis
1321 3339 1511 3395 solum
1537 3343 1598 3395 et
1625 3339 2083 3410 precatione,sed

442 3427 797 3484 correctione
845 3444 1079 3484 morum
1124 3427 1495 3484 reconciliare
1542 3427 1883 3483 debuerant.
1936 3428 2086 3500 Ergo

441 3517 698 3590 spatium
757 3517 917 3573 dedit
973 3517 1047 3572 ad
1103 3515 1505 3588 paenitentiam
1559 3515 1864 3585 Dominus,
1896 3515 2086 3589 magis

441 3604 640 3662 volens
697 3606 999 3679 ignoscere
1054 3621 1234 3677 quam
1290 3605 1528 3678 punire;
1600 3610 1665 3660 ut
1720 3604 2086 3661 imminentis

438 3693 642 3750 diluvii
672 3698 888 3751 terrore
919 3694 1342 3767 suspensus,ad
1379 3693 1600 3748 veniam
1625 3699 1853 3766 cogeret
1881 3698 2082 3765 postu-

436 3783 709 3853 landum;
742 3800 858 3857 quo
887 3785 1030 3839 dum
1083 3781 1410 3855 periculum
1459 3782 1665 3837 futurae
1710 3782 1916 3838 mortis
1945 3781 2086 3838 hor—

439 3877 696 3942 rescunt,
755 3871 1039 3944 impietati
1098 3878 1272 3943 atque
1323 3870 1626 3942 injustitiae
1656 3870 2079 3927 renuntiarent.

436 3960 773 4018 Secundum
831 3964 939 4028 est,
994 3965 1062 4015 ut
1114 3959 1251 4014 hinc
1307 3974 1541 4031 quoque
1608 3958 1841 4013 Domini
1904 3972 2085 4030 supra

436 4051 679 4106 modum
713 4048 1110 4105 misericordis
1140 4047 1511 4103 clementiam
1532 4046 1911 4119 colligamus;
1943 4047 2084 4119 quia

435 4138 757 4195 multorum
806 4153 1096 4193 annorum
1154 4135 1534 4191 offensionem
1585 4153 1620 4190 a
1666 4135 2082 4191 constitutione

437 4229 641 4284 mundi
671 4228 730 4283 in
763 4227 937 4282 {luem
970 4241 1157 4296 usque
1187 4229 1567 4287 contractam,
1598 4223 1800 4295 paucis
1849 4224 2080 4291 diebus,

436 4315 483 4369 si
518 4315 881 4385 pmnituisset
910 4315 1066 4381 2,44
1101 4330 1222 4381 eos,
1254 4313 1436 4368 voluit
1470 4310 1746 4368 relaxare.
1779 4313 1880 4368 Est
1924 4313 2080 4368 enim

437 4407 589 4458 Deus
619 4404 835 4475 peccati
868 4404 1198 4469 immemor,
1230 4401 1463 4457 virtutis
1494 4405 1913 4468 remunerator,
1930 4401 2083 4457 sicut

436 4491 561 4562 ipse
590 4492 672 4546 ait
700 4490 759 4545 in
803 4491 1084 4563 propheta
1115 4508 1128 4546 :
1162 4493 1272 4562 Ego
1312 4507 1456 4558 sum,
1504 4505 1601 4559 ego
1639 4506 1762 4545 sum
1808 4492 1904 4562 qui
1930 4489 2080 4546 deleo

433 4580 757 4651 iniquitates
815 4588 868 4635 et
918 4596 1125 4635 memor
1177 4595 1289 4635 non
1347 4595 1479 4642 ero;
1527 4581 1589 4634 tu
1643 4587 1827 4635 autem
1875 4594 2083 4635 memor

430 4672 564 4738 esto,
605 4672 656 4724 et
690 4668 1044 4740 judicemur;
1090 4668 1179 4722 die
1234 4669 1561 4743 iniquitates
1620 4672 1763 4735 tuas,
1797 4676 1857 4722 ut
1871 4668 2080 4738 justiﬁ-

429 4760 573 4815 ceris
625 4757 750 4831 (lsa.
811 4773 969 4827 xun,
1028 4758 1118 4822 25,
1178 4756 1292 4826 26).
1355 4757 1500 4811 Cum
1558 4757 1715 4812 enim
1773 4756 2082 4812 adverterit

429 4865 625 4904 veram
679 4846 888 4903 animae
937 4846 1194 4900 refusum
1245 4860 1373 4900 esse
1424 4843 1718 4910 virtutem,
1752 4850 1982 4900 tantum
2027 4845 2078 4900 ei

429 4936 670 4993 honoris
701 4932 1058 5000 attribuit,ut
1088 4950 1203 4989 non
1235 4932 1424 4989 solum
1455 4934 1686 4988 veniam
1708 4938 2077 5005 superiorum

429 5024 731 5098 indulgeat
782 5027 1175 5096 peccatorum,
1246 5037 1445 5076 verum
1507 5022 1685 5075 etiam
1735 5023 1985 5093 gratiam
2020 5028 2079 5078 et

421 5112 903 5183 justiti'cationem
936 5112 1252 5184 impertiat.
1288 5109 1618 5181 Expectavit
1647 5126 1783 5181 ergo
1813 5115 1869 5164 ct
1898 5111 2073 5182 septi-

430 5205 524 5255 mo
573 5200 687 5268 die,
719 5200 845 5274 ipso
905 5216 1020 5272 quo
1071 5202 1143 5255 ab
1193 5199 1530 5271 operatione
1587 5199 1897 5270 requievit;
1931 5205 1995 5255 ut
2024 5201 2073 5256 si

499 5394 611 5466 (26)
642 5395 755 5451 Sic.
785 5413 928 5453 mss.
962 5397 1113 5453 Edit.
1165 5413 1318 5466 vero,
1369 5398 1464 5452 cui
1515 5413 1747 5466 regnum
1800 5398 2073 5469 sapientia

376 5474 610 5608 Δ(πῖ-27)
640 5530 899 5594 Sio‘edit.
931 5538 1064 5594 Gill.
1098 5554 1165 5593 ac
1197 5539 1363 5595 Rom.
1397 5539 1543 5595 Edit.
1576 5554 1712 5595 vero
1763 5541 1891 5596 Am.
1936 5557 2069 5596 cum

425 5624 570 5682 r_nss.
604 5608 794 5682 Corn,
832 5609 1003 5681 Long.
1035 5613 1093 5664 et
1120 5609 1272 5678 Vat.,
1322 5612 1564 5682 formta
1603 5613 1663 5668 in
1709 5621 1913 5670 costam
1942 5614 2068 5671 viri.

423 5679 552 5743 Era.
584 5680 860 5761 denique,
888 5679 1129 5759 formata
1153 5679 1348 5740 eeosta
1376 5683 1511 5754 viro,
1542 5687 1654 5744 etc.

2195 3253 2359 3325 rique
2390 3266 2508 3324 qua
2538 3252 2761 3308 ratione
2783 3252 3175 3324 quadraginta
3198 3253 3335 3312 dies
3357 3253 3653 3311 diluvium
3673 3248 3853 3307 fuerit.

2194 3341 2266 3397 Et
2295 3357 2615 3412 possumus
2645 3340 2838 3396 dicere
2864 3339 3233 3397 materialem
3254 3357 3588 3398 numerum
3602 3336 3857 3397 tristiori-

2195 3431 2328 3498 bus,
2362 3429 2473 3485 hoc
2502 3433 2591 3485 est
2620 3427 2884 3485 delendae
2914 3433 3192 3486 creatura:
3224 3431 3628 3504 deputatum;
3657 3426 3857 3486 hebdo-

2194 3519 2429 3574 madam
2461 3523 2658 3573 autem
2689 3517 3095 3574 constitutioni
3126 3519 3317 3577 totius
3350 3520 3590 3588 mundi,
3622 3518 3732 3574 hoc
3772 3518 3851 3572 est

2193 3605 2652 3682 petioribusﬁed
2686 3606 2934 3662 fortasse
2965 3607 3272 3675 referatur,
3305 3609 3459 3681 quid
3506 3607 3665 3680 quod
3695 3598 3858 3662 etiam

2193 3700 2285 3755 lex
2315 3694 2706 3768 quadraginta
2734 3694 2941 3750 diebus
2972 3693 3090 3751 lata
3114 3701 3360 3767 est,tot-
3381 3696 3517 3753 dies
3546 3691 3861 3753 observavit

2192 3784 2420 3856 Moyses
2478 3783 2539 3839 in
2603 3788 2802 3839 monte
2850 3782 3016 3851 Sina,
3067 3788 3127 3840 et
3167 3783 3533 3842 demoratus
3579 3788 3691 3851 est,
3737 3795 3858 3838 cum

2192 3872 2535 3944 praescripta
2565 3870 2710 3944 legis
2743 3871 3033 3944 acciperet
3080 3872 3284 3944 (Exod.
3322 3888 3493 3942 xxxv,
3528 3873 3663 3945 18)?
3707 3871 3863 3927 Recte

2191 3977 2327 4035 ergo
2387 3961 2593 4016 eodem
2646 3975 2891 4016 numero
2936 3956 3447 4018 declinandorum
3505 3964 3861 4036 peccatorum

2189 4053 2479 4122 praecepta
2505 4047 2869 4116 tribuuntur,
2898 4064 3015 4122 quo
3033 4066 3218 4121 paena!
3267 4048 3464 4125 culpa
3494 4054 3589 4108 est
3611 4046 3865 4125 persolu-

2190 4143 2251 4193 ta
2283 4156 2296 4194 :
2330 4142 2397 4193 ut
2425 4153 2851 4210 cognoscamus
2881 4138 3037 4209 quod
3069 4138 3143 4194 de
3170 4139 3391 4196 eodem
3426 4140 3566 4196 vita
3614 4144 3862 4210 tempore

2190 4218 2407 4282 debeat
2428 4242 2498 4281 ex
2528 4226 2882 4281 correctione
2932 4224 3064 4282 laus
3111 4229 3487 4300 comparari,
3523 4245 3645 4302 quo
3689 4227 3869 4301 potest

2189 4314 2487 4387 punienda
2521 4313 2696 4386 culpa
2741 4314 3050 4370 committi.
3102 4315 3266 4371 Unde
3329 4334 3504 4374 nunc
3573 4318 3707 4389 jam
3759 4328 3864 4370 non

2188 4420 2370 4476 prensa
2398 4403 2717 4477 praascripti
2751 4407 2891 4459 sunt
2919 4403 3045 4460 dies
3076 4403 3515 4481 quadraginta,
3551 4405 3657 4464 sed
3696 4404 3821 4461 vita:
3850 4417 3863 4457 2

2190 4499 2255 4548 ut
2278 4492 2389 4548 hoc
2421 4508 2666 4548 numero
2689 4490 2939 4563 jejuniis
2968 4495 3025 4547 et
3054 4492 3441 4552 orationibus
3473 4493 3864 4551 crebrioribus

2190 4585 2524 4637 nostrorum
2578 4579 2838 4637 levemus
2894 4580 3647 4654 suppliciapeccatorum,
3678 4585 3864 4661 atque,

2190 4670 2262 4725 ad
2304 4668 2642 4742 praescripta
2668 4668 2816 4741 legis
2848 4669 3077 4737 intenti,
3110 4669 3434 4729 devotione
3484 4689 3559 4730 ac
3608 4662 3727 4728 ﬁde
3771 4684 3863 4726 no-

2188 4762 2379 4813 strum
2409 4759 2772 4830 corrigamus
2802 4773 3078 4816 errorem.
3111 4759 3319 4831 Itaque
3369 4777 3486 4834 per
3517 4748 3757 4819 Domini
3784 4772 3866 4814 re-

2186 4846 2609 4902 surrectionem
2640 4846 3129 4919 quadragesimus
3159 4846 3289 4904 dies
3337 4850 3479 4922 jam
3538 4868 3661 4907 non
3701 4846 3867 4904 habe-

2186 4939 2287 4990 tur
2316 4935 2699 5001 novissimus,
2733 4934 2835 4991 sed
2862 4934 3091 5007 primus
3123 4952 3136 4991 :
3169 4940 3357 5008 atque
3389 4937 3540 4996 inde
3568 4938 3695 4995 vita
3722 4928 3864 4994 2“

2187 5028 2555 5091 numeratur,
2586 5022 2686 5078 ubi
2718 5027 2851 5079 ante
2881 5025 3088 5080 mortis
3118 5041 3421 5083 numerus
3461 5029 3543 5085 ad
3586 5040 3867 5085 consum-
3934 5064 3949 5073 ι

2186 5112 2504 5167 mationem
2536 5111 2742 5166 mundi
2764 5116 2822 5168 et
2837 5112 3083 5169 humani
3114 5114 3357 5186 generis
3390 5115 3705 5173 excidium
3720 5127 3868 5170 com-

2182 5202 2518 5274 putabatur.

2252 5398 2364 5470 (28)
2383 5398 2477 5473 iib
2528 5397 2619 5453 his
2671 5401 2902 5473 tantum
2932 5398 3146 5473 verbis
3189 5402 3540 5473 tractatum
3574 5400 3865 5473 incipiunt

2180 5468 2353 5526 mss.‘
2381 5470 2794 5536 Tornacensis,
2846 5468 3303 5539 Vallielarensi's,
3355 5468 3753 5531 Golbertintis
3798 5484 3863 5525 ao

2179 5539 2527 5597 Mazarinus.
2561 5541 2633 5596 Et
2668 5541 2823 5598 Bart.
2856 5540 3106 5599 U‘rbinas
3152 5542 3213 5597 in
3266 5541 3430 5602 Mill.
3465 5542 3863 5604 Ambrosiam

2176 5612 2313 5669 libri
2339 5612 2415 5686 de
2444 5612 2562 5669 Noe
2589 5616 2649 5669 et’
2671 5615 2821 5686 Area
2850 5612 3071 5686 primas
3101 5628 3274 5675 voces
3324 5613 3393 5674 in
3449 5628 3605 5677 mel.
3642 5612 3865 5675 adsedi

2179 5700 2307 5746 esse
2335 5682 2488 5760 illas,
2520 5699 2631 5745 non
2660 5682 3023 5750 mediocriter.
