4166 6154
482 339 604 406 ω3

1939 337 2006 400 S.
2051 332 2430 399 AMBROSII

3738 345 3847 408 401

485 471 638 550 quod
670 469 1092 530 sexcentesimo
1127 489 1279 529 anno
1308 471 1442 539 Noe,
1479 487 1678 528 mense
1709 471 1967 527 sccuudo
1993 469 2125 542 (32),
2160 469 2212 536 Α
2242 471 2471 526 constat
2510 466 2682 525 istius
2731 465 2936 524 mundi
2986 483 3159 526 omne
3205 465 3573 543 principium.
3604 470 3847 548 Undique

480 563 760 620 vicesima
788 566 844 618 et
873 563 1122 636 septima
1171 561 1390 618 mensis
1441 562 1503 616 fit
1553 561 1856 616 diluvium.
1909 561 2130 616 Secun-

483 652 627 708 dum
658 668 922 708 mensem
952 650 1109 707 verni
1149 667 1276 706 esse
1305 651 1584 722 temporis
1628 667 1740 705 non
1789 649 2131 720 ambigitur,

486 742 720 815 quando
753 745 1043 814 augentur
1071 739 1535 811 nascentia,ager
1564 739 2132 812 parturit,terrarum

485 831 706 905 pariter
734 835 904 903 atque
946 828 1336 884 animantium
1389 829 1578 884 fetura
1627 844 1685 882 se
1735 827 1944 883 fundit.
1973 827 2133 881 Tunc

486 935 623 992 ergo
681 919 811 974 fecit
861 917 1169 984 diluvium,
1223 917 1371 973 247
1424 918 1659 988 quando
1710 916 1876 972 dolor
1931 932 2133 971 eorum

487 1008 676 1078 major
706 1006 870 1072 foret,
919 1006 1018 1076 qui
1064 1005 1122 1059 in
1167 1022 1276 1062 sua
1307 1006 1673 1062 abundantia
1719 1004 2134 1077 puniebantur,

483 1098 624 1150 tunc
657 1094 800 1149 ultio
831 1093 1146 1150 terribilior
1176 1098 1457 1166 tanquam
1490 1094 1768 1150 discentis
1813 1094 1913 1150 Dei
1950 1112 1962 1148 :
1996 1095 2139 1148 Ecce

486 1184 686 1240 omnia
715 1184 1043 1238 secundum
1096 1183 1463 1240 liberalitatis
1510 1183 1714 1238 divinae
1764 1182 2139 1256 providentiae

486 1272 735 1346 gratiam
785 1272 947 1326 dives
1007 1276 1216 1328 natura
1263 1273 1576 1345 generavit,
1611 1271 1807 1328 omnia
1849 1271 1907 1326 in
1962 1288 2136 1328 usum

487 1360 798 1416 hominum
865 1360 1214 1432 germinavit
1286 1365 1440 1416 terra
1509 1361 1830 1426 fecundior,
1913 1365 2138 1432 segetes

489 1453 850 1522 spectantur,
908 1448 1101 1503 tritico
1170 1453 1226 1503 et
1295 1449 1509 1504 hordeo
1566 1449 1758 1521 campi
1819 1447 2138 1521 replentur,

489 1554 668 1594 comas
700 1539 973 1592 arborum
998 1537 1226 1592 venturi
1261 1539 1488 1594 fructus
1519 1538 1760 1594 ﬂoribus
1787 1538 2138 1604 vestiuntur;

490 1643 606 1682 non
640 1627 803 1681 deest
833 1629 988 1681 terra
1017 1625 1313 1698 obsequiis
1345 1627 1491 1694 suis,
1527 1643 1640 1682 non
1689 1628 1888 1682 bestiae
1929 1627 2143 1682 desunt

492 1714 840 1770 muneribus
870 1713 1151 1785 suis,quaa
1184 1714 1474 1770 solemnes
1505 1714 1891 1771 solvunturin
1918 1720 2139 1787 partus,

2240 575 2376 631 ergo
2419 557 2803 614 influentibus
2871 575 3155 630 aquarum
3221 559 3474 616 molibus
3537 562 3849 622 conclusum

2241 662 2428 719 genus
2460 646 2766 702 hominum
2822 651 3168 719 perurgetur
3211 647 3350 719 (33).
3391 648 3516 704 Haec
3558 653 3852 708 secundum

2240 735 2518 791 litteram.
2543 735 2704 798 Quod
2739 740 2934 790 autem
2968 737 3037 790 ad
3071 735 3334 792 altiorem
3360 738 3599 808 pertinet
3619 755 3858 808 sensum,

2244 823 2372 880 cceli
2433 822 2698 896 symbolo
2752 840 2918 880 mens
2973 824 3234 880 humana
3293 825 3666 898 significatur,
3714 835 3858 885 terra

2245 918 2443 969 autem
2473 912 2861 984 appellatione
2892 929 3103 985 corpus
3133 918 3189 969 et
3215 931 3447 970 sensus.
3473 916 3678 988 Magna
3703 917 3862 990 igitur

2246 1002 2573 1074 naufragia,
2607 1002 2841 1073 quando
2873 1002 3086 1057 mentis
3117 1003 3335 1074 pariter
3363 1007 3418 1059 et
3447 1004 3698 1076 corporis
3744 1022 3859 1061 scn-

2247 1107 2537 1162 suumque
2590 1091 2854 1145 omnium
2913 1091 3086 1146 turbo
3134 1095 3190 1146 et
3238 1091 3489 1163 procella
3544 1093 3861 1149 miscentur.

2247 1179 2566 1252 Diligenter
2596 1179 2749 1233 dicta
2779 1179 3470 1253 pensemus.Plerumque
3502 1182 3655 1237 fraus
3672 1184 3864 1238 mentis

2248 1273 2306 1325 et
2350 1268 2520 1324 dolus
2572 1285 2745 1322 suum
2803 1274 3071 1324 exercent
3098 1286 3405 1336 venenum,
3441 1272 3540 1326 sed
3575 1276 3756 1326 tamen
3785 1289 3864 1326 so-

2249 1356 2466 1414 brietas
2499 1356 2758 1429 corporis
2789 1361 2844 1411 et
2874 1356 3232 1412 continentia
3279 1359 3629 1414 obumbrant
3678 1360 3866 1414 mentis

2251 1445 2711 1518 improbitatem.
2753 1446 3108 1517 Frequenter
3145 1445 3364 1502 incerto
3395 1447 3526 1502 fidei
3557 1451 3724 1518 atque
3757 1448 3870 1520 opi-

2249 1534 2444 1590 nionis
2500 1551 2620 1588 suae
2679 1551 2845 1589 mens
2903 1534 3130 1590 lubrica
3187 1535 3338 1592 248
3378 1539 3490 1600 est,
3541 1537 3640 1591 sed
3698 1541 3872 1592 tamen

2252 1640 2385 1680 caro
2445 1623 2670 1679 deliciis
2724 1626 2780 1678 et
2826 1622 3056 1678 luxuria
3102 1630 3288 1691 vacat,
3339 1628 3403 1679 ut
3452 1625 3746 1697 frugalitas
3776 1625 3874 1696 (34)

2253 1728 2508 1768 errorem
2542 1711 2757 1767 mentis
2785 1715 3042 1779 excuset,
3077 1711 3230 1768 sicut
3277 1711 3450 1768 multi
3504 1717 3639 1768 sunt
3678 1713 3876 1768 haereti-

495 1805 562 1856 ut
599 1801 824 1856 homini
866 1801 1010 1856 nihil
1060 1802 1239 1869 desit;
1275 1802 1450 1858 homo
1497 1803 1656 1859 solus
1705 1803 1972 1876 partibus
2017 1803 2142 1858 suis
2173 1837 2220 1902 Β
2253 1817 2456 1856 corum
2489 1799 2588 1872 qui
2631 1801 2986 1872 praetendere
3035 1799 3238 1856 volunt
3291 1801 3552 1874 corporis
3601 1801 3874 1857 continen-

494 1890 679 1958 deest,
709 1889 898 1945 nescit
948 1894 1246 1946 auctorem
1292 1909 1467 1947 suum
1501 1909 1535 1946 a
1564 1909 1678 1964 quo
1708 1893 1759 1948 ei
1791 1893 1988 1948 omnia
2029 1893 2142 1948 mi-

495 1979 844 2046 nistrantur,
911 1979 1153 2052 negligit
1206 1980 1587 2036 conditorem.
1655 1981 1906 2054 Despicit
1969 1981 2144 2036 homo

493 2072 992 2125 remuneratorem
1026 2085 1224 2135 suum,
1266 2086 1399 2124 cum
1440 2071 1594 2126 Deus
1625 2087 1772 2143 opus
1821 2087 1996 2126 suum
2029 2087 2146 2126 D011

495 2156 845 2228 despexerit.
878 2157 1122 2212 Pereant
1169 2174 1303 2213 cum
1362 2157 1601 2214 homine
1653 2159 1870 2227 omnia,
1914 2163 2150 2232 propter

496 2261 674 2318 quem
705 2247 842 2300 nata
871 2249 1011 2300 sunt
1040 2245 1327 2301 omnia.ln
1362 2247 1486 2303 suis
1518 2247 1735 2304 divitiis
1768 2252 2150 2304 consumatur

496 2334 695 2402 homo,
729 2349 864 2389 cum
915 2351 1022 2389 sua
1069 2335 1202 2391 dote
1252 2335 1556 2391 moriatur.
1589 2337 1744 2393 Nihil
1792 2342 1926 2393 ante
1956 2337 2146 2394 homi-

498 2437 635 2480 nem
673 2425 828 2478 terra
859 2422 1204 2494 deliquerat,
1248 2423 1426 2480 nullis
1477 2426 1691 2481 erravit
1722 2425 1779 2480 in
1812 2426 2097 2482 fructibus
2132 2444 2145 2493 ;

498 2511 561 2566 in
592 2509 830 2566 homine
861 2509 983 2566 solo
1015 2528 1076 2567 se
1106 2511 1488 2584 degenerasse
1518 2515 1836 2586 cognoscit,
1861 2514 2062 2586 spinas
2093 2519 2150 2570 et

500 2598 750 2656 tribulos
782 2615 885 2670 pro
915 2599 1204 2656 fructibus
1243 2601 1454 2657 ferens.
1487 2602 1647 2665 Quod
1695 2602 1885 2658 solum
1931 2619 2150 2660 munus

505 2686 850 2744 admirabile
907 2691 1014 2755 est,
1070 2688 1391 2761 principale
1457 2691 1672 2746 mentis
1737 2691 1978 2746 interiit.
2038 2693 2152 2748 Cur

503 2775 686 2848 igitur
714 2776 910 2832 omnia
926 2775 1027 2831 illa
1046 2778 1390 2834 servantur?
1420 2779 1551 2834 Ideo
1583 2795 1696 2834 non
1721 2784 1854 2850 post
1883 2779 2152 2837 collectos

505 2865 734 2920 fructus
764 2865 1096 2920 infunditur
1113 2883 1366 2938 aqua,ne
1384 2867 1732 2923 beneficium
1765 2869 1954 2941 magis
1972 2887 2150 2941 quam

506 2951 790 3008 diluvium
821 2957 976 3009 terra
1005 2955 1268 3010 sentiret.
1303 2955 1563 3027 Denique
1591 2972 1765 3011 verno
1797 2958 1950 3028 apud
1982 2958 2150 3031 [Egy-

503 3041 658 3114 ptios
688 3046 970 3115 tempore,
1003 3043 1100 3098 sed
1145 3061 1346 3099 mense
1392 3045 1618 3100 diverso
1666 3045 1831 3100 Nilus
1873 3047 2152 3119 exundat,

505 3135 570 3187 ut
608 3131 898 3202 jaciendis
941 3131 1268 3188 seminibus
1315 3137 1470 3192 terra
1517 3133 1839 3200 mollescat,
1881 3139 1939 3190 et
1985 3136 2148 3190 blan-

505 3219 665 3276 diore
730 3221 886 3287 sinu,
954 3212 1325 3276 clementiore
1391 3221 1610 3293 gremio
1678 3222 1903 3278 semina
1969 3223 2152 3279 missa

506 3308 926 3379 suscipiantur.
963 3310 1122 3373 Quod
1155 3315 1348 3365 autem
1378 3310 1798 3366 sexcentesimo
1829 3312 1946 3368 Noe
1997 3330 2152 3368 anno

503 3396 566 3450 fit
599 3395 909 3464 diluvium,
933 3396 1075 3451 illud
1108 3398 1335 3452 videtur
1363 3401 1668 3454 ostendere
1699 3401 1838 3471 quia
1868 3405 2028 3456 sexto
2059 3402 2152 3458 die

499 3483 684 3537 Adam
717 3487 947 3540 creatus
977 3489 1084 3540 est.
1119 3486 1275 3541 Idem
1302 3503 1603 3559 numerus,
1637 3487 1743 3544 hoc
1773 3492 1881 3554 est,
1913 3490 2012 3561 qui
2047 3507 2153 3563 par

501 3569 737 3637 dicitur,
789 3576 846 3628 et
891 3573 950 3627 in
1000 3577 1234 3630 auctore
1281 3579 1337 3631 et
1382 3575 1438 3630 in
1490 3580 1817 3650 reparatore
1849 3583 2143 3648 servatur;

501 3659 640 3731 quia
691 3660 820 3716 fons
868 3663 1215 3736 sexagesimi
1261 3668 1318 3719 et
1365 3667 1764 3722 scxcentesimi
1823 3672 2019 3723 sextus
2059 3673 2148 3724 est

499 3764 802 3805 numerus.
873 3751 1029 3806 Idem
1102 3757 1296 3808 autem
1356 3757 1412 3807 et
1466 3753 1690 3824 primus
1748 3759 1804 3808 et
1859 3755 2146 3826 septimus

498 3837 720 3893 mensis
750 3839 981 3895 dicitur.
997 3841 1108 3895 Sed
1137 3841 1325 3914 magis
1354 3842 1612 3913 primum
1643 3842 1948 3899 observare
1975 3844 2144 3900 debe-

2252 1890 2418 1956 tiam,
2453 1893 2517 1944 ut
2547 1889 2885 1944 assertionis
2935 1905 3056 1945 sum
3105 1890 3281 1944 fidem
3330 1890 3665 1946 testimonio
3694 1889 3876 1946 sobriis

2254 1977 2448 2034 carnis
2505 1977 2838 2049 acquirant;
2868 1977 2974 2033 etsi
3027 1995 3202 2034 sensu
3257 1978 3490 2048 lubrici,
3537 1983 3725 2034 tamen
3776 1994 3874 2050 quo

2255 2067 2454 2124 minus
2485 2069 2704 2139 turpes,
2739 2066 3037 2138 aliquanto
3083 2067 3541 2123 excusabiliores
3589 2067 3872 2123 habentur.

2257 2156 2402 2212 Cum
2434 2159 2629 2211 autem
2674 2171 2896 2210 venena
2938 2155 3173 2222 mentis,
3205 2159 3261 2212 et
3300 2157 3570 2229 contagia
3617 2171 3873 2227 corporea

2257 2243 2633 2302 obscenitatis
2665 2261 2904 2300 sensum
2956 2261 3190 2300 omnem
3241 2245 3618 2317 vigoremque
3665 2244 3876 2301 confun-

2258 2335 2406 2389 dunt
2435 2335 2577 2404 (35);
2625 2337 2798 2405 atque
2846 2331 3080 2388 animus
3127 2332 3346 2388 incerto
3397 2332 3660 2388 lubricus
3713 2336 3874 2397 motu,

2259 2422 2494 2478 malitiae
2527 2421 2740 2478 fetidus
2773 2425 3119 2488 atramento,
3153 2420 3522 2478 crudelitatis
3556 2422 3738 2477 furore
3765 2436 3878 2475 suc-

2259 2511 2677 2577 census,etiam
2708 2509 3111 2582 corporalibus
3137 2510 3374 2583 flagitiis
3397 2511 3880 2577 incitatur,avarus

2259 2617 2495 2673 quoque
2525 2600 2766 2655 affectus
2798 2599 3112 2672 impatiens
3140 2599 3526 2655 mediocrium
3546 2598 3883 2662 facultatum,

2260 2688 2502 2745 luxurias
2550 2688 2889 2760 cupiditate,
2921 2687 3375 2760 cfl‘undendique
3427 2688 3806 2761 praecipitatur
3831 2686 3879 2739 in

2262 2779 2490 2834 facinus
2520 2777 2854 2850 appetendis
2905 2776 3114 2833 salutis
3161 2777 3398 2842 alienae;
3435 2782 3574 2834 tunc
3635 2790 3882 2850 magnum

2260 2871 2348 2922 est
2378 2865 2665 2921 diluvium
2690 2865 2964 2921 omnibus
2993 2866 3211 2937 pariter
3240 2865 3658 2938 ingruentibus
3687 2863 3884 2938 passio-

2261 2955 2459 3020 nibus,
2509 2959 2648 3010 tunc
2698 2971 2759 3009 se
2805 2953 3165 3026 insipientia,
3221 2954 3542 3026 injustitia,
3592 2953 3880 3017 temeritas,

2260 3043 2627 3116 improbitas,
2668 3043 2910 3115 perﬁdia
2959 3043 3030 3097 de
3079 3041 3364 3116 superiori
3424 3047 3588 3116 parte
3632 3048 3882 3114 tanquam

2261 3137 2562 3188 cataractae
2611 3131 2827 3187 mentis
2865 3131 3136 3186 videntur
3179 3131 3501 3188 effundere.
3554 3131 3686 3187 Inde
3715 3145 3882 3186 erum-

2181 3202 2224 3267 (ἶ
2266 3224 2412 3292 punt
2443 3221 2512 3275 de
2543 3219 2800 3292 corporis
2850 3219 3006 3275 fonte
3053 3219 3267 3275 terreni
3296 3219 3505 3288 libido,
3549 3216 3884 3285 temulentis,

2262 3309 2515 3376 luxuria,
2567 3313 2860 3381 postremo
2917 3308 3279 3364 diversorum
3341 3309 3660 3365 criminum
3719 3305 3882 3380 prola-

2263 3398 2520 3471 psiones,
2555 3415 2680 3469 quae
2711 3397 2943 3470 penitus
2968 3401 3024 3452 et
3053 3397 3310 3470 corporis
3341 3399 3528 3454 robur
3575 3402 3633 3453 et
3654 3396 3883 3469 vigorem

2261 3488 2476 3544 mentis
2506 3485 2865 3543 effeminant.

2891 3593 3123 3649 CAPUT
3164 3593 3279 3649 XV.

2255 3685 2362 3739 Per
2390 3700 2578 3738 arcam
2607 3699 2640 3736 a
2669 3684 2805 3754 foris
2837 3683 3080 3738 clausam
3127 3686 3177 3738 ct
3220 3700 3280 3737 in
3323 3685 3491 3754 aquis
3535 3685 3881 3753 ﬂuctuantem,

2325 3771 2518 3828 corpus
2549 3754 2786 3809 hominis
2813 3756 2960 3828 corio
2991 3756 3186 3809 tectum
3212 3762 3263 3810 et
3289 3757 3468 3828 variis
3486 3755 3712 3810 motibus
3731 3755 3882 3821 agita-

2324 3824 2481 3887 tum:
2531 3842 2634 3898 per
2680 3824 2992 3898 quindecim
3042 3840 3203 3896 aqua?
3245 3826 3460 3898 cubitus
3509 3828 3659 3898 queis
3701 3828 3882 3879 montes

495 3941 658 3992 mus;
709 3929 861 3998 quod
913 3935 1045 4000 post
1083 3928 1369 3985 diluvium
1426 3946 1600 3985 verno
1647 3935 1908 4002 tempore
1957 3932 2144 3987 colen-

493 4013 702 4070 dorum
744 4032 886 4072 cura
934 4022 1236 4089 reparetur
1283 4035 1579 4090 agrorum,
1611 4023 1666 4073 et
1711 4019 1922 4090 placidi
1967 4024 2141 4092 atque

491 4103 689 4159 uberis
735 4104 844 4160 soli
877 4105 1116 4176 incipiat
1170 4108 1356 4162 fetura
1403 4108 1730 4178 procedere.
1761 4109 1882 4174 Quo
1914 4108 2137 4182 signiti-

491 4195 660 4247 catur
689 4209 988 4265 nunquam
1015 4195 1196 4250 Deum
1239 4211 1304 4249 eo
1344 4212 1589 4250 numero
1627 4193 1715 4250 vel
1757 4200 2016 4269 tempore
2055 4198 2140 4253 in-

491 4279 727 4334 teritum
759 4281 1067 4338 hominum
1093 4284 1275 4340 fuisse
1305 4285 1618 4351 facturum,
1652 4300 1768 4356 quo
1801 4286 1934 4341 fecit
1972 4303 2135 4342 exor-

491 4365 684 4435 dium;
737 4370 849 4425 nisi
900 4371 1260 4428 immanibus
1291 4371 1518 4429 delictis
1559 4377 1714 4427 esset
1740 4374 2016 4430 offensus.
2047 4374 2136 4427 εἰ·
2248 4376 2356 4443 16).
2416 4377 2619 4431 Sermo
2680 4374 3026 4429 manifestus
3084 4379 3173 4429 est
3227 4377 3563 4430 secundum
3623 4372 3876 4428 litteram.

488 4453 611 4508 mul
637 4456 867 4512 veniam
899 4462 1178 4531 temporis
1227 4467 1284 4517 et
1331 4461 1559 4516 numeri
1609 4461 1755 4516 ratio
1805 4462 2130 4533 promittit;
2245 4461 2581 4518 Claudenda
2613 4464 2719 4518 fuit
2745 4466 2962 4530 arca,et
2992 4466 3116 4517 tuto
3149 4461 3430 4535 scpienda
3461 4461 3875 4524 munimine;ne

484 4542 643 4632 quod
674 4543 848 4632 etiam
877 4546 1062 4602 iratus
1093 4551 1477 4604 admoneatur
1523 4555 1644 4604 tam
1677 4550 2134 4621 praecedentibus
2164 4568 2211 4632 Ι)
2242 4567 2372 4607 eam
2429 4567 2574 4623 vaga
2631 4551 2830 4604 diluvii
2908 4551 3126 4607 ﬂuenta
3198 4557 3595 4623 penetrarent.
3667 4544 3875 4605 Altioris

482 4630 678 4687 causis
710 4631 1126 4691 beneﬁciorum
1159 4642 1495 4703 suorum,ut
1527 4655 1640 4692 non
1679 4642 1911 4708 penitus
1944 4639 2133 4695 deleat
2165 4630 2198 4632 _
2242 4656 2478 4712 quoque
2531 4656 2741 4694 sensus
2797 4657 2910 4694 non
2967 4641 3292 4713 incongrua
3356 4640 3780 4714 interpretatio,
3832 4633 3872 4688 εἰ

478 4735 683 4776 eorum
717 4721 1131 4790 substantiam,
1165 4743 1311 4797 quos
1343 4726 1466 4797 ipse
1497 4725 1750 4781 donavit.
2241 4745 2453 4801 corpus
2507 4728 2832 4783 humanum
2884 4727 2975 4783 cui
3021 4746 3156 4786 arca
3201 4730 3323 4785 haec
3353 4747 3487 4802 quae
3521 4726 3869 4786 describitur,

549 4809 638 4864 49.
672 4810 740 4864 Et
798 4814 949 4882 rupti
991 4822 1120 4870 sunt
1163 4831 1345 4870 omnes
1389 4818 1566 4886 fontes
1622 4816 1824 4887 abyssi,
1880 4824 1931 4870 et
1985 4825 2130 4872 cata-
2241 4818 2549 4890 figuratur,
2619 4822 2849 4889 septum
2931 4817 3086 4872 corio
3161 4819 3504 4888 judicemus
3572 4837 3607 4874 a
3680 4816 3871 4886 frigore

473 4905 638 4954 ructu:
679 4900 804 4954 cali
853 4904 1056 4972 apertae
1101 4907 1231 4958 sunt
1279 4905 1433 4970 (Gen.
1479 4921 1578 4969 v11,
1615 4904 1724 4973 11).
1759 4904 1890 4959 Vim
1922 4904 2125 4961 diluvii
2238 4912 2502 4978 aestuque
2533 4905 2785 4970 defendi,
2819 4906 2972 4976 quod
3028 4906 3235 4962 artifex
3293 4907 3448 4963 Deus
3494 4909 3569 4963 ad
3623 4903 3865 4961 omnium

475 4987 886 5044 convenienter
915 4991 1219 5064 Scriptura
1247 4992 1551 5064 expressit,
1598 4992 1799 5048 dicens
1830 4992 2038 5049 coelum
2071 5000 2127 5050 et
2237 4995 2640 5049 membrorum
2727 4993 3145 5064 protectionem
3213 4995 3587 5051 naturalibus
3659 4987 3868 5048 vestivit

471 5075 686 5130 terram
716 5077 932 5148 pariter
976 5096 1103 5136 esse
1152 5086 1463 5147 commota,
1497 5097 1527 5135 e
1558 5080 1772 5152 quibus
1822 5081 2124 5138 elementis
2234 5081 2478 5148 exuviis,
2511 5086 2568 5136 et
2599 5081 2850 5153 quodam
2883 5081 3238 5137 circumfuso
3270 5082 3465 5139 induit
3494 5081 3862 5155 cperimento,

2321 3897 2741 3968 superabantur,
2775 3897 3040 3952 humanos
3069 3913 3254 3951 simus
3284 3915 3301 3950 :
3341 3897 3582 3968 denique
3625 3912 3718 3968 per
3755 3906 3880 3968 mor-

2321 3915 2741 3968 superaoamur,
2775 3915 3040 3952 numanos
3069 3915 3254 3951 sensus
3284 3915 3301 3950 :
3341 3915 3474 3953 aeni
3517 3915 3582 3952 ue
3625 3915 3718 3968 per
3755 3915 3880 3946 mur-

2321 3971 2430 4022 tem
2485 3971 2663 4023 omnis
2718 3969 2922 4033 carnis,
2977 3969 3178 4022 animae
3228 3915 3585 4038 passionibus
3639 3965 3880 4038 corrupta.

2323 4042 2607 4120 interitum
2637 4039 2991 4120 adumbrari;
3016 4033 3270 4120 superbos
3298 4049 3491 4120 autem
3513 4033 3878 4120 prwcipuedq-

2320 4110 2503 4164 lendas
2527 4125 2654 4164 cum
2691 4114 2871 4180 justus
2915 4108 3156 4174 interim,
3204 4111 3494 4166 exstinctis
3514 4108 3710 4182 'pravis
3738 4108 3877 4160 moti-

2319 4183 2436 4246 bus,
2469 4183 2528 4234 in
2558 4196 2780 4252 corpore
2806 4182 2966 4251 quasi
2993 4183 3348 4251 incorporeus
3379 4189 3682 4238 remaneat.

2315 4288 2404 4342 50.
2441 4287 2504 4341 Et
2552 4269 2750 4341 clausit
2807 4286 3067 4341 Dominus
3114 4305 3147 4341 a
3193 4289 3332 4356 foris
3375 4305 3568 4343 arcam
3597 4286 3744 4356 (Gen.
3789 4295 3875 4343 vu,

541 5216 653 5285 (32)
684 5207 964 5292 Abestab
995 5222 1269 5278 omnibus
1301 5228 1425 5277 tum
1459 5239 1600 5276 mss.
1637 5226 1761 5275 tum
1794 5223 1931 5276 edit.
1973 5229 2122 5292 ant.,

467 5301 650 5365 mense
678 5290 930 5346 secundo.
968 5293 1177 5365 Excipe
1209 5301 1402 5350 tamen
1434 5294 1562 5349 cod.
1598 5296 1761 5355 Maz.,
1794 5293 1849 5346 in
1885 5309 1998 5364 quo
2031 5290 2120 5350 se?

468 5359 662 5412 cunda
693 5377 870 5417 manu
925 5359 1259 5420 restitutum
1301 5371 1389 5419 est
1439 5383 1451 5419 :
1505 5365 1657 5418 sicut
1700 5368 1778 5426 et,
1821 5359 2122 5422 secundum

464 5445 740 5507 mensem;
772 5434 870 5507 ubi
905 5435 1095 5505 prima
1127 5453 1300 5491 manu
1341 5437 1516 5491 habet
1547 5452 1678 5490 cum
1711 5435 1904 5502 Corb.,
1934 5437 2116 5507 Valc.,

461 5502 640 5576 Long.
681 5502 953 5576 e_t‘_Colb'.,
986 5510 1296 5576 septimum.

475 5637 496 5655 ³
527 5571 645 5641 (33)
669 5571 826 5655 ‘Edit.
849 5579 983 5630 Am.
1021 5571 1077 5633 et
1273 5595 1408 5633 cum
1439 5595 1548 5632 ms.
1596 5578 1761 5655 Man,
1814 5583 2120 5648 purgetur;

453 5636 580 5696 Era.
625 5636 686 5694 et
719 5641 880 5702 Rom.
925 5660 1059 5702 cum
1095 5647 1225 5707 aliis
1259 5666 1426 5714 mss.,
1448 5636 1800 5720 perurgetur.

2303 5227 2414 5296 (34)
2448 5225 2660 5279 Omnes
2689 5224 2926 5278 omnino
2957 5223 3235 5279 edit.cum
3269 5227 3599 5280 mss.Torn.
3633 5221 3862 5296 ac_Va_t-.

2229 5290 2904 5369 etiluiwrim_vacat,ut
2964 5297 3265 5369 [ragil_itas.
3329 5302 3401 5369 At
3462 5312 3608 5350 mss.
3659 5290 3862 5369 ⁸ϐοτὴρ

2228 5367 2387 5423 Colb.
2450 5372 2506 5422 et
2563 5367 2702 5439 Μαι.
2767 5382 2901 5420 cum
2964 5366 3174 5422 Latinii
3233 5367 3591 5439 conjectura,
3652 5366 3860 5439 luxuria

2227 5448 2418 5500 vacat;
2475 5443 2530 5493 ct
2587 5437 2753 5491 Corb.
2815 5453 2948 5492 cum
3007 5439 3209 5494 eodem
3269 5431 3483 5502 Latin.,
3536 5446 3595 5492 ut
3646 5431 3863 5507 frugali-

2226 5519 2331 5566 tas.

2299 5580 2409 5652 (35)
2440 5579 2587 5634 Erlit.
2620 5595 2847 5648 omnes,
2878 5582 3132 5636 virorem.
3165 5583 3301 5637 Mss.
3336 5584 3540 5638 contra
3585 5594 3716 5635 cum
3761 5575 3855 5631 La-

2225 5651 2392 5720 tinio,
2427 5653 2686 5720 vigorem.
