4026 6186
293 361 411 431 406

1508 368 1740 434 LIBER
1780 365 1884 432 DE
1916 364 2088 443 NOE
2129 364 2230 431 ET
2272 362 2502 432 ARCA.

3554 404 3561 407 -
3585 366 3706 435 406

287 505 356 561 ut
382 517 574 577 neque
604 501 820 580 frigore
845 501 1349 580 congelascat,nec
1378 504 1574 562 aestivo
1605 502 1795 561 calore
1826 501 1940 560 snl-
1971 501 2028 570 Α
2125 504 2215 561 53.
2250 503 2452 561 Merito
2483 506 2716 561 mortua
2745 507 2836 562 est
2864 503 3057 563 omnis
3088 520 3222 563 caro
3255 520 3385 579 qum
3433 505 3708 563 moveba-

288 596 476 650 vatur.

356 683 446 739 51.
478 683 807 741 Exundavit
864 684 1045 758 igitur
1100 701 1276 757 aqua,
1335 688 1392 740 et
1447 682 1655 740 levavit
1711 700 1933 751 arcam,

290 775 346 828 et
373 772 672 829 ferebatur
701 788 882 845 super
910 789 1213 829 summum
1243 772 1693 846 aquarum.Non
1728 772 1934 828 imme-

288 860 396 917 rito
425 861 742 917 exundavit
770 856 942 935 aqua,
974 862 1209 936 quando
1237 862 1369 919 cmli
1399 866 1702 918 cataractae
1724 865 1934 934 apertae

289 953 446 1017 sunt,
470 953 528 1005 et
557 950 630 1006 de
659 954 815 1007 terra
843 951 999 1024 rupti
1030 954 1170 1008 sunt
1199 951 1387 1007 fontes
1419 966 1708 1022 aquarum
1740 953 1797 1005 et
1827 949 1932 1005 ﬂu-

287 1038 467 1094 mina.
501 1039 666 1106 Quod
698 1055 914 1113 magna
943 1039 1209 1112 emphasi
1241 1040 1464 1095 dictum
1490 1044 1597 1095 est.
1631 1038 1739 1095 Ubi
1776 1038 1932 1094 enim

286 1127 536 1200 emptio,
577 1126 656 1183 ibi
714 1127 1113 1185 irrevocabilis
1148 1126 1352 1184 effusio
1396 1129 1473 1183 sit
1518 1144 1755 1183 necesse
1810 1131 1951 1195 est,

287 1232 391 1273 nec
419 1216 654 1274 retineri
684 1216 873 1274 facilis
894 1217 1221 1290 ingentium
1246 1216 1538 1289 prolapsio
1559 1216 1932 1272 ﬂuentorum.

288 1304 663 1362 Manifestum
711 1310 801 1362 est
848 1307 1031 1380 igitur
1059 1307 1213 1378 quod
1267 1305 1550 1378 scriptum
1580 1309 1686 1361 est.
1719 1304 1933 1360 Verum

289 1394 335 1449 si
385 1393 563 1450 altius
609 1395 992 1468 spectandum
1040 1400 1232 1468 putes,
1264 1411 1397 1452 caro
1443 1398 1642 1450 nostra
1688 1393 1936 1449 diversis

288 1483 546 1556 agitatur
573 1487 631 1541 et
661 1483 791 1539 l'reti
823 1483 995 1540 modo
1026 1484 1271 1540 ﬂuctuat
1299 1482 1691 1556 passionibus,
1719 1483 1936 1553 quibus

286 1571 397 1628 huc
423 1575 600 1645 atque
630 1570 769 1629 illuc
798 1576 1077 1645 tanquam
1100 1589 1278 1644 super
1307 1572 1495 1627 undas
1527 1570 1931 1627 molestiarum

289 1676 528 1717 suarum
589 1678 745 1717 nunc
796 1660 969 1727 fame,
1023 1676 1181 1716 nunc
1232 1660 1353 1726 siti,
1386 1676 1540 1715 nunc
1593 1659 1933 1731 cupiditate,

289 1765 440 1805 nunc
471 1748 708 1821 gaudio,
742 1765 896 1806 nunc
923 1748 1120 1805 dolore
1141 1750 1426 1821 jactatur.

350 1837 625 1936 5_2.AIllud
653 1854 885 1910 quoque
916 1854 1029 1893 non
1056 1836 1620 1936 pristermittendum
1660 1837 1932 1936 arbitror,
1962 1871 2013 1936 B

284 1927 422 1999 quia
445 1927 746 2000 Scriptura
774 1945 888 1984 non
919 1925 1215 1999 praeteriit,
1237 1926 1474 2001 quantis
1503 1943 1746 1983 numero
1777 1928 1930 1984 ιω

286 2016 498 2073 cubitis
526 2033 681 2089 aqua
709 2033 886 2089 super
912 2021 1128 2072 terram
1163 2016 1364 2084 fuerit;
1405 2015 1740 2088 quindecim
1772 2017 1927 2071 enim

284 2105 497 2162 cubitis
525 2122 704 2178 super
724 2104 982 2162 excelsos
1010 2108 1238 2162 montes
1283 2122 1500 2177 aquam
1550 2104 1733 2161 fuisse
1762 2104 1926 2160 dixit.

285 2194 543 2268 Simplex
579 2195 776 2268 itaque
822 2193 1153 2251 intellectus
1181 2198 1361 2266 patet.
1394 2193 1683 2266 Allegoria
1732 2198 1928 2250 autem

285 2283 545 2357 quinque
573 2300 785 2340 sensus
814 2282 1237 2355 complectitur,
1271 2284 1372 2355 qui
1418 2287 1559 2339 sunt
1599 2283 1659 2337 in
1690 2299 1929 2354 corpore

287 2376 483 2430 nostro
512 2370 672 2429 velut
698 2371 911 2428 excelsi
939 2376 1188 2440 montes,
1221 2372 1320 2444 qui
1347 2371 1497 2427 hanc
1523 2388 1756 2427 carnem
1789 2388 1927 2443 pas-

285 2462 517 2519 sionum
574 2461 952 2529 obumbrant,
1023 2464 1079 2516 et
1146 2459 1490 2532 plerumque
1553 2460 1930 2516 incursantur

285 2549 506 2617 bestiis,
539 2554 599 2605 et
634 2549 1002 2621 exagitantur
1031 2549 1326 2604 condensa
1370 2553 1427 2604 et
1473 2565 1654 2620 opaca
1700 2565 1922 2604 eorum.

284 2638 444 2696 Unde
471 2643 529 2696 et
557 2638 843 2695 Dominus
873 2654 976 2711 per
1004 2637 1307 2693 nationum
1337 2638 1700 2694 credentium
1747 2638 1923 2693 ﬁdem

278 2727 517 2785 veniens
564 2727 640 2783 ad
691 2725 1006 2784 Ecclesiam
1037 2743 1228 2795 suam,
1259 2727 1417 2783 venit
1446 2744 1480 2781 a
1511 2726 1729 2782 Libano
1774 2726 1927 2782 sicut

279 2817 359 2875 ait
387 2817 660 2874 Habacuc
682 2816 795 2889 (36)
825 2815 1108 2889 propheta
1152 2815 1350 2872 dicens
1402 2831 1416 2870 :
1465 2817 1727 2872 Dominus
1755 2833 1789 2871 a
1828 2816 1923 2871 Li-

278 2909 418 2964 bano
444 2908 647 2972 veniet,
677 2922 713 2961 ιι
760 2908 941 2961 monte
984 2905 1239 2961 umbroso
1292 2909 1344 2960 et
1389 2921 1557 2977 opaco
1587 2904 1803 2976 (Habeo.
1837 2922 1922 2976 III,

273 2996 350 3067 3).
384 2994 642 3051 Ecclesia
670 3010 903 3067 quoque
946 2993 1104 3051 venit
1150 3011 1185 3049 a
1229 2993 1467 3060 Libano,
1513 2994 1666 3050 sicut
1708 2993 1926 3049 habent

273 3084 516 3142 Cantica
557 3083 941 3140 canticorum.
974 3084 1057 3138 Ita
1103 3082 1260 3138 enim
1310 3082 1606 3155 legimus:
1640 3083 1777 3139 Ades
1820 3084 1925 3138 huc

276 3174 569 3239 aLibano,
599 3187 820 3244 sponsa,
859 3171 986 3227 ades
1040 3172 1144 3227 huc
1189 3188 1224 3226 a
1270 3172 1492 3227 Libano.
1556 3173 1825 3228 Transibis
1874 3179 1927 3228 et

2044 598 2159 650 tur.
2195 595 2356 661 Quod
2388 599 2445 650 et
2474 595 2798 651 secundum
2829 593 3084 653 litteram
3136 594 3341 669 liquet,
3370 599 3428 652 et
3473 595 3709 669 proprie

2044 700 2110 739 ac
2142 682 2487 740 naturaliter
2535 684 2728 740 carnis
2776 685 3165 758 corruptelam
3215 684 3432 741 indicio
3475 685 3700 758 procel-

2044 772 2182 829 losaa
2211 772 2620 830 commotionis
2651 774 3288 845 expressit.Commotio
3308 774 3467 831 enim
3494 774 3708 831 vitiosa

2045 879 2161 917 non
2192 866 2281 919 est
2312 862 2422 918 nisi
2456 879 2557 934 per
2585 863 2828 919 aﬂ‘ectus
2859 865 3509 936 corruptionem.Movet
3540 864 3698 920 enim

2045 950 2371 1022 voluptates
2404 968 2558 1017 caro,
2591 956 2647 1006 et
2675 951 2804 1023 ipsa
2831 952 3251 1025 voluptatibus
3278 959 3699 1010 commovetur.

2045 1040 2206 1096 Talis
2255 1044 2450 1096 autem
2495 1040 2808 1096 commotio
2858 1041 3252 1113 corruptelam
3306 1047 3481 1098 creat.
3512 1042 3701 1098 Causa

2045 1146 2180 1201 ergo
2212 1130 2552 1202 corruptelae
2602 1130 2917 1185 commotio
2968 1130 3138 1185 istius
3190 1131 3397 1186 mundi
3448 1135 3556 1202 est,
3597 1148 3701 1203 per

2045 1235 2221 1290 quam
2255 1219 2453 1274 anima
2485 1217 2955 1290 uniuscujusque
2986 1219 3315 1292 degenerat.
3350 1220 3492 1275 Cum
3540 1220 3697 1276 enim

2045 1307 2261 1363 vitiosa:
2292 1308 2599 1379 passiones
2631 1312 2885 1363 mentem
2921 1312 3171 1375 movent,
3223 1307 3552 1379 corruptela
3599 1324 3697 1381 ge-

2044 1402 2311 1464 neratur;
2345 1413 2478 1452 cum
2509 1397 2764 1453 excitant
2797 1397 2993 1453 studia
3040 1398 3349 1464 virtutum,
3379 1395 3699 1469 disciplinas

2045 1486 2338 1557 profectus
2367 1490 2475 1541 est.
2508 1485 2714 1541 Omnis
2744 1486 2922 1557 igitur
2953 1486 3052 1558 qui
3084 1490 3207 1541 erat
3237 1486 3296 1541 in
3329 1484 3515 1554 arida,
3541 1503 3701 1541 mor-

2043 1578 2181 1629 tuus
2219 1578 2309 1631 est
2340 1591 2352 1629 :
2386 1591 2491 1630 nec
2519 1574 2675 1630 enim
2707 1578 2977 1647 poterant
3013 1592 3127 1630 non
3179 1575 3325 1630 mori
3375 1591 3523 1647 quos
3552 1574 3701 1630 tanti

2043 1662 2246 1717 diluvii
2273 1662 2430 1718 unda
2461 1664 2835 1718 demerserat.
2870 1663 2987 1718 Hoc
3029 1664 3353 1719 secundum
3411 1663 3697 1735 scriptum

2042 1751 2370 1823 seriemque
2397 1752 2729 1807 verborum.
2762 1754 3045 1807 Caeterum
3078 1752 3126 1807 si
3160 1751 3495 1823 allegoriam
3536 1768 3694 1823 qua:-

2043 1856 2158 1907 ras,
2192 1857 2308 1895 non
2342 1839 2585 1895 dubium
2633 1844 2723 1896 est
2772 1840 2910 1912 quia
2958 1840 3221 1912 exemplo
3254 1841 3396 1912 ligni
3429 1840 3697 1897 aridioris

2042 1929 2199 2000 quod
2231 1928 2406 1984 simul
2466 1933 2528 1984 ut
2569 1928 2827 1985 lambere
2872 1929 3130 2001 coeperit,
3163 1929 3317 2002 ignis
3345 1928 3534 1985 exurit
3565 1946 3578 1984 :
3613 1929 3696 1985 ita

2040 2017 2239 2075 anima
2277 2017 2391 2073 nisi
2440 2018 2803 2074 diversarum
2851 2018 3158 2074 humescat
3206 2034 3333 2074 rore
3384 2018 3691 2085 virtutum,

2039 2105 2246 2178 poculo
2277 2108 2529 2179 quodam
2556 2107 2798 2179 irrigata
2827 2107 3208 2179 sapientiae,et
3238 2108 3392 2164 fonte
3422 2107 3689 2177 justitiaa,

2038 2199 2212 2267 atque
2242 2195 2461 2267 irriguo
2511 2195 2818 2262 castitatis,
2858 2200 3139 2267 tanquam
3189 2196 3445 2252 arefacta
3491 2196 3685 2253 radice

2037 2283 2219 2349 vitali,
2252 2286 2632 2357 cupiditatem
2665 2285 2947 2357 deﬂagrat
2975 2284 3262 2354 incendio,
3280 2284 3368 2340 vel
3402 2284 3682 2358 proﬂuvio

2037 2374 2231 2430 carnis
2276 2373 2434 2429 illisa
2486 2374 2835 2446 procumbit.
2870 2374 3027 2431 Unde
3057 2390 3290 2446 semper
3334 2374 3554 2446 epulari
3589 2375 3685 2430 de-

2037 2463 2134 2519 bet
2180 2462 2413 2517 animus
2469 2462 2756 2518 bonorum
2804 2479 3047 2535 cperum
3095 2463 3496 2535 cogitationes,
3530 2463 3684 2520 250

2037 2557 2103 2606 ut
2149 2551 2471 2623 prudentiae
2520 2567 2694 2606 succo
2744 2568 2908 2606 mens
2963 2550 3253 2607 inebriata
3300 2552 3681 2623 pinguescat;

2035 2655 2150 2711 quo
2201 2657 2314 2694 non
2374 2638 2538 2695 facile
2595 2638 2798 2694 diluvii
2855 2639 3172 2712 corporalis
3228 2642 3394 2695 cedat
3432 2640 3680 2710 injuriae,

2034 2733 2209 2799 atque
2265 2728 2427 2783 arido
2485 2727 2722 2783 incuriae
2776 2728 2890 2783 silu
2950 2726 3170 2783 evirata
3216 2728 3329 2799 (38)
3377 2728 3680 2783 moriatur.

2033 2816 2285 2889 Ideoque
2337 2833 2444 2872 nos
2495 2817 2772 2872 admonet
2817 2815 3103 2872 Dominus
3134 2834 3167 2871 a
3196 2818 3353 2872 fonte
3383 2816 3683 2888 sapientiai

2034 2923 2150 2962 non
2209 2905 2495 2972 recedere,
2544 2904 2753 2977 pocula
2798 2904 3031 2960 virtutis
3083 2905 3355 2972 haurire;
3417 2921 3490 2960 ne
3547 2904 3682 2977 quis

2032 2993 2153 3049 sole
2184 2993 2513 3065 iniquitatis
2543 2997 2786 3063 arescat,
2817 2997 2875 3048 et
2903 2992 3216 3065 procellam
3257 2992 3682 3065 persecutionis

2033 3085 2324 3139 sustinere
2389 3101 2505 3138 non
2564 3083 2749 3155 possit
2805 3083 3061 3155 (Barach.
3130 3101 3214 3149 ιιι,
3287 3085 3354 3138 10
3415 3091 3467 3139 et
3521 3082 3678 3155 seq.).

2033 3173 2328 3245 Scriptum
2360 3177 2449 3227 est
2476 3172 2631 3227 enim
2668 3188 2682 3225 :
2714 3171 2862 3240 Quod
2891 3174 2941 3226 si
2967 3173 3028 3227 in
3058 3172 3282 3229 humido
3312 3172 3411 3229 hoc
3438 3173 3678 3245 faciunt,

269 3240 639 3335 μνη-ιιπείὺῶ
683 3277 719 3316 α
758 3261 1040 3332 principio
1087 3261 1234 3330 ﬁdei,
1285 3277 1321 3314 α
1365 3260 1637 3316 cubilibus
1684 3260 1922 3330 leonum,
1954 3240 1996 3306 (ἶ
2034 3263 2097 3317 in
2121 3240 2278 3317 arido
2309 3261 2438 3333 quid
2465 3260 2557 3331 ﬁet
2585 3262 2735 3328 (Luc.
2768 3277 2927 3329 xxm,
2958 3261 3069 3332 31).

278 3361 329 3408 ιι
384 3350 664 3407 montibus
715 3348 1015 3421 pardarum
1052 3348 1232 3421 (Cant.
1266 3366 1342 3404 ιν.
1388 3350 1465 3421 8),
1516 3366 1631 3421 quo
1677 3348 1926 3422 gentiles

277 3437 502 3512 populi,
533 3436 635 3509 qui
663 3434 823 3492 velut
849 3434 1185 3492 bestialium
1215 3435 1557 3507 passionum
1586 3451 1793 3507 graves
1823 3452 1924 3507 pa-

275 3527 577 3584 tiebantur
602 3524 898 3591 incursus,
931 3540 1084 3580 nunc
1116 3522 1426 3580 altitudine
1458 3524 1614 3591 ﬁdei,
1653 3528 1711 3580 et
1741 3523 1923 3581 subli-

272 3616 475 3672 mitate
525 3612 850 3669 devotionis
907 3616 1122 3668 meant.
1156 3602 1264 3668 Per
1317 3612 1421 3668 hos
1471 3612 1649 3684 igitur
1696 3617 1925 3669 montes

270 3703 540 3762 Christus
589 3701 841 3771 advenit,
882 3700 1276 3774 comprimens
1324 3700 1674 3773 evangelicis
1722 3701 1921 3773 dispu-

268 3792 599 3850 tationibus
628 3791 848 3847 feroces
876 3790 1053 3847 istius
1081 3790 1342 3863 corporis
1380 3795 1595 3857 motus,
1629 3794 1804 3862 atque
1854 3789 1920 3845 il-

264 3881 384 3938 lam
414 3878 792 3937 altitudinem
835 3878 1049 3945 cordis,
1081 3882 1138 3934 et
1187 3894 1250 3934 se
1295 3877 1665 3934 extollentem
1715 3895 1921 3950 super-

262 3970 423 4026 biam
452 3965 786 4025 obedientia
811 3970 872 4022 et
904 3966 1243 4022 humilitate
1299 3967 1388 4022 sui
1413 3967 1722 4022 destruens
1756 3983 1769 4021 :
1804 3983 1922 4022 me-

264 4058 500 4129 ritoque
529 4056 755 4112 fructus
776 4054 1250 4111 mansuetudinis
1271 4055 1417 4111 ferre
1438 4059 1757 4127 coeperunt,
1773 4072 1921 4127 quos

264 4151 400 4203 ante
444 4144 712 4218 gravium
770 4142 988 4199 diluvia
1030 4144 1373 4215 passionum
1420 4142 1799 4199 subruebant.
1840 4143 1922 4200 De

264 4249 512 4292 numero
563 4236 760 4289 autem
815 4231 1150 4289 cubitorum
1198 4231 1281 4287 sic
1329 4230 1574 4303 quidam
1631 4236 1765 4288 ante
1814 4249 1920 4288 nos

262 4321 882 4393 estimaverunt,quod
915 4318 1178 4393 quinque
1207 4337 1416 4377 sensus
1454 4319 1742 4392 triplicem
1796 4320 1920 4376 col-

262 4408 576 4469 lectionem
604 4410 896 4478 habeant;
938 4425 1005 4466 eo
1054 4408 1209 4481 quod
1258 4409 1420 4464 visus
1470 4408 1698 4464 visibile
1744 4409 1920 4475 videt,

261 4505 321 4556 et
368 4499 610 4555 auditus
657 4496 915 4554 audibile
961 4497 1145 4566 audit,
1192 4500 1249 4553 et
1296 4497 1574 4553 odoratus
1626 4497 1921 4554 odorabile

2102 3352 2194 3405 54.
2243 3351 2470 3416 Delevil,
2519 3348 2729 3421 inquit,
2758 3351 2897 3405 Deus
2946 3366 3104 3406 omne
3146 3351 3288 3422 quod
3361 3355 3481 3408 erat
3521 3368 3681 3423 super

2031 3441 2233 3512 faciem
2261 3447 2426 3495 terrae
2458 3438 2607 3509 (Gen.
2649 3455 2747 3503 vn,
2777 3438 2889 3509 23).
2946 3438 3157 3510 Scripti
3204 3439 3441 3496 evidens
3483 3439 3679 3514 expla-

2032 3528 2212 3583 natio.
2253 3526 2542 3598 Allegoria
2591 3531 2786 3582 autem
2834 3527 3157 3599 expositam
3205 3528 3375 3586 nobis
3429 3529 3684 3586 declarat

2033 3615 2390 3689 superbiam,
2425 3631 2552 3686 quae
2598 3631 2661 3669 se
2708 3614 2930 3670 extollit
2957 3616 3017 3671 in
3049 3617 3156 3673 bac
3188 3622 3416 3674 terrena
3457 3618 3679 3691 fragili-

1990 3765 1995 3772 _
2032 3720 2145 3776 que
2174 3702 2528 3773 substantia,
2580 3707 2637 3758 et
2686 3702 2995 3758 immemor
3038 3704 3393 3772 divinorum,
3421 3705 3683 3763 humana

2032 3790 2381 3865 despiciens,
2415 3790 2611 3864 ipsum
2641 3791 2969 3861 arrogantis
3017 3791 3125 3847 viri
3172 3792 3442 3848 habitum
3490 3794 3676 3851 inces-

2031 3897 2283 3953 sumque
2313 3880 2621 3936 deformat.
2654 3878 2864 3943 Quales
2906 3880 3186 3935 describit
3233 3881 3415 3937 Isaias
3461 3882 3678 3938 Judaei

2031 3969 2204 4039 ﬁlias,
2237 3968 2537 4025 oculorum
2570 3968 2855 4023 micantes
2887 3967 3150 4035 nutibus,
3184 3972 3242 4024 et
3284 3967 3400 4024 alia
3444 3985 3507 4024 se
3554 3985 3675 4025 cer-

2028 4058 2152 4115 vice
2178 4060 2469 4129 jactantes
2500 4058 2625 4128 (Isa.
2660 4074 2742 4124 ιιι,
2776 4058 2885 4125 16).
2934 4057 3085 4112 Sunt
3130 4056 3288 4112 enim
3335 4056 3677 4129 hujusmodi

2030 4149 2317 4220 erigentes
2364 4144 2698 4218 supercilia,
2739 4144 2938 4200 inﬂato
2990 4145 3182 4214 corde,
3228 4144 3376 4201 elato
3424 4149 3675 4217 pectore,

2029 4235 2247 4292 cervice
2278 4235 2556 4307 resupina
2590 4252 2603 4289 :
2635 4232 2736 4305 qui
2768 4232 2960 4288 solum
3000 4233 3237 4304 quidem
3285 4233 3549 4307 vestigiis
3579 4251 3676 4307 pe-

2033 4325 2174 4381 dum
2207 4324 2619 4397 perstringunt,
2654 4326 2772 4377 toto
2803 4325 3001 4377 autem
3049 4338 3113 4376 se
3159 4321 3375 4378 librent
3416 4339 3676 4396 corpore,

2029 4418 2086 4470 et
2124 4412 2288 4467 inani
2328 4412 2693 4483 suspendant
2738 4410 3003 4465 examine
3053 4425 3066 4465 :
3104 4409 3180 4484 in
3230 4411 3423 4483 priora
3469 4428 3678 4484 gressu
3773 4421 3777 4425 ’

2030 4500 2364 4574 procedant,
2427 4499 2499 4554 ad
2560 4498 2881 4571 posteriora
2936 4498 3212 4554 verticem
3274 4500 3675 4559 reclinantes:

262 4589 568 4654 odoratur,
597 4591 656 4643 et
684 4590 894 4659 gustus
925 4584 1217 4659 gustabile
1237 4588 1518 4660 gustat,et
1537 4590 1729 4642 tactus
1760 4587 1914 4659 quod
1948 4607 1992 4671 ι)
2028 4588 2239 4645 caelum
2272 4591 2785 4660 spectent,terram
2819 4590 3013 4642 autem
3048 4587 3371 4656 fastidiant,
3394 4594 3677 4662 tanquam

261 4675 545 4750 tangendi
577 4675 919 4732 substantiis
947 4674 1214 4746 subjacet
1237 4675 1724 4747 (37),tangit.Ideo
1746 4675 1916 4746 quin-

262 4781 382 4839 que
405 4780 617 4821 sensus
649 4761 951 4835 tripliciter
975 4761 1245 4818 aestimati
1276 4768 1434 4830 sunt,
1468 4762 1553 4818 vel
1593 4764 1917 4818 secundum

258 4853 408 4911 illud
444 4869 458 4909 :
490 4851 681 4909 Scribe
708 4852 817 4908 tibi
843 4851 1133 4924 m'pliciter
1159 4852 1340 4921 (Prov.
1373 4868 1511 4921 xxu,
1544 4853 1656 4924 20).
1690 4853 1809 4925 Ego
1839 4857 1920 4909 ta-

261 4959 400 5001 men
431 4939 799 4998 commodius
832 4944 971 5013 puto
1001 4938 1167 5007 illud,
1202 4943 1268 4995 ut
1295 4957 1507 4996 sensus
1556 4942 1767 4997 terreni
1816 4942 1919 4998 ho-
1944 4988 1957 4997 .

261 5030 448 5088 minis
479 5034 655 5102 atque
682 5027 958 5086 animalis
988 5033 1046 5085 et
1083 5027 1364 5102 spiritalis
1416 5029 1720 5101 accipiam,
1773 5048 1920 5103 quos

259 5117 375 5176 illa
403 5116 608 5174 diluvii
632 5117 852 5174 ﬂuenta
880 5116 1366 5173 transcenderint.

341 5325 461 5394 (36)
492 5323 625 5379 Haec
652 5323 848 5387 verba,
877 5324 1017 5378 sicut
1046 5324 1127 5378 ait
1154 5323 1672 5394 Habacuc...‘usque
1697 5325 1769 5379 ad
1800 5324 1919 5394 illa,

260 5400 414 5454 sicut
440 5394 640 5451 habent
671 5394 914 5457 Cantica,
943 5394 1288 5451 auctoritate
1319 5411 1462 5451 mss.
1495 5394 1759 5451 omnium
1789 5397 1921 5452 Gal-

261 5468 625 5538 licanorum,
653 5465 1040 5534 restituimus,
1069 5482 1204 5521 cum
1252 5467 1417 5538 prius
1464 5464 1525 5520 in
1564 5465 1700 5522 edit.
1735 5469 1921 5523 omni-

262 5541 385 5597 bus
411 5536 905 5593 desiderarentur.

366 5610 456 5682 37)
484 5608 653 5682 130m.
686 5608 851 5679 edit.,
883 5608 1024 5682 quod
1053 5608 1313 5682 tangibili
1340 5608 1590 5682 materiae
1614 5609 1873 5682 suqucet.

366 5678 457 5754 38)
484 5680 558 5739 Et
585 5685 631 5738 t.
666 5684 815 5754 aut.,
838 5678 1008 5739 arida
1052 5678 1292 5738 incuria
1335 5680 1432 5736 siti
1479 5678 1719 5737 evirala.
1755 5680 1922 5738 Rom.

2025 4676 2266 4734 cervicis
2306 4675 2502 4732 dolore
2549 4675 2764 4743 sufﬁxi,
2796 4680 2858 4730 ut
2906 4692 3037 4731 eam
3086 4675 3368 4734 inclinare
3398 4695 3514 4733 non
3544 4694 3678 4749 pos-

2025 4766 2163 4821 sint.
2197 4766 2313 4821 Hos
2341 4765 2522 4837 igitur
2552 4763 2768 4820 delevit
2792 4764 2864 4819 de
2895 4763 3043 4819 libro
3073 4764 3203 4819 vitae
3234 4765 3388 4820 Deus
3431 4765 3630 4820 dicens
3660 4782 3674 4820 :

2028 4854 2216 4909 Omnis
2255 4854 2351 4925 qui
2378 4869 2433 4907 se
2461 4854 2693 4918 exultat,
2717 4853 3115 4909 humiliubitur
3143 4852 3535 4923 (Luc.xtv,li):
3572 4868 3677 4909 nec

2025 4942 2178 4998 inter
2207 4943 2408 4997 merita
2443 4945 2777 4997 sanctorum
2827 4940 3176 4997 commentis
3220 4939 3511 4996 adhaerere
3541 4940 3676 4997 facit

2027 5030 2364 5087 cmlestibus
2395 5030 2526 5103 (39).

2098 5121 2187 5175 55.
2221 5118 2507 5177 Omnibus
2563 5118 2743 5191 igitur
2799 5115 2900 5189 qui
2956 5119 3117 5172 extra
3171 5131 3366 5171 arcam
3417 5115 3674 5189 fuerunt,

2029 5332 2087 5384 et
2114 5327 2243 5382 Vat.
2279 5327 2431 5390 cod.,
2465 5324 2625 5379 arida
2658 5323 2890 5377 incuriae
2938 5322 3050 5376 situ
3092 5322 3321 5379 evirata.
3354 5322 3465 5378 Alii
3513 5324 3680 5382 deni-

2031 5416 2145 5471 que
2174 5415 2339 5464 mss.,
2373 5397 2528 5452 arido
2559 5394 2794 5450 incuria:
2821 5394 2931 5447 situ
2964 5392 3204 5458 evirata;
3249 5392 3418 5461 Maz.,
3471 5398 3679 5452 enixe-

2032 5481 2216 5612 Tagi»
2250 5535 2896 5612 ld__est,cof{1_r_nent{1i'iis
2926 5532 3260 5593 caelestibus
3292 5536 3506 5605 sive,ut
3534 5556 3677 5612 pall-

2034 5613 2090 5670 lo
2114 5607 2254 5668 ante
2285 5608 2526 5678 dixerat,
2554 5607 2696 5662 libro
2722 5607 2870 5663 vitae.
