4166 6154
486 350 605 428 εἴη

1924 344 2017 422 “s.
2048 339 2440 423 attamen

3738 356 3855 433 [408

481 493 871 570 intaremptis,
912 493 1210 554 derelictus
1252 501 1331 553 est
1376 494 1482 551 Noe
1525 493 1673 551 solus
1719 493 1780 550 in
1836 508 1965 549 arca
2009 507 2133 547 cum
2160 490 2219 558 Α
2248 488 2684 551 dimicationem
2715 491 3025 567 utriusque
3054 491 3238 567 partis
3278 497 3652 553 assumerent.
3682 496 3742 554 In
3764 497 3852 557 his

484 586 558 642 iis
603 588 705 659 qui
752 602 876 642 cum
925 587 1041 659 ipso
1081 592 1239 642 erant
1268 584 1419 657 (Gen.
1452 601 1551 650 vn,
1588 583 1701 655 23).
1734 583 1861 638 Non
1915 581 2137 653 indiget

480 673 965 748 interpretatione
994 691 1185 731 sermo
1226 670 1566 745 simplicior.
1615 671 1919 728 Concurrit
1963 669 2133 726 intel-

479 762 669 821 lectus
700 780 835 822 cum
863 763 1075 820 littera.
1102 761 1289 818 Altior
1329 764 1526 818 autem
1572 766 1629 817 et
1674 759 1915 816 interior
1959 758 2139 833 signi-

480 852 678 911 ﬁcatio
734 854 1098 925 demonstrat
1136 852 1368 924 justum
1425 850 1638 927 virum,
1696 852 2138 921 amatoremque

470 942 807 1016 sapientiae,
842 944 1123 1013 tanquam
1153 940 1420 996 arborem
1469 939 1848 1006 fructuosam,
1881 937 2137 993 interne-

487 1032 634 1088 catis
684 1046 810 1102 quae
857 1045 1052 1086 escam
1097 1030 1226 1101 ejus
1273 1028 1539 1085 solebant
1584 1027 1873 1091 arrodere,
1905 1041 2135 1083 comam

487 1119 857 1186 obumbrare,
910 1121 1205 1175 coarctare
1255 1133 1562 1191 processus
1610 1131 1931 1183 ramorum,
1979 1113 2137 1170 velut

487 1210 775 1265 exsortem
809 1206 1298 1263 irrationabilium
1327 1206 1671 1279 passionum
1691 1203 1880 1261 solum
1906 1219 2134 1259 reman-

486 1297 636 1354 sisse
678 1311 812 1352 cum
862 1298 1006 1353 suis.
1038 1296 1138 1352 Sui
1183 1298 1377 1352 autem
1427 1298 1566 1351 sunt
1590 1294 1701 1367 (50)
1746 1308 1905 1365 purae
1954 1291 2135 1348 animi

487 1385 958 1458 disceptationes,
1011 1402 1139 1457 quae
1186 1383 1387 1439 virtuti
1456 1383 1809 1438 adhaereant.
1872 1382 1939 1437 Et
1991 1381 2137 1437 bene

487 1475 713 1532 addidit
768 1475 827 1530 in
886 1490 1021 1529 arca
1076 1472 1451 1539 remansisse,
1498 1472 1667 1544 quasi
1712 1471 1807 1526 vix
1861 1469 2137 1526 credibile

487 1563 809 1637 amputatis
838 1561 1239 1636 corporalibus
1270 1560 1642 1634 passionibus
1671 1560 1965 1616 videretur
2001 1576 2136 1614 eum

488 1652 681 1709 adhuc
728 1651 948 1708 versari
998 1651 1058 1706 in
1113 1666 1390 1722 corpore;
1425 1666 1542 1721 quo
1571 1648 1707 1704 licet
1727 1648 1854 1720 jam
1892 1647 2140 1703 terrenis

492 1744 715 1798 careret
745 1738 1053 1811 contagiis,
1092 1738 1491 1811 incorruptam
1551 1737 1704 1803 licet,
1745 1736 2003 1809 corporis
2050 1739 2137 1792 ta-

2246 582 2480 655 scriptis
2526 583 2708 640 series
2756 583 3184 640 manifestatur.
3215 583 3430 640 Altiore
3477 589 3664 641 autem
3699 602 3856 645 sensu

2245 675 2468 728 certum
2526 676 2617 727 est
2672 672 2827 745 quod
2876 672 3080 744 justus
3136 673 3196 728 in
3251 672 3443 728 medio
3480 672 3651 729 habet
3672 677 3856 732 nonin

2245 766 2411 833 parte
2440 761 2819 833 cogitationes
2849 761 3042 817 cordis
3073 762 3167 817 sui
3188 778 3203 817 :
3228 765 3286 818 et
3316 762 3504 834 quoad
3537 762 3713 835 carpit
3727 762 3863 822 hanc

2245 849 2424 905 vitam
2457 849 2670 906 habeat
2697 865 2935 907 necesse
2960 836 3067 906 est
3113 850 3174 906 in
3222 866 3462 923 corpore
3504 852 3770 923 tanquam
3810 853 3860 910 in

2245 936 2348 993 illa
2404 954 2539 993 arca
2588 938 2808 994 bestias
2856 952 3081 1012 graves.
3136 934 3312 994 Nulla
3362 938 3518 994 enim
3564 954 3726 996 mens
3769 945 3865 1007 e'st,

2246 1025 2409 1083 nulla
2462 1026 2681 1093 anima,
2713 1043 2841 1099 quae
2898 1043 3016 1083 non
3072 1026 3314 1100 recipiat
3366 1027 3541 1084 etiam
3600 1027 3866 1084 malarum

2245 1119 2443 1172 motus
2497 1119 2758 1186 agrestes
2817 1116 3257 1190 cogitationum.
3304 1120 3505 1189 Itaque
3558 1116 3870 1189 insipientis

2245 1204 2446 1261 anima
2494 1205 2709 1260 ferinos
2758 1205 2917 1261 acuit
2972 1208 3189 1273 motus,
3237 1207 3410 1277 atque
3453 1204 3644 1261 adolet
3669 1221 3873 1262 venena

2243 1297 2583 1366 serpentum
2616 1311 2629 1348 :
2661 1294 2944 1366 sapientis
2969 1297 3164 1350 autem
3193 1293 3361 1366 vigor
3388 1294 3617 1368 mitigat
3640 1300 3697 1350 et
3724 1311 3871 1351 coer-

2245 1385 2357 1436 cet.

2313 1469 2405 1524 58.
2438 1471 2503 1525 Et
2532 1469 2757 1525 induxit
2802 1472 3064 1526 Dominus
3109 1473 3368 1543 spiritum
3397 1487 3562 1543 super
3591 1479 3804 1543 terram,
3833 1479 3875 1530 et

2245 1559 2473 1614 cessavit
2520 1575 2663 1631 aqua
2694 1559 2845 1629 (Gen.
2893 1575 3017 1628 vm,
3064 1559 3143 1631 4).
3194 1560 3316 1616 Non
3362 1563 3506 1633 puto
3555 1560 3664 1617 hoc
3696 1562 3775 1617 ita
3802 1562 3879 1617 di-

2247 1651 2430 1714 ctum,
2461 1652 2528 1703 ut
2556 1646 2798 1721 spiritus
2828 1647 3065 1705 nomine
3096 1652 3336 1704 ventum
3368 1648 3744 1721 accipiamus.
3775 1651 3879 1707 Ne-

2248 1753 2362 1809 que
2410 1737 2567 1793 enim
2614 1740 2822 1793 ventus
2869 1740 3097 1809 poterat
3137 1736 3354 1795 siccare
3395 1737 3706 1794 diluvium.
3738 1739 3883 1796 Alio-

488 1845 625 1885 men
671 1829 863 1884 adhuc
912 1827 1305 1884 substantiam
1360 1827 1691 1883 reservabat
1722 1842 1735 1880 :
1769 1830 1826 1882 et
1854 1825 2011 1882 velut
2048 1825 2216 1915 in-qB
2248 1825 2391 1898 quin
2422 1842 2557 1881 cum
2587 1842 2748 1882 mare
2796 1826 2985 1882 ventis
3030 1826 3356 1899 exagitetur
3382 1826 3670 1899 quotidie,
3701 1828 3884 1884 exina-

488 1933 803 1990 corporeus
833 1917 893 1972 in
924 1932 1183 1989 corpore,
1234 1915 1709 1989 superferebatur
1738 1914 1976 1979 diluvio,
2018 1929 2135 1969 non

486 2007 944 2075 absorbebatur;
974 2022 1185 2078 corpus
1228 2004 1465 2078 quidem
1515 2020 1721 2077 gerens
1751 2003 1918 2076 quasi
1949 2003 2011 2059 in
2041 2020 2136 2059 ar-

487 2113 566 2154 cte
598 2096 826 2169 positus
854 2095 1104 2162 interno,
1138 2095 1241 2150 sed
1273 2095 1373 2166 qui
1404 2110 1617 2166 corpus
1646 2093 1864 2166 ipsum,
1896 2093 2134 2166 insupe-

485 2184 693 2243 rabilis
742 2184 1135 2258 passionibus,
1168 2182 1337 2256 quasi
1384 2183 1783 2257 incorporeus,
1832 2181 1893 2237 in
1940 2182 2134 2239 medio

484 2278 784 2334 tantorum
817 2277 1085 2331 motuum
1113 2273 1484 2347 gubernaret.

1103 2405 1337 2462 CAPUT
1374 2405 1516 2462 XVI.

483 2498 597 2556 Cur
622 2496 826 2554 dictum
869 2497 942 2552 sit
991 2514 1011 2550 :
1060 2495 1285 2552 Memor
1325 2494 1436 2550 fuit
1483 2493 1769 2551 Dominus
1805 2493 1944 2560 Noe,
1974 2495 2135 2551 nulla

555 2568 671 2656 ejus
712 2569 904 2656 uxoris
951 2583 1022 2651 ac.
1062 2567 1469 2649 filiorum'ejus
1506 2568 1654 2656 [acta
1697 2567 2009 2656 mentione;
2025 2565 2135 2656 Cur

555 2638 689 2696 item
719 2640 903 2695 bestiae
928 2639 1087 2710 prius
1116 2654 1281 2709 quam
1311 2638 1558 2710 iumenta
1584 2638 1870 2693 nominata
1897 2638 2050 2705 sint;
2082 2645 2134 2693 et

551 2711 731 2782 quatis
758 2709 989 2783 spiritus
1015 2725 1183 2783 super
1209 2718 1415 2765 terram
1444 2709 1715 2777 inductus,
1745 2714 1810 2764 ut
1829 2721 1993 2780 aqua?
2017 2724 2129 2764 ces-

550 2790 712 2839 saren
719 2789 757 2838 t.

552 2899 648 2954 56.
704 2898 907 2952 Memor
957 2898 1067 2966 fuit
1117 2897 1380 2952 Dominus
1419 2894 1548 2962 Noe,
1598 2903 1649 2951 et
1698 2895 2013 2963 bestiarum,
2082 2903 2135 2951 et

477 2986 856 3060 iumentorum
884 2984 1036 3056 (Gen.
1068 3000 1188 3049 vm,
1230 2984 1304 3056 1).
1354 2984 1659 3039 Moventur
1705 2981 1967 3055 plerique
2015 3000 2132 3056 qua

486 3091 669 3131 causa
721 3090 837 3130 non
895 3071 1105 3128 dixerit
1148 3071 1430 3144 Scriptor,
1490 3072 1644 3144 quod
1702 3072 1877 3128 etiam
1932 3072 2132 3130 uxoris

472 3151 637 3221 ’251
669 3166 725 3219 et
753 3160 1010 3218 filiorum
1056 3161 1177 3216 Noe
1222 3176 1448 3215 memor
1494 3159 1603 3215 fuit
1649 3161 1953 3228 Dominus,
1995 3178 2129 3218 cum

483 3251 806 3309 bestiarum
837 3254 897 3307 et
919 3250 1322 3321 jumentorum
1355 3249 1529 3304 fuerit
1570 3265 1813 3305 memor.
1847 3250 1956 3307 Sed
1996 3268 2131 3307 cum

397 3401 409 3411 ,
484 3341 699 3398 dixerit
724 3340 880 3413 quod
909 3338 1029 3394 Noe
1060 3354 1288 3394 memor
1314 3337 1507 3405 fuerit,
1538 3338 1597 3392 in
1624 3341 1857 3395 auctore
1903 3344 1961 3395 et
1990 3358 2133 3413 pra:-

480 3428 611 3486 sule
639 3430 852 3485 domus
880 3426 1345 3484 necessitudines
1391 3427 1520 3499 ejus
1568 3426 1823 3501 reliquas
1869 3445 2132 3503 compre-

475 3516 704 3574 hendit.
737 3515 926 3573 Simul
956 3515 1200 3588 exprimi
1231 3515 1458 3572 videtur
1497 3516 1740 3588 quidam
1770 3517 2129 3593 reliquarum

480 3621 804 3662 consensus
833 3605 1355 3662 necessitudinum.
1388 3605 1615 3662 Etenim
1647 3624 1782 3663 cum
1812 3624 2018 3665 omnes
2046 3608 2128 3664 in-

452 3694 665 3751 ‘vicem
694 3694 808 3751 sibi
829 3693 987 3750 cbari
1021 3698 1180 3762 sunt,
1212 3711 1331 3750 una
1361 3698 1449 3751 est
1479 3695 1723 3764 domus;
1756 3713 1891 3752 cum
1933 3701 2127 3754 autem

477 3780 834 3856 discrepant,
869 3788 1222 3858 separantur
1270 3787 1326 3840 et
1370 3782 1659 3840 scinditur
1686 3784 1745 3840 in
1779 3785 1976 3858 plures
2025 3788 2127 3843 do-

474 3886 623 3928 mos.
673 3870 782 3928 Ubi
833 3887 969 3945 ergo
1016 3872 1293 3941 charitas,
1344 3872 1425 3927 ibi
1474 3873 1720 3929 senioris
1767 3874 2002 3931 nomine
2056 3875 2129 3931 de

473 3976 588 4032 quo
635 3961 891 4039 pendent
912 3961 1126 4030 caeteri,
1160 3961 1372 4017 domus
1403 3960 1598 4017 omnis
1622 3960 1988 4033 significatur
2020 3981 2033 4032 ;
2066 3970 2129 4020 ut

473 4048 524 4106 si
555 4049 688 4122 quis
714 4049 982 4106 arborem
1009 4047 1183 4119 dicat,
1218 4050 1422 4121 utique
1452 4049 1894 4121 comprehendit
1939 4055 1996 4107 et
2039 4068 2126 4107 ra-

454 4152 602 4193 mos
635 4155 649 4193 :
682 4138 732 4194 si
764 4139 898 4210 quis
929 4155 1161 4194 ramum
1194 4132 1477 4207 nominet,
1501 4138 1678 4194 etiam
1708 4138 1901 4195 fructu
1934 4140 2033 4212 qui
2063 4140 2122 4195 in

452 4236 537 4282 ‘eo
565 4231 723 4295 sunt,
756 4226 977 4299 pariter
1005 4243 1122 4283 uno
1152 4230 1326 4300 atque
1373 4227 1577 4283 eodem
1627 4243 1895 4285 sermone
1965 4245 2123 4285 com-

470 4313 762 4387 plectitur.

526 4402 629 4457 '57.
666 4403 781 4460 Nec
834 4403 978 4460 illud
1028 4404 1283 4461 otiosum
1332 4405 1488 4476 quod
1533 4405 1723 4477 primo
1766 4406 1934 4474 dixit,
1985 4406 2125 4479 quia

452 4504 697 4546 memor
723 4491 835 4546 fuit
855 4490 1138 4548 Dominus
1165 4492 1521 4564 Noe,dcinde
1549 4492 1896 4561 bestiarum,
1921 4499 2122 4567 postea

2245 1915 2474 1971 niretur
2502 1915 2776 1987 profecto.
2808 1915 2953 1971 Nam
3004 1916 3299 1987 quomodo
3357 1932 3477 1972 non
3525 1922 3891 1974 evacuaretur

2246 2016 2407 2059 mare
2469 2007 2775 2060 ventorum
2830 2003 2909 2072 vi,
2951 2003 3045 2059 cui
3100 2003 3374 2060 cessisset
3433 2008 3560 2061 toto
3619 2004 3886 2061 diffusum

2245 2092 2383 2149 orbe
2438 2092 2725 2149 diluvium
2780 2108 2969 2166 usque
3018 2093 3089 2149 ad
3137 2091 3426 2160 Herculis,
3479 2096 3549 2148 ut
3596 2093 3783 2162 aiunt,
3812 2110 3892 2150 co-

2243 2180 2501 2250 lumnas,
2534 2185 2592 2238 et
2620 2198 2781 2238 mare
2810 2181 3088 2255 Magnum
3121 2182 3288 2238 tectis
3318 2181 3619 2238 montium
3649 2181 3889 2239 excelso-

2245 2287 2375 2326 rum
2424 2271 2740 2327 verticibus
2786 2269 3153 2326 exmstuans?
3190 2269 3449 2342 Spiritus
3497 2269 3684 2344 igitur
3723 2271 3893 2327 divini

2241 2359 2453 2416 virtute
2499 2360 2612 2432 (41)
2669 2358 2947 2416 invisibili
3006 2357 3294 2415 diluvium
3352 2358 3506 2414 illud
3568 2364 3892 2431 repressum

2242 2464 2371 2506 esse
2400 2466 2517 2504 non
2549 2447 2796 2504 dubium
2827 2451 2937 2514 est,
2964 2446 3181 2504 caelesti
3212 2447 3581 2521 operatione,
3594 2464 3714 2504 non
3738 2447 3892 2504 ﬂatu.

2240 2538 2404 2595 Unde
2429 2537 2713 2610 scriptum
2744 2540 2833 2592 est
2864 2554 2876 2592 :
2907 2537 3101 2594 Omnia
3148 2553 3185 2591 a
3230 2540 3284 2592 te
3328 2544 3678 2610 exspectant,
3708 2545 3771 2594 ut
3814 2537 3897 2593 des

2238 2628 2333 2684 illi
2372 2628 2559 2683 cibum
2603 2629 2664 2681 in
2704 2634 2939 2699 tempore
2965 2644 2987 2681 ,ο
3015 2628 3294 2699 aperiente
3342 2633 3391 2682 te
3416 2616 3419 2617 ⁷
3444 2642 3688 2682 manum
3732 2628 3897 2695 tuam,

2240 2718 2427 2773 omnia
2455 2716 2831 2789 implebantur
2857 2716 3114 2772 bonitate.
3143 2716 3366 2788 Auferes
3393 2718 3673 2788 spiritum
3701 2731 3900 2783 eorum,

2237 2809 2291 2861 et
2312 2806 2582 2877 deﬁcient,
2613 2809 2666 2860 et
2695 2806 2755 2860 in
2784 2804 3066 2876 pulverem
3088 2820 3253 2860 suum
3280 2812 3696 2862 convertentur.
3741 2805 3899 2860 Emit-

2210 2902 2313 2951 ‘tes
2360 2894 2625 2968 Spiritum
2672 2901 2848 2962 tuum,
2893 2897 2946 2949 et
2984 2892 3335 2961 ereabuntur,
3375 2898 3435 2949 et
3480 2895 3782 2951 renovabis
3823 2896 3903 2965 fa-

2236 2985 2377 3040 ciem
2432 2987 2593 3039 terrse
2629 2982 2799 3055 (Psal.
2859 2998 2980 3049 cm,
3023 2982 3234 3054 27-30).
3285 2982 3389 3038 Est
3451 2998 3600 3056 ergo
3659 2982 3903 3055 Spiritus

2240 3073 2413 3143 cujus
2443 3070 2762 3144 operationi
2796 3070 2999 3126 cedere
3022 3069 3304 3126 universa
3331 3070 3684 3140 videantur,
3706 3072 3768 3127 in
3799 3087 3907 3144 quo

2239 3160 2367 3217 coeli
2415 3160 2604 3233 ipsius
2648 3160 2835 3215 virtus
2872 3159 2968 3227 sit,
2992 3158 3146 3215 sicut
3188 3159 3482 3232 scriptum
3540 3168 3635 3217 est
3686 3179 3700 3217 :
3754 3161 3907 3218 Verbo

2245 3251 2469 3307 Domini
2495 3250 2617 3306 creti
2644 3249 2854 3320 ﬁrmati
2879 3256 3027 3316 sunt,
3056 3251 3111 3304 et
3156 3248 3369 3321 Spiritu
3418 3252 3544 3306 uris
3589 3252 3713 3323 ejus
3742 3250 3912 3306 omnis

2240 3342 2414 3396 virtus
2442 3355 2631 3395 eorum
2661 3339 2829 3410 (Psal.
2860 3354 3036 3406 xxxn,
3068 3338 3124 3407 6)
3159 3354 3172 3391 :
3206 3337 3307 3408 qui
3328 3338 3609 3411 Spiritus
3642 3344 3736 3397 est
3760 3355 3910 3395 crea-

2236 3434 2331 3485 tor
2369 3428 2795 3499 universorum,
2847 3427 2999 3484 sicut
3043 3427 3220 3481 etiam
3267 3426 3378 3482 Job
3432 3428 3642 3485 dicit:
3681 3429 3912 3502 Spiritus

2238 3517 2460 3574 divinus
2488 3518 2589 3590 qui
2613 3517 2856 3590 fecitme
2883 3515 3018 3588 (Job.
3053 3531 3250 3584 xxxm,
3284 3516 3358 3588 4).

2744 3687 2898 3746 252
2934 3686 3170 3743 CAPUT
3209 3685 3379 3742 XVII.

2239 3806 2460 3862 Clausos
2507 3821 2779 3876 aquarum
2825 3805 3000 3876 fontes
3044 3807 3099 3858 et
3143 3805 3459 3876 cataractas
3495 3803 3766 3863 indicare
3791 3821 3913 3860 cau-

2306 3893 2395 3932 sas
2422 3877 2625 3931 erroris
2659 3875 2730 3931 ad
2775 3875 2985 3931 animae
3030 3875 3322 3928 sanitatem
3367 3890 3498 3931 esse
3538 3876 3915 3933 recidendus:

2306 3948 2802 4003 dinumerationem
2856 3947 3115 4018 temporis
3160 3960 3265 4016 quo
3310 3944 3465 4001 sedit
3536 3964 3703 4014 arca,
3752 3947 3915 4002 initio

2304 4021 2463 4085 anni,
2510 4018 2568 4073 id
2613 4022 2692 4074 est
2738 4032 2911 4073 verna
2958 4021 3291 4088 tempestate,
3321 4019 3568 4089 coepisse
3596 4036 3671 4076 ac

2304 4088 2599 4153 diluvium,
2661 4088 2962 4160 iisdemque
3008 4088 3255 4143 numeris
3314 4088 3575 4146 crevisse
3633 4100 3691 4146 et
3748 4089 3925 4146 decre-

2304 4163 2444 4216 visse
2474 4179 2486 4216 :
2519 4161 2719 4216 ostium
2747 4175 2895 4235 arcae
2918 4162 3241 4235 reseratum,
3273 4163 3531 4235 mentem
3578 4178 3693 4235 per
3744 4175 3928 4217 sensus

2302 4235 2565 4304 naturam
2609 4229 3017 4302 contmnplando
3046 4228 3116 4284 ad
3153 4230 3544 4304 cognitionem
3568 4228 3705 4304 g'Dei
3747 4246 3929 4304 perve—

2301 4306 2428 4359 nire
2444 4321 2463 4358 :
2483 4303 2710 4377 demum
2737 4301 3082 4377 artissimam
3120 4301 3492 4377 corvi,culpae
3520 4375 3526 4377 Α

2300 4392 2374 4431 ea:
2392 4375 2582 4429 anima
2611 4374 2682 4429 ad
2710 4390 2876 4444 quam
2897 4373 3209 4429 existinctis
3254 4373 3644 4437 passionibus
3694 4392 3810 4434 non
3852 4388 3934 4433 re-

2303 4447 2561 4504 vertitur.

451 4578 887 4651 'jumenlorum,
930 4580 1042 4635 hoc
1086 4585 1193 4648 est,
1228 4599 1334 4636 cur
1380 4598 1495 4636 non
1547 4597 1616 4637 ea
1658 4582 1983 4638 animantia
2013 4599 2130 4655 qua
2161 4588 2206 4652 Ι)
2307 4587 2398 4642 59.
2430 4586 2597 4641 Nunc
2624 4583 3062 4640 consideremus
3111 4581 3250 4655 quid
3303 4580 3386 4637 sit
3441 4587 3621 4657 quod
3660 4587 3752 4644 ait
3788 4584 3941 4643 Scri-

458 4666 704 4725 ‘mitiora
732 4672 895 4738 sunt,
926 4671 1060 4741 post
1106 4669 1409 4726 hominem
1465 4669 1809 4737 nominavit,
1843 4672 1945 4727 sed
1986 4671 2127 4728 fero-

450 4755 648 4815 ;ciora.
686 4758 756 4814 'In
809 4773 925 4831 quo
982 4758 1215 4814 videtur
1266 4758 1366 4814 illa
1409 4774 1537 4815 esse
1590 4759 1757 4828 ratio,
1790 4765 1855 4815 ut
1903 4776 1970 4816 ea
1999 4778 2128 4834 quae

447 4845 756 4904 ferociora
786 4851 972 4914 erant,
1008 4847 1320 4918 utriusque
1375 4846 1558 4918 partis
1614 4847 1906 4904 vicinitate
1962 4866 2127 4905 man-

475 4939 837 4993 suescerent.
870 4935 1033 5001 Quod
1065 4935 1295 4991 videtur
1323 4933 1498 4990 etiam
1547 4934 1604 4989 in
1652 4934 1753 4992 illo
1799 4953 1969 4993 versu
2000 4955 2133 5011 poe~

467 5025 585 5081 tico
661 5024 941 5081 declarari
1017 5041 1031 5080 :
1091 5034 1272 5090 κακοὺς
1327 5031 1418 5088 δ’ὲς
1476 5032 1655 5095 μέσσον
1712 5033 1923 5085 ἔλασσεν
1993 5025 2126 5100 (ΗΟ-

473 5126 698 5180 merus,
756 5113 950 5186 Iliad.)
1009 5112 1155 5169 Hinc
1209 5100 1365 5168 enim
1424 5111 1599 5169 etiam
1658 5117 1827 5185 poeta
1887 5132 2132 5188 usurpa-

470 5205 575 5267 vit,
644 5207 709 5257 ut
774 5202 1221 5275 dispositionem
1297 5201 1631 5257 dimicaturi
1700 5203 1781 5258 ita
1836 5203 2134 5260 ordinaret

470 5290 797 5359 exercitus;
868 5308 984 5363 quo
1049 5290 1354 5347 inferiores
1409 5289 1716 5346 collocaret
1782 5291 1842 5346 in
1916 5289 2130 5355 medio,

471 5395 588 5452 quo
639 5379 828 5451 magis
872 5380 1011 5435 hinc
1058 5381 1196 5436 inde
1244 5398 1277 5436 a
1321 5378 1659 5436 fortioribus
1682 5380 2047 5450 juvarentur,
2078 5388 2133 5438 et

543 5528 656 5603 (40)
688 5529 852 5603 Rom.
888 5529 1052 5603 edit.,
1087 5530 1187 5603 sui
1215 5535 1398 5587 autem
1437 5534 1567 5603 sunt
1610 5530 2005 5603 ju_ris._Male;
2040 5532 2135 5588 hic

472 5600 632 5685 enim
666 5601 943 5685 sui‘iden‘l
973 5601 1283 5685 signiﬁcat,
1314 5607 1491 5672 atque
1523 5600 1744 5660 familia
1774 5601 1913 5674 Noe,
1949 5608 2013 5660 ut
2042 5621 2136 5678 pa-

467 5674 546 5730 tet
574 5685 652 5730 ex
678 5669 1183 5733 antecedentibus.

2237 4678 2412 4747 ptura
2441 4673 2638 4728 divina
2671 4690 2683 4727 :
2720 4672 2907 4727 Clausi
2934 4674 3060 4726 sunt
3085 4674 3262 4743 fontes
3304 4688 3643 4745 aquarum,
3678 4680 3738 4731 et
3792 4680 3937 4729 cata-

2238 4766 2410 4820 racta
2457 4763 2582 4817 caeli
2632 4761 2787 4833 (Gen.
2838 4777 2958 4827 vm,
2987 4761 3064 4831 2).
3097 4758 3213 4815 Nec
3251 4759 3610 4819 obscurum
3666 4764 3939 4821 arbitror.

2238 4851 2345 4907 His
2363 4851 2523 4906 enim
2552 4849 2747 4906 causis
2778 4849 3065 4905 minuitur
3094 4847 3386 4904 diluvium
3445 4851 3699 4923 quibus
3722 4851 3938 4908 crevit.

2236 4940 2441 5013 Erupti
2474 4943 2640 4995 erant
2669 4938 2857 4994 fontes
2891 4950 3200 5009 aquarum,
3252 4943 3487 5010 aperta:
3542 4941 3800 4999 fuerant
3851 4955 3943 4997 ca-

2238 5032 2474 5084 taracta)
2503 5027 2651 5095 cmli,
2685 5031 2750 5082 ut
2799 5025 3058 5099 undique
3082 5026 3514 5085 influentibus
3572 5031 3762 5103 aquis
3794 5034 3943 5085 terra

2240 5117 2645 5173 inundaretur.
2677 5116 3008 5172 Debuerant
3036 5114 3229 5171 claudi
3277 5130 3345 5170 ea
3395 5131 3481 5173 ex
3515 5118 3763 5192 quibus
3793 5116 3943 5175 dilu-

2240 5206 2315 5261 vii
2348 5206 2509 5279 origo
2541 5204 2814 5273 manavit,
2845 5207 2909 5259 ut
2946 5203 3075 5275 ejus
3103 5203 3391 5276 inciperet
3448 5222 3601 5264 esse
3651 5209 3940 5265 defectus.

2236 5295 2361 5350 Hoc
2413 5294 2607 5349 littera
2662 5298 2851 5349 sonat.
2904 5292 3191 5349 Subtilior
3236 5295 3448 5348 autem
3512 5293 3944 5372 interpretatio

2240 5382 2534 5457 exprimit,
2566 5399 2633 5438 eo
2683 5383 2838 5454 quod
2890 5380 3175 5438 diluvium
3224 5381 3449 5437 animus
3505 5386 3673 5442 vitio
3729 5382 3945 5441 mentis

2314 5534 2427 5605 (41)
2460 5533 2676 5589 Omnes
2703 5531 2868 5601 edit.,
2901 5531 3142 5605 Spiritus
3192 5533 3366 5605 igitur
3434 5536 3688 5594 virtute.
3727 5535 3946 5597 Omnes

2245 5620 2434 5661 mss...
2466 5605 2646 5661 divini
2673 5605 2892 5660 virtute.
