4166 6154
579 312 694 378 411

2097 314 2164 383 s.
2208 317 2587 404 amsaosu

3824 333 3923 398 ιιι

561 448 948 524 intelligimus
991 451 1174 510 Deum
1205 468 1332 511 esse
1378 455 1744 525 cperatorem
1791 450 1996 510 mundi
2045 458 2218 528 atque
2247 451 2303 520 Α
2328 453 2541 514 virtute
2586 452 3086 515 communionem.
3111 451 3314 515 Virtus
3345 458 3534 515 autem
3580 456 3716 518 redit
3753 477 3927 526 amans

559 544 868 607 rectorem,
902 557 1008 598 nec
1047 542 1173 598 sine
1215 543 1451 598 auctore
1483 543 1598 599 Deo
1629 547 2049 616 tantorumque
2080 561 2215 616 ope-

559 631 1043 694 rumconditore
1099 631 1218 686 haec
1279 632 1540 702 potuisse
1589 632 1712 688 fieri
1767 631 2082 701 credimus,
2116 639 2217 689 aut

557 732 732 790 posse
765 721 1100 776 consistere.

625 809 714 864 62.
753 809 854 865 Per
884 810 1033 864 hanc
1079 808 1259 882 igitur
1303 809 1616 867 fenestram
1668 827 1906 867 corvum
1956 812 2213 884 primum

558 898 714 954 2&4
761 899 964 968 justus
1020 898 1234 954 emisit.
1270 901 1590 966 Quaerenda
1637 916 1832 967 causa,
1867 917 1972 956 nec
2019 905 2211 956 tamen

554 987 694 1042 latet
720 990 1007 1057 quantum
1041 988 1112 1042 ad
1157 986 1413 1043 litteram
1461 988 1748 1061 pertinet;
1781 990 1920 1061 quia
1950 989 2214 1062 plerique

554 1076 724 1146 quasi
764 1075 1119 1131 annuntium
1154 1077 1487 1132 futurorum
1539 1095 1777 1133 corvum
1810 1078 2121 1144 aestimant,
2156 1083 2214 1134 et

549 1180 718 1220 voces
747 1165 877 1234 ejus
907 1165 1239 1232 observant,
1265 1166 1610 1238 volatusque
1645 1167 1954 1223 rimantur.
1990 1168 2209 1223 Sensus

549 1258 746 1308 autem
779 1252 950 1308 altior
979 1253 1276 1325 signiﬁcat
1305 1255 1461 1326 quod
1495 1256 1821 1326 mensjusti
1840 1256 1952 1328 (50)
1973 1257 2208 1328 quando

550 1343 836 1396 mundare
893 1359 956 1397 se
999 1343 1225 1414 incipit,
1260 1360 1388 1414 quae
1447 1345 1757 1400 tenebrosa
1806 1351 1963 1410 sunt,
1995 1350 2052 1399 et
2099 1346 2207 1400 im-

552 1431 791 1497 munda,
822 1435 879 1486 et
907 1432 1216 1486 temeraria
1246 1432 1434 1503 primo
1466 1449 1500 1488 a
1531 1449 1593 1488 se
1623 1433 1869 1505 repellit.
1905 1433 2206 1505 Siquidem

547 1520 742 1576 omnis
793 1520 1177 1591 impudentia,
1211 1524 1386 1592 atque
1433 1520 1606 1594 culpa
1651 1522 1960 1578 tenebrosa
2006 1525 2116 1587 est,
2149 1527 2208 1578 et

549 1609 798 1664 mortuis
830 1607 1110 1680 pascitur,
1147 1609 1302 1665 sicut
1349 1626 1557 1666 corvus
1592 1627 1605 1664 :
1639 1610 1846 1666 lumini
1897 1615 2093 1666 autem
2123 1611 2205 1664 vi-

544 1698 677 1754 cina
706 1699 891 1753 virtus
923 1714 1051 1768 quae
1084 1697 1298 1754 mentis
1342 1697 1593 1770 puritate
1624 1703 1680 1755 et
1709 1698 2085 1771 simplicitate
2117 1715 2204 1755 re-

544 1785 831 1860 Splendet.
879 1787 948 1841 Et
991 1786 1118 1842 ideo
1177 1791 1463 1858 tanquam
1520 1787 1810 1843 emittitur
1857 1793 1915 1844 et
1964 1788 2209 1860 fugatur

544 1876 736 1948 culpa,
771 1880 827 1931 et
874 1880 1182 1946 separatur
1211 1876 1284 1931 ab
1322 1876 1677 1943 innocentia,
1710 1881 1775 1932 ut
1825 1876 1971 1932 nihil
2023 1893 2214 1932 rema-

544 1969 681 2021 neat
739 1965 796 2019 in
854 1963 962 2019 viri
1012 1963 1161 2034 justi
1220 1968 1419 2020 mente
1489 1966 1890 2021 tenebrosum.
1952 1965 2214 2036 Denique

542 2069 820 2126 egressus
851 2068 1058 2108 corvus
1114 2070 1229 2108 non
1279 2053 1601 2114 revertitur
1651 2055 1722 2109 ad
1773 2055 2040 2125 justum;
2073 2054 2213 2125 quia

537 2142 797 2215 fugitans
857 2142 1050 2198 omnis
1080 2141 1253 2214 culpa
1304 2147 1393 2198 est
1437 2141 1750 2214 aequitatis,
1785 2159 1890 2199 nec
1936 2129 2211 2215 probitati

549 2233 781 2289 videtur
824 2237 881 2288 et
919 2231 1164 2302 justitiae
1208 2231 1532 2286 convenire.
1569 2231 1824 2303 Denique
1863 2230 2118 2286 evasisse
2147 2241 2210 2284 se

537 2323 722 2379 credit
745 2321 1005 2393 injustus
1035 2325 1316 2392 tanquam
1357 2320 1426 2375 de
1449 2319 1718 2385 vinculis,
1743 2337 1876 2375 cum
1902 2320 2104 2391 justus
2134 2319 2206 2374 ab

537 2413 668 2483 ejus
699 2428 761 2467 se
801 2409 1096 2466 consortio
1147 2409 1522 2478 separaverit,
1555 2407 1758 2464 diluvii
1809 2408 2118 2479 cujusdam
2149 2422 2210 2472 et,

537 2498 880 2573 corruptelas
913 2497 1244 2563 familiaris,
1269 2502 1333 2552 ut
1355 2514 1563 2553 corvus
1589 2498 1689 2570 qui
1715 2514 1850 2553 cum
1881 2497 2203 2552 siccitatem

537 2595 703 2647 terrae
761 2604 1057 2660 nusquam
1111 2586 1420 2653 inveniret,
1466 2603 1583 2642 non
1633 2603 1900 2642 reversus
1943 2590 2054 2652 est,
2100 2586 2201 2642 sed

538 2678 826 2736 remansit
855 2677 992 2747 (51).

605 2770 697 2824 63.
730 2766 1236 2824 Considerandum
1268 2765 1444 2820 etiam
1480 2780 1663 2835 quare
1705 2781 1821 2820 non
1867 2780 2199 2837 regressum

537 2857 748 2912 dixerit
801 2871 1061 2921 corvum,
1115 2853 1282 2909 donec
1335 2855 1565 2909 siccaret
1617 2869 1760 2926 aqua
1819 2869 1854 2908 a
1908 2856 2058 2908 terra
2083 2854 2198 2925 (52)

530 2945 681 3016 (Gen.
714 2961 835 3006 VIII,
864 2943 944 3011 7),
973 2940 1144 3013 quasi
1173 2956 1308 2996 vero
1342 2945 1544 3012 postea
1599 2942 1678 2996 sit
1726 2957 2050 3014 regressus.
2083 2942 2192 2999 Sed

529 3033 652 3089 haec
684 3031 898 3087 locutio
929 3028 1236 3086 familiaris
1267 3033 1357 3085 est
1392 3029 1710 3100 Scripturaa
1741 3029 1968 3084 divinae.
2000 3030 2193 3101 Siqui-

535 3123 670 3178 dem
700 3126 758 3176 et
786 3121 843 3175 in
875 3118 1188 3192 Evangelio
1220 3118 1401 3174 habes
1432 3118 1716 3189 scriptum
1744 3119 1814 3174 de
1845 3123 2047 3174 sancta
2077 3119 2194 3175 Ma~

2315 544 2618 616 justorum
2630 545 3012 615 consortia,et
3027 545 3338 620 largiendis
3356 547 3685 607 familiarior
3701 551 3928 625 utilitati,

2325 650 2453 707 qua:
2500 636 2763 692 conferat
2815 635 3114 706 salutaria,
3141 640 3198 692 et
3228 637 3483 692 cavenda
3535 655 3600 694 ea
3651 656 3769 711 qua:
3813 651 3930 701 sunt

2325 723 2612 789 nocitura,
2633 729 3001 782 commoneat
3031 742 3045 781 :
3081 725 3234 782 sicut
3277 725 3547 782 columba
3572 726 3800 786 dimissa
3821 748 3933 788 cum

2323 812 2547 868 videret
2574 829 2839 870 cessasse
2871 830 3110 886 aquam,
3143 829 3409 887 regressa
3436 820 3523 871 est
3550 819 3811 893 tanquam
3837 819 3934 890 ple-

2324 917 2399 956 na
2422 901 2702 972 justitias;
2747 905 2812 957 ut
2839 902 2893 958 ei
2937 919 2972 958 a
2999 917 3116 974 quo
3174 901 3359 958 missa
3413 903 3616 970 fuerat,
3674 906 3936 963 nuntiaret

2322 989 2466 1062 quid
2497 990 2692 1046 adhuc
2721 1007 2922 1046 cavere
2953 991 3210 1057 deberet,
3233 994 3407 1063 atque
3434 993 3806 1063 exspectando
3835 994 3934 1050 fru-

2321 1082 2418 1134 ctu
2453 1079 2692 1136 meliore
2724 1085 2928 1152 postea
2956 1079 3257 1152 potiretur.
3282 1080 3444 1145 Quod
3477 1080 3623 1137 255
3655 1085 3836 1136 autem
3865 1099 3937 1138 co.

2319 1165 2522 1224 lumba
2549 1185 2664 1223 non
2694 1167 3001 1224 inveniens
3041 1167 3303 1240 requiem
3347 1185 3515 1224 suam
3548 1169 3856 1242 regreditur
3879 1172 3936 1226 ad

2317 1272 2475 1323 eum,
2520 1257 2898 1313 manifestum
2949 1255 3233 1312 indicium
3284 1256 3446 1312 dedit
3489 1273 3590 1328 per
3634 1256 3938 1330 hujusmodi

2317 1360 2452 1400 aves
2482 1349 2772 1416 quantum
2818 1345 3053 1401 intersit
3081 1344 3234 1400 inter
3273 1344 3560 1400 malitiam
3592 1349 3649 1401 et
3675 1345 3936 1413 virtutem,

2316 1432 2583 1503 exprimi.
2647 1433 2952 1506 Siquidem
3013 1449 3220 1489 corvus
3277 1437 3412 1488 ante
3471 1433 3770 1499 dimissus,
3825 1451 3936 1490 cum

2315 1520 2632 1592 aliquando
2675 1522 2971 1578 videretur
3016 1520 3274 1594 amplius
3323 1522 3620 1578 exundare
3665 1520 3940 1591 diluvium,

2315 1610 2478 1667 visus
2506 1615 2597 1668 est
2625 1609 2818 1667 locum
2867 1610 3161 1666 invenisse
3208 1610 3525 1667 residcndi.
3559 1611 3629 1666 Et
3673 1613 3816 1666 certe
3843 1627 3939 1666 non

2315 1703 2405 1755 est
2450 1699 2794 1772 hujusmodi
2823 1716 3032 1756 corvus
3063 1703 3129 1755 ut
3158 1697 3282 1755 alia:
3331 1715 3467 1755 aves
3517 1715 3646 1770 quae
3693 1698 3751 1754 in
3797 1698 3943 1771 aquis

2325 1788 2826 1846 conversationem
2857 1788 3070 1846 habere
3100 1791 3478 1844 consuerunt.
3507 1787 3652 1844 Cum
3684 1803 3811 1861 ergo
3837 1803 3941 1843 θοι-ο

2325 1895 2433 1933 vus
2490 1877 2590 1934 ubi
2651 1882 2980 1935 remaneret
3036 1877 3329 1933 invenisse
3387 1877 3676 1943 videatur,
3702 1875 3946 1933 columba

2322 1971 2520 2022 autem
2552 1983 2667 2022 non
2699 1965 3004 2034 invenerit,
3033 1965 3270 2022 evidens
3291 1965 3441 2021 ratio
3463 1968 3556 2021 est
3574 1965 3771 2021 altiore
3800 1964 3948 2019 inter~

2323 2055 2644 2126 pretatione
2691 2055 2935 2129 signari,
2967 2054 3108 2127 quia
3139 2053 3366 2110 malitia
3413 2053 3701 2127 inquietis
3748 2051 3945 2126 passio-

2321 2142 2498 2199 nibus
2527 2148 2585 2200 et
2613 2143 3030 2216 cupiditatibus
3072 2143 3289 2215 quibus
3327 2142 3732 2214 corrumpitur
3756 2140 3946 2209 anima,

2319 2247 2382 2286 se
2415 2230 2657 2288 miscere
2694 2233 3016 2300 consuevit,
3049 2236 3107 2288 et
3156 2231 3326 2303 quasi
3357 2230 3628 2304 cognatis
3673 2234 3730 2287 et
3772 2231 3947 2287 dome-

2318 2318 2482 2375 sticis
2521 2319 2862 2386 delectatur,
2895 2319 3094 2393 ibique
3131 2321 3660 2377 commorationem
3691 2335 3850 2377 suam
3871 2317 3949 2373 lo-

2318 2411 2410 2464 cat
2443 2425 2456 2464 :
2489 2408 2675 2465 virtus
2721 2414 2918 2466 autem
2976 2408 3168 2482 prima
3225 2410 3425 2466 statim
3489 2408 3682 2482 specie
3733 2406 3948 2464 visionis

2315 2497 2538 2554 offensa
2584 2498 2811 2570 regredi
2858 2498 3154 2554 festinavit
3180 2499 3254 2554 ad
3285 2502 3553 2554 mentem
3603 2497 3951 2566 animamque

2314 2586 2477 2657 iusti,
2510 2587 2665 2659 quod
2707 2586 2825 2643 illic
2873 2587 3261 2643 diversorium
3310 2587 3431 2643 sibi
3481 2586 3844 2644 tutissimum
3888 2583 3952 2640 sit

2311 2674 2598 2744 locatum;
2632 2692 2700 2732 eo
2730 2675 2885 2748 quod
2915 2673 3058 2732 alibi
3099 2680 3380 2748 tanquam
3419 2675 3723 2744 columba,
3754 2675 3832 2731 ita
3854 2673 3954 2730 hu-

2302 2763 2567 2834 jusmodi
2598 2764 2784 2821 virtus
2812 2763 3125 2824 stationem
3154 2764 3528 2821 tutissimam
3570 2763 3828 2820 invenire
3854 2778 3953 2818 non

2308 2853 2516 2924 possit.
2547 2854 2733 2910 Tarde
2774 2853 2931 2910 enim
2980 2853 3133 2910 inter
3161 2854 3416 2910 astutias
3450 2854 3635 2912 istius
3665 2851 3883 2919 mundi,
3911 2854 3958 2908 et

2307 2941 2677 2998 saecularium
2726 2942 2940 2998 fluctus
2969 2942 3383 3014 cupiditatum,
3426 2947 3673 3015 portum
3712 2941 3854 3000 solet
3877 2939 3953 2994 in-

2302 3030 2500 3086 venire
2530 3030 2894 3103 simplicitas.

2371 3120 2460 3174 65.
2495 3118 2696 3191 Itaque
2726 3119 2882 3175 sicut
2921 3118 3156 3191 justitia
3176 3119 3288 3190 (53)
3308 3118 3481 3176 velut
3513 3119 3748 3178 visendi
3789 3115 3958 3190 gratia

528 3211 637 3276 ria,
670 3211 828 3283 quod
861 3226 976 3264 non
1022 3206 1355 3280 cognoverit
1392 3223 1520 3262 eam
1551 3207 1767 3279 Joseph
1798 3207 1981 3263 donec
2013 3223 2186 3280 pepe-
2216 3194 2260 3260 C
2299 3222 2610 3280 progressa
2635 3207 2954 3281 paulisper,
2981 3209 3054 3264 ad
3081 3212 3338 3265 mentem
3363 3209 3671 3281 optimam
3697 3207 3877 3266 redire
3895 3205 3958 3261 fe-

525 3301 603 3356 rit
634 3299 824 3354 lilium
859 3298 1068 3364 (Matth.
1103 3313 1142 3364 ι,
1175 3296 1290 3367 25),
1323 3312 1457 3351 cum
1488 3297 1695 3368 utique
1726 3311 1831 3352 nec
1864 3301 2066 3369 postea
2096 3313 2194 3351 co-

524 3388 815 3461 gnoverit.
847 3385 1064 3442 Deinde
1095 3402 1227 3457 quea
1274 3388 1364 3440 est
1412 3383 1628 3440 locutio
1675 3384 1809 3450 ista,
1843 3391 1909 3440 ut
1952 3385 2189 3469 diceret,

523 3478 691 3533 donec
718 3479 945 3531 siccaret
984 3491 1130 3546 aqua
1158 3491 1193 3528 a
1221 3476 1391 3540 terra,
1426 3489 1541 3528 non
1573 3478 1729 3529 terra
1777 3473 1849 3529 ab
1901 3473 2098 3545 aqua?
2123 3474 2192 3529 Et

523 3565 762 3637 quidem
787 3581 932 3620 usus
955 3563 1228 3634 loquendi
1261 3562 1435 3618 etiam
1464 3561 1572 3618 hoc
1596 3562 1813 3618 habere
1833 3563 2139 3619 consuevit
2172 3591 2185 3629 ;

521 3657 720 3709 tamen
753 3651 1022 3708 nonnulli
1056 3655 1190 3707 ante
1247 3668 1354 3706 nos
1410 3650 1866 3718 aestimaverunt,
1903 3667 1969 3707 eo
2025 3651 2181 3724 quod

521 3741 913 3798 immoderata
956 3741 1224 3812 quaedam
1255 3740 1524 3794 videatur
1552 3738 1640 3794 vis
1678 3739 1924 3810 exprimi
1960 3740 2184 3812 passio-

521 3848 666 3886 num
698 3847 764 3886 ac
815 3830 1166 3885 locutionem
1198 3830 1538 3896 verborum;
1571 3827 1712 3898 quia
1761 3827 2016 3884 turbidis
2045 3845 2183 3900 pas-

521 3919 790 3976 sionibus
821 3935 886 3974 ac
917 3917 1260 3990 procellosis
1299 3920 1748 3972 consummatur
1788 3916 2005 3982 anima,
2038 3917 2182 3972 deﬁ-

517 4009 812 4065 cientibus
843 4012 1038 4063 autem
1070 4011 1128 4061 et
1154 3994 1312 4060 velut
1340 4005 1744 4060 arescentibus
1779 4005 2056 4060 virtutem
2089 4023 2177 4061 re-

522 4101 740 4154 sumat.
775 4097 898 4151 Non
929 4095 1080 4150 redit
1116 4095 1297 4166 igitur
1338 4093 1522 4165 culpae
1571 4093 1796 4166 species
1825 4091 1883 4148 in
1915 4093 2176 4150 animum

510 4186 684 4258 justi,
719 4185 888 4259 quasi
941 4184 1157 4240 siccam
1205 4187 1262 4238 et
1309 4187 1600 4238 mortuam
1650 4180 2087 4254 derelinquens,
2120 4189 2178 4239 et

521 4274 615 4330 cui
637 4276 764 4347 jam
799 4289 1004 4329 nocere
1035 4289 1150 4327 non
1182 4271 1389 4344 possit.

1115 4360 1346 4416 CAPUT
1381 4358 1577 4414 XVIII.

516 4435 581 4492 Ut
605 4450 798 4503 corpus
832 4435 1128 4499 malitiam,
1160 4434 1238 4487 sic
1280 4433 1539 4503 virtutem
1581 4429 1834 4487 columba
1877 4432 2159 4503 exprimit.

583 4504 661 4558 Ad
690 4502 832 4558 hanc
863 4503 1234 4575 recipiendam
1260 4519 1471 4575 semper
1494 4573 1500 4575 _
1509 4502 1723 4572 justam
1763 4518 1877 4558 esse
1899 4502 2164 4575 paratum

581 4575 810 4630 ostendit
838 4561 985 4637 Νοεί
1024 4574 1271 4645 idemque
1299 4561 1607 4629 columbam
1640 4577 1843 4645 septem
1884 4561 2017 4630 aliis
2044 4574 2163 4630 ἀίε-
2194 4561 2244 4626 D

581 4649 682 4772 (eius
711 4647 950 4703 retinens
995 4644 1322 4716 patientiam
1351 4646 1411 4699 in
1440 4644 1758 4715 corrigendo
1796 4647 2162 4701 necessariam

617 4727 750 4772 acet.

617 4727 750 4774 οσθι.

578 4808 669 4862 δί.
703 4807 819 4862 Nec
849 4803 994 4860 illud
1026 4820 1296 4873 vacuum,
1319 4804 1474 4875 quod
1524 4808 1726 4875 postea
1773 4803 2044 4860 columba
2074 4805 2160 4860 di-

510 4895 780 4952 mittitur.
831 4894 1111 4950 Malitiam
1159 4893 1375 4949 etenim
1415 4890 1786 4963 simplicitas,
1828 4897 1885 4948 et
1926 4893 2160 4967 culpam

505 4985 691 5041 virtus
713 4984 966 5041 resolvit.
992 4981 1212 5039 Malitia
1234 4983 1412 5054 igitur
1430 4985 1590 5037 amat
1614 4979 1924 5047 diluvium,
1943 4987 2000 5038 et
2021 4999 2158 5038 con-

506 5075 752 5130 sortium
808 5073 980 5143 justae
1030 5071 1242 5126 mentis
1292 5069 1525 5141 refugit,
1554 5073 1610 5126 et
1656 5069 1825 5141 quasi
1873 5069 2159 5136 desolata,

508 5165 567 5216 et
597 5161 724 5217 sine
749 5160 949 5232 aliqua
968 5159 1220 5216 statione
1245 5162 1504 5215 remanet
1533 5157 1754 5212 nullam
1778 5157 2000 5214 habens
2022 5175 2158 5214 cum

577 5285 687 5364 (50)
897 5301 1121 5364 omnes,
1154 5302 1220 5339 ac
1251 5300 1392 5340 mss.
1417 5283 1555 5348 duo,
1579 5282 1719 5354 quod
1747 5284 1926 5338 omnis
1947 5283 2153 5355 justus.

506 5353 636 5420 Alii,
671 5361 735 5408 ut.
768 5356 826 5410 in
861 5361 1039 5410 textu.

575 5427 688 5495 (51)
723 5427 854 5479 Post
896 5442 1094 5481 vocem
1144 5427 1427 5489 remansit,
1461 5425 1696 5480 additur
1723 5425 1782 5479 in
1821 5425 1984 5480 Rom.
2016 5425 2154 5482 edit.

501 5495 670 5551 donec
697 5499 1000 5553 siccaretar
1029 5514 1200 5568 aqua;
1233 5499 1332 5554 scd
1366 5496 1530 5552 nulla
1564 5497 1678 5552 alia
1717 5495 1858 5552 edit.
1893 5496 1979 5552 vel
2009 5513 2154 5553 mss.

504 5568 884 5638 suffragante.

564 5637 881 5715 (52)"Edit.
935 5637 1124 5705 Rom.,
1173 5640 1340 5698 donec
1385 5641 1681 5698 siccaretur
1728 5654 1876 5711 aqua
1929 5657 1963 5697 α
1992 5640 2158 5714 {facie

2301 3295 2504 3363 stinat,
2529 3312 2633 3352 nec
2652 3295 2888 3369 longius
2907 3297 3155 3354 discedit
3174 3314 3208 3354 a
3234 3298 3402 3368 justo
3430 3314 3444 3352 :
3474 3299 3562 3355 ita
3579 3298 3762 3354 etiam
3775 3298 3958 3369 justus

2299 3387 2358 3439 et
2387 3386 2685 3442 studiosus
2724 3385 2976 3454 virtutis,
3011 3385 3111 3441 ubi
3160 3385 3442 3442 virtutem
3498 3386 3959 3460 appropinquare

2299 3475 2650 3544 cognoverit,
2697 3474 2986 3548 gremium
3040 3491 3159 3530 sum
3207 3474 3434 3531 mentis
3485 3475 3796 3548 expandit.
3827 3471 3956 3537 Quid

2297 3562 2456 3619 enim
2505 3563 2616 3620 sibi
2673 3563 2797 3620 vult
2850 3563 3006 3635 quod
3066 3562 3172 3631 vir,
3207 3563 3529 3622 studiosus
3563 3563 3801 3620 virtutis
3852 3561 3958 3618 Noe

2296 3653 2613 3708 extendens
2656 3668 2898 3708 manum
2950 3652 3208 3724 suscepit
3236 3668 3393 3716 eam.
3430 3659 3493 3709 et
3542 3651 3873 3709 introduxit
3897 3649 3959 3705 ad

2294 3740 2401 3796 se?
2429 3741 2592 3806 Quod
2624 3741 2734 3797 etsi
2779 3741 3107 3798 secundum
3137 3739 3396 3797 litteram
3433 3741 3694 3814 planum
3727 3741 3958 3802 videtur,

2293 3846 2410 3885 non
2461 3833 2658 3886 tamen
2715 3829 2883 3886 facile
2912 3829 3156 3903 colligas
3213 3829 3327 3885 nisi
3358 3831 3482 3887 viri
3517 3830 3814 3905 sapientis
3867 3825 3964 3882 tibi

2291 3922 2430 3973 nota
2456 3919 2534 3974 sit
2561 3917 2944 3985 consuetudo,
2979 3917 3080 3990 qui
3127 3916 3283 3974 velut
3321 3919 3740 3990 speculatrice
3767 3917 3962 3974 virtute

2288 4006 2492 4075 utitur,
2524 4011 2582 4062 et
2609 4007 2662 4062 ei
2705 4006 3194 4079 explorandorum
3243 4008 3644 4079 negotiorum
3695 4004 3965 4082 gerendo-

2286 4111 2537 4166 rumque
2576 4095 3016 4168 praerogativam
3057 4095 3378 4167 quamdam
3417 4096 3676 4154 videtur
3706 4093 3962 4152 commit-

2285 4186 2428 4239 tere.
2460 4184 2542 4240 Ea
2597 4201 2736 4258 ergo
2765 4183 2952 4240 virtus
2995 4183 3272 4256 expendit
3301 4189 3596 4255 naturas,
3631 4191 3704 4244 ut
3758 4183 3809 4242 si
3863 4196 3969 4255 qua

2281 4287 2486 4328 earum
2512 4272 2625 4329 sibi
2645 4273 2877 4329 videtur
2900 4272 3269 4330 committere
3299 4274 3686 4345 profectum,
3711 4275 3766 4331 ei
3794 4270 3968 4347 possit

2281 4361 2620 4434 adjungere.
2652 4361 2996 4418 Communis
3040 4361 3198 4418 enim
3247 4364 3544 4433 quaedam
3599 4369 3698 4422 est
3743 4360 3968 4421 bonitas

2277 4449 2576 4522 sapientiae
2606 4455 2663 4506 et
2691 4448 2953 4507 liberalis
2977 4453 3035 4505 et
3063 4449 3227 4522 larga
3248 4447 3586 4523 utilitatis;
3618 4453 3708 4509 ita
3739 4456 3806 4509 ut
3833 4463 3966 4522 quas

2275 4539 2599 4611 morigerae
2630 4538 2742 4595 sibi
2784 4538 2991 4606 cernit,
3030 4538 3283 4594 associet
3314 4554 3327 4592 :
3368 4540 3485 4596 ubi
3521 4547 3740 4600 autem
3770 4553 3966 4615 propo-

2274 4627 2385 4684 sito
2425 4645 2534 4684 suo
2581 4627 2794 4684 viderit
2839 4627 3173 4700 aliquorum
3221 4627 3625 4688 recalcitrare
3680 4636 3968 4691 naturam,

2271 4715 2432 4773 velut
2461 4717 2534 4772 ad
2569 4715 2890 4788 hospitium
2939 4715 3229 4773 familiare
3258 4715 3373 4772 sibi
3413 4719 3662 4776 revolat
3691 4723 3755 4778 et
3784 4732 3968 4775 recur-

2272 4805 2368 4873 rit,
2387 4822 2566 4878 quam
2590 4805 2825 4878 sapiens
2846 4810 2905 4861 et
2926 4805 3258 4861 industrius
3281 4809 3604 4879 tanquam
3628 4826 3821 4865 manu
3843 4821 3974 4878 qua-

2270 4894 2408 4950 dam
2440 4894 2652 4950 mentis
2701 4893 2938 4950 festinat
2983 4892 3265 4966 excipere,
3288 4910 3483 4952 omne
3541 4913 3654 4954 cor
3708 4895 3972 4971 aperiens

2271 4996 2448 5037 suum
2481 4997 2597 5053 quo
2627 4980 2802 5037 etiam
2833 4997 2963 5037 eam
2995 4980 3298 5038 absentem
3326 4985 3624 5042 tenebat.
3651 4986 3973 5058 Nunquam

2268 5070 2426 5125 enim
2459 5072 2651 5142 potest
2678 5069 2914 5142 sapiens
2943 5085 3146 5126 exsors
3175 5085 3305 5126 esse
3334 5073 3623 5146 propria
3658 5072 3923 5130 virtutis.

2337 5160 2428 5214 66.
2461 5158 2609 5224 Quid
2641 5162 2920 5230 presteres
2948 5157 3061 5214 sibi
3108 5156 3244 5214 velit
3273 5160 3447 5230 quod
3505 5163 3720 5220 tenuit
3752 5165 3972 5235 septem

2267 5287 2456 5352 terrae,
2490 5287 2555 5340 ut
2582 5281 2759 5340 etiam
2792 5281 2965 5340 infra.
2997 5281 3137 5339 Alias
3177 5299 3310 5340 vero
3358 5285 3524 5341 edit.
3565 5293 3631 5343 et
3663 5303 3819 5344 mss.
3853 5299 3973 5341 ma-

2309 5372 2383 5412 no
2414 5355 2924 5426 consensu,d4mec
2968 5356 3202 5412 siccaret
3227 5371 3380 5426 aqua
3415 5373 3458 5413 a
3503 5363 3696 5416 terra.
3736 5358 3847 5416 Ubi
3880 5373 3976 5413 su-

2309 5372 2383 5412 no
2414 5371 2724 5419 consensu,
2754 5371 2924 5411 mmo
2968 5371 3202 5412 uocaret
3227 5371 3380 5426 aqua
3415 5373 3458 5413 α
3503 5371 3696 5416 terra.

2267 5371 2546 5483 gauditur
2572 5443 2646 5494 se,
2674 5425 2870 5498 ellipsi
2903 5425 3177 5498 familiari
3206 5425 3366 5498 apud
3406 5427 3706 5487 Latinos.

2339 5499 2450 5570 (53)
2483 5499 2622 5572 Mss.
2655 5496 2826 5555 Corb.
2848 5501 2906 5554 et
2934 5496 3137 5571 Long.,
3165 5496 3308 5554 sicut
3330 5499 3564 5558 virtus.
3601 5498 3805 5572 Colb.,
3838 5499 3977 5557 sicut

2257 5569 2463 5644 justus.
2502 5569 2672 5630 Male.
