4166 6154
304 379 414 443 413

1534 380 1764 447 LIBER
1804 382 1905 447 DE
1946 381 2103 447 NOE
2146 381 2245 445 ET
2288 380 2514 445 ARCA.

3598 367 3717 436 4H

303 514 506 574 diebus
537 512 672 572 aliis
705 512 1072 582 columbam,
1092 516 1150 569 et
1180 511 1402 571 iterum
1434 516 1628 572 emisit
1657 533 1782 574 eam
1811 536 1824 587 ;
1850 517 1962 573 nisi
1994 523 2046 590 Α
2076 514 2367 589 etl‘ulgeat,
2396 515 2646 573 maxime
2672 531 2805 574 cum
2839 514 3079 590 paciﬁca
3104 513 3404 589 loquitur;
3437 504 3718 584 quoniam

305 609 364 663 ut
390 606 667 662 advertas
714 604 873 677 quod
927 603 1153 658 bonum
1201 603 1510 676 sapientis,
1562 607 1963 678 optimumque
2071 604 2230 660 hunc
2263 620 2496 676 quoque
2544 604 2838 661 ramulum
2890 621 3091 678 pacem
3141 608 3406 678 petentes
3452 596 3721 672 praeferre

300 696 659 770 propositum
695 709 935 765 semper
964 691 1079 747 sibi
1112 691 1290 747 etiam
1317 691 1465 749 alios
1495 694 1809 768 adjungere
1842 698 1963 750 stu-

302 786 413 851 det,
457 787 724 840 errantes
781 780 1122 847 emendare,
1184 779 1476 853 corrigere
1532 780 1850 855 vagantes?
1906 781 1964 838 Si

301 891 467 948 quem
487 873 548 928 in
572 869 864 945 principio
885 868 1113 925 resilire
1143 870 1536 941 conspexerit,
1567 875 1763 926 tamen
1808 888 1967 927 com-

303 961 570 1019 mutandi
594 961 722 1031 ejus
751 963 809 1014 et
830 955 1164 1030 corrigendi
1191 973 1309 1011 non
1329 957 1597 1030 desperet
1619 959 1963 1030 profectum.

304 1051 461 1109 Sicut
491 1049 649 1105 enim
683 1048 876 1104 bonus
908 1046 1199 1112 medicus,
1234 1046 1346 1101 etsi
1381 1050 1617 1119 tempus
1666 1048 1968 1103 medicinae

303 1158 412 1199 non
445 1140 545 1206 sit,
578 1142 771 1194 tamen
806 1135 1167 1192 visitationis
1198 1133 1502 1205 speculam
1539 1139 1671 1192 ante
1712 1136 1968 1208 praemit-

301 1231 403 1295 tit;
438 1226 650 1283 deinde
691 1242 801 1280 non
861 1222 1108 1297 negligit
1142 1223 1324 1294 justze
1371 1223 1829 1297 exspectationis
1875 1240 1968 1279 ex-

303 1316 524 1382 cubias,
556 1318 613 1370 et
641 1312 943 1386 paulisper
972 1310 1356 1383 passionibus
1396 1313 1636 1379 cedens,
1673 1312 1975 1384 opperitur

304 1406 636 1463 facultatem
665 1402 961 1469 medendi,
997 1418 1130 1473 quae
1163 1417 1298 1456 cum
1330 1400 1511 1456 fuerit
1542 1399 1765 1468 oblata,
1800 1417 1973 1455 suum

306 1514 415 1554 non
449 1492 779 1550 intermittit
813 1490 1079 1546 ofﬁcium
1108 1507 1119 1545 :
1148 1489 1229 1544 ita
1259 1505 1395 1561 ergo
1427 1493 1485 1544 et
1510 1488 1757 1560 sapiens
1786 1489 1978 1544 verbis

302 1603 363 1643 ac
391 1580 925 1656 disputationibus,
951 1578 1110 1636 256
1150 1582 1433 1649 tanquam
1487 1576 1766 1632 medicus
1796 1577 1980 1633 medi-

305 1672 610 1741 camentis,
659 1668 981 1727 contrarias
1030 1682 1240 1722 curare
1292 1665 1594 1721 desiderat
1648 1665 1978 1737 passiones.

2074 698 2520 749 consueverunt.
2550 694 2708 750 Tulit
2738 694 3054 763 ramulum,
3087 710 3153 750 eo
3185 692 3342 765 quod
3375 684 3724 760 simplicitas

2075 782 2329 855 puritate
2379 798 2444 836 ac
2498 782 2831 839 sinceritate
2880 782 3106 838 semina
3154 781 3428 854 quzedarn
3481 774 3727 832 auribus

2076 870 2295 927 nostris
2327 870 2597 927 utilitatis
2626 871 2921 927 infundit:
2968 876 3024 926 et
3072 872 3236 927 bonae
3285 866 3557 925 doctrina
3605 864 3727 918 vir-

2077 960 2221 1015 tutis
2254 960 2369 1031 (55)
2404 963 2504 1014 aut
2545 962 2615 1015 ad
2666 959 3015 1015 industriam
3066 962 3364 1032 provocat,
3420 959 3478 1009 et
3523 952 3732 1009 invitat

2079 1049 2150 1103 ad
2186 1048 2490 1119 praemium
2522 1049 2687 1105 bona:
2718 1048 2829 1104 sibi
2871 1050 3169 1104 conscium
3225 1043 3581 1117 disciplinae,
3631 1046 3735 1098 aut

2079 1137 2347 1208 gerendae
2400 1136 2747 1207 poenitentiae
2802 1142 2860 1192 et
2909 1139 3215 1210 sequendae
3270 1131 3737 1191 conversationis

2082 1225 2193 1296 (56)
2223 1224 2603 1296 cupiditatem
2636 1226 2825 1297 injicit
2850 1228 3155 1298 peccatori.

2153 1316 2243 1369 68.
2274 1313 2438 1369 Unde
2467 1318 2525 1369 et
2563 1320 2838 1387 praeterea
2903 1315 3233 1387 cognoverit
3304 1314 3553 1368 sanctus
3619 1311 3740 1369 Noe

2086 1401 2226 1471 quia
2263 1400 2537 1457 defecerit
2593 1419 2745 1474 aqua
2793 1420 2825 1457 a
2865 1407 3038 1466 terra,
3096 1404 3244 1459 sicut
3310 1399 3601 1470 scriptum
3652 1406 3744 1457 est

2088 1489 2298 1558 (Ibid),
2330 1490 2821 1546 considerandum
2852 1492 3101 1546 videtur.
3128 1492 3322 1547 Primo
3353 1487 3629 1546 omnium
3661 1508 3746 1547 se-

2088 1578 2348 1633 cundum
2404 1577 2679 1648 litteram,
2739 1580 2878 1651 quia
2926 1579 3113 1651 potuit
3164 1579 3503 1651 intelligere
3542 1583 3742 1637 utrum

2092 1666 2311 1721 siccum
2341 1684 2412 1721 an
2440 1668 2752 1723 humidum
2782 1667 2984 1723 folium
3016 1674 3170 1724 esset
3199 1669 3475 1724 allatum.
3531 1668 3747 1725 Deinde

310 1765 375 1819 Et
393 1760 538 1835 quia
567 1760 625 1814 in
656 1757 928 1815 omnibus
954 1755 1217 1813 remedio
1240 1754 1422 1810 divini
1448 1753 1676 1810 favoris
1699 1755 1982 1809 utendum
2092 1754 2368 1827 quoniam
2423 1772 2537 1810 non
2578 1760 2668 1810 est
2705 1748 3047 1826 bujusrnodi
3103 1756 3399 1824 columba,
3456 1759 3523 1811 ut
3560 1759 3750 1829 possit

308 1855 435 1919 est;
482 1849 617 1904 ideo
661 1853 881 1919 septem
921 1843 1286 1917 exspectavit
1325 1843 1451 1898 dies
1502 1843 1664 1915 (Gen.
1722 1860 1841 1908 vm,
1894 1842 1982 1914 i2)
2016 1888 2062 1953 Β
2095 1842 2321 1898 fructus
2353 1842 2600 1899 latentes
2635 1845 2744 1898 sub
2771 1860 2922 1915 aqua
2942 1859 3162 1899 eruere.
3197 1846 3307 1901 Sed
3343 1848 3550 1900 utrum
3603 1844 3747 1903 illud

310 1940 529 2014 quibus
559 1936 814 1993 mundus
835 1934 1028 1991 omnis
1050 1932 1412 1989 describitur
1439 1932 1763 1987 absolutus
1785 1936 1987 2004 etOpe-
2016 1930 2062 1953 ”
2094 1930 2301 1987 folium
2333 1937 2465 1988 ante
2491 1932 2775 1987 diluvium
2810 1933 2983 1988 fuerit
3029 1939 3313 2002 exortum,
3361 1951 3439 1990 an
3488 1937 3750 2008 tempore

313 2027 490 2087 ratori
541 2025 769 2098 requies
815 2023 1151 2101 ministrata
1192 2020 1353 2090 (Gen.
1410 2037 1474 2088 II,
1519 2021 1595 2091 2),
1647 2023 1718 2074 ut
1773 2036 1841 2075 ex
1885 2019 1984 2075 illo
2095 2018 2322 2087 diluvii,
2372 2021 2771 2077 contuendum
2828 2025 2916 2078 est
2955 2021 3081 2077 tibi.
3127 2022 3185 2078 Si
3239 2027 3372 2079 ante
3432 2022 3747 2093 diluvium,

314 2120 549 2173 auctore
577 2114 837 2169 omnium
870 2115 1206 2169 sumeretur
1248 2108 1567 2181 disciplina
1618 2108 1984 2180 operationis
2092 2107 2181 2162 vir
2211 2110 2414 2179 justus
2453 2110 2694 2183 gavisus
2740 2114 2830 2165 est
2895 2110 3149 2166 fructum
3211 2113 3282 2168 de
3346 2114 3532 2169 veteri
3596 2115 3746 2173 257

314 2206 611 2262 humanas.
1583 2266 1591 2278 ι
2094 2198 2319 2253 semine
2350 2198 2609 2271 aliquem
2643 2204 3019 2267 reservatum,
3060 2206 3118 2256 et
3161 2201 3296 2257 inde
3351 2201 3594 2278 collegit
3640 2207 3750 2262 mi-

925 2315 1164 2373 CApUT
1206 2314 1347 2369 χιχ,
2095 2286 2425 2342 sericordia:
2456 2287 2689 2359 insigne
2720 2288 2947 2355 di'vinaa,
2982 2290 3131 2360 quod
3159 2291 3283 2361 jam
3314 2291 3612 2350 diluvium
3660 2311 3750 2351 re-

322 2409 591 2469 Columba
633 2422 801 2479 quare
844 2405 1060 2461 dicatur
1106 2404 1177 2458 ad
1228 2418 1510 2479 vesperam
1556 2418 1816 2479 regressa
1863 2418 1982 2479 cum

2101 2374 2394 2440 movisset,
2428 2393 2556 2448 quae
2590 2376 2846 2433 fructum
2877 2378 3319 2445 demonstraret,
3351 2382 3447 2436 cui
3488 2399 3607 2439 non
3656 2399 3752 2456 po-

390 2483 552 2537 olivae
583 2473 736 2535 ra-mo
768 2479 826 2533 in
847 2494 938 2533 ore
959 2494 978 2531 :
1015 2478 1150 2531 item
1180 2474 1323 2529 unde
1353 2489 1526 2545 aquas
1565 2473 1833 2544 defecisse
1880 2474 1987 2545 Noe

390 2551 695 2622 cognoverit
708 2567 747 2627 Δι’
770 2548 991 2627 tandem
1019 2564 1121 2602 cur
1160 2545 1352 2601 eadem
1394 2544 1652 2627 columba
1707 2552 1826 2615 post
1871 2544 1985 2600 dies

391 2627 590 2697 septem
618 2623 780 2678 tertio
801 2622 998 2676 emissa
1026 2634 1139 2674 non
1168 2632 1386 2673 reversa
1413 2622 1507 2671 sit.

394 2742 486 2797 67.
518 2742 773 2809 Regressa
797 2735 1078 2805 estigitur
1125 2732 1379 2789 columba
1424 2730 1495 2785 ad
1536 2744 1844 2803 vesperam,
1894 2731 1989 2786 ha-

329 2831 459 2887 bens
494 2829 693 2899 folium
722 2826 875 2892 olea),
909 2828 959 2879 et
996 2838 1221 2878 ramum
1268 2822 1329 2875 in
1377 2835 1468 2875 ore
1507 2836 1604 2875 suo
1653 2818 1809 2888 (Gen.
1860 2834 1985 2884 vnr,

332 2919 444 2989 11).
473 2916 600 2972 Non
630 2914 812 2971 otiose
842 2911 1037 2985 posuit
1065 2914 1122 2967 et
1153 2924 1475 2980 vesperam,
1527 2912 1584 2963 et
1634 2922 1986 2980 regressam,

332 3011 394 3064 et
422 3006 732 3062 habentem
765 3001 901 3058 oleae
926 3000 1153 3064 folium,
1186 3002 1242 3053 et
1272 2995 1566 3051 ramulum
1604 2996 1668 3051 in
1713 3012 1812 3051 ore
1860 3012 1986 3066 suo,

333 3100 402 3152 ut
448 3111 561 3150 non
617 3092 964 3165 fugitantem
1012 3089 1293 3144 virtutem
1348 3085 1647 3142 arbitreris
1693 3084 1988 3157 profectus

333 3183 541 3253 futuri,
582 3181 633 3237 si
694 3196 843 3252 quos
900 3177 1089 3251 possit
1143 3173 1482 3246 acquirere;
1540 3189 1731 3245 neque
1783 3190 1989 3229 rursus

2094 2460 2351 2519 tuissent
2381 2480 2591 2520 nocere
2622 2464 2858 2521 diluvia.
2897 2466 2953 2521 Si
2985 2465 3185 2522 diluvii
3232 2472 3497 2540 tempore
3546 2477 3750 2529 natum

2095 2555 2186 2606 est
2219 2552 2443 2620 folium,
2488 2553 2737 2609 advertit
2788 2555 2990 2628 utique
3046 2556 3248 2627 justus
3314 2573 3465 2614 nova
3524 2562 3753 2617 semina

2096 2639 2516 2698 misericordia:
2578 2643 2957 2701 lructificasse
3037 2644 3308 2713 cmlestis,
3387 2652 3453 2702 ut
3524 2650 3749 2707 radices

2097 2729 2375 2787 arborum
2409 2731 2689 2801 viverent,
2721 2738 2779 2789 et
2810 2734 2974 2805 quasi
3015 2737 3314 2807 resumpta
3363 2736 3566 2793 anima
3594 2739 3748 2796 fetus

2097 2819 2502 2888 germinarent
2530 2824 2809 2889 vetustos,
2869 2827 3045 2894 atque
3099 2822 3159 2877 in
3218 2829 3487 2882 assuetos
3545 2832 3748 2901 partus

2097 2908 2376 2977 redirent,
2409 2926 2664 2983 quorum
2694 2911 2976 2968 indicium
3008 2913 3313 2984 praemissa
3342 2913 3482 2970 folia
3499 2917 3750 2977 .dcmon-

2098 2999 2377 3053 strarent.

2169 3086 2259 3141 69.
2295 3089 2406 3144 Sed
2439 3087 2549 3142 hoc
2580 3087 2699 3144 alta
2728 3089 2922 3161 potius
2971 3088 3447 3161 interpretatione
3498 3093 3748 3169 collegit,

2099 3175 2241 3244 quia
2272 3176 2557 3233 Dominus
2578 3177 2731 3233 Deus
2763 3183 2981 3245 noster,
3007 3181 3276 3249 quamvis
3297 3182 3520 3239 acerbis
3542 3183 3751 3257 iniqui-

332 3276 619 3342 tanquam
652 3269 777 3326 sine
808 3267 1032 3323 lumine
1062 3281 1191 3322 eam
1227 3262 1407 3319 fuisse
1428 3278 1765 3336 cognoscas,
1791 3266 1846 3318 et
1862 3263 1989 3335 qui-
2020 3253 2062 3319 C
2101 3263 2243 3320 tatis
2269 3269 2480 3321 nostra:
2512 3265 2770 3323 otl'ensus
2800 3272 2954 3323 esset
2984 3268 3300 3336 erroribus,
3349 3275 3546 3327 tamen
3596 3253 3746 3329 anti-

331 3361 590 3418 busdam
640 3358 900 3414 tenebris
965 3353 1279 3420 occultam,
1322 3352 1422 3408 sed
1472 3351 1683 3407 diurno
1740 3352 1991 3407 candore

332 3450 655 3521 fulgentem
688 3450 1055 3518 exspectasse
1086 3458 1277 3514 usque
1309 3441 1378 3497 ad
1431 3455 1704 3496 occasum
1754 3439 1890 3505 diei,
1936 3445 1993 3497 et

330 3539 427 3596 sic
460 3538 531 3593 ad
557 3554 690 3592 eum
722 3549 1077 3608 regressum,
1120 3530 1276 3603 apud
1319 3545 1491 3601 quem
1538 3527 1713 3583 etiam
1765 3529 1992 3600 vesperi

328 3627 607 3683 tenebras
638 3625 850 3680 habere
875 3639 992 3678 non
1025 3623 1246 3694 posset.
1273 3617 1498 3674 Folium
1548 3633 1779 3689 quoque
1834 3619 1989 3689 quod

331 3730 544 3772 secum
573 3711 802 3779 detulit,
836 3710 946 3767 etsi
977 3710 1150 3765 breve
1172 3706 1319 3761 illud
1352 3704 1553 3762 folium
1585 3703 1865 3760 detulisse
1902 3705 1991 3759 vi-

331 3805 568 3871 deatur,
601 3818 763 3874 spem
820 3815 1024 3856 eorum
1078 3813 1228 3870 quos
1266 3795 1358 3851 sui
1408 3793 1711 3867 paeniteret
1753 3794 1989 3862 erroris,

334 3891 455 3948 etsi
488 3907 602 3945 non
638 3905 936 3962 magnam,
971 3886 1233 3958 aliquam
1268 3888 1463 3939 tamen
1496 3881 1866 3955 significavit.
1894 3883 1993 3938 Fo-

333 3980 493 4036 lium
523 3979 676 4035 enim
718 3977 843 4035 sine
894 3974 1151 4049 virgulto
1204 3989 1334 4029 esse
1381 3989 1496 4027 non
1549 3974 1792 4043 poterat.
1843 3972 1992 4044 Ergo

336 4068 516 4142 quasi
550 4065 937 4140 germinantis
966 4059 1344 4119 correctionis
1374 4061 1509 4133 (54),
1540 4059 1673 4115 licet
1703 4076 1819 4115 non
1869 4077 1992 4116 ma-

331 4173 534 4231 gnum
567 4154 823 4228 aliquod,
855 4157 1054 4209 tamen
1084 4150 1240 4207 vexit
1264 4149 1494 4219 insigne
1523 4152 1581 4205 et
1601 4147 1802 4204 folium
1833 4149 1992 4216 oleae,

331 4248 405 4302 in
438 4263 556 4319 qua
585 4246 788 4301 arbore
817 4243 968 4301 oliva
998 4246 1331 4315 generatur,
1363 4256 1431 4295 ex
1462 4256 1578 4311 qua
1617 4238 1809 4294 oleum
1860 4256 1994 4295 con-

328 4334 562 4400 ﬁcitur,
602 4350 715 4406 quo
754 4332 1054 4389 materiale
1087 4331 1197 4386 hoc
1228 4329 1426 4385 lumen
1458 4328 1702 4393 fovetur,
1736 4332 1793 4383 et
1832 4332 1992 4384 tene-

326 4426 584 4481 brarum
618 4423 853 4495 fugatur
867 4406 1371 4482 obscuritas.Quid
1391 4421 1583 4472 autem
1606 4415 1793 4488 magis
1811 4434 1988 4488 quam

324 4513 544 4569 lumen
577 4511 859 4567 familiare
886 4509 1087 4566 virtuti
1109 4506 1237 4564 est?
1269 4506 1490 4562 Folium
1522 4521 1659 4577 ergo
1698 4510 1756 4561 et
1793 4522 1989 4561 ramu-

2102 3368 2229 3423 quaz
2263 3354 2430 3409 nobis
2463 3356 2745 3427 prosapia:
2776 3356 3091 3428 patriaeque
3119 3358 3357 3417 virtutis
3401 3378 3602 3418 semen
3651 3363 3751 3420 ali-

2100 3442 2253 3512 quod
2289 3441 2376 3496 vel
2406 3441 2684 3514 exiguum
2715 3447 3051 3512 reservaret,
3083 3461 3155 3500 ne
3181 3448 3414 3518 penitus
3454 3449 3647 3521 operis
3694 3454 3751 3506 et

2099 3533 2382 3585 creaturas
2413 3546 2531 3583 suae
2558 3547 2730 3586 omne
2761 3532 2912 3586 circa
2944 3531 3270 3592 humanum
3303 3554 3490 3610 genus
3536 3556 3748 3612 ampu-

2100 3620 2324 3672 taretur
2351 3616 2601 3689 insigne.
2632 3618 2792 3674 Unde
2822 3623 2879 3675 et
2928 3619 3110 3676 Isaias
3157 3624 3270 3679 ait:
3322 3628 3443 3682 Nisi
3485 3629 3748 3683 Dominus

2099 3704 2338 3761 Sabaoth
2367 3706 2679 3777 reliquisset
2705 3708 2863 3763 nobis
2903 3724 3105 3776 semen,
3154 3713 3297 3767 sicut
3345 3714 3575 3771 Sodoma
3615 3720 3751 3788 facti

2099 3809 2357 3861 essemus,
2389 3799 2436 3850 et
2466 3797 2607 3850 sicut
2664 3795 2961 3852 Gomorrha
3009 3798 3219 3854 similes
3267 3817 3505 3858 essemus
3543 3805 3670 3875 (Isa.
3704 3823 3744 3873 ι,

2099 3883 2177 3947 9),
2212 3882 2268 3938 ἰη
2302 3882 2544 3939 alterius
2573 3884 2810 3940 nomine
2838 3884 3087 3940 civitatis
3108 3888 3438 3959 eXprimens
3469 3891 3746 3948 caecitatis

2102 3970 2411 4039 indicium,
2445 3973 2502 4027 in
2535 3972 2777 4029 alterius
2809 3973 3194 4030 sterilitatem.
3231 3976 3315 4031 Ita
3343 3977 3497 4032 enim
3544 3976 3748 4052 lingua

2102 4060 2291 4131 patria
2317 4060 2568 4117 Chaldaei
2601 4066 3016 4136 nuncuparunt
3036 4063 3350 4122 Sodomam
3396 4070 3454 4122 et
3501 4066 3744 4124 Gomor-

2102 4148 2293 4217 rham,
2326 4151 2644 4207 caecitatem
2674 4156 2732 4207 et
2762 4152 3127 4208 sterilitatem
3174 4152 3592 4227 significantes.
3626 4157 3744 4214 Me-

2101 4238 2330 4311 ritoque
2362 4240 2644 4296 Dominus
2688 4241 2748 4296 in
2800 4241 3143 4312 hujusmodi
3201 4245 3393 4315 specie
3441 4243 3744 4304 civitatum

2102 4328 2430 4401 amputavit
2459 4329 2650 4402 magis
2697 4330 2957 4387 humana
2986 4331 3145 4400 vitia,
3188 4348 3368 4404 quam
3419 4333 3744 4405 puniendos

2100 4416 2369 4474 homines
2393 4418 2673 4488 judicavit
2702 4418 2835 4488 (57).

2168 4508 2258 4561 70.
2294 4505 2483 4561 Tertio
2514 4507 2829 4562 dimittitur
2852 4507 3123 4564 columba
3151 4514 3276 4579 post
3320 4515 3541 4585 septem
3593 4514 3741 4584 dies,

322 4600 437 4656 lus
466 4601 697 4673 insigne
728 4604 816 4656 est
844 4596 1221 4655 correctionis
1248 4613 1261 4664 ;
1286 4594 1564 4651 correctio
1595 4597 1788 4649 autem
1818 4596 1985 4667 quasi
2021 4617 2066 4683 ι)
2099 4599 2274 4667 atque
2303 4595 2504 4651 eadem
2533 4611 2646 4650 non
2679 4595 3022 4668 regreditur.
3064 4597 3226 4654 Unde
3278 4601 3741 4674 consideremus,

321 4690 597 4747 radicem
642 4688 732 4744 sui
776 4686 1178 4761 pcnnitentiam
1227 4683 1422 4748 habet,
1472 4698 1602 4754 quae
1645 4682 1987 4755 pcenitentia
2024 4682 2049 4683 ”
2098 4700 2169 4738 ne
2196 4683 2252 4739 id
2286 4683 2441 4756 quod
2473 4700 2654 4756 supra
2682 4683 2938 4740 diximus
2966 4685 3297 4743 inveniatur
3334 4705 3464 4745 esse
3507 4695 3740 4746 contra-

320 4796 455 4835 non
500 4782 689 4851 potest
727 4778 787 4833 in
839 4774 1114 4841 turbidis,
1148 4773 1248 4829 sed
1290 4772 1347 4827 in
1390 4771 1462 4827 iis
1503 4770 1603 4844 qui
1662 4771 1985 4843 spiritalem

310 4869 458 4941 jam
493 4883 821 4923 sermonem
854 4862 1207 4937 acceperint,
1240 4861 1591 4933 germinare.
1628 4860 1689 4916 In
1721 4878 1818 4917 ore
1849 4879 1988 4934 quo-

316 4973 452 5030 que
484 4972 602 5011 non
633 4956 847 5011 frustra
880 4951 1147 5009 ramulus
1179 4949 1314 5006 oleae
1336 4949 1566 5005 videtur
1585 4966 1714 5005 esse
1735 4950 1982 5020 delatus,

314 5062 402 5101 eo
432 5043 595 5117 quod
626 5044 811 5099 virtus
836 5046 893 5098 et
917 5038 1207 5112 sapientia
1235 5038 1293 5093 in
1322 5052 1590 5094 sermone
1633 5038 1723 5093 sui
1774 5039 1987 5097 habeat

316 5132 773 5201 claritudinem,
815 5136 874 5188 et
910 5130 1039 5203 ipsa
1086 5130 1283 5184 statim
1345 5127 1539 5198 specie
1594 5126 1791 5184 lumen
1854 5132 1984 5201 ejus

401 5274 528 5346 (5t)
590 5274 736 5329 Edit.
793 5288 1008 5346 omnes
1072 5275 1127 5325 et
1191 5270 1316 5325 cod.
1380 5269 1536 5346 Vat,
1597 5274 1979 5342 corruptionis.

315 5341 444 5404 Sex
496 5341 643 5401 mss.
700 5344 952 5401 melioris
1000 5346 1167 5407 notae,
1214 5341 1581 5405 correctionis,
1635 5341 1768 5396 seu’
1802 5358 1983 5399 corre-

307 5428 632 5561 puggféic
654 5502 795 5542 mss.
820 5486 1009 5553 Corb.,
1043 5485 1246 5605 Longo,
1278 5482 1477 5548 Torn.,
1511 5479 1671 5536 Colb.
1715 5487 1771 5564 et
1810 5483 1978 5566 Man,

314 5577 469 5605 cum
505 5559 649 5605 adit-
684 5563 811 5605 Am-
843 5561 899 5605 et
928 5557 1054 5605 Ern-
1081 5559 1151 5605 Al.
1233 5556 1310 5605 at.
1342 5552 1470 5605 cod.
1504 5568 1638 5605 cum
1670 5555 1809 5605 edit.
1844 5555 1977 5605 Glll-

314 5552 470 5616 cuin
505 5552 649 5615 edit.
681 5563 811 5612 Arn.
843 5561 899 5612 et
926 5557 1054 5612 Era.
1080 5559 1151 5610 At
1172 5552 1310 5606 Vat.
1342 5552 1470 5607 cod.
1504 5568 1638 5607 cum
1670 5554 1809 5609 edit.
1844 5552 1977 5611 Gill.

315 5637 382 5686 et
413 5632 619 5696 Rom.,
651 5629 952 5684 doctrinam
980 5627 1222 5683 virtutis.
1276 5623 1442 5697 ΙιειῐῐιΔ
1468 5623 1641 5695 paulo
1689 5632 1820 5697 post
1882 5628 1978 5684 ubi

315 5703 474 5760 edit.
507 5706 567 5760 et
596 5694 823 5758 codices
851 5700 984 5768 duo,
1017 5698 1362 5755 commissum
1408 5694 1737 5768 disciplinae,
1785 5699 1976 5771 Corb.,

2095 4772 2270 4828 rium.
2304 4771 2363 4828 Si
2395 4772 2569 4828 verbo
2600 4772 2838 4844 quidem
2869 4773 3162 4843 columba,
3196 4792 3367 4848 opere
3397 4782 3589 4833 autem
3623 4778 3739 4832 vir-

2094 4866 2191 4917 tus
2220 4879 2331 4916 nun
2358 4861 2664 4917 revertitur
2693 4862 2763 4917 ad
2789 4863 3059 4935 justum;
3102 4881 3237 4937 ergo
3285 4864 3606 4921 destitutus
3649 4870 3740 4922 est

2091 4953 2311 5023 justus,
2344 4954 2398 5005 et
2427 4950 2806 5007 defraudatus
2855 4969 3098 5009 munere
3142 4952 3290 5009 suo?
3331 4953 3734 5027 Nequaquam.

2094 5040 2408 5112 Nunquam
2439 5038 2596 5095 enim
2625 5040 2715 5096 vir
2744 5040 3087 5112 hujusmodi
3119 5059 3151 5097 a
3181 5040 3393 5095 virtute
3440 5040 3735 5116 disjungi-

2091 5133 2208 5196 tur,
2244 5145 2347 5184 nec
2376 5144 2510 5184 cnm
2541 5145 2610 5185 ex
2638 5147 2736 5186 ore
2765 5130 2980 5186 emittit
3016 5129 3333 5201 justitiam,
3380 5128 3735 5201 disputatio-

2090 5269 2219 5326 Vat.
2254 5286 2428 5344 unus,
2463 5275 2519 5325 et
2549 5271 2752 5344 Long,
2783 5272 3056 5344 conscium
3085 5270 3413 5344 disciplian

2163 5344 2278 5414 (756)
2308 5342 2474 5397 Rom.
2507 5342 2987 5414 edit.,'sequendae
3014 5343 3400 5414 conversionis,
3423 5346 3732 5402 commodo

2092 5413 2330 5485 quidem
2363 5428 2578 5485 sensu:
2613 5414 2713 5467 sed
2746 5412 2813 5468 ea
2858 5413 3026 5469 lectio
3085 5412 3245 5469 nullo
3285 5431 3390 5470 nec
3435 5431 3579 5472 mss.
3628 5434 3735 5473 nec

2090 5484 2228 5541 edit.
2258 5484 2656 5539 conﬁrmatur.

2164 5557 2273 5682 (157)
2306 5555 2435 5609 Vat.
2466 5554 2592 5609 cod.
2629 5560 2686 5608 et
2730 5553 2891 5637 edit,
2946 5557 3232 5649 indicavit.
3282 5555 3490 5641 Corb.,.
3525 5559 3734 5642 Long...

2164 5651 2173 5682 L
2203 5670 2241 5682 ..
2272 5627 2445 5682 Torn.
2477 5629 2535 5679 et
2566 5624 2734 5682 Maz..
2770 5628 3036 5682 iudicavit
3055 5645 3075 5682 :
3102 5628 3262 5682 Lolb.
3287 5644 3422 5682 vero
3467 5629 3734 5682 indicavit

2086 5627 2241 5694 Val.,
2272 5627 2445 5683 Torn.
2477 5629 2535 5679 et
2566 5627 2734 5691 Maz.,
2780 5627 3075 5689 'udiravit.‘
3102 5628 3262 5685 Colb.
3287 5644 3422 5685 vero
3467 5627 3737 5688 indicauit

2089 5717 2164 5758 an
2196 5698 2459 5772 iudicavit
2487 5696 2722 5767 habeat,
2756 5643 2914 5758 baud
2946 5698 3225 5773 facile_sit
3245 5705 3521 5760 statuere.
