4166 6154
495 272 618 342 ‘15

1955 269 2024 334 Β.
2056 267 2448 351 .AMBROSII

3783 275 3896 362 ιω

499 430 753 486 nemque
783 411 1027 470 alterius
1054 412 1286 472 virtutis
1313 411 1559 482 inducit,
1574 409 1808 478 xvirtute
1853 428 1918 482 (se
1959 411 2141 479 exuit,
2173 405 2230 488 ᾼ
2258 404 2485 481 incipit,
2533 411 2590 466 et
2645 405 2704 466 in
2764 408 3088 480 secundum
3146 425 3410 485 mensem
3456 410 3609 474 anni
3653 407 3900 494 alterius

496 514 556 567 et
577 508 865 566 imitanda
897 508 1028 564 aliis
1048 506 1318 579 equitate
1349 504 1664 577 dispoliat:
1697 504 1800 561 sed
1833 503 1956 560 vice
1990 502 2147 560 .solis

496 599 644 656 alios
675 598 989 665 illuminat,
1013 613 1146 652 cum
1179 595 1374 650 radios
1405 611 1523 650 suae
1555 593 1703 652 lucis
1731 591 2143 665 emittit.lgnis

496 708 708 763 nempe
737 687 998 746 calefacit
1040 684 1596 757 appropinquantes,
1647 682 1730 738 ita
1772 686 1838 738 ut
1885 683 2140 738 calorem

497 785 719 838 naturae
746 795 864 836 suis
899 778 1023 848 ipse
1081 773 1397 846 possideat.
1458 772 1758 844 Numquid
1803 771 1999 837 deﬁcit
2045 771 2146 826 lux

497 870 634 936 diei,
694 868 1065 922 cum'totum
1137 862 1423 918 mundum
1484 861 1779 917 illuminat
1838 859 2146 918 claritate?

497 959 680 1014 Habet
708 953 1100 1010 innoti‘ensum
1133 968 1374 1006 cursum
1404 967 1602 1017 suum,
1622 949 2026 1021 illibatamque
2047 966 2147 1016 na-

497 1050 710 1102 turam.
746 1043 840 1099 Sic
869 1046 927 1097 et
957 1041 1070 1096 ista
1099 1041 1156 1094 in
1210 1039 1490 1095 columbas
1549 1038 1739 1110 specie
1779 1038 1965 1093 virtus
2010 1053 2142 1093 cum

493 1135 685 1191 adhuc
716 1133 962 1188 ferveret
1005 1129 1314 1196 diluvium,
1367 1128 1691 1184 secundum
1735 1143 1899 1184 avem
1945 1131 2142 1183 tamen

491 1225 549 1280 in
581 1221 772 1286 terris,
808 1220 1136 1277 secundum
1164 1218 1439 1273 virtutem
1474 1217 1532 1272 in
1565 1217 1876 1272 hominum
1916 1215 2142 1287 passio-

493 1301 666 1369 nibus
698 1309 1004 1366 revertitur
1053 1308 1123 1363 ad
1166 1309 1438 1378 justum;
1483 1306 1625 1378 quia
1689 1305 1748 1360 in
1803 1303 2139 1375 iniquorum

491 1399 824 1474 pectoribus
855 1398 1038 1452 virtus
1069 1400 1136 1452 ut
1178 1399 1374 1467 posset
1421 1393 1657 1460 haerere,
1710 1410 1826 1449 non
1875 1396 2144 1465 potuerat

490 1488 775 1548 invenire.
819 1487 886 1542 Et
923 1484 1054 1539 ideo
1085 1483 1143 1538 in
1189 1481 1289 1538 illo
1348 1482 1603 1538 secundo
1664 1479 1980 1546 diversorio
2025 1479 2139 1546 (sui

488 1576 825 1651 regrediens
853 1574 1034 1629 haeret
1061 1575 1235 1642 atque
1259 1569 1587 1642 requiescit.
1624 1573 1701 1625 At
1728 1586 1860 1625 vero
1895 1568 1995 1624 ubi
2038 1569 2138 1624 de-

486 1664 808 1728 ferbuerint
838 1661 1056 1718 diluvia
1076 1661 1440 1731 passionum,
1475 1662 1532 1714 et
1561 1658 1744 1725 auditi
1777 1657 1934 1712 verbi
1985 1673 2138 1712 com-

487 1758 784 1828 pertaeque
813 1751 1089 1807 doctrinae
1148 1747 1387 1846 plurimi
1430 1745 1786 1847 studuerint‘
1811 1761 1940 1802 esse
1988 1761 2136 1801 con-
2161 1776 2214 1847 Β

485 1846 695 1910 sortes,
720 1842 847 1912 jam
880 1856 993 1894 non
1027 1837 1204 1893 unius
1224 1835 1666 1909 patrimonium,
1689 1835 1790 1892 sed
1821 1851 2133 1892 commune

481 1933 706 1999 bonum
737 1945 868 1986 esse
895 1926 1099 1998 incipit
1130 1923 1444 1996 disciplina
1472 1923 1729 1989 virtutis,
1761 1926 1819 1979 et
1849 1927 2132 1994 tanquam

481 2018 783 2092 sapientia:
816 2015 1093 2089 poculum
1126 2013 1402 2070 hauritur
1447 2030 1482 2069 a
1534 2012 1808 2084 plurimis
1851 2011 1952 2083 qui
1997 2016 2134 2068 ante

481 2109 738 2167 scientes
765 2106 967 2162 bibere
998 2103 1334 2167 noluerunt,
1367 2102 1524 2158 sicut
1572 2118 1730 2156 nunc
1773 2101 1996 2156 fervent
2043 2100 2131 2155 di-

481 2197 642 2254 luvia
669 2196 730 2252 in
759 2193 1095 2266 pectoribus
1124 2191 1464 2248 Judzeorum
1491 2208 1504 2257 ;
1535 2193 1593 2246 et
1638 2206 1773 2246 cum
1821 2205 1979 2261 aqua
2025 2205 2134 2244 cm-

479 2286 648 2342 lestis
685 2282 961 2340 doctrinas
1024 2280 1322 2344 exundet,
1390 2283 1565 2352 potus
1629 2278 1952 2346 exuberet,
2013 2295 2132 2334 non

481 2377 692 2448 putant
718 2387 845 2429 esse
876 2370 1222 2443 potandum.
1255 2367 1628 2440 Evangelium
1662 2365 1895 2438 legitur,
1946 2367 2132 2422 virtus

481 2463 600 2520 exit
622 2463 695 2518 de
723 2476 992 2518 sermone
1021 2457 1174 2514 258
1206 2455 1448 2523 caelesti,
1487 2459 1698 2511 tractat
1724 2456 2020 2514 sacerdos
2068 2455 2130 2511 in

480 2550 757 2608 Ecclesia.
791 2548 902 2605 Sed
936 2563 1008 2603 ne
1053 2548 1201 2602 forte
1249 2545 1403 2601 intra
1447 2561 1643 2600 arcam
1689 2544 1916 2616 positus
1968 2543 2132 2600 solus

481 2657 597 2698 non
631 2637 816 2711 possit
833 2636 1047 2705 audiri,
1077 2635 1374 2690 interdum
1401 2638 1460 2690 et
1485 2649 1760 2706 egressus
1788 2633 2128 2700 Ecclesium,

477 2729 581 2786 ubi
631 2727 873 2783 Judaeus
940 2723 1242 2792 ocurrerit,
1301 2726 1521 2787 monet,
1569 2721 1902 2793 exemplum
1964 2722 2130 2778 aﬂ‘ert

479 2816 804 2873 ccelestium
836 2813 1292 2883 Scripturarum.
1325 2810 1620 2866 Claudunt
1660 2825 1852 2876 aures,
1914 2826 1986 2865 ne
2041 2809 2129 2865 vel

478 2904 690 2960 invitos
722 2903 852 2958 fons
899 2899 1120 2966 abluat,
1169 2903 1226 2954 et
1255 2898 1414 2953 verbi
1464 2896 1749 2952 Dominici
1794 2896 2007 2953 humor
2030 2914 2128 2954 as-

475 2995 702 3066 pergat.
729 2991 790 3046 Si
821 2988 922 3061 qui
953 3004 1084 3044 vero
1140 2985 1513 3050 crediderint,
1564 2989 1811 3040 currunt
1867 2987 1939 3042 ad
1998 2986 2130 3042 fon-

476 3085 620 3151 tem,
647 3078 972 3136 doctrinam
1004 3078 1301 3147 expetunt,
1347 3073 1637 3130 insinuari
1697 3074 1810 3130 sibi
1871 3075 2129 3148 Evange-

2257 513 2445 571 usque
2491 499 2910 575 progreditur?
2965 498 3089 566 Nisi
3148 500 3294 562 forte
3339 501 3436 558 hic
3458 501 3612 575 justi
3651 501 3898 560 formam

2257 586 2613 658 declaratam
2645 587 2897 663 velimus
2928 590 3220 662 accipere:
3251 593 3318 646 ut
3343 579 3574 663 primus
3614 608 3804 647 annus
3849 591 3900 663 is

2256 675 2451 742 fuerit,
2482 693 2600 750 quo
2645 677 2820 751 coepit
2864 677 3174 746 diluvium,
3219 683 3355 751 post
3411 680 3902 752 sexcentesimum

2254 764 2480 830 scilicet
2507 767 2959 840 annusvprimus
2989 768 3138 840 (59);
3170 755 3418 840 primus.
3447 769 3666 826 iterum
3701 757 3901 841 annus

2255 857 2314 928 et
2348 854 2596 926 .primus
2655 855 2876 918 mensis
2932 860 3066 928 post
3109 857 3597 914 sexcentesimum
3655 874 3901 927 annum,
3969 897 3971 900 ‹

2253 944 2488 1015 quando
2522 944 2837 1018 imminuta
2867 950 3136 1018 estaqua
3166 963 3200 1002 a
3235 945 3378 1002 facie
3407 950 3611 1003 terra:
3645 963 3712 1004 eo
3741 949 3900 1022 quod

2247 1031 2450 1103 justus
2479 1033 2552 1088 in.
2569 1038 2944 1106 peccatorum
2963 1035 3348 1109 generatione
3378 1053 3504 1107 quae
3530 1041 3767 1108 propter
3809 1037 3902 1092 de-

2252 1119 2392 1184 licta
2419 1121 2612 1180 deleta
2641 1127 2751 1190 est,
2781 1115 3002 1180 virtute.
3015 1124 3250 1196 primus
3279 1128 3419 1192 erat,
3453 1129 3512 1180 et
3541 1124 3600 1184 in
3640 1126 3902 1198 secunda

2251 1212 2650 1283 generatione,
2681 1229 2812 1286 qua:
2843 1212 3017 1285 coepit
3045 1216 3176 1286 post
3200 1211 3507 1279 diluvium,
3565 1217 3624 1270 et
3665 1214 3894 1282 ordine,

2251 1300 2391 1372 quia
2421 1301 2651 1372 primus
2681 1303 2952 1370 secundae
2975 1301 3369 1374 generationis
3399 1303 3532 1372 fuit,
3583 1306 3641 1359 et
3686 1303 3899 1360 merito

2251 1389 2479 1460 primus
2511 1395 2793 1448 evaserat.
2842 1391 3016 1447 Recte
3069 1391 3226 1446 enim
3284 1391 3336 1446 ei
3393 1390 3582 1447 honor
3633 1391 3901 1452 defertur

2249 1478 2353 1549 qui
2377 1483 2434 1534 et
2465 1479 2666 1550 primis
2682 1479 3075 1552 generationis
3098 1478 3324 1552 primus
3349 1479 3460 1534 fuit
3475 1483 3544 1535 et.
3553 1479 3901 1552 posterioris

2246 1567 2636 1640 principium;
2671 1567 2772 1642 qui
2803 1567 3083 1633 meruerit
3111 1572 3170 1625 et
3196 1568 3268 1624 de
3287 1567 3391 1624 illa
3415 1568 3767 1638 evadere,;et
3795 1569 3901 1627 isti

2247 1656 2320 1712 ad
2353 1656 2740 1714 seminarium
2773 1656 3102 1730 propagari.
3135 1657 3281 1713 Cum
3311 1656 3468 1713 enim
3499 1656 3599 1714 alii
3639 1658 3902 1731 deperis-

2248 1749 2400 1817 sent,
2431 1745 2612 1814 solus,
2663 1746 2794 1801 vitae
2849 1745 3095 1819 egregias
3153 1745 3359 1802 merito
3413 1750 3471 1802 et
3513 1745 3902 1821 praerogativa

2243 1833 2477 1891 virtutis
2496 1835 2653 1907 apud
2675 1835 2860 1894 Deum
2876 1835 3061 1906 dives,
3088 1851 3209 1891 non
3232 1839 3322 1891 est
3351 1840 3632 1908 expertus.
3655 1833 3901 1911 malitias

2242 1922 2795 1995 corruptelam,..per
2823 1939 2996 1995 quem
3032 1923 3251 1979 factum
3280 1927 3370 1980 est
3398 1939 3471 1978 ne
3526 1927 3716 1998 totum
3766 1939 3896 1994 cor-

2241 2027 2358 2084 pus
2379 2011 2614 2085 generis
2643 2011 2891 2068 humani
2921 2011 3012 2070 vel
3035 2011 3325 2070 abolitum
3356 2012 3653 2076 videretur
3681 2011 3743 2072 in
3761 2016 3894 2070 ter-

2241 2100 2324 2155 ris
2354 2099 2440 2155 vel
2472 2117 2507 2155 a
2536 2100 2638 2156 Dei
2670 2101 3000 2157 abscissum
3033 2100 3224 2174 gratia
3254 2099 3701 2172 relinqueretur.

2309 2190 2402 2244 72.
2435 2192 2508 2244 Et
2534 2189 2852 2256 denudavit,
2879 2188 3090 2264 inquit,
3139 2189 3247 2246 Noe
3292 2192 3492 2245 tectum
3537 2204 3684 2247 arcae
3733 2189 3894 2261 (Gen.

2240 2293 2366 2343 vm,
2407 2277 2516 2350 43).
2545 2277 2690 2350 Cum
2723 2293 2918 2334 arcam
2949 2278 3104 2336 sicut
3143 2294 3323 2350 supra
3376 2277 3740 2352 interpretati
3789 2295 3899 2334 su-

2243 2383 2378 2422 mus
2410 2367 2634 2439 (supra,
2665 2384 2717 2423 c.
2767 2368 2867 2439 v1),
2907 2384 3012 2440 pro
3061 2365 3251 2439 specie
3293 2366 3554 2439 corporis
3598 2368 3899 2441 acceperi-

2242 2472 2404 2522 mus,
2419 2455 2562 2527 quid
2595 2455 2673 2512 sit
2689 2455 2985 2514 denudari
2999 2471 3214 2528 corpus
3241 2453 3897 2528 intellig_amus,secun-

2240 2543 2383 2599 dum
2442 2543 2708 2600 altiorem
2767 2543 2989 2600 scilicet
3043 2560 3304 2600 sensum.
3362 2543 3649 2600 Ceterum
3707 2543 3902 2616 liquet

2235 2633 2742 2706 quemadmodum
2803 2649 2940 2691 arca
2995 2633 3249 2706 potuerit
3294 2631 3507 2706 aperiri
3563 2633 3898 2700 secundum

2241 2720 2518 2778 litteram.
2552 2721 2698 2787 Quid
2731 2721 3159 2794 igitur-tectum
3190 2720 3433 2778 humani
3493 2708 3754 2796 corporis
3815 2721 3901 2779 sit

2242 2810 2399 2881 quod
2432 2809 2700 2866 clausum
2728 2809 2787 2864 in
2821 2809 3038 2866 diluvio
3071 2809 3222 2867 259
3257 2808 3383 2874 fuit,
3434 2807 3550 2866 nisi
3594 2810 3743 2866 forte
3787 2810 3898 2866 de-

2238 2895 2612 2960 lectationem
2638 2898 3018 2972 accipiamus,
3043 2915 3168 2971 quas
3199 2897 3498 2970 operiebat
3525 2897 3636 2954 hoc
3672 2887 3898 2974 corpus

2240 2992 2531 3053 nostrum,
2564 2992 2623 3045 et
2652 2987 2821 3060 quasi
2852 2987 3086 3060 tegebat
3105 3003 3209 3060 per
3235 2986 3400 3042 illum
3422 2987 3566 3042 Adae
3593 2988 3899 3066 erronem?

2239 3077 2310 3133 Et
2336 3093 2403 3132 eo
2435 3076 2688 3132 maxime
2709 3077 2879 3132 tectis
2899 3075 3111 3132 similis
3130 3075 3489 3143 aestimatur;
3513 3075 3654 3147 quia
3673 3091 3896 3133 sensus

475 3145 625 3227 lium
691 3145 1116 3238 concupiscunt
1144 3205 1159 3230 ,
1236 3180 1340 3220 nec
1407 3162 1697 3218 satiantur
1783 3145 2128 3220 assiduitate
2158 3145 2201 3212 C
2238 3165 2434 3222 omnis
2463 3165 2523 3221 in
2553 3165 2762 3238 capite,
2797 3165 2932 3224 inde
2961 3163 3268 3222 delectatio
3299 3181 3426 3236 quas
3453 3145 3666 3237 corpus
3711 3182 3898 3228 omne

477 3258 740 3333 potandi.
773 3257 857 3312 Ita
889 3255 1048 3311 fonte
1077 3252 1374 3324 sapientiae
1405 3251 1670 3308 certatim
1704 3251 1921 3322 repleri
1973 3252 2126 3309 desi-

475 3349 702 3412 derant,
735 3359 911 3416 quem
943 3346 1078 3398 ante
1108 3341 1310 3412 fugere
1356 3339 1702 3412 gestiebant.
1741 3335 1947 3404 'Quem
1996 3341 2129 3397 fon-

477 3435 636 3493 tem?
656 3433 803 3488 Audi
835 3431 1163 3487 dicentem:
1196 3429 1256 3486 Si
1297 3431 1420 3501 quis
1471 3431 1610 3497 sitit,
1672 3430 1860 3486 veniat
1911 3429 1983 3485 ad
2019 3446 2126 3495 me,

475 3534 528 3584 et
555 3523 720 3580 bibat.
774 3521 876 3590 Qui
933 3519 1107 3576 credit
1155 3520 1216 3574 in
1261 3535 1367 3584 me,
1426 3519 1567 3574 sicut
1624 3518 1758 3574 dicit
1817 3518 2126 3590 Scriptura,

468 3613 714 3685 .ﬂumina
739 3610 1008 3666 devenire
1034 3609 1149 3680 ejus
1190 3609 1365 3677 ﬂuent
1405 3622 1567 3678 aquae
1615 3608 1755 3664 vivae
1797 3606 1972 3678 (Joau.
2009 3621 2129 3674 .vu,

480 3701 574 3770 37,
606 3699 720 3770 38).

1115 3783 1342 3840 CAPUT
1381 3783 1490 3838 XX.

2227 3255 2567 3326 subjectum
2595 3253 2887 3316 habebat,
2903 3253 3014 3318 Sed
3035 3253 3135 3314 ubi
3157 3269 3333 3310 mens
3356 3253 3508 3324 justi
3535 3251 3643 3310 viri
3689 3252 3899 3312 sobria

2238 3348 2413 3416 atque
2441 3343 2668 3414 integra
2696 3359 2733 3399 a
2754 3342 3133 3414 corruptione
3163 3341 3386 3408 diluvii,
3424 3341 3635 3402 divina
3683 3343 3898 3413 cogni-

2233 3431 2414 3489 tionis
2445 3432 2814 3489 inﬂammata
2841 3430 3149 3500 desiderio,
3181 3430 3414 3488 exsilire
3452 3429 3901 3506 atqueevolare

2237 3519 2420 3577 voluit
2447 3520 2506 3576 in
2537 3520 2862 3592 superiora,
2889 3519 3108 3590 detexit
3138 3519 3337 3576 omnia
3375 3536 3501 3592 quae
3558 3524 3727 3582 erant
3771 3521 3897 3584 im-

2237 3609 2604 3682 pedimento,
2625 3612 2684 3665 et
2729 3607 2984 3682 speciem
3038 3607 3376 3681 voluptatis,
3434 3625 3563 3681 quas
3605 3607 3898 3679 iquodam

2237 3698 2598 3770 operimento
2626 3701 2866 3754 cateras
2896 3696 3128 3770 tegebat
3155 3701 3350 3769 partes
3380 3697 3664 3769 corporis,
3698 3697 3900 3769 redo-

2238 3787 2436 3859 peruit
2459 3803 2529 3842 ac
2559 3785 2766 3848 retexit
2788 3789 2904 3853 ;-ut
2932 3802 3050 3842 non
3071 3785 3263 3842 solum
3308 3802 3518 3857 corpus
3555 3800 3603 3840 .a
3631 3784 3896 3854 servitio

465 3877 628 3950 Quod
651 3877 762 3932 alio
790 3875 878 3932 die
905 3875 1201 3950 imminuta
1226 3889 1395 3950 aqua,
1421 3872 1537 3950 alio
1566 3872 1966 3950 siccata_terra
2012 3889 2126 3928 me-
2221 3874 2645 3950 dominatricis
2689 3873 2966 3949 ignobilis
2992 3874 3286 3941 liberaret,
3334 3889 3535 3932 verum
3587 3873 3767 3939 etiam
3815 3890 3904 3942 (ea

543 3952 804 4014 moretur,
836 3962 898 4002 eo
928 3945 1235 4014 signiﬁcari
1249 3942 1462 4015 justum
1490 3947 1604 4015 Noe
1653 3944 1738 4015 in_
1765 3942 1975 4015 duabus
2027 3960 2128 4015 ge-

547 4013 925 4076 iterationibus
978 4013 1222 4086 primum
1251 4013 1262 4015 ἡ
1283 4014 1471 4085 fuisse.
1529 4014 1654 4086 iPer
1705 4013 2128 4071 denudatiouem

548 4106 697 4147 arca:
732 4085 1131 4143 abdicationem
1181 4099 1454 4158 corporeae
1503 4085 1882 4158 delectationis
1939 4088 2126 4158 etpri-

548 4164 646 4217 mi.
710 4162 888 4229 Quare
936 4160 1152 4230 primus
1197 4155 1284 4230 vel
1334 4155 1916 4230 secundusumensis,
1963 4155 2131 4226 [verni

538 4226 961 4303 temporisdies
984 4229 1177 4303 dictus.
1217 4229 1492 4284 Postremo
1539 4226 1837 4298 difﬁcultas
1881 4228 1947 4284 de
1991 4231 2126 4300 folio

2215 3979 2365 4035 ηοω
2395 3965 2564 4019 erant
2588 3961 2976 4036 incorporalia
3000 3961 3518 4034 comprehenderet
3536 3976 3706 4032 ;.qua3
3719 3960 3901 4031 enim

2239 4068 2356 4108 non
2385 4050 2889 4110 videnturaaterna
2926 4053 3085 4107 sunt.
3144 4051 3214 4106 Et
3257 4049 3398 4107 ideo
3445 4051 3647 4122 justus
3685 4065 3904 4128 .unem

2239 4156 2357 4202 non
2386 4139 2622 4196 videbat
2648 4139 2966 4198 Dominum
2996 4139 3350 4212 requirebat,
3375 4135 3738 4214 corruptelae
3767 4154 3903 4221 (ex-

2239 4245 2388 4296 sors,
2422 4229 2676 4301 cupidus
2705 4227 3067 4286 aternitatis.

549 4301 766 4376 reperto
795 4301 1132 4357 dissolvitur.

2304 4317 2596 4382 .73..Q.uod
2625 4321 2823 4374 autem
2854 4315 3223 4388 aitprimum
3259 4313 3909 4390 mensemvelsecun-

543 4410 638 4464 71.
673 4408 733 4464 ln
765 4408 954 4481 primo
993 4410 1053 4462 et
1091 4403 1529 4464 sexcentesimo
1586 4420 1740 4459 anno
1798 4404 1931 4460 vita;
1982 4405 2125 4473 Noe,
2237 4406 2404 4474 dum,
2435 4420 2689 4478 eumque
2716 4419 2858 4460 esse
2875 4403 3037 4462 verni
3066 4404 3350 4476 temporis
3380 4404 3558 4472 diem,
3593 4401 3796 4466 babes
3849 4406 3918 4478 et

469 4497 670 4570 primo
699 4497 796 4552 die
820 4495 1044 4554 mensis
1074 4494 1452 4550 imminutam
1476 4508 1694 4564 aquam
1727 4491 1868 4548 dicit
1909 4509 1943 4548 a
1988 4493 2382 4577 facie.D:alibi
2411 4493 2635 4553 dictum
2659 4493 3032 4549 :-Hie.mensis
3055 4494 3406 4564 primuserit
3431 4492 3913 4562 vobis,in.die_bus

479 4593 683 4652 terres;
717 4585 777 4641 in
805 4585 1062 4640 secundo
1085 4587 1282 4639 autem
1310 4597 1534 4648 mense,
1585 4580 1836 4652 septima
1873 4586 1932 4637 et
1978 4582 2132 4640 vice-
2233 4582 2730 4654 _anni-(Exod.xn,
2761 4582 2844 4653 2).
2879 4580 2987 4648 Qui
3016 4581 3174 4646 enim
3197 4582 3265 4638 in
3279 4580 3918 4658 gratiarprimusfpost

478 4675 630 4733 sima
654 4675 756 4730 die
782 4672 1006 4730 mensis
1036 4672 1311 4728 siccatam
1342 4674 1559 4726 terram
1601 4686 1727 4727 esse
1773 4686 2131 4728 commemo—
2225 4669 2721 4744 .periculum,:bic
2748 4673 2904 4728 recte
2950 4669 3388 4744 praerogatiuam
3429 4668 3624 4746 ,primi
3669 4670 3920 4748 mensis

473 4769 585 4820 rat.
621 4763 768 4828 Quid
800 4761 914 4819 sibi
945 4760 1068 4817 vult
1095 4759 1199 4815 illa
1226 4758 1475 4831 adjectio
1516 4759 1589 4814 de
1625 4774 1798 4830 aqua;
1847 4758 2130 4816 imminu-
2242 4760 2487 4833 accepit.

477 4855 636 4909 tione
665 4853 801 4924 (58),
833 4867 969 4907 cum
1011 4852 1332 4922 supputata
1374 4847 1520 4902 ratio
1579 4847 1848 4918 superior
1907 4865 2130 4912 annum
2311 4848 2862 4906 74..Necteautem
2893 4851 3122 4906 moveat
3163 4847 3334 4920 rquod
3393 4847 3652 4908 diximus
3693 4862 3922 4920 ,supra

479 4941 840 4999 conclusisse
871 4940 1155 5006 videatur,
1190 4939 1288 5010 qui
1321 4953 1514 4993 annus
1545 4952 1580 4990 a
1613 4937 1886 4993 .secundo
1931 4954 2132 4996 mense
2226 4936 2447 5004 dolium
2478 4936 2539 4992 in
2567 4951 2730 4992 ramo
2778 4940 3076 5009 repertum
3124 4934 3579 5009 postdiluvium
3619 4933 3922 5008 potuisse

2239 5052 2297 5100 et
2325 5045 2536 5101 ordine.
2557 5041 2844 5110 Quaedam
2873 5046 3070 5100 autem
3097 5044 3236 5101 edit.
3263 5042 3461 5099 Paris.
3493 5041 3579 5097 ita
3622 5040 3928 5114 praferra-

2239 5117 2402 5183 bant,
2433 5115 2850 5170 sexcentesimus
2879 5115 3088 5171 scilicet
3143 5130 3326 5170 annus
3345 5133 3368 5180 ;
3423 5115 3637 5184 primus
3692 5113 3930 5168 iterum

2236 5190 2501 5244 annuset
2524 5186 2968 5258 primum
2989 5189 3112 5258 post
3140 5187 3874 5258 semataimumzanmgm
3903 5203 3930 5248 ;

2241 5263 2447 5315 cetera
2477 5254 2631 5312 utin
2661 5259 2854 5313 textu:
2883 5254 3152 5328 quidam
3181 5271 3316 5314 vero
3347 5260 3555 5328 prater
3590 5254 3935 5328 descripta

2241 5273 2447 5315 cetera
2477 5273 2631 5312 utin
2661 5273 2854 5313 textu:
2883 5273 3152 5383 quaedam
3181 5273 3316 5314 vero
3347 5273 3555 5328 printer
3590 5273 3930 5326 assumpta

2235 5330 2413 5385 verba
2445 5333 2580 5401 post
2608 5344 2809 5384 vocem
2832 5329 2899 5401 _di
2923 5331 3135 5394 uvium,
3166 5329 3320 5384 infra
3351 5327 3604 5401 positam
3632 5326 3715 5401 ita
3742 5342 3930 5401 prq-

2229 5398 2570 5476 sequuntur
2593 5417 2606 5456 :
2628 5403 2716 5476 Eo
2731 5399 2944 5476 ordine
2962 5403 3186 5476 .priinus
3211 5398 3743 5476 fuitQRecteiigﬂur
3767 5399 3932 5476 yri-

2227 5471 2360 5530 mus
2388 5475 2445 5528 ei
2467 5472 2643 5530 Iwnor
2671 5471 3113 5544 ἀείρων-,σαψ
3151 5474 3221 5529 ,σε
3261 5472 3466 5541 prima
3521 5471 3937 5544 amt?“

2225 5547 2448 5617 .primus
2476 5538 3006 5617 [uitauievaseraﬂ
3060 5538 3482 5617 «posterioris
3523 5538 3935 5614 principium,

2226 5613 2336 5690 ,qu'
2364 5613 3258 5691 "nemininemini-im.
3281 5617 3404 5673 διο.

551 5047 662 5116 (58)
690 5047 863 5116 Rom.
899 5046 1035 5100 edit.
1067 5049 1258 5116 totum
1291 5043 1446 5098 hunc
1477 5041 1670 5116 locum
1725 5046 1931 5116 contra
1981 5060 2127 5101 mss.

480 5127 535 5172 et
559 5111 810 5172 aliarum
844 5118 982 5172 edit.
1017 5117 1191 5170 fidem
1226 5115 1305 5168 ita
1338 5111 1586 5186 mutavit
1611 5128 1630 5186 :_
1656 5115 2129 5186 annoANoeprimo

479 5203 664 5243 mense
695 5190 1114 5242 imminutam...
1147 5187 1384 5257 septima.
1407 5188 1463 5240 et
1511 5183 1725 5239 decima
1780 5183 1962 5240 ἀίω(
1990 5203 2130 5243 com-

479 5266 748 5314 memorat
796 5261 1027 5327 septima
1083 5266 1134 5314 et
1193 5258 1450 5313 vicesima
1485 5257 1704 5310 tmensis
1753 5259 1975 5327 aperuit
2023 5259 2132 5315 Noe

480 5275 748 5314 memorat
893 5275 1027 5314 lima
1083 5275 1134 5314 et
1193 5275 1450 5313 vicesima
1485 5275 1704 5310 ιτηθηςςτδ
1753 5275 1975 5327 aperuit
2023 5275 2132 5315 [vae

480 5346 686 5384 arcam.
724 5275 1000 5396 Quﬂsibi
1031 5331 1142 5385 vult
1174 5329 1269 5383 illa
1318 5327 1547 5399 adjectio
1591 5327 1768 5398 primi
1816 5330 2021 5384 mensis
2065 5330 2132 5385 de

483 5416 666 5470 aquae.
699 5407 808 5454 etc.

551 5472 666 5542 (59)
698 5474 776 5528 Ad
811 5471 1280 5527 emendationem
1313 5469 1492 5542 hujus
1515 5466 1625 5525 loci
1669 5485 1829 5542 mss.
1883 5472 1938 5525 et
1987 5472 2124 5527 edit.

479 5539 596 5599 aut.
633 5539 1403 5614 conveniunt‘praaterquam
1432 5539 1494 5596 in
1516 5556 1633 5596 una
1661 5539 1871 5598 vocula
1895 5557 1937 5614 εΔ
1961 5559 2128 5602 nam-

475 5629 587 5684 que
621 5612 720 5668 ubi
745 5617 891 5680 edit,
913 5610 1141 5670 :babent
1166 5610 1472 5690 eo'ordine,
1503 5627 1648 5669 mss.
1680 5628 1894 5671 omnes
1919 5610 2130 5688 legunt
