4026 6186
238 333 351 400 ΙΠ

1455 341 1685 405 LIBER
1729 339 1840 405 DE’
1875 341 2030 422 Non
2076 333 2181 404 E'I‘
2215 341 2442 402 AHCA.

3519 345 3641 409 M8

237 471 505 544 generari
537 473 762 547 (supra,
795 490 920 546 cap.
952 475 1108 547 xix):
1141 472 1252 534 etsi
1277 475 1387 532 sub
1437 494 1589 548 aqua
1627 475 1879 549 plerum-
1913 478 1967 542 Α
2000 491 2130 530 cum
2166 473 2322 538 viris,
2357 475 2455 528 sed
2489 473 2715 530 feminae
2745 490 2879 530 cum
2911 475 3051 532 viris
3081 481 3327 533 exeunt:
3356 485 3418 532 ut
3458 480 3640 536 virilis

239 577 348 634 que
379 562 578 617 herbae
605 563 833 619 soleant
862 563 1229 636 germinare:
1263 569 1459 621 tamen
1492 569 1556 620 ut
1572 563 1886 636 scrupulus

237 650 432 706 omnis
463 651 654 723 possit
675 651 908 720 auferri,
933 652 1074 726 quid
1097 669 1381 727 magnum
1403 653 1452 710 si
1475 653 1591 710 Deo
1619 653 1887 726 jubente,

234 739 486 796 nnodie
513 757 634 813 quo
660 740 976 797 imminuta
1021 742 1198 799 fuerit
1241 759 1415 816 aqua,
1449 743 1648 799 sta-tim
1674 741 1888 815 germi-

236 825 404 884 navit
428 833 488 884 et
518 833 696 895 terra,
726 845 859 886 cum
894 830 1049 887 idem
1079 831 1156 888 sit
1183 832 1480 889 fructuum
1512 835 1812 906 reparator
1833 834 1892 888 et

235 916 530 984 conditor,
563 922 739 990 atque
760 919 952 992 operis
974 920 1066 976 sui
1093 938 1267 976 usum
1295 938 1407 977 non
1432 920 1606 977 fuerit
1629 919 1846 977 oblitus
1862 920 1891 976 ?

235 1006 713 1078 Denique-babes
743 1012 800 1063 et
828 1008 886 1063 in
918 1008 1124 1065 Genesi
1157 1009 1358 1065 statim
1381 1012 1535 1084 quod
1554 1010 1795 1082 jusserit
1826 1013 1893 1064 ut

236 1095 672 1151 tbrrab'erbam
704 1095 903 1168 pabuli
949 1097 1323 1170 germinaret,
1373 1101 1429 1154 et
1477 1093 1703 1170 lignum
1737 1098 1890 1154 fruc-

235 1184 484 1241 tiferum
515 1199 648 1240 cum
680 1185 872 1241 fructu
904 1193 1032 1254 suo,
1064 1189 1120 1242 et
1149 1181 1348 1243 statim
1381 1185 1552 1259 ejeCit
1581 1193 1737 1244 terra
1767 1186 1894 1242 hers

235 1275 376 1329 bam
426 1273 650 1346 pabuli,
699 1273 1012 1331 habentem
1061 1281 1261 1332 semen
1311 1275 1636 1333 secundum
1681 1277 1890 1349 genus,

233 1366 293 1419 et
322 1361 554 1436 lignum
587 1362 951 1419 fructiferum
992 1363 1146 1436 (Gen.
1191 1379 1232 1432 ι,
1266 1365 1353 1431 ii,
1385 1365 1493 1437 1³2),
1524 1369 1582 1421 et
1631 1364 1731 1422 ille
1763 1365 1891 1421 dies

237 1451 398 1508 unus
450 1450 644 1521 fuerit,
690 1467 806 1523 quo
853 1452 972 1508 haec
1023 1456 1173 1510 Deus
1195 1453 1378 1525 jussit
1426 1459 1528 1510 aut
1558 1455 1710 1511 fecit.
1744 1454 1894 1528 Ergo

234 1539 513 1598 beneﬂbii
545 1539 638 1596 sui
668 1539 822 1597 Deus
848 1558 961 1597 non
993 1541 1325 1610 immemor,
1355 1543 1669 1600 immemor
1699 1549 1895 1600 autem

237 1633 460 1686 nostra:
509 1625 860 1702 iniquitatis,
911 1647 1060 1704 opus
1104 1633 1278 1688 suum
1328 1633 1589 1702 ejusdem
1636 1634 1748 1705 (60)
1780 1648 1897 1706 qua

237 1719 420 1791 cmpit
451 1717 735 1791 temperie
765 1719 1091 1790 quantitate
1124 1722 1430 1792 reparavit.

892 1803 1123 1864 CAPUT
1145 1807 1262 1864 XXI

238 1879 501 1961 συνίησι
517 1883 578 1933 ut
607 1880 784 1934 exiret
811 1848 1521 2008 αἲνῖὲαυῦσῗρἲωξῗιυη
1556 1886 1899 1966 despectare-
1929 1848 1975 1912 Β

325 1954 420 2005 rit.
457 1950 730 2008 Quomodo
757 1967 856 2008 uer
880 1951 1132 2008 ordinem
1169 1968 1278 2008 auo
1369 1969 1455 2008 em
1495 1969 1619 2008 cum
1660 1969 1777 2008 suis
1803 1971 1896 2008 in-

325 1952 420 2005 rit.
457 1950 730 2018 Quomodo
753 1967 856 2022 per
880 1951 1132 2023 ordinem
1169 1950 1278 2023 quo
1311 1950 1455 2008 idem
1495 1969 1619 2010 cum
1651 1950 1777 2010 suis
1803 1956 1896 2010 in-

320 2038 538 2093 gressus
568 2030 733 2092 atque
759 2037 1000 2093 egressus
1040 2022 1388 2091 describitur,
1437 2023 1769 2084 abstinentia
1804 2043 1898 2094 ge-

325 2094 628 2177 neratignis
643 2109 741 2177 nec
760 2110 867 2176 non
881 2094 1124 2177 ejusdem
1141 2111 1281 2177 usus
1297 2094 1610 2177 designetur
1630 2095 1658 2150 ?
1675 2097 1902 2177 Demum

323 2164 460 2236 quid
488 2164 584 2219 ille
613 2163 742 2220 ordo
770 2163 1017 2238 spiritali
1042 2163 1319 2222 intellectu
1349 2163 1446 2222 nos
1472 2167 1734 2223 edoceat?

320 2253 418 2308 75.
463 2250 529 2308 Et
573 2251 718 2308 dixit
755 2255 1019 2310 Dominus
1049 2254 1190 2310 Deus
1235 2255 1310 2310 ad
1335 2255 1480 2311 Noe:
1527 2255 1634 2311 Exi
1679 2256 1744 2311 de
1769 2273 1902 2312 arca

245 2342 605 2408 tu,et'u:eor
647 2343 710 2396 et
745 2339 856 2412 ﬁlii
899 2343 984 2398 tui
1027 2341 1176 2413 (Gen.
1226 2359 1351 2411 vm,
1400 2344 1486 2409 1-5,
1541 2344 1648 2415 16).
1703 2345 1902 2416 Itaque

244 2429 560 2485 recedente
590 2439 742 2502 aqua
766 2434 823 2485 et
852 2430 1070 2487 siccata
1097 2435 1251 2487 terra
1282 2431 1437 2487 exire
1466 2434 1656 2505 potuit
1684 2433 1802 2490 Noe
1831 2435 1903 2490 de

248 2535 412 2575 arca.
449 2517 560 2575 Sed
584 2519 786 2590 justus
817 2517 964 2576 nihil
1012 2519 1124 2576 sibi
1174 2525 1429 2594 arrogat,
1477 2521 1577 2577 sed
1621 2527 1812 2578 totum
1842 2538 1903 2580 se

251 2607 456 2663 divino
486 2607 798 2663 committit
825 2607 1092 2680 imperio.
1137 2609 1208 2666 Et
1256 2609 1508 2666 maxime
1556 2611 1654 2684 qui
1686 2611 1904 2668 caelesti

251 2697 786 2769 fuerat-ingressus
817 2696 1072 2764 oraculo,
1106 2697 1338 2754 cmleste
1368 2699 1589 2768 debuit,
1640 2706 1705 2756 ut
1743 2715 1904 2774 egre-

254 2787 518 2851 deretur,
564 2789 897 2858 exspectem
942 2797 1310 2858 responsum.
1361 2787 1702 2844 Verecunda
1749 2789 1905 2846 enim

249 2873 492 2946 justitia
516 2877 640 2931 est:
674 2874 814 2946 quia
838 2875 1228 2931 inverecunda
1258 2876 1540 2948 iniquitas
1569 2895 1694 2950 quae
1727 2895 1906 2936 usur-

257 2969 366 3038 pat
394 2962 676 3032 indebita,
708 2979 814 3019 nec
847 2968 1138 3019 reveretur
1156 2969 1473 3021 auctorem.

333 3051 425 3108 76'.
458 3048 626 3109 Nunc
659 3065 990 3125 quaramus
1022 3069 1139 3126 qua
1166 3053 1390 3111 ratione
1421 3056 1682 3128 quandiu
1715 3057 1906 3130 ingre-

1997 563 2056 618 in
2089 581 2150 617 se
2183 563 2492 618 interdicta
2523 562 2845 635 permistio,
2886 565 3175 636 permissa
3218 574 3413 622 autem
3457 569 3642 626 virilis

1996 656 2055 708 et
2097 652 2329 707 feminei
2378 651 2639 725 legitima
2689 658 2841 708 sorte
2907 655 3160 728 conjugii
3230 656 3441 729 copula
3491 658 3644 714 vide-

1997 746 2178 797 retur.

2067 831 2156 884 77.
2190 830 2412 885 Sensus
2444 833 2637 885 autem
2672 829 2840 886 altior
2869 830 2978 886 hoc
3026 831 3238 888 habet:
3273 834 3371 889 ubi
3416 834 3641 908 pericu-

1999 915 2121 975 lum
2152 921 2259 984 est,
2295 917 2492 973 viriles
2523 918 2785 989 quietiam
2818 923 2875 974 et
2907 919 3170 976 fortiores
3191 921 3643 996 disceptationes

2000 1006 2181 1062 me'nti
2230 1005 2583 1074 adhaereant,
2635 1012 2689 1062 et
2735 1023 2801 1062 eo
2825 1023 2886 1062 se
2919 1025 3084 1063 mens
3117 1011 3284 1081 quasi
3319 1013 3640 1083 quamdam

1998 1099 2236 1151 tueatur
2266 1094 2525 1152 sobolem
2578 1095 2855 1158 filiorum,
2901 1112 3015 1168 quo
3083 1099 3533 1170 tempestatibus
3590 1107 3648 1158 et

2001 1183 2364 1257 gravioribus
2381 1183 2757 1256 passionibus
2779 1186 2932 1240 acies
2956 1187 3222 1256 quaedam
3244 1187 3426 1245 virilis
3446 1205 3645 1245 occur-

2001 1272 2092 1328 rit.
2129 1272 2383 1329 Decurso
2413 1278 2605 1328 autem
2640 1273 2915 1346 periculo,
2949 1274 3094 1329 nihil
3129 1276 3292 1331 obest
3335 1277 3381 1333 si
3415 1275 3644 1334 mollio-

2003 1375 2096 1417 res
2125 1362 2506 1434 cogitationes
2553 1361 2932 1417 validioribus
2983 1363 3369 1435 copulentur;
3419 1383 3532 1422 non
3584 1370 3651 1423 ut

2005 1451 2418 1506 eii'eminentur
2449 1467 2483 1505 a
2514 1450 2881 1506 mollioribus
2914 1452 3199 1520 fortiores,
3221 1455 3322 1509 sed
3347 1459 3409 1510 ut
3430 1455 3652 1512 mollio-

2006 1555 2097 1596 res
2121 1555 2331 1596 sensus
2355 1539 2513 1595 velut
2563 1540 2918 1612 quibusdam
2968 1540 3233 1597 virilibus
3283 1544 3648 1614 roborentur,

2005 1645 2136 1685 cum
2169 1629 2368 1684 omnia
2398 1633 2598 1684 nostra
2626 1629 2695 1684 ad
2745 1629 3379 1701 virtutem,justitiam,
3412 1632 3650 1706 integri-

2005 1721 2208 1782 tatem,
2248 1717 2602 1773 i‘ortudinem
2636 1718 2983 1789 dirigantur,
3018 1725 3075 1773 et
3119 1721 3372 1791 quodam
3419 1738 3529 1778 usu
3563 1739 3652 1778 se-

2007 1807 2373 1879 minarioque
2395 1807 2677 1862 virtutum
2697 1823 2820 1861 cren
2837 1807 2876 1860 ri
2893 1813 3065 1878 atque
3084 1807 3411 1866 adolescere
3425 1811 3655 1884 possint

2008 1895 2288 1951 validiora
2318 1894 2584 1952 consilia.
2617 1895 2739 1949 Non
2773 1902 2860 1950 est
2890 1895 3071 1968 igitur
3107 1897 3268 1964 utile,
3323 1916 3455 1954 cum
3486 1899 3656 1956 vitio-

2009 1999 2141 2039 rum
2191 1983 2390 2056 aliqua
2440 1984 2706 2040 confusio
2755 1991 2842 2040 est
2892 2003 3023 2058 quae
3071 1991 3327 2043 mentem
3389 1993 3655 2063 occupet,

2011 2089 2201 2128 serere
2233 2071 2461 2145 aliquas
2492 2073 2892 2146 cogitationes,
2928 2079 3101 2148 atque
3131 2093 3407 2149 generare
3439 2082 3494 2133 et
3523 2095 3654 2151 par-

2012 2161 2195 2218 turire
2244 2166 2522 2217 mentem.
2575 2161 2718 2217 Cum
2771 2167 2963 2219 autem
3025 2181 3371 2238 compressa:
3439 2167 3656 2222 fuerint

2012 2250 2384 2323 cupiditates,
2432 2256 2489 2306 et
2528 2267 2692 2307 mens
2743 2252 3108 2324 requieverit,
3161 2257 3297 2310 tunc
3342 2255 3656 2312 seminario

2013 2339 2266 2411 quodam
2297 2339 2738 2412 disceptationis
2768 2346 3021 2416 accepto,
3051 2343 3294 2400 virtutes
3327 2351 3577 2418 possunt
3600 2350 3660 2403 et

2013 2428 2166 2484 bona
2194 2444 2367 2500 opera
2388 2428 2728 2502 germinari.

2615 2517 2846 2574 CAPUT
2883 2519 3047 2574 XXII.

2015 2591 2138 2660 Qua
2167 2587 2234 2663 de
2262 2604 2428 2663 causa
2483 2589 2590 2643 Noe
2644 2605 2799 2663 aram
2862 2592 3104 2662 injussus
3170 2593 3274 2648 Deo
3312 2594 3657 2663 aediﬁcavit;

2085 2659 2280 2730 quidve
2309 2661 2432 2723 Deo,
2464 2663 2516 2714 et
2568 2675 2680 2714 non
2736 2659 2964 2716 Domino
2984 2680 3003 2715 :
3061 2679 3233 2731 quare
3281 2659 3452 2718 etiam
3507 2667 3657 2722 holo-

2084 2739 2270 2803 causta
2297 2747 2326 2786 e
2356 2731 2540 2803 bestiis
2561 2747 2626 2786 ac
2654 2732 2965 2788 volatilibus
3006 2733 3226 2789 mundis
3258 2734 3553 2803 obtulerit,-
3609 2745 3662 2793 et

2085 2801 2214 2879 quid
2243 2803 2312 2856 sit
2371 2800 2514 2879 gu_o_d
2544 2805 2622 2856 ait
2645 2804 2940 2865 Dominus;
2989 2803 3337 2877 Recogitans
3371 2823 3486 2862 non
3517 2800 3661 2879 adji-

2088 2872 2238 2928 ciam
2271 2872 2617 2929 maledicere
2649 2879 2885 2943 terram,
2919 2879 3024 2930 etc.

2081 2957 2246 3015 78.Et
2286 2960 2602 3031 aediﬁcavit,
2665 2961 2877 3034 inquit,
2939 2964 3047 3019 Noe
3112 2980 3269 3019 aram
3329 2966 3439 3022 Deo
3503 2966 3656 3036 (Gen.

2015 3066 2138 3117 Vin,
2185 3049 2297 3121 20).
2333 3051 2456 3115 Qua
2495 3049 2715 3106 ratione
2767 3068 2946 3124 supra
3012 3051 3298 3109 Dominus
3356 3055 3661 3112 admonuit

256 3141 583 3200 diebantur
607 3139 668 3197 in
699 3157 894 3197 arcam
915 3141 1011 3198 hie
1035 3142 1174 3198 onlo
1197 3141 1306 3198 fuit
1333 3143 1810 3217 ingredientium,
1845 3149 1909 3202 ut
1952 3215 1976 3217 _
2017 3156 2146 3212 qua?
2180 3139 2410 3208 faceret,
2435 3143 2491 3195 et
2521 3139 2656 3195 fecit
2687 3140 2803 3196 Noe
2833 3141 3068 3197 omnia:
3117 3141 3226 3197 hoc
3275 3147 3466 3198 autem
3503 3147 3658 3217 quod

254 3229 454 3304 primo
484 3229 610 3303 ipse
639 3229 1042 3303 ingrederetur
1071 3234 1127 3286 et
1174 3230 1277 3286 ﬁlii
1325 3215 1484 3304 ejus:
1538 3233 1746 3290 deinde
1779 3235 1908 3302 ejus
1937 3215 1980 3281 C
2019 3244 2134 3284 non
2169 3226 2504 3283 admonitus
2535 3233 2622 3284 est
2655 3229 2872 3297 fecerit,
2908 3231 3153 3286 fortasse
3177 3215 3660 3303 requiraturiSed

255 3335 410 3377 uxor
456 3324 513 3375 et
560 3335 769 3374 uxores
837 3318 1090 3375 filiorum
1161 3321 1344 3391 ejus:
1407 3323 1643 3394 quando
1709 3327 1904 3381 autem

254 3409 547 3475 exierunt,
597 3412 1023 3480 commutatum
1075 3409 1170 3464 sit.
1237 3409 1384 3465 Nam
1441 3410 1724 3483 scriptum
1775 3417 1903 3469 est:

253 3500 454 3556 Exibit
515 3499 650 3570 ipse,
718 3501 774 3553 et
838 3513 988 3552 uxor
1027 3497 1163 3570 ejus.
1249 3501 1300 3553 et
1388 3498 1494 3559 ﬁlii
1574 3502 1626 3555 et
1707 3517 1906 3558 uxores

252 3585 507 3660 ﬁliarum
535 3587 652 3658 ejus
701 3585 882 3655 (Ibid,
935 3586 1043 3656 18).
1092 3585 1160 3639 Et
1204 3584 1395 3641 littera
1435 3585 1672 3658 quidem
1723 3588 1905 3660 signi-

254 3671 398 3732 ﬁcat
446 3676 504 3730 in
552 3675 822 3748 ingressu
889 3674 1043 3730 200
1109 3674 1525 3730 abstinentiam
1587 3678 1907 3747 generatio-

258 3765 376 3830 nis,
424 3764 485 3818 in
534 3763 806 3836 ingressu
851 3761 1242 3835 generationis
1290 3779 1486 3818 usum.
1541 3763 1704 3819 'I‘unc
1748 3766 1904 3822 enim

259 3853 429 3928 pater
460 3867 594 3909 cum
626 3851 763 3907 ﬁliis
796 3852 959 3925 prius
985 3850 1260 3920 introivit,
1286 3857 1341 3907 et
1361 3851 1463 3906 ﬁlii
1484 3867 1616 3907 cum
1643 3860 1905 3925 parente,

258 3948 316 4000 et
350 3945 551 4016 postea
581 3957 728 3996 uxor
755 3941 903 4012 ejus,
935 3943 991 3995 et
1021 3939 1277 3996 filiorum
1307 3941 1434 4012 ejus
1464 3957 1693 4009 uxores,
1717 3942 1772 3997 id
1795 3947 1903 4016 est,

259 4049 376 4088 non
418 4030 837 4088 commiscetur
883 4045 1057 4085 sexus
1103 4028 1161 4083 in
1196 4028 1458 4095 introitu,
1491 4029 1909 4088 commiscetur

259 4122 321 4175 in
354 4133 624 4194 egressu.
673 4122 889 4190 Aperte
919 4115 1098 4190 igitur
1124 4115 1281 4172 velut
1309 4117 1510 4173 ordine
1531 4117 1657 4190 ipso
1688 4119 1908 4192 ingres-

259 4210 442 4266 sionis
463 4224 664 4264 vocem
683 4207 1004 4279 quamdam
1020 4207 1222 4277 justus
1243 4205 1475 4274 emittit,
1493 4209 1727 4280 tempus
1759 4207 1904 4264 illud

257 4301 374 4354 non
405 4313 537 4354 esse
571 4295 936 4363 concubitus,
967 4306 1153 4368 neque
1184 4293 1545 4363 deiiciarum,
1577 4312 1692 4368 quo
1724 4297 1909 4353 omni-

260 4388 370 4444 bus
399 4383 1216 4442 immineretinteritns.Unde
1232 4382 1607 4457 inEvangeiio
1621 4385 1905 4444 Dominus

261 4477 346 4533 ait
370 4473 523 4546 (Duc.
560 4491 694 4543 xvu,
725 4471 817 4545 26,
847 4474 960 4546 27),
1012 4472 1446 4545 reprehendens
1491 4474 1646 4545 quod
1676 4479 1904 4549 tempo-

2018 3316 2220 3388 utique
2246 3315 2526 3372 Dominus
2545 3333 2658 3371 non
2684 3317 2886 3372 debuit
2907 3319 3072 3390 quasi
3099 3336 3307 3375 avarus
3332 3322 3656 3378 mercedem

2015 3403 2213 3477 gratiae
2245 3403 2566 3476 postulare,
2616 3410 2670 3460 et
2712 3406 2915 3476 justus
2963 3422 3089 3462 eam
3139 3406 3419 3464 intellexit
3460 3427 3657 3467 veram

2014 3492 2300 3549 actionem
2334 3493 2652 3565 gratiarum
2685 3510 2812 3550 esse
2858 3511 2985 3566 quae
3031 3513 3144 3551 non
3188 3497 3516 3567 juberetur,
3557 3499 3657 3556 sed

2014 3579 2562 3652 deferretur.Itaque
2584 3597 2686 3636 nec
2710 3581 3046 3638 dilationem
3071 3601 3281 3656 passus
3303 3591 3409 3641 est.
3434 3587 3658 3643 Etenim

2015 3673 2182 3742 grata
2198 3667 2378 3722 animi
2397 3668 2586 3723 virtus
2609 3670 2942 3740 passionem
2967 3673 3349 3730 dubitationis
3371 3675 3656 3733 excludit:

2015 3756 2115 3829 qui
2149 3761 2342 3812 autem
2374 3756 2636 3812 debitum
2669 3758 2867 3830 gratiae
2901 3763 2966 3814 ut
2995 3778 3029 3815 a
3059 3778 3120 3816 se
3162 3763 3428 3836 exigatur
3457 3781 3659 3837 exspe-

2017 3850 2154 3913 ctat,
2187 3846 2454 3919 ingratus
2485 3850 2592 3901 est.
2636 3847 2798 3912 Quod
2839 3852 3034 3903 autem
3083 3849 3392 3920 :ediﬁcavit,
3443 3852 3656 3924 inquit,

2018 3940 2146 4002 Deo,
2183 3939 2237 3990 et
2269 3951 2384 3989 non
2417 3934 2560 3990 dixit
2591 3935 2860 4003 Domino,
2891 3937 2991 3992 sed
3024 3939 3168 4002 Deo;
3197 3942 3518 3995 secundum
3557 3957 3660 3995 no-

2017 4023 2196 4079 minis
2227 4023 2790 4095 interpretationem,
2846 4026 2993 4082 261
3040 4043 3155 4082 non
3208 4033 3406 4083 coacta
3435 4029 3663 4084 videtur

2014 4113 2136 4168 haec
2168 4113 2316 4168 actio
2349 4128 2475 4168 esse
2506 4113 2824 4185 gratiarum
2859 4114 3025 4187 quasi
3049 4115 3293 4172 Domino
3314 4133 3332 4177 ;
3355 4118 3452 4172 sed
3478 4116 3660 4173 virtus

2008 4202 2156 4274 justi
2191 4201 2491 4273 morigena
2522 4208 2580 4258 et
2608 4209 2774 4275 grata
2806 4204 2973 4276 quasi
2995 4205 3132 4261 Deo.
3171 4207 3330 4271 Quod
3362 4206 3664 4280 imperiale

2016 4295 2104 4348 est
2134 4291 2559 4362 sequestravit;
2596 4291 2749 4363 quod
2790 4292 3056 4348 beneficii
3091 4294 3431 4350 nominavit.

2083 4380 2250 4435 79.137
2276 4380 2561 4451 sumpsita
2594 4380 2798 4447 bestiis,
2851 4385 2905 4435 et
2948 4399 2982 4436 a
3028 4382 3343 4438 volatilibus
3399 4383 3662 4446 mundis;

2013 4476 2066 4525 et
2092 4469 2310 4535 obtulit,
2346 4467 2556 4539 inquit,
2590 4467 2905 4524 holocausta
2935 4469 3114 4542 (Ibid).
3169 4471 3388 4527 Littera
3428 4473 3664 4529 evidens

262 4564 546 4621 ribusNoe
568 4562 988 4618 manducarent
1016 4566 1073 4617 et
1101 4561 1604 4630 biberent,uxores
1628 4562 1906 4620 ducerent
1938 4589 1984 4656 Β
2014 4561 2103 4656 est
2131 4557 2284 4656 quod
2318 4572 2540 4656 eaquae
2573 4556 3033 4656 incontaminata
3063 4564 3220 4656 sunt,
3254 4561 3544 4656 debemus.
3578 4561 3662 4656 of-

259 4659 317 4709 et
345 4653 493 4708 ﬁlias
525 4650 740 4724 nuptui
771 4651 1102 4706 traderent:
1163 4654 1222 4705 et
1251 4649 1381 4706 ideo
1429 4654 1665 4722 propter
1694 4651 1909 4710 intem-

265 4741 585 4813 perantiam
617 4742 820 4796 eorum
853 4737 1262 4811 supervenisse
1295 4737 1604 4796 diluvium.
1649 4739 1909 4798 Maeroris

267 4829 439 4902 igitur
469 4835 703 4902 tempus
724 4827 890 4896 illud,
915 4843 1030 4883 non
1053 4826 1263 4882 laetitias
1289 4830 1431 4883 erat.
1455 4827 1526 4883 Et
1553 4828 1686 4886 inde
1707 4831 1910 4902 justus

270 4919 560 4974 consortio
603 4932 722 4976 non
765 4915 1166 4972 delectabatur
1212 4915 1430 4982 uilioris,
1487 4916 1577 4972 vel
1627 4918 1731 4974 ﬁlii
1758 4921 1910 4991 justi

271 5005 534 5078 petebant
555 5005 828 5079 copuiam
860 5002 1250 5077 conjugalem.
1284 5007 1468 5069 Quam
1489 5006 1646 5062 enim
1675 5008 1908 5065 indeco-

273 5111 413 5165 rum,
447 5102 512 5152 ut
562 5111 678 5168 quo
727 5099 988 5166 tempore
1036 5093 1292 5150 viventes
1343 5101 1730 5166 morerentur,
1770 5101 1908 5154 tunc

274 5185 502 5255 perituri
531 5189 952 5259 generarentur
971 5183 999 5237 Ἰ
1031 5183 1235 5239 Postea
1264 5188 1459 5240 autem
1510 5189 1664 5242 recte
1713 5187 1783 5242 ad
1817 5205 1906 5244 se-

277 5273 588 5330 minarium'
610 5271 954 5330 ceterarum
993 5272 1279 5330 successit
1322 5271 1434 5344 (6i)
1484 5289 1629 5330 usus
1680 5278 1739 5330 et
1768 5291 1909 5332 cura

278 5361 538 5436 conjugii,
571 5361 706 5418 cum
747 5351 1035 5418 diluvium
1083 5360 1338 5418 recessit.
1391 5361 1592 5434 Itaque
1639 5379 1753 5419 non
1799 5365 1908 5420 viri

337 5525 448 5612 (βο)
496 5527 593 5588 Sic
651 5529 812 5612 mss._
844 5530 998 5596 Vat.,
1048 5527 1239 5612 Coi-by
1269 5528 1632 5612 .Lo_ng_.rA1ii
1679 5547 1812 5588 vero
1851 5537 1909 5589 et

276 5603 429 5676 edit,
463 5619 675 5676 memor
718 5605 902 5676 autem
945 5609 1145 5676 nostrae
1192 5603 1526 5676 iniquitatis,
1563 5617 1695 5676 opus
1747 5617 1909 5664 suum

277 5646 690 5750 saxafera.
718 5646 902 5748 3472':
926 5646 1604 5752 éId'e'in"qd6'i&ju?t,'7éic'f

2020 4648 2188 4714 ferre,
2223 4645 2282 4700 in
2308 4644 2523 4716 quibus
2554 4645 2795 4700 affectus
2832 4645 3085 4702 relucent
3133 4648 3449 4706 offerentis.
3481 4649 3665 4706 Altior

2020 4739 2216 4790 autem
2237 4734 2636 4805 interpretatio
2667 4733 2988 4804 hocjhabet,
3019 4738 3172 4808 quod
3197 4739 3392 4793 bestiae
3430 4738 3660 4793 mundae

2018 4824 2286 4878 videntur
2337 4810 2548 4878 sensus
2592 4839 2720 4878 esse
2771 4824 3099 4896 sapientis;
3146 4826 3399 4882 volatilia
3464 4829 3659 4880 autem

2019 4911 2376 4977 intellectus,
2427 4911 2525 4982 qui
2580 4915 2719 4966 sunt
2760 4911 2932 4986 longe
2981 4914 3317 4970 subtiliores
3365 4917 3540 4984 atque
3578 4911 3660 4968 le-

2017 5001 2226 5055 viores.

2087 5090 2176 5142 80.
2212 5088 2377 5144 Nunc
2407 5105 2539 5145 vero
2569 5090 3008 5146 consideremus
3051 5088 3391 5162 diligentius
3413 5088 3550 5160 quid
3585 5087 3661 5145 sit

2018 5179 2172 5252 quod
2207 5178 2320 5234 ait:
2368 5180 2430 5234 Et
2477 5179 2619 5234 dixit
2670 5180 2933 5235 Dominus
2980 5179 3154 5234 Deus:
3209 5179 3524 5248 lieeoyitans
3551 5193 3661 5234 non

2017 5268 2281 5340 adjiciam
2300 5268 2626 5324 maledicere
2655 5269 2860 5323 terram
2888 5270 3106 5339 propter
3134 5281 3296 5338 opera
3325 5267 3611 5321 hominum
3643 5285 3656 5335 ;

2015 5358 2146 5431 quia
2172 5360 2458 5425 permanet
2505 5371 2598 5411 cor
2645 5355 2884 5411 hominis
2927 5355 3216 5426 diligenter
3254 5371 3418 5427 super
3443 5355 3599 5410 mala
3627 5371 3661 5412 a

2087 5525 2199 5598 (6i)
2232 5525 2294 5579 In
2326 5522 2602 5598 omnibus
2635 5523 2784 5598 edit.
2835 5523 3203 5598 desideratur
3247 5525 3488 5598 verbum
3514 5541 3660 5598 suc-

2014 5593 2194 5680 cessit,
2229 5596 2382 5680 quod
2433 5609 2503 5651 ex
2548 5594 2676 5652 cod.
2727 5593 2924 5672 Corb.,
2974 5596 3179 5672 Long,
3227 5595 3388 5656 Colb.
3419 5600 3478 5656 et
3508 5596 3654 5659 Man.

2017 5673 2407 5731 restituimus.
