4166 6154
522 268 643 332 “9

1987 249 2053 313 S.
2099 246 2473 313 AMBROSII

3714 260 3872 329 ,ιῆ

516 400 801 473 juventute
826 395 937 468 (62)
969 392 1131 466 (Ibid.
1164 364 1262 463 2'1)
1294 390 1419 446 Non
1449 402 1587 460 ergo
1611 386 1800 442 adhuc
1833 387 2164 457 percuteret
2198 384 2251 449 Α
2279 394 2461 440 cutcre
2525 402 2739 442 omnem
2811 402 3028 443 carnem
3062 403 3075 443 :
3140 387 3247 444 sed
3315 386 3377 442 in
3435 392 3588 461 parte
3650 390 3877 453 vindicta

525 502 760 543 omnem
790 489 1008 541 terram
1042 480 1190 538 sicut
1222 479 1374 545 fecit,
1407 476 1685 532 omnibus
1734 473 1940 530 diebus
1980 476 2165 527 terrae.

528 575 646 633 Etsi
677 574 1070 630 vindicaverat
1098 570 1158 625 in
1207 566 1513 624 hominum
1555 579 1782 637 genus;
1832 566 2029 617 tamen
2073 576 2170 615 co-

524 666 803 738 gnoverat
832 660 972 734 quia
999 656 1251 713 vindicta
1274 653 1421 726 legis
1454 653 1522 708 ad
1550 652 1819 707 timorem
1845 650 2095 723 proﬁcit,
2119 652 2175 704 et

526 751 918 827 cognitionem
977 745 1276 809 doctrinae,
1340 742 1529 814 magis
1592 757 1769 812 quam
1821 739 1890 794 ad
1950 743 2172 793 naturae

527 839 1061 902 commutationem,
1092 850 1219 905 quae
1251 832 1462 904 corrigi
1522 831 1582 884 in
1614 827 1912 901 aliquibus
1959 830 2171 899 potest,

530 932 587 987 in
622 927 895 986 omnibus
926 921 1139 979 mutari
1170 938 1287 978 non
1311 923 1521 993 potest.
1553 917 2036 987 Vindicavitergo
2068 914 2176 971 Do-

530 1019 747 1083 minus,
783 1018 848 1070 ut
875 1014 1259 1078 timeremus;
1314 1008 1574 1082 pepercit
1622 1010 1685 1062 ut
1720 1021 2171 1061 reservaremur.

531 1110 597 1164 Et
626 1104 939 1162 vindicavit
972 1100 1149 1157 semel
1181 1101 1253 1156 ad
1281 1097 1611 1170 exemplum
1636 1094 1884 1159 timoris,
1918 1091 2177 1167 pepercit

530 1198 589 1252 in
631 1194 950 1267 reliquum,
1004 1207 1075 1245 ne
1125 1188 1528 1245 dominaretur
1570 1200 1801 1257 semper
1844 1181 2174 1239 amaritudo

530 1281 789 1359 peccati;
822 1278 999 1336 simul
1031 1277 1170 1350 quia
1199 1277 1247 1332 si
1282 1276 1415 1348 quis
1446 1277 1682 1346 peccata
1737 1271 1934 1344 cupiat
1960 1269 2176 1342 saepius

527 1371 844 1436 vindicare,
877 1383 1047 1439 asper
1094 1365 1285 1438 magis
1333 1379 1507 1436 quam
1563 1360 1864 1418 censorius
1903 1359 2172 1414 habetur.

532 1463 782 1532 Ideoque
810 1456 953 1513 dicit
982 1454 1306 1510 Dominus:
1357 1454 1473 1508 Non
1522 1450 1783 1520 adjiciam
1824 1449 1971 1503 ultra
2003 1448 2175 1503 male-

528 1550 708 1605 dicere
751 1556 917 1603 terra:
961 1550 1183 1616 prapter
1223 1558 1387 1612 Opera
1433 1540 1737 1604 hominum,
1786 1537 1844 1591 id
1895 1540 2005 1601 est,
2039 1536 2178 1607 quia

529 1638 807 1711 pietatem
840 1649 1009 1690 suam
1032 1632 1185 1687 circa
1207 1629 1644 1685 universitatem
1665 1625 1972 1680 hominum
1993 1623 2177 1680 voluit

530 1725 849 1791 declarare,
906 1726 964 1777 et
1010 1726 1205 1775 tamen
1252 1716 1625 1775 securitatem
1675 1720 1732 1769 et
1762 1712 2173 1786 negligentiam

529 1813 847 1886 quamdam
883 1808 1181 1864 mentibus
1204 1806 1481 1862 humanis
1503 1803 1707 1859 alferre
1728 1819 1840 1857 non
1868 1801 2089 1867 debuit,
2110 1799 2172 1855 in

529 1917 748 1975 paucos
777 1897 1055 1962 vindicat,
1072 1895 1271 1968 plures
1290 1897 1565 1950 reservat.
1589 1891 1808 1947 Deinde
1830 1906 1964 1946 cum
1990 1888 2133 1944 dicit
2156 1906 2170 1945 :

527 1996 651 2049 Non
714 1988 975 2057 adiiciam
1040 1985 1174 2057 (63),
1243 1981 1499 2039 ostendit
1546 1980 1702 2053 quod
1749 1978 1955 2035 allevet
1985 1977 2175 2051 magis

528 2093 822 2136 aerumnas
870 2073 1178 2130 hominum
1230 2088 1407 2144 quam
1456 2070 1739 2142 ingravet,
1795 2067 1986 2123 sciens
2017 2067 2171 2139 quod

530 2168 764 2243 penitus
797 2168 1034 2235 peccata
1054 2162 1364 2218 hominum
1388 2156 1600 2215 auferri
1625 2173 1738 2212 non
1758 2159 1995 2228 queant.
2019 2156 2174 2210 Tan-

531 2273 709 2331 quam
761 2255 818 2310 in
866 2251 1205 2326 proverbio:
1258 2250 1316 2305 Si
1377 2247 1509 2321 quis
1562 2245 1667 2303 reti
1700 2244 1903 2302 subtili
1938 2244 2177 2300 haurire

532 2344 731 2417 cupiat
760 2359 996 2415 aquam,
1030 2341 1114 2396 sic
1140 2339 1241 2411 qui
1275 2337 1557 2393 malitiam
1591 2351 1660 2390 ex
1690 2334 2023 2407 pectoribus
2066 2332 2176 2387 ho-

534 2434 762 2489 minum
795 2434 1041 2486 conatur
1072 2428 1317 2505 auferre.

604 2523 694 2576 8t.
733 2522 848 2576 Non
895 2517 1176 2590 adjiciam,
1228 2513 1440 2586 inquit,
1483 2510 1805 2567 maledicere
1850 2514 2023 2567 terrm
2048 2524 2175 2581 pro-

531 2620 656 2684 pter
682 2615 897 2682 peccata
925 2608 1212 2662 hominum
1235 2621 1248 2660 :
1272 2605 1403 2675 quia
1424 2606 1706 2673 permanet
1722 2599 2178 2654 sensus‘hominis

533 2701 837 2774 diligenter
864 2712 1027 2769 super
1053 2695 1206 2750 mala
1238 2711 1270 2748 a
1289 2695 1576 2764 juventute
1598 2693 1729 2765 (Gl).
1762 2693 1907 2748 Vide
1939 2704 2179 2761 quomo-

534 2791 609 2845 do
640 2786 905 2844 studiose
934 2801 1039 2840 nos
1060 2782 1398 2854 delinquere
1425 2784 1572 2838 Deus
1597 2783 1906 2855 signiﬁcet,
1933 2778 2177 2835 dicendo

539 2891 876 2950 permanere
909 2890 1085 2945 super
1114 2870 1268 2926 mala
1290 2886 1527 2927 sensum
1554 2871 1806 2927 hominis
1835 2870 2173 2941 diligenter:

536 2982 654 3037 quo
685 2964 840 3019 dicto
873 2960 1202 3033 signiﬁcare
1230 2959 1461 3015 videtur
1480 2959 1789 3033 diligenter
1809 2977 1907 3015 cor
1922 2956 2178 3013 hominis

535 3054 604 3110 ad
640 3055 875 3125 peccata
905 3049 1283 3122 prepondere,
1317 3051 1373 3102 et
1404 3048 1592 3104 inesse
1640 3046 1948 3121 principali
1979 3050 2176 3101 nostro

2281 478 2563 530 servatur.

2867 582 3099 639 CAPUT
3138 582 3336 639 ΧΧιΙΙ.

2284 669 2435 738 Quod
2477 673 2557 725 ait
2604 671 2935 745 Domzmusp:
2984 672 3192 727 Semen
3232 672 3567 745 etpmessis,
3617 674 3783 745 frigus
3830 680 3881 732 et

2354 747 2531 815 aestus
2575 758 2690 797 non
2740 742 3126 815 requiescent,
3173 742 3244 798 ad
3288 743 3525 799 litteram
3561 751 3609 799 et
3631 742 3885 803 moraliter

2355 812 2682 884 emplicatur.

2353 920 2443 973 82.
2477 919 2625 985 Quid
2681 918 2757 974 sit
2795 919 2972 975 etiam
3020 904 3196 992 quod
3230 921 3347 976 ait:
3395 925 3584 976 Semen
3610 924 3657 975 et
3703 924 3886 990 messis,

2281 1010 2459 1079 frigus
2490 1016 2538 1063 ct
2570 1007 2929 1075 :rstus,hicms
2957 1011 3006 1063 et
3019 1008 3297 1074 .rstas,die
3322 1016 3375 1064 et
3399 1011 3547 1064 nocte
3567 1008 3671 1080 (65)
3687 1025 3792 1064 non
3815 1026 3886 1065 re-

2284 1098 2716 1169 quiesccn!((.'en.
2741 1097 3323 1169 vm,22).Secundum
3348 1096 3598 1153 litteram
3624 1096 3889 1169 signiﬁcat

2283 1202 2670 1257 permansura
2699 1186 3074 1242 manentibus
3119 1186 3444 1241 secundum
3492 1184 3890 1241 institutionem

2288 1275 2536 1338 Domini,
2587 1280 2645 1331 ot
2690 1278 2907 1331 statum
2957 1292 3129 1330 suum
3178 1273 3538 1346 temporibus
3589 1273 3894 1345 incorrupta

2285 1363 2480 1419 futura
2527 1363 2829 1429 animalia,
2876 1363 2965 1419 vel
3014 1380 3326 1420 nemorosa
3364 1363 3580 1419 omnia.
3611 1362 3748 1417 Nam
3777 1377 3892 1421 cum

2286 1458 2742 1524 corrumpuntur
2786 1458 3068 1525 tempora,
3121 1456 3579 1525 corrumpuntur
3600 1451 3765 1506 etiam
3808 1449 3896 1506 illa

2286 1558 2413 1613 quae
2445 1541 2808 1614 temporibus
2833 1541 2958 1597 suis
2988 1557 3235 1613 quaeque
3263 1541 3606 1613 gignuntur.
3641 1538 3698 1595 Si
3726 1542 3897 1594 autem

2285 1629 2550 1685 confusio
2582 1628 2659 1684 sit
2690 1629 3346 1701 temporum,quomodo
3375 1631 3626 1700 possunt
3644 1626 3899 1683 confusio-

2286 1736 2357 1773 ne
2388 1718 2539 1773 facta
2564 1718 2737 1774 etiam
2769 1736 2837 1774 ea
2862 1735 2988 1790 quae
3021 1722 3160 1774 sunt
3189 1717 3493 1791 gignentia
3541 1713 3898 1788 permanere?

2282 1808 2432 1880 Ergo
2462 1812 2725 1880 tempora
2748 1813 2895 1863 sunt
2923 1825 3050 1880 quae
3081 1811 3183 1863 aut
3211 1810 3598 1877 corrumpunt
3625 1808 3724 1860 aut
3737 1819 3902 1859 reser-

2282 1901 2439 1963 vant,
2468 1900 2642 1968 prout
2665 1895 2795 1968 ipsa
2824 1896 2913 1950 sui
2951 1894 3269 1951 habuerint
3297 1893 3661 1966 qualitatem.
3685 1893 3904 1964 ideoque

2284 2003 2474 2041 annus
2506 2002 2574 2040 ex
2602 1984 2910 2041 contrariis
2932 1985 3349 2050 ducitur,vere,
3376 1987 3684 2049 autumno,
3706 1984 3902 2049 aestate,

2282 2073 2494 2141 hieme,
2528 2074 2683 2130 sicut
2711 2073 3020 2129 harmonia
3059 2071 3368 2129 cantilenae
3414 2069 3715 2144 permistis
3741 2068 3905 2143 gravi-

2285 2163 2397 2218 bus
2428 2167 2484 2219 et
2513 2164 2700 2219 acutis
2731 2162 2960 2218 videtur
2987 2162 3327 2218 consistere.
3362 2161 3465 2217 Sic
3495 2176 3631 2233 ergo
3660 2163 3715 2216 et
3757 2174 3905 2213 mun-

2284 2252 2396 2307 dus
2426 2251 2535 2307 iste
2565 2267 2636 2307 ex
2662 2251 2969 2307 contrariis
2999 2250 3347 2320 continetur,
3371 2266 3510 2306 aere
3540 2253 3596 2305 et
3616 2253 3782 2316 terra,
3802 2243 3908 2319 igni

2285 2344 2341 2395 et
2366 2356 2538 2411 aqua.
2572 2340 2782 2395 Nostra
2812 2354 3044 2411 quoque
3074 2355 3319 2411 corpora
3366 2337 3589 2411 frigore
3638 2341 3694 2393 et
3719 2334 3905 2400 calore,

2285 2428 2532 2484 humore
2579 2432 2635 2483 et
2683 2427 2963 2495 siccitate,
3014 2427 3329 2499 quemdam
3387 2430 3619 2481 naturae
3666 2423 3906 2481 ordinem

2286 2521 2538 2574 servant.
2573 2516 2715 2573 Nam
2750 2516 2799 2574 si
2823 2516 3104 2573 naturalis
3136 2517 3277 2571 ordo
3304 2532 3369 2572 ac
3391 2531 3683 2571 mensura
3700 2512 3913 2568 confun-

2286 2606 2465 2673 ditur,
2510 2611 2652 2662 tunc
2693 2622 2928 2661 necesse
2983 2609 3072 2661 est
3113 2609 3393 2677 sequatur
3450 2603 3737 2660 interitus.
3785 2600 3911 2672 Ergo

2232 2750 2235 2753 ,
2286 2701 2512 2751 certum
2542 2696 2805 2751 ordinem
2835 2699 3166 2766 temporum
3200 2694 3516 2760 Dominus,
3550 2694 3767 2749 remota
3804 2704 3916 2745 con-

2250 2774 2265 2793 ¹
2290 2783 2515 2840 fusione
2545 2783 2768 2851 diluvii,
2802 2784 2873 2838 ad
2898 2781 3382 2855 perseverantiam
3411 2780 3627 2837 mundi
3648 2774 3915 2853 promittit

2289 2874 2573 2928 futurum.

2357 2963 2445 3017 83.
2482 2960 2667 3016 Altior
2696 2963 2889 3015 autem
2923 2976 3135 3015 sensus
3165 2959 3273 3015 hoc
3293 2958 3500 3025 habet,
3530 2962 3596 3013 ut
3616 2973 3716 3030 per
3734 2969 3911 3042 semen

2288 3048 2689 3123 intelligamus
2720 3048 3094 3121 principium,
3130 3064 3232 3121 per
3248 3064 3513 3104 messem
3540 3044 3916 3119 intelligamus

534 3115 828 3198 lubricum
857 3115 1343 3209 delinquendi,et
1372 3138 1527 3208 quod
1561 3115 1729 3210 pejus
1759 3115 1868 3207 est,
1903 3136 2170 3192 studium
2208 3115 2250 3181 (ἶ
2290 3115 2584 3194 ἢΠΘῐῙῚῗΙΠ
2616 3115 2865 3209 utroque
2895 3115 3105 3193 salutis
3130 3115 3225 3193 est
3268 3154 3474 3193 causa.
3525 3115 3782 3192 Alterum
3811 3131 3920 3188 sine

537 3248 653 3288 non
675 3230 899 3286 deesse.
934 3227 1065 3282 ldeo
1095 3226 1253 3281 enim
1284 3226 1387 3296 ait,
1417 3225 1909 3299 diligenter,quasi
1941 3223 2178 3280 solliciti

538 3320 748 3385 simus,
800 3335 872 3374 ne
918 3315 1264 3371 immunitas
1307 3313 1491 3387 culpae
1541 3316 1710 3370 nobis
1760 3315 1945 3386 possit
2012 3313 2178 3368 obre-

538 3425 695 3482 pere.
756 3406 975 3463 Deinde
1031 3421 1144 3460 non
1214 3404 1272 3458 in
1341 3421 1524 3459 unum
1595 3404 1818 3460 malum
1863 3402 2024 3470 dixit,
2077 3402 2180 3457 sed

536 3513 702 3569 super
729 3496 899 3552 mala.
923 3495 1015 3562 Et,
1046 3511 1079 3548 a
1111 3493 1416 3564 juventute,
1467 3493 1728 3549 addidit:
1780 3510 1848 3548 ex
1897 3491 1999 3546 illa
2023 3490 2180 3548 enim

536 3590 703 3641 aetate
717 3584 927 3641 crescit
949 3580 1195 3649 malitia,
1223 3581 1358 3637 licet
1378 3580 1516 3637 alibi
1535 3582 1851 3655 legerimus
1877 3581 2032 3653 quod
2066 3596 2181 3635 non

541 3675 619 3731 sit
649 3674 776 3730 sine
806 3675 1040 3744 peccato
1074 3688 1176 3727 nec
1210 3671 1393 3727 unius
1414 3670 1525 3727 diei
1558 3670 1754 3727 infans
1804 3671 1920 3741 (Job
1946 3685 2061 3736 XIV,
2106 3670 2179 3740 4).

539 3764 648 3819 Sed
683 3766 742 3819 et
770 3761 1014 3817 infantia
1047 3759 1173 3815 sine
1204 3765 1436 3831 peccato
1469 3776 1581 3814 non
1614 3760 1693 3815 sit
1717 3764 1954 3831 propter
1982 3774 2184 3829 corpo-

540 3852 621 3908 ris
649 3851 1075 3916 inﬁrmitatem,
1106 3848 1409 3922 diligentia
1442 3851 1636 3903 autem
1669 3852 1726 3904 et
1757 3847 2017 3904 studium
2050 3863 2187 3919 pec-

541 3939 709 3996 candi
743 3938 983 4010 incipiat
1014 3938 1411 4009 ajuventute;
1446 3941 1510 3991 ut
1539 3954 1684 4010 puer
1712 3936 1879 4009 quasi
1912 3935 2186 3991 inﬁrmus

541 4032 758 4103 peccet,
795 4027 1033 4100 juvenis
1084 4031 1364 4097 tanquam
1412 4025 1737 4098 improbus,
1788 4024 1887 4097 qui
1927 4024 2188 4080 studiose

543 4118 742 4191 cupiat
773 4121 1009 4190 peccata
1038 4115 1191 4172 262
1223 4114 1610 4181 committere,
1642 4118 1699 4171 et
1728 4114 1787 4169 in
1840 4114 2190 4170 criminibus

544 4206 847 4280 glorietur.
915 4203 1081 4277 Apud
1140 4201 1450 4276 plerosque
1516 4203 1671 4259 enim
1724 4202 2056 4259 innocentia
2087 4217 2190 4273 pro

544 4295 796 4370 ignavia,
830 4300 887 4350 et
916 4292 1092 4365 culpa
1123 4309 1224 4365 pro
1258 4291 1429 4348 laude
1457 4292 1728 4348 habetur.
1764 4293 1853 4347 lta
1875 4308 1936 4347 se
1958 4289 2192 4345 luxuria

546 4389 601 4439 et
632 4382 855 4440 deliciis
876 4386 932 4438 et
962 4380 1380 4438 adulteriorum
1413 4381 1720 4438 affectibus
1742 4382 1991 4452 juvenes
2010 4380 2194 4450 jacta-

2290 3227 2471 3283 altcro
2501 3227 2909 3299 imperfectum
2940 3230 3061 3294 est;
3097 3226 3236 3298 quia
3276 3225 3373 3280 ubi
3433 3224 3794 3299 principium
3822 3222 3919 3286 est,

2290 3317 2425 3373 linis
2457 3316 2759 3389 quaeritur,
2791 3333 2896 3372 nec
2924 3319 3116 3387 potest
3144 3331 3271 3370 esse
3301 3314 3544 3370 sublato
3580 3314 3694 3369 ﬁne
3724 3307 3923 3385 princi-

2292 3406 2475 3479 pium,
2510 3410 2567 3460 et
2598 3406 2731 3461 ﬁnis
2765 3405 2823 3460 in
2854 3403 3213 3477 principium
3243 3403 3519 3460 recurrit.
3545 3404 3694 3475 Ergo
3716 3411 3926 3470 semper

2293 3493 2351 3550 in
2384 3496 2588 3550 eadem
2620 3508 2995 3549 recursurum
3026 3492 3166 3547 dum
3187 3491 3248 3548 in
3271 3490 3378 3546 hoc
3400 3492 3634 3548 mundo
3653 3492 3931 3561 est,gsnus

2294 3588 2579 3639 memorat
2600 3582 2948 3649 humanum,
2974 3584 3039 3636 ut
3060 3598 3195 3637 cum
3218 3579 3427 3652 incipit
3451 3576 3935 3648 annus,ﬁniatnr=

2296 3689 2430 3728 cum
2461 3673 2678 3739 linitur,
2713 3670 2974 3742 incipiat,
3008 3686 3126 3725 non
3159 3669 3349 3725 medio
3381 3669 3658 3725 mundus
3698 3672 3941 3736 tempore

2295 3760 2638 3817 resolvatur.
2677 3760 2762 3815 Ita
2790 3764 2847 3816 et
2879 3775 3046 3815 msns
3077 3759 3311 3830 quando
3339 3758 3577 3831 aliquid
3608 3756 3835 3813 videtur
3859 3750 3939 3805 in-

2297 3851 2508 3923 cipere,
2562 3850 2633 3904 ad
2683 3849 2858 3905 ﬁnem
2908 3863 3095 3919 usque
3141 3846 3484 3914 contendat,
3540 3851 3601 3902 et
3646 3841 3837 3918 operis
3864 3836 3946 3895 sui

2299 3940 2619 3995 terminum
2651 3941 2892 4009 qumrat.
2925 3936 3166 4002 Quando
3200 3935 3326 3990 ﬁnit
3354 3935 3610 4007 aliquod
3643 3948 3810 4006 opus,
3836 3941 3940 3984 non

2302 4029 2470 4101 quasi
2497 4029 2905 4083 consummato
2930 4041 3104 4097 opere
3135 4024 3374 4080 ferietur
3407 4025 3568 4096 (66):
3605 4022 3711 4079 sed
3759 4020 3818 4075 in
3855 4014 3956 4073 alia

2302 4120 2563 4173 recurrat
2586 4132 2781 4187 opera,
2812 4119 2869 4170 et
2899 4130 3131 4186 semper
3160 4114 3534 4169 incrementa
3559 4109 3798 4167 virtutis
3816 4119 3955 4162 exer-

2301 4210 2461 4262 ceat:
2494 4204 2727 4277 quando
2754 4203 2993 4277 quidem
3040 4203 3193 4258 videt
3241 4201 3399 4273 quod
3456 4201 3518 4257 in
3574 4201 3805 4257 fructus
3834 4206 3958 4252 suos

2304 4310 2537 4368 semper
2564 4298 2720 4349 terra
2750 4294 3048 4350 revocetur
3094 4292 3230 4363 (67),
3287 4289 3388 4361 qui
3446 4290 3673 4347 diversi
3725 4289 3957 4344 autvere

2308 4389 2364 4440 et
2411 4387 2629 4452 instate,
2685 4386 2746 4437 ut
2794 4382 2854 4436 in
2922 4380 3189 4452 partibus
3250 4378 3544 4447 Orientis,
3617 4381 3723 4434 aut
3786 4373 3965 4430 testate

547 4489 609 4528 re
640 4474 1015 4526 consuerunt.
1049 4469 1269 4526 Crescit
1318 4486 1454 4544 ergo
1504 4487 1640 4526 cum
1690 4470 1960 4525 aetatibus
1992 4466 2187 4540 culpa.
2221 4482 2265 4548 ι)
2305 4476 2707 4543 autumnoque
2758 4474 3094 4537 nascantur,
3144 4472 3208 4523 ut
3254 4467 3315 4522 in
3364 4467 3656 4538 partibus
3700 4461 3964 4522 Occiden-

548 4560 732 4616 Omne
763 4558 941 4631 igitur
970 4575 1154 4631 genus
1185 4560 1493 4615 hominum
1519 4561 1644 4631 jam
1678 4574 1790 4614 non
1832 4572 2188 4614 consumen-

550 4650 693 4705 dum
758 4647 1032 4716 declarat,
1095 4665 1229 4704 cum
1299 4648 1475 4704 dicit:
1545 4648 1662 4703 Non
1740 4647 2004 4720 adjiciam
2065 4661 2191 4717 per-

623 4846 739 4917 (62)
784 4844 957 4917 Rom.
1005 4844 1143 4899 edit.
1196 4842 1340 4911 sola,
1389 4860 1459 4899 ex
1504 4843 1865 4899 adolescentia
1909 4859 2031 4898 sua.
2080 4844 2197 4917 Non

551 4916 707 4996 ergo.
718 4916 989 4996 adjiciam
1024 4917 1318 4996 percutere
1350 4931 1563 4970 omnem
1608 4931 1831 4969 carnem
1871 4917 2036 4996 sicut,
2066 4916 2196 4996 feci,

553 4985 809 5045 omnibus
839 4985 1035 5041 diebus
1061 4995 1244 5042 terrae.
1280 4986 1422 5040 Cum
1458 5003 1596 5041 mss.
1626 4985 1915 5041 consentit
1938 4985 2201 5041 Nobilius

556 5061 611 5114 in
644 5058 801 5114 hunc
833 5056 1050 5120 locum,
1084 5058 1195 5113 nisi
1230 5057 1383 5128 quod
1419 5059 1590 5128 paulo
1614 5059 1886 5129 superius
1908 5058 2203 5129 interpun-

555 5130 810 5186 ctionem
842 5129 925 5184 sic
958 5134 1122 5200 putat
1150 5145 1280 5184 esse
1309 5128 1730 5183 restituendam
1757 5146 1769 5183 :
1808 5132 1878 5183 Iit
1917 5128 2062 5200 dixit
2095 5129 2202 5182 Do-

560 5204 749 5256 minus
780 5199 1114 5269 recogitans:
1142 5205 1265 5257 Non
1310 5201 1592 5271 adjiciam,
1625 5206 1733 5255 etc.
1778 5200 1937 5263 Quod
1969 5199 2205 5255 Hebraeo

558 5271 771 5328 melius
798 5272 1153 5343 respondere
1186 5273 1415 5326 asserit.

630 5344 742 5414 (63)
773 5342 921 5397 Edit’.
958 5342 1147 5412 Rom.,
1180 5343 1295 5399 Non
1341 5343 1597 5415 adjiciam
1645 5350 1926 5414 perculere
1982 5356 2201 5397 omnem

559 5430 799 5469 carnenL

630 5484 876 5570 (gunlta
926 5499 1070 5570 mgs.
1122 5485 1448 5570 etnpriscaa.
1474 5485 1616 5570 edit,
1645 5500 1860 5570 magno
1889 5500 2202 5570 consensu.

559 5553 710 5617 Ed’it.
744 5553 931 5626 Rom.,
970 5556 1082 5613 Non
1113 5553 1399 5633 adjiciam,
1434 5556 1644 5635 inquit,
1686 5553 1835 5615 ulira
1880 5556 2208 5623 maledicere

2308 4563 2405 4619 tis.

2379 4654 2472 4711 8’4.
2508 4650 2636 4706 Alio
2657 4653 2916 4721 tempore
2939 4653 3225 4703 terrarum
3250 4646 3586 4703 seminaria
3608 4648 3815 4718 partus
3847 4651 3975 4695 suos

2303 4859 2508 4905 terram
2542 4854 2764 4918 promer
2806 4860 2974 4916 opera
3029 4842 3337 4918 hominum.
3370 4846 3523 4914 quia
3578 4844 3875 4918 permanet
3895 4846 3979 4918 cor

2304 4907 2555 4977 hominis
2587 4907 2877 4988 diligenter
2930 4923 3150 4988 propter
3211 4907 3392 4969 mala'
3450 4931 3529 4971 ea:
3578 4907 3979 4971 'adolesccnlia

2308 5008 2428 5046 sua.

2398 5061 2491 5129 65)
2527 5059 2586 5113 in
2618 5058 2743 5114 sola
2773 5058 2940 5112 Rom.
2965 5054 3084 5129 edit
3114 5056 3327 5129 legitur
3354 5056 3481 5112 dies
3518 5059 3576 5111 et
3634 5072 3772 5129 nom.

2402 5126 2490 5199 66)
2522 5130 2736 5185 Omnes
2764 5129 2902 5184 edit.
2926 5132 2984 5183 et
3011 5126 3209 5199 plures
3242 5144 3382 5183 mss.
3420 5143 3606 5198 Opere
3632 5127 3889 5199 ﬁniatur.

2311 5199 2651 5271 Elegantius
2678 5201 2846 5257 Corb.
2879 5206 2937 5255 et
2967 5200 3183 5271 Long.,
3203 5214 3361 5270 opere
3388 5199 3682 5267 ferietur.
3852 5266 3863 5271 Α
3889 5266 3896 5271 Α
3936 5257 3945 5268 ,

2382 5222 2408 5260 8
2455 5222 2651 5258 anuus
2678 5222 2846 5257 UOI'D.
2879 5222 2937 5255 ει
2967 5222 3171 5271 140118.,
3203 5222 3361 5270 opere
3388 5222 3682 5267 [ει-ιειῑιν.
3936 5257 3945 5268 ⁸

2382 5222 2495 5344 (g7)
2526 5273 2613 5329 Ita
2663 5289 2761 5328 sex
2809 5288 2952 5326 mss.
3012 5275 3069 5325 et
3124 5270 3267 5344 edit.
3327 5271 3481 5344 Am._
3528 5286 3604 5325 ac
3670 5272 3805 5344 Era.
3835 5266 3908 5344 A_t.
3934 5273 3987 5313 In

2314 5333 2447 5402 aliis
2474 5333 2656 5418 legas,
2687 5348 2834 5418 terra
2865 5341 3429 5418 renouatur._lterum
3466 5340 3850 5418 hocgeodem
3876 5333 3994 5390 loco

2314 5419 2443 5474 Vat.
2480 5414 2606 5473 co'd.
2641 5416 2838 5479 habet,
2871 5414 2967 5486 qui
2991 5414 3193 5471 diversi
3221 5428 3344 5469 vere
3362 5419 3419 5467 et
3440 5416 3676 5480 aestate,
3708 5414 3994 5468 autumno-

2316 5507 2418 5568 que
2443 5490 2763 5555 nascantur,
2793 5486 2925 5559 alio,
2956 5490 3065 5543 etc.
