4026 6186
195 308 304 371 421

1406 312 1638 374 LIBER
1681 310 1784 374 DE
1825 309 1982 374 NOE
2025 311 2130 374 ET
2173 314 2399 376 ARCA.

3481 317 3599 378 422

197 443 414 499 edunt:
453 442 568 501 alio
599 448 795 503 autem
827 446 1088 519 tempore
1136 445 1359 500 fructus
1410 447 1683 501 arborum
1719 463 1842 500 cnr-
1876 448 1925 511 Α
1959 444 2213 500 hominis
2238 446 2665 516 generationem
2685 462 3015 519 expressam
3041 463 3250 503 :unam
3273 449 3594 503 secundum

196 531 414 604 pimus.
449 531 682 589 Dividui
715 549 850 607 ergo
882 535 1107 590 fructus
1137 539 1277 590 sunt
1320 535 1654 597 necessarii,
1689 536 1840 590 ξω

193 624 245 676 et
277 619 640 694 voluptuarii
667 639 681 678 :
715 621 1028 679 necessarii
1060 639 1128 678 ex
1157 622 1483 679 seminibus
1512 627 1802 678 terrarum
1828 640 1841 690 ;

190 711 248 765 at
281 725 422 765 vero
464 726 533 766 ex
563 710 842 768 arborum
881 711 1170 768 fructibus
1223 711 1600 785 voluptuarii.
1642 711 1846 783 Itaque

191 813 408 870 corpus
440 803 709 855 nostrum
739 804 1024 872 tanquam
1054 817 1206 867 vere,
1255 800 1366 856 hoc
1389 803 1497 867 est,
1530 814 1682 868 aere,
1715 800 1846 856 cibo

189 885 456 960 pascitur
503 887 780 954 naturali,
813 896 923 960 ’Λέρ
971 889 1084 960 (68)
1133 892 1329 944 autem
1360 888 1556 945 Graeco
1586 887 1843 954 nomine,

190 992 289 1031 ver
304 975 492 1031 latino
511 976 747 1032 dicitur.
781 977 916 1033 Ideo
945 977 1249 1049 Scriptura
1267 977 1338 1033 de
1355 977 1622 1050 partibus
1643 977 1844 1032 Orien-

187 1066 287 1128 tis,
321 1070 379 1120 et
401 1066 657 1121 maxime
689 1066 914 1139 Egypti
935 1082 1037 1138 per
1052 1083 1230 1139 quam
1262 1067 1532 1122 transivit
1549 1066 1844 1137 Hebraeus,

187 1151 278 1208 vel
311 1169 385 1208 ex
413 1153 682 1226 partibus
713 1154 1017 1210 Phoeniciis
1049 1155 1304 1227 sumpsit
1331 1155 1686 1228 exemplum.
1713 1157 1850 1211 Ani-

188 1258 292 1296 ma
313 1245 514 1298 autem
539 1241 948 1314 voluptuariis,
971 1242 1078 1299 hoc
1097 1248 1187 1299 est
1206 1243 1507 1316 sapientia;
1537 1244 1843 1313 fructibus,

189 1329 404 1386 alitur:
457 1330 550 1386 cui
602 1331 838 1399 iterum,
871 1336 937 1387 ut
963 1333 1192 1404 corpori
1249 1336 1448 1389 nostro
1488 1333 1846 1390 contrarium

188 1419 383 1491 frigus
403 1422 461 1474 et
491 1423 689 1485 astus,
715 1419 797 1476 ita
838 1419 1016 1476 timor
1034 1426 1092 1476 et
1122 1421 1428 1478 iracundia
1449 1421 1722 1478 videntur
1742 1424 1846 1479 ad-

185 1508 503 1564 versa.Sed
529 1507 670 1580 quia
689 1507 747 1562 in
770 1524 1012 1580 corpore
1031 1513 1138 1576 est,
1164 1525 1403 1566 necesse
1425 1515 1512 1566 est
1538 1515 1595 1566 et
1616 1511 1849 1568 iracuno

186 1595 353 1651 diam
373 1595 590 1652 habeat
609 1601 667 1652 et
681 1597 1085 1665 timorem,nec
1107 1603 1297 1670 potest
1315 1599 1442 1656 sine
1462 1599 1571 1657 hac
1587 1617 1716 1656 esse
1729 1618 1851 1657 cor-

191 1700 384 1756 porca:
408 1684 752 1741 necessitate
775 1689 996 1742 naturai
1011 1687 1143 1758 (69).
1163 1687 1233 1742 Et
1251 1686 1380 1743 ideo
1415 1704 1581 1744 mens
1611 1690 1848 1762 sapien-

1951 534 2264 603 imaginem
2301 535 2669 601 Dei,alteram
2688 536 3011 591 secundum
3048 537 3392 609 ﬁgmentum
3417 537 3487 592 de
3512 537 3594 592 lu-

1953 626 2011 676 to
2031 629 2214 676 terrte.
2245 623 2498 696 Denique
2519 623 2619 679 illa
2646 625 2862 680 creatio
2893 624 3156 681 hominis
3185 626 3255 680 de
3278 624 3400 682 luto
3431 630 3598 681 terra;

1949 710 2180 765 videtur
2199 727 2327 766 esse
2359 712 2507 767 facta
2537 717 2670 785 post
2690 714 3000 781 mundum,
3026 719 3338 786 postquam
3371 715 3599 787 requie-

1951 799 2034 853 vit
2059 800 2211 855 Deus
2237 801 2310 855 ab
2327 801 2601 872 operibus
2623 803 2768 856 suis.
2795 802 2932 857 Sero
2959 803 3392 873 quodammodo
3418 808 3601 858 terre-

1954 905 2040 942 nae
2069 893 2273 944 statuis
2297 888 2644 962 figmentum
2678 892 2789 961 (7i)
2821 891 3101 962 gignitur.
3139 893 3293 948 264
3322 893 3437 948 Non
3485 897 3603 948 erat

1952 978 2140 1048 pluvia
2184 995 2347 1049 super
2393 983 2624 1044 terram,
2679 995 2777 1034 nec
2827 981 2983 1035 homo
3029 990 3232 1036 terram
3275 982 3605 1053 operabatur

1955 1066 2107 1136 (Gen.
2133 1084 2194 1133 ιι,
2215 1069 2290 1133 5).
2318 1068 2480 1123 'l‘unc
2499 1068 2564 1122 de
2586 1069 2716 1123 limo
2737 1078 2895 1123 terrae
2933 1069 3098 1138 ﬁnxit
3124 1072 3262 1125 Deus
3304 1070 3612 1138 hominem,

1953 1159 2005 1209 et
2036 1158 2345 1227 insufflauit
2375 1159 2432 1212 in
2464 1159 2664 1226 faciem
2711 1159 2828 1228 ejus
2875 1161 3134 1228 spiritum
3173 1160 3303 1214 vitae
3347 1168 3397 1215 et
3425 1162 3604 1232 factus

1953 1248 2031 1300 est
2079 1246 2238 1300 homo
2277 1248 2337 1301 in
2382 1248 2628 1301 animam
2677 1249 2941 1301 viventem
2969 1247 3125 1317 (Ibid.
3160 1249 3238 1318 7).
3274 1246 3375 1304 Ille
3405 1253 3604 1304 autem

1956 1337 2116 1388 sexto
2136 1333 2248 1397 die,
2276 1333 2444 1405 quasi
2469 1336 2718 1406 perfecto
2740 1351 2983 1389 numero
3003 1353 3116 1406 quo
3139 1336 3340 1390 omnia
3369 1335 3604 1392 conclu-

1957 1438 2022 1477 sa
2053 1427 2191 1476 sunt
2243 1438 2419 1495 Opera
2450 1423 2570 1492 Dei,
2604 1424 2771 1494 quasi
2814 1427 3072 1494 perfecta
3102 1425 3438 1496 operatione
3467 1441 3603 1480 con-

1957 1510 2199 1566 stitutus
2232 1511 2404 1566 homo
2467 1513 2791 1567 secundum
2851 1513 3171 1583 imaginem
3222 1513 3322 1568 Dei
3371 1518 3479 1585 est,
3512 1514 3604 1570 cui

1957 1598 2132 1654 etiam
2157 1597 2266 1654 iste
2301 1607 2675 1671 comparatur
2704 1601 2803 1670 qui
2836 1601 2894 1654 in
2929 1600 3150 1656 diluvio
3169 1601 3374 1672 justus
3402 1603 3606 1679 inven-

1957 1691 2054 1741 tus
2086 1692 2192 1742 est.
2230 1688 2298 1741 Et
2316 1687 2444 1743 ideo
2467 1705 2646 1760 supra
2668 1692 2900 1743 terrena
2923 1690 3122 1743 omnia
3146 1705 3280 1744 eum
3303 1691 3607 1746 constituit

190 1772 276 1828 tis
315 1772 720 1829 moderamina
743 1775 909 1845 justa
940 1775 1280 1847 dispensat:
1317 1793 1388 1832 ne
1416 1776 1562 1832 iram
1591 1783 1649 1833 et
1677 1778 1846 1835 timo-
1879 1811 1926 1876 Β
1962 1780 2132 1840 Deus,
2165 1776 2318 1830 sicut
2351 1781 2408 1830 et
2439 1775 2603 1874 illum
2622 1777 2691 1831 ad
2729 1777 3046 1849 imaginem
3067 1777 3167 1876 Dei
3192 1777 3433 1876 factum,
3467 1779 3606 1851 quia

191 1877 324 1917 rem
357 1861 726 1934 permisceat,
759 1868 816 1918 et
846 1863 948 1919 ﬁat
977 1864 1246 1920 confusio
1279 1865 1546 1938 quedam
1569 1866 1628 1922 in
1651 1868 1848 1924 animo
1883 1861 1925 1876 υ
1960 1868 2202 1934 uterque
2233 1881 2265 1919 a
2298 1864 2543 1920 terrenis
2593 1865 2752 1918 vitiis
2801 1865 3163 1936 temperabat
3195 1867 3328 1937 (72).
3373 1867 3472 1922 Ille
3504 1868 3605 1940 qui

191 1948 362 2006 illius
393 1955 568 2022 atque
597 1949 906 2008 diluvium.

269 2039 360 2093 85.
388 2038 486 2094 Die
523 2053 757 2110 quoque
787 2043 838 2094 et
861 2043 1015 2096 nocte
1036 2038 1194 2112 quod
1227 2039 1326 2108 ait,
1361 2057 1462 2113 per
1491 2043 1646 2100 diem
1677 2043 1848 2100 intel-

188 2125 336 2198 ligis
363 2125 799 2183 illuminantem
836 2127 1139 2193 virtutem,
1173 2145 1276 2201 per
1305 2134 1533 2186 noctem
1566 2148 1849 2204 recogno-

191 2215 319 2270 scis
349 2215 719 2271 tenebrosam
751 2215 1168 2289 insipientiam.
1221 2217 1422 2290 Itaque
1470 2224 1528 2276 et
1551 2221 1610 2276 in
1643 2221 1850 2278 timOre

189 2307 482 2375 tanquam
513 2303 572 2359 in
602 2304 812 2377 frigore
861 2308 1052 2376 potest
1091 2321 1217 2362 esse
1259 2305 1600 2366 illuminans
1640 2310 1849 2366 virtus.

191 2389 488 2447 Similiter
541 2397 598 2448 et
627 2392 994 2449 iracundiam
1050 2399 1244 2466 potest
1274 2397 1591 2468 reprimere
1630 2402 1852 2472 tempe-

194 2481 428 2548 rantia;
461 2485 527 2536 ut
557 2481 615 2537 in
643 2481 851 2538 timore
869 2481 1181 2554 aliquinon
1208 2485 1442 2556 penitus
1466 2485 1852 2560 resolvantur,

194 2573 259 2625 et
293 2570 480 2642 magis
509 2569 780 2626 timorem
811 2570 1068 2643 dirigant
1098 2572 1170 2628 ad
1201 2587 1379 2646 opera
1402 2572 1655 2632 virtutis.
1678 2577 1852 2632 Verbi

197 2658 470 2730 gratia,si
498 2660 1110 2731 persecutorinsistat,
1145 2665 1210 2716 ut
1237 2661 1371 2733 plus
1402 2663 1586 2720 Deum
1619 2665 1850 2735 timeas,

200 2751 264 2803 et
287 2751 567 2820 perpetua
596 2748 786 2821 magis
803 2748 1111 2821 supplicia,
1144 2767 1322 2822 quam
1348 2753 1656 2824 praesentia
1684 2759 1854 2827 putes

200 2851 339 2891 esse
366 2836 624 2904 vitanda,
674 2853 801 2909 quas
852 2838 994 2894 dum
1026 2838 1221 2907 times,
1262 2841 1597 2898 accendaris
1630 2845 1700 2899 ad
1731 2844 1854 2917 glo-

206 2925 386 2992 riam,
418 2925 671 2997 perﬁdiae
713 2925 898 2982 iratus
927 2930 984 2983 et
1026 2927 1248 2983 sceleri.
1284 2929 1512 2986 Rursus
1553 2930 1858 2993 iracundia

208 3029 526 3069 successus
554 3013 750 3070 divino
781 3015 1230 3072 commotionem
1275 3017 1482 3075 timore
1513 3022 1853 3081 modereris.

807 3103 1037 3160 CAPUT
1075 3104 1266 3162 XXIV.

1959 1951 2039 2006 ita
2053 1955 2364 2023 generatus
2386 1957 2495 2021 est,
2531 1957 2596 2007 ut
2622 1951 2765 2006 nihil
2787 1957 3016 2008 terreno
3033 1955 3269 2032 deberet
3289 1957 3557 2028 contagio
3587 1973 3600 2012 :

1957 2039 2068 2095 iste
2088 2039 2187 2111 qui
2211 2044 2268 2096 et
2297 2040 2356 2095 in
2380 2040 2653 2113 periculis
2680 2042 2867 2096 fuerat
2887 2043 3266 2114 approbatus,
3295 2048 3353 2100 et
3381 2045 3606 2101 exami-

1961 2131 2134 2183 natus
2154 2128 2214 2183 in
2238 2129 2632 2200 passionibus,
2666 2135 2722 2184 et
2752 2137 3018 2202 repertus
3048 2133 3200 2203 quod
3228 2133 3286 2187 in
3310 2135 3607 2192 confusio-

1963 2232 2033 2272 ne
2064 2233 2178 2271 non
2230 2217 2438 2274 fuisset
2466 2218 2752 2273 obnoxius
2783 2220 3045 2290 passioni
3077 2222 3210 2292 (73).

2028 2306 2118 2360 87.
2151 2305 2334 2362 Altior
2378 2311 2571 2362 autem
2623 2323 2832 2362 sensus
2863 2307 3038 2364 habet
3067 2311 3222 2382 quod
3245 2311 3448 2382 justus
3480 2331 3608 2370 ma-

1961 2394 2267 2467 gnitudine
2287 2399 2345 2451 et
2377 2394 2754 2451 multitudine
2792 2397 3026 2453 virtutis
3043 2405 3493 2474 augetur,atque
3511 2404 3608 2459 do-

1961 2483 2186 2550 ctrina;
2221 2489 2279 2539 et
2308 2483 2490 2555 replet
2507 2489 2741 2552 terram,
2775 2488 2943 2556 quasi
2969 2503 3068 2542 cor
3085 2489 3379 2558 quoddam
3403 2491 3459 2545 in
3489 2509 3606 2564 quo

1963 2571 2038 2626 sit
2070 2571 2501 2644 receptaculum
2535 2572 3015 2646 intelligibilium.
3052 2577 3136 2631 lta
3175 2577 3320 2632 nihil
3352 2596 3605 2637 vacuum

1963 2661 2259 2733 sapientiae
2281 2678 2409 2717 esse
2427 2662 2664 2733 patitur,
2701 2664 2853 2734 quod
2877 2663 3214 2734 insipientia
3242 2668 3605 2737 possitinva-

1963 2749 2117 2805 dere.
2153 2748 2398 2805 Domitia
2432 2749 2611 2822 igitur
2653 2767 2768 2806 non
2817 2750 3008 2805 solum
3053 2753 3299 2808 terrenis
3330 2756 3606 2813 omnibus

1963 2837 2356 2910 passionibus,
2390 2838 2490 2894 sed
2534 2839 2708 2894 etiam
2741 2839 3014 2895 sensibus
3042 2841 3461 2913 corporalibus,
3506 2845 3608 2900 be-

1964 2927 2108 2982 stias
2131 2943 2362 2998 quoque
2383 2926 2492 2982 sibi
2518 2928 2772 2998 quodam
2797 2933 3015 2984 terrore
3035 2929 3274 3000 subjicit
3313 2936 3368 2987 et
3396 2933 3607 2991 timore

1966 3017 2023 3070 in
2048 3018 2264 3088 quibus
2286 3015 2507 3087 species
2526 3016 2757 3071 videtur
2775 3017 2968 3072 inesse
3010 3017 3244 3073 malitia:
3272 3024 3448 3092 atque
3471 3021 3606 3078 feri-

1964 3105 2122 3160 tatis.
2157 3105 2406 3160 Immitis
2448 3105 2603 3160 enim
2627 3109 2684 3160 et
2721 3107 2969 3178 agrestis
3001 3111 3089 3162 est
3128 3109 3321 3164 omnis
3361 3110 3605 3179 malitia,

205 3175 290 3230 De
314 3176 690 3265 praerogatiba
713 3179 994 3265 pqtestatis
1046 3175 1359 3265 hominibus
1391 3179 1448 3234 in
1479 3189 1678 3264 caetera
1707 3185 1851 3265 Iani-

1967 3199 2023 3250 et
2051 3192 2290 3249 inﬂatur
2317 3193 2469 3249 aerio
2517 3173 2786 3265 quodam.
2800 3199 3048 3250 tumore.
3080 3195 3194 3250 Nec
3220 3196 3364 3252 illud
3397 3173 3607 3254 obscu;

281 3245 458 3320 malis
481 3261 587 3320 per
625 3245 1048 3320 benedictionem
1089 3264 1206 3320 qua,
1232 3249 1338 3304 Noe
1385 3265 1511 3305 cum
1539 3254 1656 3307 suis
1684 3253 1854 3310 dona-

284 3319 374 3398 tus
403 3315 502 3398 est,
529 3315 792 3398 divinitas
822 3315 1132 3398 attributa}
1164 3319 1249 3398 __Et
1285 3322 1545 3398 quomodo
1583 3325 1859 3398 intelligac

283 3396 377 3442 tur
408 3387 668 3442 Dominus
719 3389 920 3444 eisdem
961 3389 1271 3446 hominibus
1292 3387 1383 3446 'in
1429 3408 1605 3448 escam
1650 3387 1856 3454 dedisse

279 3461 470 3514 omnia
497 3459 873 3530 reptilia,cum
900 3476 1088 3516 eorum
1113 3463 1366 3534 quaedam
1395 3470 1590 3520 venata
1614 3468 1743 3522 sint.

277 3545 369 3601 86.
403 3548 468 3601 Et
516 3546 794 3604 benedixit
838 3549 1102 3604 Dominus
1152 3550 1264 3605 Noe
1303 3557 1358 3606 et
1395 3550 1540 3620 ﬁlios
1587 3555 1723 3624 ejus,
1768 3557 1852 3611 di-

203 3651 370 3692 cens:
406 3634 636 3691 Crescite
679 3640 732 3692 et
776 3637 1254 3709 multiplicamini,
1300 3643 1352 3695 et
1392 3641 1601 3712 replete
1626 3647 1850 3714 terram,

202 3732 258 3780 et
285 3723 652 3780 dominamini
694 3726 856 3796 ejus:
901 3733 952 3780 et
1001 3729 1166 3781 timor
1208 3731 1383 3783 vester
1427 3733 1478 3784 et
1506 3737 1708 3788 tremor
1749 3749 1798 3788 ei
1812 3735 1856 3789 it

205 3813 463 3869 omnibus
494 3814 676 3870 bestiis
723 3816 908 3881 terra,
966 3823 1020 3870 et
1045 3816 1298 3870 omnibus
1343 3817 1536 3872 avibus
1563 3820 1689 3875 cali
1717 3822 1851 3893 (70),

202 3910 257 3957 et
279 3903 340 3956 in
367 3901 622 3957 omnibus
650 3917 777 3973 qua
799 3906 1087 3970 moventur
1111 3919 1277 3975 super
1296 3913 1536 3997 'terram,
1568 3911 1618 3963 et
1647 3910 1707 3963 in
1737 3925 1854 3966 om-

206 3991 370 4045 nibus
397 3990 640 4062 piscibus
667 3993 840 4046 maris
869 3991 1020 4062 (Gen.
1055 4009 1132 4059 Ix,
1166 3991 1190 4048 Ι
1227 3990 1379 4048 et'2i.
1407 3993 1537 4050 Hinc
1567 4011 1853 4072 praeroga-

206 4079 324 4133 tiva
363 4079 672 4151 potestatis
715 4078 775 4134 in
825 4079 1047 4136 caeteris
1100 4079 1456 4139 animalibus
1492 4083 1722 4141 videtur
1750 4086 1854 4144 ho-

205 4165 468 4223 minibus
499 4167 782 4224 attributa
823 4173 880 4224 et
900 4168 957 4223 in
991 4169 1393 4241 superioribus
1422 4173 1708 4244 partibus.
1740 4176 1852 4234 Sed

204 4273 274 4311 eo
290 4255 418 4312 loco
441 4256 540 4311 ubi
565 4256 713 4312 dixit
733 4258 886 4330 quod
909 4257 1063 4314 Deus
1091 4257 1387 4316 hominem
1410 4260 1564 4329 fecit,
1597 4263 1815 4320 dicitur
1838 4285 1851 4322 :

205 4345 506 4401 lasciuum
547 4349 599 4401 et
623 4347 888 4417 feminam
918 4349 1047 4418 fecit
1075 4363 1182 4414 eos,
1225 4352 1278 4404 et
1325 4347 1602 4406 benedixit
1646 4355 1724 4408 eis
1767 4354 1851 4410 di-

203 4451 330 4490 cens
353 4453 372 4488 :
406 4434 640 4490 Crescite
683 4439 735 4491 et
779 4437 1260 4508 multiplicamini,
1309 4441 1360 4493 et
1387 4439 1588 4510 replete
1625 4443 1851 4511 terram,

1963 3300 2114 3350 rum,
2148 3283 2305 3355 quod
2355 3281 2585 3354 reptilia
2632 3284 2897 3355 quaedam
2949 3283 3252 3340 lethalium
3287 3289 3604 3358 quamdam

1962 3371 2179 3427 habent
2199 3371 2451 3442 speciem
2470 3371 2872 3443 passionum,a
2887 3373 3100 3444 quibus
3112 3391 3396 3430 venenum
3416 3378 3606 3448 quod-

1963 3461 2099 3515 dam
2124 3459 2305 3515 menti
2336 3460 2566 3514 videtur
2595 3460 2848 3515 infundi.
2880 3461 3168 3517 Omnibus
3205 3464 3472 3535 ergo-his
3495 3465 3608 3520 isn-

1965 3552 2127 3621 perat
2149 3550 2348 3618 justus
2378 3549 2595 3619 quibus
2629 3565 2742 3603 non
2769 3551 3219 3607 commiscetur:
3255 3554 3352 3608 sed
3387 3558 3610 3610 coercet

1963 3653 2051 3702 ea,
2083 3636 2132 3692 si
2167 3651 2333 3692 mens
2363 3637 2491 3706 ejus
2537 3653 2649 3690 non
2682 3636 3088 3706 delectatione,
3142 3657 3254 3695 non
3289 3641 3608 3712 cupiditate

1964 3725 2232 3791 ducatur,
2291 3741 2406 3779 non
2454 3724 2696 3780 tristitia
2742 3729 2798 3780 et
2841 3726 3051 3781 timore
3098 3727 3437 3800 frangatur;
3489 3747 3606 3786 non

1962 3813 2139 3868 etiam
2167 3812 2400 3868 luxuria
2428 3818 2602 3885 atque
2633 3812 2858 3869 deliciis
2910 3818 3186 3885 tanquam
3229 3815 3520 3872 lubricum
3551 3821 3610 3874 et

1963 3901 2250 3957 caducum
2283 3902 2408 3956 vita:
2441 3901 2618 3974 hujus
2650 3906 2784 3975 agat
2823 3919 3083 3966 cursum,
3117 3904 3216 3958 sed
3249 3905 3609 3961 continentia

1962 3995 2020 4046 et
2048 3990 2432 4063 temperantia
2481 3991 2678 4063 abigat
2708 4009 2741 4046 a
2770 4008 2831 4046 se
2875 3991 2964 4046 vir
2994 3991 3226 4063 sapiens
3263 3992 3604 4061 hujusmodi

1963 4079 2288 4151 passiones.

2033 4171 2122 4223 88.
2156 4169 2266 4224 Sed
2299 4168 2436 4240 quia
2468 4168 2731 4224 subdidit
2760 4168 2957 4224 statim
2984 4187 2996 4225 :
3023 4170 3218 4225 Omnia
3238 4171 3462 4241 reptilia
3481 4185 3607 4241 quae

1961 4263 2088 4313 sunt
2116 4260 2260 4323 viva,
2312 4262 2475 4312 erunt
2521 4258 2667 4312 vobis
2710 4260 2770 4312 in
2820 4275 2996 4313 escam
3042 4258 3194 4329 (Gen.
3247 4274 3322 4323 Ix,
3373 4260 3474 4330 3);
3535 4276 3608 4316 ne

1964 4348 2108 4402 torte
2139 4352 2196 4402 te
2226 4352 2452 4402 moveat
2473 4347 2609 4419 quia
2635 4351 2768 4402 ante
2797 4347 2867 4402 de
2897 4347 3207 4418 reptilibus
3229 4347 3488 4403 diximus
3509 4365 3605 4404 ve-

1963 4435 2214 4500 nenatis,
2248 4450 2530 4506 cognosce
2578 4433 2692 4490 alia
2732 4451 2860 4490 esse
2905 4435 3132 4507 reptilia
3157 4441 3460 4502 venenata,
3494 4436 3609 4493 alia

203 4531 256 4579 et
281 4523 661 4579 dominamini
677 4525 816 4596 ejus,
848 4528 900 4579 et
915 4528 1238 4597 potestatem
1267 4525 1460 4583 habete
1485 4545 1650 4601 super
1681 4533 1856 4602 pisces
1884 4540 1931 4605 D
1963 4529 2289 4580 mansueta.
2325 4523 2404 4579 De
2454 4524 2779 4579 mansuetis
2821 4523 3001 4596 igitur
3029 4524 3338 4596 reptilibus
3389 4527 3604 4598 accipe,

204 4614 394 4680 maris,
421 4615 474 4668 et
500 4612 774 4678 volatilia,
795 4622 856 4670 et
876 4613 1070 4671 bestias
1099 4617 1285 4684 terrae,
1318 4618 1368 4671 et
1388 4619 1610 4688 reptilia
1639 4619 1791 4690 (Gen.
1816 4638 1855 4687 ι,

205 4701 416 4773 27-28).
467 4701 633 4767 Quod
683 4717 750 4757 eo
779 4701 1085 4772 admonui,
1135 4707 1200 4759 ut
1238 4703 1530 4778 intelligas
1559 4708 1855 4778 geminam

280 4835 390 4905 (68)
419 4833 635 4890 Vocem
671 4842 780 4910 'As'p
829 4852 964 4910 cum
1011 4835 1151 4910 edit.
1203 4838 1556 4910 superiores,
1613 4839 1855 4910 Latinis,

214 4910 572 4986 mss.._auteni
595 4907 820 4986 partim
841 4906 1085 4986 Latinis,
1101 4906 1331 4986 partim
1349 4909 1620 4986 contusis
1651 4906 1854 4969 chara;

215 4976 462 5032 cteribus
483 4975 848 5050 exhiberent,
882 4977 983 5050 qui
1008 4975 1249 5050 ultimas
1297 4980 1434 5035 edit.
1472 4981 1653 5042 Paris.
1687 4999 1854 5038 cura-

215 5062 357 5123 vere,
392 5063 637 5123 sensum
661 5049 863 5123 minus
896 5049 1146 5123 assecuti
1173 5067 1516 5123 reposuere:
1549 5055 1654 5109 Aer
1673 5059 1856 5110 autem

214 5120 388 5197 (fma
410 5122 654 5186 nomine,
678 5120 761 5197 vel
805 5121 1000 5197 lfatino
1045 5120 1266 5197 dicitur.
1314 5123 1483 5179 Male.
1518 5125 1639 5183 lllic
1669 5126 1856 5197 siqui-

217 5188 340 5266 dem
370 5197 460 5261 dtp
490 5207 596 5266 per
625 5191 1018 5266 metathesim
1057 5192 1298 5266 ponitur
1336 5211 1440 5266 pro
1471 5201 1577 5266 ιαρ,
1609 5188 1852 5253 veru-um

219 5209 340 5244 nem
370 5209 460 5261 asp
490 5209 596 5263 per
645 5209 1018 5247 metatnesim
1055 5209 1298 5317 ponitur
1336 5211 1440 5266 pro
1471 5209 1577 5264 ιαρ,
1609 5211 1852 5253 vernum

219 5263 464 5340 tempus.
514 5260 636 5340 Nisi
669 5261 924 5340 scribere
955 5278 1051 5318 me
1077 5265 1127 5319 is
1159 5280 1260 5336 per
1286 5265 1740 5340 contractionem
1769 5272 1852 5340 ἦρ,

220 5333 363 5406 quod
377 5405 381 5406 ν
395 5333 552 5406 apud
583 5337 860 5406 auctores,
884 5333 1462 5406 frequens‘occurrit.

284 5403 390 5483 (69)
422 5403 532 5483 Ita”
559 5403 1006 5483 emendavimus
1053 5422 1198 5462 mss.
1239 5407 1528 5483 subsidio.
1563 5407 1666 5464 Hic
1695 5408 1852 5464 enim

220 5472 348 5550 edit.
373 5472 685 5550 eahibent
707 5491 921 5550 magno
954 5492 1264 5546 consensu,
1297 5479 1360 5532 in
1401 5494 1623 5550 corpore
1669 5485 1770 5546 est,
1800 5485 1856 5535 et

221 5543 560 5620 iracundiam
591 5546 751 5602 habet
781 5543 837 5603 et
867 5549 1138 5616 timorem,
1168 5543 1268 5604 nec
1282 5553 1457 5620 potest
1475 5543 1594 5606 sine
1619 5551 1721 5606 hac
1743 5543 1856 5607 esse

220 5615 517 5689 incorpore
544 5623 861 5675 necessitate
888 5615 1128 5677 naturas.

281 5688 392 5770 (70)
409 5688 518 5752 Hic
544 5705 582 5751 α
618 5705 764 5751 mss.
787 5689 850 5751 in
879 5707 946 5752 eo
975 5695 1210 5755 tantum
1240 5693 1520 5756 recedunt
1548 5693 1686 5756 edit.
1736 5698 1848 5757 vet.

1967 4631 2094 4686 quae
2116 4615 2220 4670 etsi
2260 4630 2374 4668 non
2407 4613 2605 4668 omnia
2633 4616 2830 4668 ventre
2853 4618 2910 4669 et
2939 4617 3167 4685 pectore
3216 4619 3426 4686 repunt
3456 4616 3609 4671 sicut

1965 4703 2208 4770 colubri,
2237 4707 2358 4757 tam
2381 4701 2622 4774 exiguos
2641 4705 2836 4756 tamen
2850 4702 3026 4773 pedes
3048 4701 3284 4770 habent,
3315 4709 3380 4758 ut
3410 4718 3608 4774 repere

1963 4835 2118 4907 quod
2147 4835 2425 4907 omittunt
2447 4851 2466 4907 :7
2486 4835 2673 4907 bestiis
2691 4839 2879 4902 terrae,
2907 4840 2961 4890 et
2984 4837 3234 4892 omnibus
3252 4836 3446 4907 avibus
3465 4832 3606 4900 caeli,

1963 4904 2014 4963 et
2037 4910 2096 4962 in
2116 4906 2384 4962 omnibus.
2432 4906 2580 4962 Edit.
2618 4912 2812 4963 autem
2839 4908 3003 4962 Rom.
3035 4912 3223 4962 totum
3250 4904 3444 4958 locum
3469 4919 3606 4959 con-

1964 4979 2298 5032 cinnaverat
2320 4977 2379 5032 in
2409 4977 2562 5032 hunc
2595 4979 2870 5034 modum:
2915 4981 3078 5033 timor
3121 4978 3305 5038 vestri,
3337 4983 3386 5030 et
3406 4984 3608 5030 tremor

1962 5052 2067 5105 erit
2096 5065 2260 5119 super
2307 5065 2490 5104 omnes
2521 5051 2718 5105 bestias
2745 5054 2923 5110 terrae,
2948 5054 2999 5103 et
3043 5064 3206 5119 super
3232 5048 3417 5100 omnia
3455 5046 3606 5101 vola-

1963 5123 2085 5176 tilia
2128 5122 2271 5185 cwli,
2300 5129 2351 5175 et
2380 5137 2544 5193 super
2589 5123 2773 5176 omnia
2817 5136 2940 5191 quae
2966 5122 3248 5173 moventur
3282 5133 3444 5188 super
3489 5122 3603 5173 ter-

1963 5201 2194 5268 ram,__et_
2211 5208 2402 5268 omnes
2428 5195 2819 5268 piscesinqris,
2855 5197 2963 5268 etc.
3225 5258 3236 5268 _
3291 5267 3296 5268 γ
3380 5260 3419 5268 __

2033 5263 2145 5335 (7i)
2177 5264 2284 5319 Ms.
2337 5258 2513 5336 Long.
2568 5267 2625 5318 et
2669 5262 2822 5327 Vat.,
2873 5267 3106 5316 terrena
3150 5258 3470 5314 substantiae
3499 5260 3605 5331 ﬁg-

1962 5339 2226 5390 mentum.

2033 5408 2146 5478 (72)
2179 5406 2330 5462 Edit.
2365 5421 2569 5460 omnes
2601 5420 2666 5458 ac
2697 5419 2839 5478 mss.
2874 5400 3204 5478 non_pauci,
3235 5403 3606 5478 quiarutrum-

1963 5495 2064 5549 que
2082 5472 2293 5533 a'vitiis
2323 5477 2554 5532 terrenis
2579 5475 2928 5545 temperabat.
2959 5472 3099 5528 Mss.
3127 5472 3296 5528 Corb.
3334 5477 3390 5527 et
3420 5473 3603 5544 Colb.,

1961 5551 2510 5622 θαίαμέεξηιαειθις·
2601 5616 2623 5622 -
2693 5551 2700 5555 ’

2032 5620 2142 5699 (73)
2171 5615 2310 5676 Mss.
2355 5617 2547 5687 Corb.,
2600 5616 2781 5692 Long.
2832 5621 2890 5677 et
2917 5617 3068 5686 Vat.,
3113 5615 3378 5676 obnoxius
3407 5619 3606 5699 confu-

1961 5693 2127 5752 sisni.
