4166 6154
486 166 608 229 427

1947 130 2012 232 s.
2057 169 2434 266 Ameaosn

3774 171 3889 230 428

490 301 679 368 detur,
715 300 868 371 quod
900 316 1062 371 spem
1095 301 1147 356 ei
1178 301 1535 373 posteritatis
1558 299 1961 371 cripiat;quia
1982 301 2135 356 sicut
2165 302 2219 367 Α
2249 301 2409 356 nitus
2456 300 2721 373 interire.
2744 300 2889 366 Quid
2935 300 3090 355 enim
3140 301 3211 356 de
3258 298 3548 371 parricida
3595 297 3892 355 dicimus?

486 386 729 460 sanguis
755 389 976 445 effusus
1006 387 1064 444 in
1101 393 1335 453 terram,
1369 388 1478 443 hac
1509 393 1683 459 atque
1720 387 1852 444 illac
1900 388 2131 461 spargi-

487 480 604 540 tur,
638 475 718 529 ita
746 476 1060 547 impiorum
1094 478 1599 547 animacorporere
1619 477 1955 549 fragilitatis
1974 494 2134 537 more

488 563 747 619 solvatur
777 566 885 637 (82)
915 583 927 631 ;
962 567 1098 638 quia
1130 571 1186 620 et
1215 567 1286 620 de
1320 565 1488 620 ruina
1513 566 1736 621 dictum
1768 572 1857 621 est
1887 572 2133 621 mortem

488 653 618 721 ejus
648 670 777 710 esse
821 654 1253 726 corruptionem
1292 655 1409 721 (Job
1454 671 1653 718 xxxm,
1702 655 1817 725 28),
1861 670 1927 710 eo
1976 656 2132 726 quod

490 742 689 812 gratia;
720 742 969 798 caelestis
1001 758 1245 798 munere
1294 743 1692 811 defraudetur,
1723 747 1779 798 et
1806 742 1967 798 velut
2018 742 2133 797 col-

492 829 605 886 lisa
633 830 864 885 malitias
909 829 1169 902 scopulis
1218 831 1581 887 salubritatis
1613 849 1730 887 sum
1761 848 1974 903 corpus
2022 831 2136 886 im-

494 918 741 972 minuat.

564 1005 653 1060 99.
711 1006 905 1063 Movet
951 1009 1128 1065 etiam
1187 1009 1500 1081 plerosque
1549 1010 1702 1081 quod
1752 1009 1996 1065 dixerit:
2059 1008 2136 1064 All

494 1096 791 1164 imaginem
820 1097 921 1151 Dei
947 1099 1077 1167 fecit
1125 1099 1399 1153 hominem
1441 1100 1592 1167 (Gen.
1646 1115 1721 1162 1x,
1769 1098 1862 1170 6):
1919 1103 1976 1152 et
2019 1113 2133 1151 non

495 1181 737 1238 dixerit:
772 1184 851 1238 Ad
888 1184 1205 1257 imaginem
1237 1202 1452 1251 meam,
1485 1203 1617 1241 cum
1651 1186 1776 1258 ipse
1822 1187 1900 1241 sit
1956 1185 2133 1240 Deus.

493 1270 604 1324 Sed
634 1269 893 1343 intellige
933 1278 990 1327 et
1019 1273 1244 1328 Patrem
1276 1290 1424 1336 esse,
1450 1280 1509 1330 et
1542 1275 1751 1329 Filium
1784 1290 1930 1330 esse.
1967 1274 2033 1328 Et
2068 1273 2135 1328 li-

493 1364 582 1413 cet
612 1376 714 1430 per
745 1360 953 1415 Filium
991 1362 1190 1417 omnia
1241 1362 1391 1418 facta
1435 1367 1595 1433 sunt,
1640 1368 1838 1418 tamen
1885 1362 2136 1429 legimus

492 1448 633 1519 quia
664 1452 850 1516 Pater,
886 1450 1083 1505 l'ecerit
1123 1450 1341 1514 omnia,
1393 1457 1450 1505 et
1508 1451 1708 1507 iecerit
1756 1468 1856 1523 per
1901 1450 2132 1517 Filium,

492 1538 646 1591 sicut
673 1536 957 1608 scriptum
986 1542 1074 1592 est
1100 1555 1113 1592 :
1151 1538 1346 1593 Omnia
1376 1541 1437 1594 in
1466 1541 1737 1611 sapientia
1755 1541 1938 1610 fecisti
1961 1539 2132 1609 (Psal.

2244 390 2392 453 Quid
2426 390 2602 445 etiam
2629 372 3022 445 de'homicida
3052 389 3080 443 7
3111 388 3257 455 Quid
3291 388 3364 443 de
3394 387 3660 443 adultero
3689 387 3891 454 iouia

2243 479 2315 532 de
2375 477 2857 549 praevaricatore?
2887 479 3042 542 Quas
3072 477 3122 533 ei
3178 481 3375 549 partes
3433 476 3643 531 anima:
3698 476 3769 531 ad
3801 493 3894 531 ve-

2244 567 2400 622 niam
2436 583 2800 622 reservamus
2824 566 2851 619 ‘?
2885 566 3046 621 Unde
3078 567 3266 637 magis
3295 564 3436 620 illud
3463 564 3720 620 arbitror
3740 563 3890 635 quod

2246 660 2513 727 provocet
2542 654 2825 710 Dominus
2866 656 3043 721 Deus,
3074 660 3140 710 ut
3169 654 3343 709 etiam
3378 652 3427 708 si
3484 653 3621 723 quis
3652 652 3892 708 leviores

2245 743 2391 799 alias
2414 745 2626 799 habeat
2654 747 2980 814 passiones,
3031 760 3144 799 non
3203 741 3436 814 penitus
3483 741 3746 796 divinam
3792 741 3891 796 de-

2246 839 2443 903 speret
2471 833 2745 902 gratiam,
2778 848 2884 888 nec
2915 831 3269 905 omnimodis
3301 829 3595 886 victurum
3653 846 3718 885 se
3766 845 3894 885 esse

2251 919 2497 975 difﬁdat.
2533 920 2645 975 Sed
2677 920 2853 975 etiam
2885 920 2933 975 si
2958 925 3048 975 est
3075 919 3547 986 luxuriosusn,ec
3569 921 3759 990 potest
3778 922 3897 972 stu-

2245 1009 2411 1064 dium
2439 1009 2619 1064 vitare
2648 1008 2915 1075 luxuriae,
2955 1009 3027 1065 ab
3081 1006 3366 1063 adulterio
3415 1011 3610 1062 tamen
3661 1006 3898 1062 studeat

2245 1103 2571 1167 temperare
2600 1116 2613 1152 :
2649 1098 2727 1153 sit
2755 1097 3028 1169 epulandi
3061 1096 3389 1161 delectatio,
3422 1112 3538 1151 non
3584 1094 3897 1167 stupraudi

2246 1186 2341 1241 sit.
2374 1186 2577 1241 Etiam’
2593 1187 2643 1241 si
2673 1186 2866 1242 nescio
2915 1187 3048 1257 quis
3098 1202 3308 1241 avarus
3351 1184 3451 1256 qui
3511 1183 3702 1240 aliena
3742 1182 3897 1238 diri-

2247 1275 2393 1346 puit,
2427 1276 2593 1344 ejecit
2620 1273 2894 1347 pupillos,
2927 1274 3253 1330 eliminavit
3281 1273 3507 1340 viduas,
3553 1272 3643 1329 vel
3694 1277 3901 1344 postea

2245 1368 2440 1418 tamen
2475 1364 2533 1417 in
2566 1363 2966 1434 paenitentiam
2991 1379 3291 1434 regressus
3313 1352 3753 1434 restituatquod
3768 1362 3903 1416 abs-

2244 1451 2398 1506 tulit.
2433 1451 2694 1523 Denique
2723 1450 2995 1506 Zachaeus
3026 1450 3152 1506 ideo
3194 1448 3424 1506 veniam
3472 1449 3708 1516 meruit,
3758 1449 3905 1521 quia

2250 1558 2362 1595 non
2395 1540 2585 1595 solum
2618 1539 3024 1595 restituturum
3059 1555 3139 1605 se,
3176 1539 3273 1594 sed
3308 1536 3703 1609 quadruplum
3754 1554 3892 1609 pro-

490 1642 611 1689 CIII,
642 1627 755 1695 24).
789 1626 917 1680 Sive
947 1642 1085 1699 ergo
1115 1628 1282 1683 Pater
1313 1627 1473 1694 dicit,
1509 1629 1578 1682 ad
1614 1628 1931 1698 imaginem
1968 1627 2133 1683 Verbi
2170 1665 2215 1728 Β
2247 1629 2410 1684 misit
2432 1629 2648 1700 quibus
2674 1627 2871 1701 aliqua
2892 1626 3249 1694 sustulisset,
3279 1625 3636 1698 pauperibus
3657 1641 3900 1698 quoque

491 1713 665 1769 fecit:
699 1714 819 1769 sive
871 1714 1050 1770 Filius
1097 1715 1259 1782 dicit,
1319 1716 1391 1770 ad
1435 1716 1752 1787 imaginem
1802 1716 1903 1772 Dei
1952 1716 2137 1771 Patris

459 1800 643 1881 .fecit.
677 1801 745 1855 Et
773 1800 903 1857 ideo
936 1802 1287 1857 familiarem
1319 1805 1639 1874 quamdam
1671 1810 1728 1859 et
1752 1805 2134 1860 domesticam

492 1892 608 1945 Deo
629 1891 993 1946 demonstrat
1022 1890 1278 1946 hominis
1309 1910 1438 1948 esse
1471 1899 1762 1955 naturam.
1796 1894 1853 1947 id
1906 1898 1997 1949 est
2048 1911 2139 1947 ra-

494 1979 796 2034 tionabilis
828 1978 1084 2034 hominis
1112 1981 1436 2036 secundum
1487 1982 1641 2052 quod
1693 1982 1765 2036 ad
1816 1981 2137 2053 imaginem

496 2067 599 2123 Dei
630 2066 807 2122 creati
838 2084 1045 2122 sumus
1074 2085 1088 2134 ;
1121 2084 1305 2140 eaque
1335 2085 1515 2123 causa
1556 2068 1809 2123 inultum
1866 2086 1980 2124 non
2014 2086 2139 2125 esse

497 2155 652 2228 apud
685 2156 867 2211 Deum
899 2157 1053 2227 quod
1088 2157 1147 2211 in
1178 2157 1563 2213 domesticum
1613 2157 1830 2213 animal
1889 2158 1999 2213 sibi
2057 2158 2138 2211 vi-

497 2247 631 2301 deat
660 2244 973 2300 crudeliter
1000 2250 1056 2300 et
1088 2246 1266 2316 impie
1294 2263 1422 2302 esse
1447 2247 1852 2304 commissum.

569 2335 693 2389 400.
726 2338 912 2389 Causa
942 2350 1076 2405 ergo
1105 2335 1371 2389 vindictae
1394 2335 1592 2391 addita
1614 2336 1770 2401 facit,
1798 2341 1860 2391 ut
1882 2334 2139 2407 primum

500 2422 877 2480 excludamus
900 2421 1381 2494 philosophorum
1406 2423 1797 2495 quorumdam
1812 2424 2141 2496 opiniones,

498 2513 600 2583 qui
631 2515 848 2583 negant
890 2510 1074 2565 Deum
1127 2511 1340 2567 habere
1375 2528 1577 2567 curam
1625 2529 1803 2584 super
1831 2513 2136 2569 homines:

498 2600 707 2655 deinde
738 2599 990 2655 scientes
1020 2602 1458 2671 praerogativam
1484 2604 1693 2656 nostra:
1723 2600 1963 2656 ultionis
1985 2602 2140 2674 apud

497 2689 682 2745 Deum
715 2704 972 2755 manere,
997 2705 1184 2759 neque
1216 2690 1274 2743 in
1320 2688 1468 2744 alios
1517 2689 1955 2745 committamus
1987 2692 2140 2761 quod

497 2778 691 2832 divino
735 2776 962 2847 judicio
1016 2776 1434 2833 vindicandum
1468 2778 1587 2844 sit;
1648 2793 1835 2849 neque
1895 2784 2141 2835 mortem

496 2866 609 2937 ipsi
667 2864 1071 2920 vehementius
1126 2865 1634 2936 pertimescamus,
1696 2882 1830 2921 cum
1883 2867 2141 2924 sciamus

497 2953 685 3010 necati
713 2952 972 3008 hominis
1002 2952 1328 3008 innocentis
1359 2953 1514 3023 apud
1546 2952 1730 3008 Deum
1765 2952 1990 3010 nullum
2013 2971 2143 3011 esse

500 3047 924 3115 contemptum.

990 3131 1143 3187 269
1173 3129 1410 3186 CAPUT
1453 3130 1668 3186 XXVII.

499 3223 850 3277 Promittitur
908 3220 1183 3274 diluvium
1231 3236 1516 3289 nunquam
1574 3220 1841 3290 ejusmodi
1892 3223 2141 3292 futurum

569 3308 699 3360 esse,
731 3297 793 3347 ut
823 3296 1030 3363 terram
1054 3306 1266 3346 omnem
1280 3298 1641 3363 corrumpat;
1670 3292 1834 3363 idque
1862 3293 1929 3347 ad
1965 3295 2144 3348 animi

562 3365 844 3436 passiones
877 3361 1214 3436 traducitur.
1266 3362 1327 3436 In
1371 3361 1519 3436 arcu
1549 3365 1645 3436 qui
1691 3361 1898 3436 dicitur
1929 3380 2138 3435 ponen-

566 3434 667 3490 dus
698 3436 755 3488 in
785 3435 1048 3498 nubibus,
1092 3449 1198 3488 non
1250 3434 1664 3502 intelligendam
1713 3434 2135 3490 iridcm’osten-

564 3506 739 3573 ditur,
789 3504 884 3561 sed
923 3505 1132 3561 divinae
1175 3506 1395 3560 virtutis
1445 3508 1807 3560 intensionem
1839 3522 1903 3561 ac
1948 3508 2138 3563 remis-

564 3593 794 3633 διοηεγη.

565 3666 684 3720 101.
719 3665 837 3721 Νοη
866 3666 993 3731 erit,
1028 3664 1241 3736 inquit,
1272 3664 1550 3733 dilivium,
1583 3672 1641 3720 ut
1680 3670 1992 3737 corrumpat
2019 3682 2133 3723 0m-

490 3771 617 3811 nem
644 3758 851 3809 terram
890 3755 1001 3825 (83)
1050 3752 1203 3823 (Gen,
1249 3770 1328 3820 ιχ,
1386 3754 1495 3824 1i).
1550 3751 1808 3807 Dubium
1870 3754 2131 3811 videtur:

490 3849 688 3899 utrum
747 3844 924 3909 enim,
975 3842 1250 3897 diluvium
1267 3858 1377 3897 non
1420 3843 1544 3908 erit,
1578 3840 2026 3913 intelligendum
2059 3845 2135 3900 sit

487 3932 643 4004 quod
676 3930 939 3987 dilivium
971 3934 1309 4001 corrumpat
1333 3936 1547 3985 terram
1574 3947 1587 3997 ;
1622 3929 1731 3984 hoc
1776 3930 1932 3985 enim
1981 3933 2130 3988 dilu-

485 4021 578 4076 via
608 4022 793 4076 facere
823 4022 1221 4075 consuerunt:
1256 4034 1326 4073 an
1359 4033 1494 4073 vero
1526 4035 1640 4073 non
1671 4020 1781 4073 erit
1813 4019 1927 4075 tale
1976 4020 2129 4076 dilu-

485 4109 641 4165 vium
674 4125 790 4181 quo
825 4113 977 4164 terra
1006 4106 1198 4162 omnis
1237 4113 1667 4177 corrumpatur,
1726 4110 1879 4178 quod
1936 4116 2128 4181 poste-

484 4200 639 4255 riora
667 4198 957 4269 aperiunt,
990 4213 1124 4251 cum
1155 4196 1297 4251 dicit
1326 4212 1558 4250 omnem
1592 4200 1806 4250 terram
1840 4214 1954 4252 non
2003 4215 2127 4255 cor-

485 4287 870 4358 rumpendam
892 4286 920 4339 ?
950 4285 1217 4341 Ostendit
1244 4285 1400 4340 enim
1442 4283 1661 4340 diluvia
1711 4285 1946 4356 quidem
2000 4304 2126 4343 esse

2248 1717 2618 1773 medietatem
2651 1717 2743 1771 sui
2775 1716 3110 1788 patrimonii
3142 1717 3519 1771 donaturum.

2322 1807 2440 1861 103.
2489 1806 2942 1861 Consideremus
2988 1805 3165 1861 etiam
3216 1803 3559 1876 diligentius
3607 1804 3750 1875 quid
3798 1804 3902 1871 sit,

2248 1896 2401 1966 quod
2440 1894 2555 1950 ait:
2587 1896 2786 1950 Arcum
2817 1911 2999 1949 meum
3028 1909 3227 1964 ponam
3275 1895 3332 1946 in
3382 1892 3546 1961 nube,
3597 1900 3649 1947 et
3676 1894 3785 1947 erit
3823 1893 3905 1946 si~

2247 2002 2416 2056 gnum
2444 1985 2753 2039 teslamenli
2780 1984 2979 2039 aeterni
3006 1984 3151 2037 inter
3197 1998 3284 2036 me
3326 1986 3375 2037 et
3434 1984 3583 2036 inter
3634 1989 3846 2035 terram
3888 1998 3901 2035 :

2255 2080 2305 2128 et
2334 2074 2437 2126 erit
2469 2088 2593 2126 cum
2624 2071 3008 2126 innubilavero
3035 2069 3206 2124 nubes
3236 2085 3400 2140 super
3427 2076 3625 2124 terram
3650 2094 3665 2135 ς
3682 2070 3910 2141 parebit
3946 2116 3953 2119 _

2248 2176 2411 2215 arcus
2441 2176 2589 2214 meus
2622 2161 2684 2214 in
2713 2160 2874 2223 nu‘re,
2919 2164 2971 2214 et
3026 2174 3233 2214 memor
3289 2173 3380 2213 ero
3436 2160 3749 2213 testamenti
3789 2159 3909 2213 mei

2250 2248 2401 2319 (Gen.
2436 2248 2636 2313 ix,43,
2671 2250 2779 2316 16).
2828 2248 2951 2303 Non
3005 2247 3162 2303 enim
3213 2247 3365 2303 sicut
3421 2246 3683 2319 plerique
3742 2246 3905 2302 arbi-

2249 2342 2500 2397 trantur,
2537 2353 2735 2391 arcum
2771 2338 2949 2391 istum
3000 2336 3143 2390 dicit
3190 2352 3364 2405 quem
3413 2336 3583 2390 aiunt
3630 2334 3905 2391 homines

2251 2442 2400 2493 esse,
2434 2444 2547 2497 quo
2582 2425 2905 2497 pluviarum
2937 2424 3107 2495 signa
3151 2422 3345 2495 aliqua
3393 2422 3781 2490 declarentur,
3840 2424 3901 2479 in

2252 2532 2368 2587 quo
2399 2514 2619 2570 colores
2652 2514 2858 2569 diversi
2892 2517 3174 2585 tanquam
3207 2511 3503 2568 radiorum
3551 2512 3695 2569 solis
3742 2530 3906 2568 nunc

2252 2603 2644 2666 rutilantium,
2678 2619 2833 2657 nunc
2864 2603 3087 2657 lumine
3116 2601 3436 2657 lucentium
3464 2601 3707 2658 clariore
3747 2602 3904 2675 ﬁgu-

2252 2698 2455 2746 rantur
2479 2708 2491 2745 ε
2529 2693 2683 2747 unde
2712 2697 2768 2746 et
2800 2690 2996 2762 pluvia
3017 2692 3214 2745 t'utura
3235 2689 3623 2762 signiﬁcatur,
3646 2706 3713 2745 eo
3737 2691 3899 2761 quod

2251 2779 2648 2835 inconstantia
2679 2779 2943 2850 quaedam
2971 2778 3306 2833 serenitatis
3328 2777 3676 2834 versicolora
3701 2779 3904 2851 specie

2248 2868 2685 2924 demonstretur
2711 2868 2844 2935 (84).
2876 2870 3089 2922 Arcum
3122 2866 3277 2922 hunc
3314 2865 3447 2922 irim
3499 2867 3741 2939 quidam
3793 2884 3911 2939 ap-

2251 2955 2503 3026 pellant:
2540 2956 2639 3009 sed
2661 2954 2814 3009 absit
2836 2962 2899 3009 ut
2918 2954 3076 3008 hunc
3099 2970 3299 3009 arcum
3322 2953 3423 3009 Dei
3449 2970 3579 3009 esse
3605 2953 3905 3010 dicamus.

2174 3033 2219 3097 C
2253 3043 2357 3099 Hic
2387 3044 2542 3098 enim
2575 3059 2746 3098 arcus
2777 3041 2877 3113 qui
2910 3041 3013 3095 iris
3062 3042 3298 3108 dicitur,
3355 3057 3457 3112 per
3504 3042 3661 3097 diem
3716 3042 3905 3099 videri

2251 3131 2418 3199 solet,
2452 3136 2618 3187 nocte
2651 3148 2765 3186 non
2798 3135 3055 3202 apparet.
3090 3129 3278 3185 Etiam
3309 3147 3410 3202 per
3468 3130 3665 3202 ipsum
3720 3131 3912 3198 diem,

2250 3220 2299 3276 si
2332 3222 2620 3276 obductus
2652 3237 2749 3274 aer
2778 3219 2942 3274 tetris
2973 3218 3232 3274 nubibus
3264 3217 3456 3284 fuerit,
3497 3236 3602 3275 nec
3633 3220 3719 3275 sic
3764 3221 3910 3291 qui-

2249 3310 2382 3365 dem
2416 3308 2660 3375 videtur,
2693 3308 2753 3363 ni
2785 3310 2930 3363 forte
2962 3324 3095 3362 cum
3128 3308 3418 3381 graviores
3471 3308 3661 3364 nubes
3692 3326 3755 3364 se
3786 3325 3911 3365 ca:-

2248 3396 2440 3468 perint
2474 3394 2747 3450 relaxare.

2321 3486 2441 3540 105.
2476 3485 2624 3556 Ergo
2658 3485 2959 3539 videamus
2989 3500 3062 3539 ne
3102 3483 3240 3555 quia
3270 3500 3440 3539 arcus
3499 3500 3615 3556 quo
3670 3486 3913 3557 sagittae

2239 3575 2559 3646 jaciuntur,
2595 3590 2750 3627 nunc
2783 3572 3059 3639 tenditur,
3093 3589 3250 3627 nunc
3299 3572 3627 3641 resolvitur,
3680 3591 3913 3645 quam-

2246 3666 2381 3719 dam
2413 3662 2805 3718 extensionem
2864 3667 2921 3716 et
2971 3660 3374 3717 remissionem
3424 3661 3694 3717 videatur
3739 3665 3917 3719 Scri-

2243 3757 2417 3825 ptura
2445 3752 2606 3806 ππ)
2632 3750 3092 3822 signiﬁcare,per
3112 3766 3289 3821 quam
3313 3766 3500 3821 neque
3524 3751 3761 3823 penitus
3797 3769 3916 3824 per

2244 3840 2489 3896 nimiam
2519 3839 2913 3894 extensionem
2946 3839 3218 3894 universa
3248 3845 3633 3910 rumpantur;
3676 3840 3787 3895 sed
3821 3840 3913 3897 sit

2242 3929 2509 4001 quaedam
2545 3943 2841 3997 mensura,
2864 3930 2921 3982 et
2941 3927 3239 3998 quoddam
3267 3927 3471 3982 divinae
3497 3926 3733 3983 virtutis
3761 3944 3913 3985 exa-

2242 4034 2397 4073 men.
2433 4018 2531 4071 Est
2561 4032 2698 4087 ergo
2730 4016 2914 4070 virtus
2947 4014 3259 4070 invisibilis
3288 4015 3389 4070 Dei
3420 4032 3547 4087 quae
3587 4019 3644 4071 et
3694 4018 3915 4088 specie

2241 4106 2413 4161 istius
2442 4122 2613 4160 arcus
2643 4102 2991 4159 extendendi
3041 4108 3098 4159 et
3154 4103 3490 4159 remittendi
3539 4104 3918 4161 moderatur

2232 4212 2341 4266 pro
2373 4194 2571 4249 divina
2598 4192 2914 4258 voluntate,
2948 4191 3369 4259 misericordia,
3404 4196 3710 4265 potestate,
3759 4210 3918 4266 quin

2238 4300 2427 4355 neque
2455 4282 2653 4338 omnia
2682 4280 2955 4336 confundi
2989 4279 3170 4336 nimia
3208 4280 3518 4347 solutione,
3571 4298 3769 4354 neque
3804 4285 3918 4339 di-

483 4375 702 4442 l‘utura,
734 4376 834 4430 sed
867 4390 980 4429 non
1024 4373 1164 4428 talia
1220 4372 1433 4444 quibus
1483 4372 1669 4444 possit
1722 4373 1915 4429 omnis
1970 4378 2127 4431 terra
2158 4394 2204 4458 Β
2236 4372 2429 4444 rumpi
2472 4371 2654 4426 nimia
2684 4369 3006 4441 irruptione
3053 4370 3327 4440 patiatur.
3388 4372 3573 4437 Quam
3633 4371 3771 4427 ideo
3842 4373 3918 4429 in

483 4478 800 4533 corrumpi.

557 4552 677 4606 102.
712 4550 934 4606 Sensus
967 4555 1162 4605 autem
1194 4550 1304 4605 hoc
1334 4549 1506 4605 altior
1556 4549 1751 4615 habet,
1802 4552 1957 4622 quod
1999 4552 2125 4620 jam

479 4639 846 4711 providentia
878 4638 1075 4693 futura
1105 4638 1178 4692 sit
1208 4636 1463 4700 Domini,
1493 4654 1565 4692 ne
1596 4642 1825 4693 tantum
1855 4639 1934 4692 sit
1973 4639 2123 4695 dilu-

476 4729 637 4783 vium
669 4724 1059 4799 corporalium
1095 4726 1459 4797 passionum,
1495 4730 1560 4780 ut
1590 4726 1787 4781 anima
1806 4726 1998 4782 omnis
2032 4729 2119 4783 in-

475 4820 677 4872 tereat.
739 4816 805 4871 Et
835 4814 1072 4887 quidem
1107 4832 1220 4869 non
1254 4815 1438 4869 audeo
1481 4813 1670 4868 dicere
1701 4814 1841 4885 quia
1896 4815 2125 4871 videtur

475 4905 761 4961 Dominus
794 4909 1070 4971 statuere,
1107 4904 1260 4975 quod
1295 4902 1518 4957 nullius
1550 4904 1748 4957 anima
1792 4905 1975 4975 possit
2023 4922 2120 4976 pe-

473 5056 582 5105 ἀντὶ
654 5058 741 5106 τοῦ
810 5056 1010 5119 αἳματος
1078 5051 1228 5120 αγὺτὸῦ
1283 5054 1648 5120 inludant-mi-
1733 5045 1839 5101 Ubi
1918 5058 2118 5120 vocem

472 5126 498 5176 ὁ
547 5127 733 5193 ἐπιχέων
795 5120 992 5193 referri
1054 5119 1122 5173 ad
1184 5118 1459 5193 verbum_
1494 5123 1832 5193 Enzuﬂ'fperzr
1874 5118 2117 5193 manife-

2236 4460 2491 4517 nubibus
2522 4458 2662 4515 dicit
2692 4458 2848 4530 poni,
2882 4458 3023 4529 quia
3052 4462 3190 4513 tunc
3223 4459 3474 4515 maxime
3504 4476 3654 4530 opus
3685 4466 3783 4516 est
3814 4462 3923 4517 di-

2234 4551 2378 4605 vinae
2405 4548 2617 4606 auxilio
2650 4546 3043 4619 providentiae,
3079 4547 3311 4618 quando
3360 4547 3599 4619 agmina
3628 4549 3920 4607 nubium

2236 4639 2293 4693 in
2326 4637 2607 4711 procellas
2639 4639 3130 4707 tempestatesque
3160 4640 3470 4708 coguntur.
3506 4635 3769 4709 Ideoque
3806 4640 3922 4695 di—

2233 4728 2345 4782 cit:
2380 4728 2580 4782 Arcum
2608 4741 2788 4780 meum
2826 4740 3029 4795 ponam
3085 4726 3146 4778 in
3200 4726 3363 4789 nube,
3425 4716 3541 4779 non
3595 4724 3924 4797 sagittam

2233 4831 2469 4888 ponam.
2503 4818 2686 4868 Arcus
2718 4812 2872 4868 enim
2904 4812 3359 4868 instrumentum
3384 4812 3719 4884 jaculandae
3791 4834 3924 4873 sa—

2230 4905 2387 4976 gitta":
2411 4904 2729 4975 estJtuque
2754 4919 2866 4958 non
2893 4902 3015 4974 ipse
3035 4919 3204 4958 arcus
3225 4901 3490 4958 vulnerat
3509 4903 3611 4958 sed
3639 4904 3921 4976 sagitta.

2300 5045 2409 5118 (83)
2443 5045 2580 5100 Mss.
2615 5048 2671 5098 et
2700 5047 2810 5099 vet.
2844 5042 2983 5098 edit.
3019 5043 3115 5118 hic
3144 5044 3536 5118 consentiunt,
3570 5044 3685 5100 nisi
3719 5050 3924 5116 quod

2228 5114 2332 5189 pro
2353 5114 2565 5189 omnem
2595 5119 2818 5182 terram,
2867 5116 3219 5189 recentiores
3265 5114 3486 5189 aliquot
3516 5132 3677 5189 _mss.
3740 5114 3926 5177 cum

473 5180 639 5245 stun'f
664 5197 770 5246 est.
805 5191 934 5245 Edit
966 5197 1159 5246 tamen
1184 5189 1360 5261 ,Vulg.
1414 5190 1499 5245 sic
1550 5180 1736 5261 legit:
1799 5189 2118 5261 Quicunque

469 5261 727 5386 egudwit
781 5264 1106 5332 sanguinem
1173 5258 1497 5326 humanum,
1564 5258 1828 5331 fundetur
1891 5258 2119 5332 sanguis

472 5349 489 5386 τ
544 5348 645 5386 ius.

472 5348 645 5387 unus.

2225 5186 2336 5244 vet.
2371 5190 2511 5245 edit.
2545 5186 2744 5259 legunt
2775 5202 2989 5259 omnem
3018 5187 3311 5242 hominem.
3354 5186 3479 5259 Sed,
3502 5187 3685 5259 (Rom.
3730 5190 3924 5248 edit.

2226 5260 2307 5343 ihta
2323 5258 2626 5343 reposuit:
2660 5258 2959 5343 Non‘ultra
2988 5260 3114 5326 erit,
3157 5260 3353 5328 inquit,
3403 5258 3662 5312 dilivium
3713 5275 3927 5331 aqua

2225 5328 2427 5388 (laetari
2470 5335 2533 5386 ut
2565 5345 2668 5386 nos
2694 5328 2755 5385 in
2786 5332 2965 5385 textu.
3776 5328 3795 5331 '
3926 5372 3929 5375 Α

2253 5404 2406 5533 t(84t)
2440 5403 2582 5460 Μαι.
2618 5400 2773 5471 cod.,
2807 5399 3014 5459 diversi
3057 5401 3369 5460 coloresilla
3423 5401 3599 5477 specie
3651 5399 3931 5465 denum-

2277 5491 2375 5533 ren
2402 5492 2489 5533 ur.

2225 5491 2489 5535 εινϐηιαν.

539 5403 651 5471 (82)
686 5402 771 5458 Ita
801 5403 928 5475 cod.
965 5421 1108 5461 mss.
1142 5408 1200 5462 et
1227 5404 1367 5462 edit.
1426 5403 1592 5462 Rom.
1645 5401 1771 5463 Vet.
1833 5405 2048 5475 autem,
2081 5421 2115 5462 α

463 5488 689 5551 corpore
713 5473 1047 5550 fragilitatis
1075 5491 1224 5536 more
1241 5476 1505 5536 solvatur.
