4026 6186
422 295 536 356 431

1890 293 1953 354 S.
1999 292 2373 355 AMBROSII

3672 303 3766 361 432

422 428 575 483 rium
623 427 811 483 fontes
850 430 907 483 et
964 427 1212 484 ﬁumina
1270 426 1536 483 convenit
1602 425 1883 494 derivare,
1940 442 2066 497 quae
2096 428 2151 493 Α
2182 425 2347 497 rique
2392 423 2643 496 juvenili
2715 423 2945 481 accensi
3002 424 3216 492 calore,
3278 428 3383 480 aut
3453 426 3662 485 luxuria
3726 437 3775 487 et

421 532 535 572 non
587 515 790 588 utique
847 532 1026 573 manu
1082 516 1337 573 hominis
1394 514 1617 581 ell‘ecta,
1674 515 1777 570 sed
1835 515 2068 570 Domini

417 603 517 659 Dei
547 604 732 660 nostri
764 605 944 677 jussu
1001 608 1058 661 et
1114 604 1446 676 operatione
1499 604 1809 660 fluxerunt.
1869 604 1942 657 At
1998 618 2069 658 ne

419 692 560 765 quia
589 694 843 752 diximas
874 693 1268 768 operationem
1302 692 1554 761 Domini,
1585 693 1657 748 ad
1689 692 1832 747 illud
1890 695 2068 747 retor-

419 797 602 853 queas
634 783 792 855 quod
838 781 1093 853 operatio
1150 780 1291 837 Cain
1347 781 1577 837 videtur
1631 778 2070 836 maledictiones

418 870 736 939 habuisse;
793 870 1099 926 considera
1158 887 1274 926 non
1334 870 1726 942 Operationem
1775 866 2072 924 maledicti

420 975 634 1015 nomen
666 960 942 1030 accipere,
978 959 1075 1014 sed
1121 959 1277 1030 quod
1335 958 1618 1031 scriptum
1678 962 1785 1023 est,
1845 954 2071 1029 operari

424 1053 655 1103 terram.
691 1048 798 1111 Qui
843 1048 1001 1104 enim
1052 1052 1326 1121 operatur
1380 1051 1596 1103 terram
1676 1045 2073 1101 mercenarius

423 1140 530 1192 est.
582 1135 683 1192 Ille
713 1141 909 1192 autem
960 1154 1076 1192 non
1128 1136 1544 1203 mercenarius,
1605 1136 1706 1191 sed
1763 1133 2071 1203 Dominus,

426 1224 527 1297 qui
561 1224 675 1281 ait:
716 1227 885 1281 Pater
915 1242 1065 1282 meus
1117 1242 1283 1298 usque
1336 1226 1491 1281 modo
1544 1231 1821 1298 operatur,
1878 1231 1929 1278 et
1974 1238 2072 1291 ego

426 1330 627 1386 operor
684 1316 861 1385 (Joan.
919 1332 973 1384 v,
1035 1316 1145 1387 17).
1203 1314 1351 1379 Quid
1405 1318 1677 1387 operatur
1730 1310 2074 1385 hujusmodi

426 1403 737 1476 operator?
764 1404 954 1460 Audi:
989 1405 1131 1460 Meus
1161 1406 1314 1459 cibus
1371 1412 1468 1471 est,
1524 1412 1582 1460 ut
1630 1404 1829 1474 faciam
1880 1402 2071 1457 volun-

424 1497 589 1549 tatem
618 1494 805 1549 Patris
828 1496 939 1549 mei
969 1496 1064 1566 qui
1101 1495 1163 1548 in
1214 1494 1361 1547 cwtis
1391 1500 1468 1547 est
1499 1493 1675 1564 (Joan.
1708 1509 1786 1559 1v,
1819 1492 1927 1561 34).

499 1582 621 1638 111.
652 1585 728 1638 Et
756 1583 908 1650 bibit,
940 1582 1152 1656 inquit,
1202 1582 1266 1637 de
1324 1583 1466 1648 vino,
1527 1585 1580 1636 et
1636 1581 1941 1636 inebriatus
1993 1582 2074 1634 est

424 1672 580 1742 (Gen.
645 1690 717 1739 ix,
775 1673 886 1744 21).
947 1671 1071 1727 Non
1126 1670 1288 1736 dixit,
1369 1670 1569 1726 vinum
1654 1668 1825 1735 bibit;
1884 1684 2072 1739 neque

426 1763 599 1856 ustus
628 1760 829 1856 vinum
860 1759 1077 1827 ebibit;
1111 1760 1213 1856 sed
1262 1759 1326 1815 de
1360 1760 1502 1824 vino,
1535 1758 1643 1813 hoc
1673 1761 1762 1856 est
1818 1758 1888 1812 de
1944 1757 2071 1827 ejus
2104 1791 2151 1856 B

423 1848 710 1921 portione,
733 1848 951 1904 libavit.
978 1847 1205 1904 Ebriosi
1221 1852 1308 1903 est
1329 1863 1501 1903 omne
1514 1846 1824 1903 absorbere
1844 1846 2070 1911 vinum,

423 1944 481 1994 et
513 1937 957 2010 intemperantis
987 1953 1265 1994 evacuare
1292 1937 1445 2009 quod
1478 1935 1832 2007 sumpserit;
1889 1934 2071 1990 conti-

427 2027 589 2082 nenti
621 2030 816 2082 autem
842 2025 1125 2082 utendum
1158 2042 1436 2081 mensura
1482 2023 1745 2096 legitima
1800 2027 1890 2079 est
1940 2022 2071 2093 (88).

429 2115 736 2171 Ebrietatis
792 2115 989 2187 itaque
1047 2115 1271 2187 species
1329 2113 1565 2186 gemina
1607 2118 1714 2182 est,
1775 2130 1892 2168 una
1949 2128 2075 2182 qna:

430 2204 840 2260 titubationem
874 2203 1097 2277 corpori
1130 2204 1352 2270 afferat,
1400 2207 1573 2273 atque
1602 2202 1731 2273 ejus
1788 2200 2076 2274 supplan-

431 2297 515 2349 tet
567 2292 833 2365 vestigia,
889 2309 1248 2364 sensumque
1306 2291 1657 2364 perturbet:
1714 2289 1894 2345 altera
1951 2306 2077 2361 quae

433 2386 688 2439 mentem
722 2382 953 2437 virtutis
983 2385 1219 2454 vaporet
1246 2381 1452 2454 gratia,
1513 2384 1570 2435 et
1628 2395 1861 2435 omnem
1913 2377 2078 2433 inﬁr-

435 2472 701 2528 mitatem
731 2471 999 2526 videatur
1052 2475 1329 2526 avertere.
1365 2469 1528 2524 Unde
1588 2467 1905 2541 Apostolus
1958 2467 2076 2523 ait:

439 2562 570 2617 Vino
600 2561 816 2616 modico
846 2562 997 2615 utere
1021 2563 1241 2631 propter
1295 2560 1605 2630 frequentes
1662 2565 1783 2613 tuas
1840 2558 2080 2626 inﬁrmi-

431 2652 569 2705 tates
599 2651 650 2718 (Ι
671 2649 804 2704 Tim.
836 2666 890 2715 v,
916 2650 1027 2719 23).
1059 2648 1221 2703 Sicut
1276 2646 1431 2703 enim
1489 2646 1602 2703 isto
1661 2646 1899 2701 bibendi
1957 2662 2080 2701 mo-

434 2738 735 2795 deramine
762 2737 966 2794 vinum
1008 2755 1121 2793 non
1182 2736 1507 2793 inﬁrmitati
1566 2739 1675 2803 est,
1735 2736 1834 2791 sed
1884 2733 2079 2804 saluti,

436 2832 611 2901 atque
642 2844 877 2884 omnem
918 2826 1323 2881 infirmitatem
1352 2824 1562 2880 allevat
1616 2823 1877 2896 corporis
1928 2841 1941 2878 :
2002 2823 2087 2878 ita

435 2917 611 2973 etiam
644 2915 893 2972 ebrietas
922 2914 1024 2970 illa
1066 2914 1345 2987 praeclara
1392 2930 1622 2970 omnem
1680 2912 2083 2968 inﬁrmitatem

437 3006 631 3062 carnis
651 3004 922 3071 excludit,
956 3005 1027 3059 de
1055 3021 1172 3075 qua
1220 3003 1502 3075 scriptum
1536 3005 1661 3058 est:
1712 3003 1777 3056 Et
1826 3001 2084 3072 poculum

2179 514 2556 570 delectatione
2609 513 2913 579 ﬂammati,
2946 518 3048 570 aut
3076 513 3326 570 avaritia:
3383 516 3523 588 rapti
3575 519 3774 591 cupidi-

2178 606 2339 671 tate),
2372 607 2525 659 certe
2555 602 2833 659 omnibus
2892 602 2986 659 bis
3044 603 3335 658 medicina
3386 611 3676 676 quaeratur,
3725 612 3781 664 ut

2179 691 2393 763 aliquis
2423 695 2580 764 tegat
2634 691 2977 763 hujusmodi
3006 691 3403 747 inﬁrmitatem
3453 710 3627 762 suam,
3681 697 3779 768 pri-

2179 796 2341 834 mum
2375 780 2595 851 pudore
2626 781 2881 852 quodam
2910 781 3386 837 et~verecundia:
3445 786 3507 837 ut
3532 783 3692 838 etiam
3742 786 3783 841 si

2179 869 2238 923 in
2297 867 2522 924 lubrico
2581 870 2657 924 sit
2712 869 2903 925 adhuc
2962 870 3189 942 positus
3270 868 3650 943 delinquendi,
3702 873 3784 928 det

2178 961 2374 1012 tamen
2427 957 2850 1013 emendationis
2909 957 3159 1030 insigne.
3218 958 3443 1014 Etenim
3500 959 3786 1032 plurimum

2180 1045 2420 1101 interest
2450 1049 2647 1101 utrum
2681 1050 2921 1118 peccata
2952 1064 3060 1103 sua
3107 1048 3332 1117 jactare
3389 1048 3679 1105 desideret.
3732 1052 3786 1105 In

2181 1132 2360 1189 altero
2384 1134 2540 1189 enim
2590 1135 2781 1206 turpis
2812 1135 3196 1207 impudentia,
3230 1136 3289 1191 in
3328 1134 3505 1192 altero
3545 1137 3789 1193 tolerabi-

2179 1222 2252 1279 lis
2283 1223 2629 1279 verecundia
2666 1240 2829 1296 spem
2861 1225 3069 1280 t‘uture
3101 1224 3473 1281 correctionis
3511 1226 3759 1282 ostendit.

2256 1312 2377 1368 113.
2439 1311 2566 1368 Alia
2622 1316 2711 1368 est
2767 1316 2963 1368 autem
3020 1312 3335 1369 denudatio
3392 1313 3614 1381 animae,
3675 1315 3794 1386 quia

2181 1398 2342 1455 velut
2372 1401 2688 1472 quamdam
2748 1401 3039 1457 sarcinam
3081 1402 3342 1474 corporis
3397 1402 3592 1474 abjicit
3643 1408 3795 1475 atque

2182 1489 2361 1555 exuit,
2395 1489 2545 1545 sicut
2576 1489 2911 1562 sepulcrum
2940 1491 3232 1563 quoddam
3282 1491 3476 1547 carnis
3520 1492 3794 1565 effugiens.

2182 1577 2524 1650 Sepulcrum
2556 1580 2712 1635 enim
2745 1585 2953 1652 patens
2993 1585 3081 1637 est
3106 1584 3311 1654 guttur
3340 1580 3670 1652 hujusmodi
3710 1582 3797 1639 hos

2184 1666 2432 1734 minum,
2465 1667 2524 1722 in
2558 1685 2671 1739 quo
2704 1668 2971 1741 sepulcro
2999 1669 3156 1725 velut
3212 1668 3599 1725 attumulatur
3625 1670 3795 1726 anima

2181 1756 2665 1813 delectationibus
2710 1763 2773 1814 et
2821 1759 3208 1831 cupiditatum
3266 1760 3633 1831 passionibus
3677 1777 3799 1817 one-

2183 1850 2307 1900 rata
2338 1845 2600 1901 diversis.
2646 1848 2817 1903 Exuit
2871 1848 3047 1919 igitur
3105 1864 3167 1904 se
3214 1865 3249 1903 a
3300 1850 3662 1922 congestione
3710 1855 3801 1906 ter-

2183 1952 2341 2000 rena,
2376 1940 2432 1990 et
2464 1938 2631 2006 quasi
2693 1936 2838 1992 retia
2896 1938 3163 2009 quaedam
3230 1938 3590 1996 circumfusa
3639 1939 3804 1995 evadit

2184 2028 2358 2095 atque
2409 2025 2633 2096 effugit,
2686 2042 3045 2098 quascunque
3099 2043 3159 2082 se
3204 2028 3277 2084 ab
3324 2029 3484 2084 omni
3534 2028 3804 2084 nudaverit

2185 2114 2527 2184 passionum
2608 2113 2839 2186 laqueo,
2896 2120 2953 2171 et
3004 2132 3239 2172 omnem
3300 2116 3462 2173 illam
3515 2118 3803 2174 deformem

2185 2203 2436 2273 speciem
2470 2208 2709 2259 terrenae
2747 2204 2897 2260 labis
2947 2205 3234 2277 averterit,
3288 2210 3357 2261 ut
3410 2206 3597 2263 lucem
3638 2206 3803 2262 videat

2186 2292 2413 2347 decoris
2443 2292 2660 2349 aeterni.

2774 2382 3004 2439 CAPUT
3061 2384 3228 2440 ΧΧΧ.

2189 2453 2367 2529 Quare
2408 2453 2565 2529 etiam
2622 2461 2737 2509 tum
2782 2454 2957 2510 dictus
3012 2458 3083 2512 sit
3135 2466 3293 2528 pater
3381 2459 3659 2529 Chanaan,
3702 2474 3808 2512 eum

2259 2526 2347 2601 llic
2366 2525 2607 2579 nanctum
2635 2533 2773 2579 esset
2802 2529 3018 2601 genitus
3037 2544 3059 2589 ;
3099 2525 3274 2599 etqua
3303 2532 3517 2585 ratione
3533 2532 3589 2585 in
3605 2525 3809 2601 persona

2261 2594 2428 2672 _Cham
2490 2606 2721 2672 patrari
2778 2597 3083 2672 deﬁcientis
3146 2594 3571 2672 intelligendum
3605 2594 3804 2672 'impro-

2261 2669 2610 2745 bosdomnes,
2671 2670 2723 2723 si
2737 2740 2746 2745 _
2771 2669 2934 2724 bonos
2988 2672 3133 2725 viros
3187 2673 3250 2726 in
3308 2669 3530 2745 culpam
3582 2669 3809 2728 incidisse

2260 2740 2559 2807 contingat,
2591 2740 2887 2794 exsultare.

2264 2818 2385 2873 114,
2419 2805 2620 2893 Quaero
2661 2836 2814 2874 nunc
2875 2836 2980 2876 cur
3035 2805 3178 2876 non.
3211 2821 3561 2896 simpliciter
3598 2820 3809 2879 dixerit:

2195 2906 2336 2961 Vidit
2367 2906 2535 2962 Cham
2588 2907 2942 2965 nudationem
2993 2912 3200 2981 patris;
3260 2914 3414 2968 sed:
3473 2913 3611 2970 Vidit
3663 2911 3813 2967 Cham

2186 2998 2345 3066 pater
2394 2996 2665 3051 Chanaan
2724 2996 2875 3069 (Gen.
2936 3015 3013 3066 lx,
3073 2998 3213 3071 22)?
3278 3000 3493 3073 Utique
3570 3000 3811 3057 Chanaan

437 3095 719 3151 inebrians
747 3111 910 3164 quam
934 3090 1283 3164 praeclarum
1312 3098 1390 3147 est
1420 3091 1589 3162 (Psal.
1623 3107 1757 3159 xxn,
1789 3091 1844 3162 5)
1881 3089 1892 3142 l
1955 3105 2081 3160 quae
2121 3157 2153 3164 _
2192 3091 2360 3139 natus
2395 3101 2508 3139 non
2539 3090 2699 3141 erat:
2734 3103 2838 3141 cur
2866 3103 3000 3159 ergo
3033 3104 3249 3143 nomen
3284 3090 3514 3146 addidit
3542 3090 3676 3144 ﬁlii:
3719 3086 3813 3143 nisi

440 3185 517 3239 sit
545 3184 658 3239 ista
686 3157 983 3238 (ab-pietas?
1013 3181 1395 3248 ιηεῡνίαιηίηί,
1427 3157 1640 3251 inquit,
1670 3157 1781 3233 non
1828 3157 1990 3234 ὐίηο-
2021 3180 2079 3233 in
2112 3157 2154 3224 C
2193 3177 2257 3227 ut
2286 3176 2342 3227 et
2405 3172 2542 3229 vitio
2598 3174 2852 3230 auctoris
2909 3157 3344 3234 deformaretur
3396 3177 3709 3245 bmreditas,
3769 3178 3816 3230 et

439 3289 541 3346 quo
594 3276 673 3328 est
751 3272 983 3327 luxuria
1012 3288 1030 3325 :
1086 3271 1183 3325 sed
1242 3270 1554 3341 imptemini
1607 3270 1821 3339 Spiritu
1899 3271 2082 3323 sancto

442 3364 655 3435 (Ephes.
688 3378 742 3429 v,
778 3361 887 3432 18),
947 3360 1097 3416 sicut
1145 3358 1458 3432 Apostolus
1507 3357 1672 3413 dixit.
1723 3358 1792 3412 Et
1875 3373 2081 3413 secun-

442 3453 585 3508 dum
616 3449 873 3506 litteram
904 3449 1084 3522 igitur
1110 3446 1301 3504 cautio
1340 3451 1448 3514 est,
1509 3451 1565 3503 et
1623 3446 1949 3502 secundum
1999 3445 2081 3500 al-

439 3541 649 3597 tiorem
680 3537 965 3613 sapientis
995 3554 1258 3604 sensum,
1288 3536 1548 3592 laudatio
1578 3541 1684 3592 est.
1718 3535 1938 3591 Cautus
1995 3539 2085 3591 est

441 3629 541 3701 qui
574 3629 681 3685 etsi
716 3628 988 3695 nudatur,
1018 3627 1076 3682 in
1108 3627 1280 3682 domo
1312 3630 1506 3681 tamen
1538 3624 1798 3680 nudatur
1825 3642 1951 3691 sua,
1982 3624 2079 3679 ubi

439 3717 802 3791 operimenta
833 3734 946 3772 non
980 3716 1193 3781 desint,
1227 3718 1283 3769 et
1312 3714 1581 3786 quaedam
1615 3712 1875 3785 tegmina
1904 3713 2083 3768 ebrie-

436 3808 574 3864 tatis
599 3824 613 3876 ;
645 3812 712 3864 ut
731 3807 868 3863 vitia
889 3824 997 3863 sua
1026 3805 1179 3861 norit
1205 3803 1583 3859 abscondere.

507 3897 633 3954 412.
666 3895 1001 3969 Corporalia
1028 3895 1209 3967 igitur
1238 3893 1463 3948 nudum
1494 3908 1706 3963 corpus
1753 3894 1978 3963 tegunt,
2019 3896 2083 3947 ut

436 3987 686 4059 parietes
716 3990 773 4041 et
800 3990 986 4041 tecta:
1033 3984 1244 4038 animas
1299 3985 1495 4036 autem
1555 3996 1681 4051 quis
1729 3979 1848 4034 sint
1892 3980 2080 4052 operi-

436 4080 634 4133 menta
662 4075 984 4130 videamus.
1017 4072 1128 4127 Sed
1161 4076 1300 4126 tunc
1331 4070 1693 4142 operimenta
1731 4069 2078 4140 reperimus,

433 4166 483 4220 si
515 4162 927 4221 enudationem
957 4161 1086 4232 ejus
1115 4158 1588 4216 discusserimus.
1622 4156 1865 4213 Gemina
1885 4162 2080 4214 autem

435 4254 674 4310 nudatio
724 4252 1026 4326 sapientis.
1088 4249 1331 4307 Gemino
1381 4248 1560 4322 igitur
1608 4248 1827 4304 amictu
1912 4266 2079 4306 mens

434 4348 633 4399 nostra
668 4343 933 4409 vestitur,
967 4341 1017 4397 si
1047 4344 1147 4397 aut
1175 4343 1479 4411 peccatum
1510 4337 1851 4410 imprudens
1890 4338 2077 4394 admi-

435 4430 612 4499 serit;
646 4432 767 4487 haec
823 4435 912 4487 est
959 4430 1113 4486 enim
1165 4428 1435 4485 enudatio
1483 4427 1640 4482 velut
1693 4427 1848 4483 278
1905 4427 2076 4491 ebriae

2191 3264 2393 3323 auctor
2420 3260 2525 3315 ﬁlii
2559 3262 2817 3333 nequitia
2845 3269 3183 3337 gravaretur
3209 3266 3237 3320 ?
3269 3268 3344 3323 Et
3374 3272 3539 3339 pater
3567 3267 3732 3340 igitur
3767 3264 3815 3319 in

2194 3345 2333 3418 ﬁlio,
2392 3354 2449 3406 et
2494 3350 2553 3405 in
2612 3356 2773 3423 patre
2825 3352 2980 3409 ﬁlius
3039 3354 3503 3427 redarguuntur,
3564 3356 3817 3411 habentes

2191 3438 2475 3507 stultitiae,
2537 3440 2830 3513 nequitias,
2889 3442 3207 3514 impietatis
3240 3461 3484 3518 quoque
3540 3458 3820 3501 commune

2192 3528 2572 3585 consortium.
2608 3530 2720 3585 Nec
2751 3534 2976 3602 poterat
3005 3531 3129 3587 ﬁeri
3160 3541 3225 3587 ut
3265 3534 3494 3590 bonum
3552 3534 3820 3608 generaret

2192 3616 2402 3683 ﬁlium,
2436 3617 2535 3689 qui
2569 3617 2693 3689 ipsc
2722 3619 2872 3673 bono
2928 3620 3077 3691 patri
3137 3638 3425 3693 nequam,
3465 3628 3523 3679 et
3587 3621 3731 3677 ﬁlius
3774 3623 3820 3675 et

2193 3709 2414 3761 naturae
2444 3710 2501 3761 et
2530 3706 2877 3763 eruditionis
2907 3707 3158 3781 degener
3208 3712 3557 3768 exstitisset.
3587 3712 3708 3767 Haec
3750 3724 3822 3765 se-

2192 3797 2452 3852 cundum
2483 3794 2762 3851 litteram.

2270 3888 2387 3941 115.
2414 3886 2579 3950 Quod
2607 3891 2804 3941 autem
2836 3887 2907 3941 ad
2948 3886 3212 3944 altiorem
3270 3907 3520 3947 sensum
3576 3888 3819 3963 pertinet,

2192 3991 2396 4031 omnes
2419 3991 2609 4030 mores
2664 3974 2905 4046 pessimi
2936 3977 3233 4033 erroribus
3295 3979 3660 4036 delectantur
3703 3974 3821 4033 alie-

2190 4064 2314 4119 nis:
2378 4080 2482 4119 nec
2541 4062 2733 4119 solum
2787 4064 3103 4133 erroribus,
3166 4068 3270 4122 sed
3324 4069 3506 4124 etiam
3569 4068 3639 4123 iis
3713 4078 3823 4136 quae

2189 4153 2333 4225 ipsis
2364 4152 2633 4208 videntur
2662 4151 2817 4207 mala
2846 4168 2995 4220 esse,
3025 4153 3257 4211 etiamsi
3293 4173 3413 4212 non
3446 4158 3583 4212 sint.
3612 4154 3822 4210 Nudum

2188 4242 2344 4299 enim
2375 4243 2491 4298 Noe
2514 4258 2575 4298 se
2606 4258 2720 4298 non
2753 4242 3038 4299 sentiebat
3069 4243 3170 4315 qui
3227 4246 3455 4301 amictu
3515 4252 3638 4301 erat
3677 4242 3824 4297 indu-

2188 4337 2283 4387 tus
2338 4331 2654 4403 sapientiae.
2718 4331 2973 4403 Denique
3025 4348 3132 4388 nec
3188 4333 3378 4389 Adam
3432 4333 3492 4389 in
3578 4330 3822 4406 paradiso

2186 4421 2414 4494 positus
2447 4420 2672 4475 nudum
2704 4436 2766 4476 se
2799 4421 3062 4492 putabat,
3095 4421 3210 4477 nisi
3240 4428 3455 4496 postea
3485 4440 3661 4497 quam
3695 4436 3823 4493 prn-

434 4520 674 4588 mentis,
742 4523 807 4574 ut
872 4519 1093 4575 nesciat
1141 4519 1294 4590 quod
1345 4516 1666 4587 delinquat,
1717 4515 1887 4588 quasi
1950 4533 2076 4588 quae
2109 4524 2153 4589 ι)
2186 4509 2557 4565 varicationis
2637 4509 2933 4565 commisit
3010 4527 3290 4568 errorem.
3371 4514 3445 4569 Et
3504 4511 3823 4584 redopertus

432 4606 777 4665 temulentia
806 4608 1061 4678 quadam
1091 4606 1434 4677 ignorantiae
1466 4605 1524 4659 in
1570 4604 1775 4660 vitium
1825 4605 2076 4662 deducta
2185 4599 2404 4661 amictu
2449 4598 2559 4671 (90)
2622 4597 2916 4669 sapientia:
2973 4615 3039 4655 ac
3089 4600 3365 4671 justiﬁes,
3428 4602 3821 4659 mandatorum

430 4699 696 4755 labatur:
754 4699 855 4751 aut
910 4711 1115 4750 rursus
1201 4692 1564 4766 negligentiae
1636 4698 1692 4749 et
1733 4693 2073 4766 ignorantiae
2183 4690 2505 4749 ccelestium
2590 4688 3061 4761 praevaricatione
3140 4690 3428 4760 nudatus,
3508 4691 3726 4746 nudum
3769 4700 3823 4740 se

430 4804 637 4844 somno
669 4784 899 4859 sepulta
942 4799 1197 4839 errorem
1256 4799 1432 4837 suum
1485 4799 1601 4837 non
1661 4782 1880 4838 nesciat
1936 4784 2071 4855 (89).

430 4880 563 4943 Qua:
608 4892 744 4931 cum
802 4873 1216 4939 incideremus,
1268 4871 1384 4925 imo
1425 4887 1558 4925 cum
1605 4876 1839 4943 peccata
1904 4871 2073 4944 plura

428 4965 808 5020 inciderimus
837 4963 1015 5019 etiam
1047 4978 1147 5033 per
1176 4959 1475 5015 scientiam
1500 4964 1584 5014 est
1606 4960 1762 5014 enim
1790 4960 2075 5017 naturalis

434 5054 705 5126 quaedam
778 5053 953 5109 etiam
1014 5054 1222 5105 nostra:
1284 5047 1639 5102 inﬁrmitatis
1682 5049 1950 5116 ebrietas,
2014 5054 2076 5105 ut

426 5140 648 5214 impetu
680 5140 1082 5198 delectationis
1138 5138 1394 5193 feramur
1425 5136 1482 5190 in
1506 5135 1730 5204 vitium,
1767 5136 1919 5193 sicut
1950 5137 2074 5209 ple-

496 5326 608 5396 (88)
642 5326 734 5381 Sic
766 5343 908 5382 mss.
938 5325 1133 5391 Corb.,
1164 5322 1322 5380 Colb.
1355 5327 1440 5396 et_
1465 5322 1609 5378 Maz.
1669 5321 1843 5396 Edit._
1876 5325 2073 5377 autem

424 5393 650 5463 omnes,
681 5398 1015 5454 continentia
1061 5399 1245 5452 autem
1275 5393 1467 5452 utendi
1509 5408 1769 5450 mensura
1826 5394 2073 5464 legitima

428 5472 526 5524 est.

494 5537 848 5667 (89);Omnes
867 5538 1028 5614 cdit.,
1059 5553 1300 5597 errorem
1329 5556 1495 5596 suum
1520 5538 1742 5595 nesciat.
1776 5535 1941 5610 Msa,
1964 5551 2072 5595 non

428 5626 608 5667 nescia
639 5654 651 5667 .

422 5626 651 5670 ﬂC’SClal.

2180 4780 2346 4847 vidit,
2377 4782 2435 4835 et
2474 4776 2629 4833 foliis
2688 4776 3070 4849 operiendum
3129 4780 3381 4850 putavit.
3446 4779 3618 4836 Ridet
3663 4775 3823 4849 igitur

2182 4869 2364 4926 Cham
2421 4867 2710 4922 nudatum
2740 4870 2965 4938 patrem
3016 4866 3239 4924 videns.
3307 4869 3518 4924 Omnis
3588 4877 3822 4935 namque

2185 4959 2338 5013 274
2370 4955 2674 5027 improbus
2731 4954 3009 5026 quoniam
3066 4956 3190 5028 ipse
3247 4957 3460 5014 devius
3519 4953 3821 5028 disciplinae

2183 5051 2290 5113 est,
2343 5043 2591 5100 aliorum
2639 5041 2841 5115 lapsus
2891 5060 3004 5099 non
3055 5043 3247 5099 solum
3300 5062 3410 5117 pro
3476 5046 3567 5101 sui
3626 5038 3823 5099 erroris

2182 5133 2387 5191 solatio
2419 5132 2650 5204 accipit,
2696 5132 2851 5205 quod
2911 5138 3211 5189 consortes
3268 5134 3565 5191 invenerit
3615 5130 3819 5203 culpa:

2254 5320 2368 5392 {90)
2399 5320 2539 5375 Mss.
2570 5319 2746 5392 Torn,
2778 5318 3019 5392 etAValc.
3054 5336 3187 5375 cum
3216 5320 3379 5392 Aedit.
3414 5319 3710 5387 omnibus,
3764 5316 3822 5371 Ει

2184 5390 2310 5464 reus
2340 5390 2585 5457 amictu,-
2612 5391 2804 5457 Corb.,
2840 5390 3020 5464 Long.
3051 5398 3109 5447 et
3138 5390 3323 5459 Colb.,
3365 5395 3435 5447 Et
3492 5393 3819 5464 redopertus;

2184 5463 2357 5535 Maz.,
2385 5464 2454 5519 Et
2476 5466 2840 5535 recompertus
2882 5463 3111 5519 amictu.
3171 5464 3396 5520 Castora
3455 5463 3627 5520 mss.’
3659 5466 3819 5535 atque

2182 5534 2321 5593 edit.
2358 5534 2779 5610 propemodum
2810 5534 2962 5592 inter
2990 5550 3053 5595 se
3098 5535 3501 5594 consentiunt.
