4166 6154
383 352 502 417 433

1615 369 1843 437 LIBER
1888 376 1987 439 DE
2032 377 2188 443 NOE
2233 380 2333 445 ΕΤ
2381 384 2609 450 ARCA.

3701 383 3823 465 434

380 456 593 598 verum;
607 486 791 598 etiam
816 486 1362 598 improbolaatatur
1392 499 1619 572 aﬂ‘ectu,
1641 507 1920 579 tanquam
1945 526 2053 566 sua
2079 512 2135 580 Α
2166 513 2357 583 factis,
2391 520 2448 574 et
2502 518 2838 593 aperiantur
2884 520 3165 583 virtutum
3218 516 3599 598 sequentibus
3647 512 3823 577 disci-

376 579 505 654 ipse
556 578 777 636 delicta
826 581 1165 639 correxerit.
1203 584 1362 644 Mala
1422 606 1585 648 mens
1646 578 1778 668 ergo
1830 578 2135 655 laetatur“
2168 578 2369 676 plinis.

377 674 590 743 praeter
618 670 995 743 propositum
1031 672 1259 746 aliquid
1300 680 1583 738 accidisse
1613 684 1887 757 sapienti;
1921 703 2054 744 cum

376 759 583 831 utique
626 759 895 832 corporis
947 759 1157 833 lapsus
1184 763 1246 819 in
1279 766 1420 823 vitio
1478 786 1603 827 esse
1655 790 1768 828 non
1827 775 2053 842 debeat,

374 848 608 905 etiamsi
641 848 849 920 lapsus
888 854 1153 921 putetur,
1189 853 1306 910 nisi
1353 857 1589 916 animus
1620 878 1851 935 quoque
1880 864 2053 920 incli-

371 942 550 994 netur
590 938 649 993 in
700 937 964 1011 culpam.
999 938 1307 998 Postremo
1356 948 1669 1005 veniabilis
1709 952 2055 1022 judicentur

369 1027 716 1099 hujusmodi
785 1031 1000 1097 errata,
1051 1046 1170 1086 non
1240 1032 1376 1089 odio
1441 1041 1871 1110 prosequenda,
1936 1059 2051 1098 non

368 1116 642 1173 habenda
694 1115 973 1172 ludibrio.
1016 1118 1128 1174 Sed
1190 1135 1384 1191 mens,
1438 1130 1503 1179 ut
1557 1127 1696 1196 dixi,
1759 1129 2052 1203 improba,

366 1223 503 1263 cum
560 1209 723 1278 putat
751 1221 984 1263 errasse
1033 1207 1391 1280 sapientem,
1426 1212 1847 1273 insultandum
1898 1220 2050 1274 arbi-

366 1299 558 1351 tratur
587 1293 637 1349 ei
668 1295 841 1366 cujus
886 1295 999 1351 sibi
1051 1300 1224 1368 putat
1271 1314 1465 1355 mores
1516 1319 1649 1359 esse
1699 1307 2050 1385 contrarios,

362 1384 522 1457 quod
554 1387 858 1455 peccatum
891 1400 1073 1439 suum
1102 1384 1264 1441 velut
1304 1387 1484 1443 tacito
1521 1392 1785 1461 quodam
1816 1384 2051 1473 sapiené

362 1474 439 1529 tis
471 1471 807 1528 testimonio
855 1472 1275 1545 redarguetur;
1312 1491 1501 1547 eoque
1551 1471 1881 1537 laetandum
1911 1483 2053 1556 sibi,

361 1562 518 1636 quod
543 1563 703 1633 justo
730 1559 860 1617 viro
903 1578 1010 1618 nec
1044 1563 1298 1620 eruditio
1348 1564 1546 1636 ipsius
1593 1569 1913 1641 profuerit,
1947 1589 2052 1629 nec

354 1651 592 1725 justitia
619 1651 936 1723 suffragata
979 1651 1082 1720 sit,
1119 1668 1224 1708 nec
1264 1669 1333 1709 ea
1366 1670 1499 1725 quae
1551 1658 1888 1714 secundum
1919 1677 2049 1716 cor-

360 1758 473 1815 pus
504 1743 664 1804 sunt,
696 1739 1013 1795 habuerint
1061 1757 1379 1813 prosperos
1427 1759 1672 1799 cursus.
1710 1745 1840 1802 Haec
1887 1749 2044 1805 enim

357 1846 465 1903 pro
497 1827 744 1885 summis
776 1829 946 1884 bonis
1002 1831 1163 1901 apud
1218 1829 1524 1903 improbos
1576 1833 1958 1892 aestimantur
1988 1838 2045 1894 in

2237 695 2388 751 275
2424 697 2543 753 118.
2576 702 2642 755 Et
2670 700 2902 771 sobrius,
2938 703 3152 775 inquit,
3183 706 3366 775 factus
3396 707 3472 756 est
3499 699 3606 755 Noe
3635 715 3669 753 a
3696 700 3825 755 vino

2164 781 2315 853 (Gen.
2349 801 2404 851 Χ,
2451 787 2561 855 24).
2614 788 2986 847 Manifestum
3037 797 3125 847 est
3173 809 3243 847 ex
3293 789 3592 858 ebrietate,
3641 786 3827 844 inter-

2163 871 2404 927 cedente
2453 890 2683 945 somno,
2717 878 2942 933 sobrios
2991 879 3114 934 ﬁeri
3162 878 3438 934 homines
3473 894 3485 931 :
3520 892 3689 932 mens
3719 894 3824 934 au-

2161 962 2279 1013 tem
2312 961 2508 1017 sobria
2539 968 2648 1030 est,
2682 966 2915 1037 quando
2947 972 3004 1022 et
3036 967 3332 1040 praeterita
3379 969 3437 1020 et
3483 964 3683 1022 futura
3728 984 3827 1024 co-

2161 1048 2410 1120 gnoscit.
2437 1052 2641 1108 Sobria
2670 1070 2806 1126 ergo
2855 1058 2978 1111 erat
3024 1072 3188 1113 mens
3225 1054 3406 1128 justi,
3432 1053 3607 1108 etiam
3638 1052 3825 1126 qua“;

2162 1135 2235 1191 do
2267 1137 2427 1193 ebria
2455 1140 2794 1211 putabatur.
2829 1146 2928 1199 Est
2959 1144 3113 1199 enim
3144 1142 3502 1217 praeclarum
3546 1142 3828 1214 poculum

2163 1223 2462 1282 inebrians
2499 1228 2714 1299 justus.
2749 1229 2848 1286 Ille
2877 1235 3074 1286 autem
3109 1249 3241 1289 vere
3294 1230 3629 1307 inebriatus
3678 1240 3824 1303 erat,

2162 1311 2261 1383 qui
2280 1313 2506 1371 ridebat
2527 1322 2770 1389 patrem.
2797 1319 2902 1384 Qui
2920 1320 3073 1375 enim
3108 1336 3301 1394 neque
3342 1318 3701 1392 prieteritam
3732 1340 3828 1397 ge-

2162 1401 2479 1461 nerationis
2516 1406 2787 1478 gratiam,
2812 1425 2999 1480 neque
3030 1414 3385 1481 praesentem
3445 1413 3827 1472 reverentiam

2163 1491 2363 1560 patris,
2390 1509 2578 1564 neque
2606 1495 2863 1550 futuram
2890 1514 3119 1568 poenam
3146 1503 3409 1570 paternae
3442 1495 3675 1568 injuriae
3698 1518 3834 1561 con-

2162 1576 2474 1650 siderabat,
2495 1598 2627 1637 vere
2657 1583 2855 1639 ebrius
2887 1590 3037 1653 erat;
3070 1591 3126 1641 et
3154 1587 3312 1658 quod
3349 1586 3605 1658 putabat
3633 1589 3827 1659 videre

2162 1680 2223 1720 se
2256 1683 2371 1723 non
2406 1670 2656 1726 videbat.
2689 1671 2825 1727 Erat
2861 1672 2920 1727 in
2964 1672 3063 1729 illo
3095 1675 3394 1746 profunda
3444 1677 3693 1748 cmcitas,
3726 1685 3828 1755 qui

2160 1758 2383 1824 patrem
2412 1757 2610 1814 videre
2636 1775 2750 1815 non
2784 1764 3027 1832 poterat.
3049 1762 3195 1817 Nam
3222 1763 3271 1818 si
3293 1762 3547 1821 vidisset
3576 1770 3824 1843 patrem,

2159 1858 2275 1898 non
2308 1844 2513 1916 utique
2544 1846 2790 1903 risisset.
2820 1848 3018 1921 Neque
3049 1849 3203 1905 enim
3236 1852 3552 1921 ridendus,
3578 1857 3679 1912 sed
3702 1875 3826 1916 ver-

360 1917 584 1974 divitiis
617 1919 714 1971 aut
740 1916 958 1973 honore
990 1919 1205 1990 posita,
1245 1936 1375 1991 quae
1405 1924 1612 1976 tamen
1651 1921 1886 1979 nullum
1919 1926 2044 1982 fru-
2075 1916 2124 1944 ”
2154 1932 2370 1988 rendus
2400 1938 2492 1989 est
2521 1938 2704 2006 pater.
2733 1916 3135 1993 Multo-autem
3158 1940 3418 2011 amplius
3445 1916 3705 2002 mentem
3728 1949 3823 2020 ju-

359 2011 521 2063 ctum
552 2006 624 2060 ad
655 2004 887 2061 laudem
920 2006 1165 2063 virtutis
1196 2008 1531 2065 conferunt.
1564 2010 1883 2082 Propterea
1908 2014 2039 2071 insi-

2152 2018 2227 2072 sti
2256 2018 2544 2093 insipiens
2575 2022 2769 2079 videre
2795 2041 2909 2080 non
2941 2030 3187 2098 poterat.
3214 2029 3526 2094 Quomodo
3557 2034 3713 2091 enim
3732 2018 3822 2093 ivi-

360 2094 594 2168 pientiae
624 2093 954 2150 defensores
983 2095 1281 2164 videntur,
1307 2096 1407 2169 qui
1433 2098 1685 2156 virtutis
1715 2105 2038 2159 amatorem
2151 2106 2343 2176 debat,
2365 2111 2465 2182 qui
2496 2110 2555 2164 in
2608 2128 2673 2167 eo
2728 2093 2969 2185 putabat
3016 2093 3314 2173 ebrietatis
3367 2119 3486 2192 (93)
3537 2138 3818 2194 errorem,

361 2199 772 2257 prosperorum
822 2199 1063 2240 munere
1112 2202 1243 2241 esse
1294 2186 1667 2254 fraudatum,
1723 2188 1825 2260 qui
1867 2207 2040 2248 omne
2149 2194 2249 2249 ubi
2272 2202 2395 2252 erat
2417 2199 2707 2270 perfectus
2731 2202 3030 2273 sapientiae
3049 2209 3512 2280 caaterarumque
3532 2211 3813 2271 virtutum

363 2274 584 2328 bonum
616 2271 1036 2352 temporalibps
1082 2273 1275 2346 magis
1311 2291 1491 2346 quam
1539 2277 1851 2348 perpetuis
1882 2281 2038 2336 aesti-

370 2361 546 2416 mand
556 2377 653 2415 um
684 2363 908 2432 putant.

959 2494 1195 2550 CAPUT
1236 2493 1424 2549 XXXI.

370 2599 574 2685 Sem-et
600 2598 1034 2685 Japhetlipietas
1062 2600 1475 2685 commendatur
1495 2620 1513 2656 :
1539 2605 1592 2656 et
1624 2602 1763 2685 quid
1791 2605 1861 2658 sit
1892 2607 2035 2685 q_uod

438 2667 731 2760 retrorsum
792 2667 1055 2760 dicuntur
1118 2672 1448 2760 ambulasse,
1488 2667 1837 2760 “exponitur.
1891 2667 2033 2760 Eum

440 2742 695 2813 quomodo
723 2742 936 2798 sobrius
949 2745 1156 2868 Cfactus
1206 2744 1281 2798 sit
1322 2743 1447 2798 Noe.
1479 2742 1731 2815 Denique
1759 2761 1855 2800 cur
1884 2746 2028 2803 Scri-

440 2823 583 2879 tura,
615 2830 737 2868 cum
765 2816 922 2885 prius
990 2814 1119 2869 ham
1146 2813 1393 2869 medium
1420 2818 1704 2885 posuisset,
1729 2832 1856 2872 eum
1882 2835 2031 2875 nunc

440 2823 583 2879 tura,
615 2830 737 2868 cum
765 2816 922 2885 prius

442 2886 711 2951 iuniorem
743 2886 1120 2957 appellaverit.

2146 2285 2370 2355 vapor?
2400 2286 2565 2342 Sicut
2617 2288 2899 2361 scriptum
2932 2295 3059 2347 est:
3091 2294 3260 2364 Vapor
3286 2299 3366 2350 est
3412 2300 3568 2354 enim
3596 2301 3815 2359 virtutis

2144 2370 2245 2426 Dei
2276 2372 2424 2445 (Sap.
2451 2391 2553 2441 vn,
2585 2376 2698 2448 25).
2732 2376 2973 2441 Quando
3005 2381 3161 2436 enim
3192 2398 3360 2439 mens
3388 2386 3584 2459 magis
3616 2390 3816 2447 sobria

2145 2463 2257 2530 est,
2293 2478 2470 2534 quam
2521 2466 2929 2537 tunchuando
2979 2473 3250 2525 naturam
3296 2474 3569 2532 omnium
3617 2496 3813 2536 rerum

2139 2549 2601 2623 temporumque
2622 2555 2998 2625 praesentium
3030 2559 3087 2612 et
3110 2557 3442 2617 futurorum
3479 2562 3562 2619 ita
3592 2571 3815 2638 spectat

2142 2640 2400 2709 negotia,
2431 2644 2498 2695 ut
2529 2639 2692 2697 nulla
2720 2644 2780 2699 in
2816 2661 2881 2700 eo
2912 2646 3255 2717 temporalis
3287 2648 3606 2709 titubantia
3635 2655 3813 2711 ebrie-

2141 2726 2281 2782 tatis
2312 2729 2641 2801 appareat?

2214 2816 2335 2871 119.
2361 2816 2568 2881 Quaero
2601 2819 2776 2876 etiam
2808 2838 2923 2893 qua
2952 2823 3176 2879 ratione
3207 2842 3341 2881 cum
3373 2831 3508 2885 ante
3542 2832 3802 2890 medium

2138 2901 2351 2961 dixerit
2372 2905 2527 2962 inter
2551 2905 2701 2964 ﬁlios
2730 2909 2931 2979 Cham,
2960 2928 3115 2967 nunc
3138 2913 3435 2984 juniorem
3460 2919 3800 2979 constituat.

443 2999 560 3053 116.
597 2998 745 3062 Quid
778 3001 867 3054 est
895 2999 1050 3070 quod
1097 2998 1225 3055 Sem
1273 3007 1325 3053 et
1370 2999 1601 3071 Japheth
1650 3003 2029 3074 imposuerunt
2135 2990 2233 3083 sic
2281 2995 2436 3051 enim
2489 2995 2774 3068 Scriptum
2806 3003 2893 3054 εει
2927 3018 2939 3055 ε
2978 2998 3233 3071 Cognovit
3278 3006 3385 3060 Νοθ
3434 3011 3623 3065 omni“
3672 3028 3796 3083 qua?

368 3088 743 3143 vestimentum
780 3103 944 3158 super
985 3087 1242 3142 humeros
1270 3103 1415 3155 suos,
1449 3097 1502 3143 et
1542 3101 1912 3161 perrexerunt
1939 3111 2023 3150 re-

367 3184 624 3244 trorsum,
652 3184 705 3231 et
742 3184 1077 3247 operuerunt
1122 3175 1338 3230 nudum
1379 3184 1610 3247 patrem,
1642 3188 1693 3234 et
1720 3196 1827 3235 non
1877 3183 2024 3238 vide-

2133 3080 2264 3168 lecit
2318 3086 2371 3138 ei
2427 3083 2579 3153 ﬁlius
2626 3086 3006 3160 junior(ch.
3041 3106 3118 3157 Ix,
3151 3092 3266 3163 24).
3300 3093 3601 3168 Numquid
3659 3080 3796 3158 ante
3890 3092 3895 3097 ’

2135 3167 2440 3244 Scriptura
2470 3172 2529 3227 in
2562 3174 2763 3231 ordine
2802 3176 3198 3249 generationis
3243 3167 3496 3240 erravit?
3526 3187 3652 3244 Non
3686 3190 3796 3245 uti-

366 3268 496 3319 runt
524 3265 634 3336 (91)
674 3243 1031 3320 mulationem
1071 3265 1191 3335 ejus
1223 3243 1476 3336 (Gem-1x,
1498 3243 1631 3339 33)?
1665 3268 1878 3325 Littera
1907 3272 2022 3326 evi-

2149 3243 2446 3328 que.rQuid
2480 3263 2662 3334 ergo?
2693 3243 2993 3320 Contraria
3022 3282 3178 3323 nunc
3220 3271 3435 3345 scripta
3465 3276 3641 3332 sunt?

367 3353 599 3408 dentem
633 3352 866 3426 pietatis
899 3352 1186 3426 expressit
1218 3353 1508 3421 allectum,
1541 3356 1694 3426 quod
1734 3358 2021 3417 nudatum

365 3441 583 3497 amictu
615 3445 839 3513 patrem
883 3441 1020 3496 boni
1071 3440 1179 3496 ﬁlii
1228 3440 1421 3496 videre
1472 3447 1766 3511 caverunt,
1802 3462 1872 3502 ne
1917 3466 2019 3521 pa-

361 3534 531 3585 terna
552 3529 873 3586 reverentia
898 3529 987 3584 vel
1008 3528 1138 3601 ipso
1166 3527 1531 3586 minueretur
1551 3536 1810 3604 aspectu.
1835 3535 2022 3608 Siqui-

360 3618 497 3673 dem
538 3619 711 3673 ctiam
760 3619 937 3674 tacito
969 3617 1138 3673 vultu
1170 3617 1355 3690 pietas
1400 3619 1730 3691 frequenter
1777 3624 2017 3681 offendi-

357 3712 478 3761 tur.
503 3706 662 3763 Unde
692 3707 867 3763 etiam
898 3706 1094 3763 Romae
1125 3710 1293 3762 vetus
1318 3707 1497 3764 fuisse
1529 3726 1673 3765 usus
1694 3709 1926 3781 dicitur,
1949 3732 2019 3772 ne

359 3795 471 3851 filii
503 3812 633 3850 cum
674 3796 1021 3868 parentibus
1050 3800 1107 3852 et
1136 3795 1390 3852 maxime
1430 3798 1684 3870 puberes
1733 3798 2019 3859 intrarent

358 3884 679 3940 lavacrum.

441 3974 560 4028 117.
591 3972 810 4029 Sensus
850 3977 1046 4030 autem
1080 3973 1253 4029 altior
1299 3973 1407 4030 hoc
1456 3975 1649 4045 habet,
1684 3979 1823 4049 quia
1872 3980 2013 4036 insi-

358 4060 533 4134 piens
562 4062 867 4134 prassentia
914 4062 1325 4119 tantummodo
1355 4064 1508 4120 videt
1546 4082 1672 4137 quae
1721 4067 1778 4122 in
1830 4069 2014 4126 oculis

356 4154 526 4218 sunt,
559 4150 751 4206 futura
799 4168 913 4206 non
972 4151 1232 4223 respicit,
1266 4154 1553 4224 praeterita
1603 4171 1716 4211 non
1776 4158 2010 4231 cogitat.

353 4238 607 4311 Sapiens
648 4243 841 4296 autem
891 4244 949 4295 et
995 4241 1288 4312 praeterita
1346 4243 1699 4309 recordatur,
1735 4250 1792 4301 et
1816 4247 2015 4305 futura

352 4327 711 4384 considerat.
745 4329 948 4385 Omnis
1000 4346 1138 4403 ergo
1188 4346 1358 4386 mens
1406 4332 1641 4405 sapiens
1691 4338 2010 4392 retrorsum

352 4414 648 4484 ambulat,
695 4416 803 4473 hoc
851 4421 960 4484 est,
993 4418 1285 4490 praeterita
1332 4426 1582 4492 spectat;
1636 4439 1741 4478 nec
1789 4428 2010 4482 natura;

350 4505 618 4577 quodam
641 4523 751 4562 usu
775 4506 1130 4579 impeditur:
1155 4507 1301 4563 nihil
1324 4526 1596 4576 vacuum,
1615 4511 1760 4567 nihil
1783 4514 2007 4571 nudum

348 4611 604 4651 suorum
634 4595 853 4667 patitur
898 4612 1027 4652 esse
1065 4602 1383 4668 gestorum.
1418 4599 1613 4671 Operit
1661 4617 1789 4672 qua:
1843 4602 2012 4660 aliter
2040 4610 2087 4674 D

345 4688 526 4757 gesta
552 4686 688 4739 sunt
716 4684 935 4740 amictu
985 4685 1240 4757 quodam
1272 4691 1328 4741 et
1355 4687 1544 4760 gratia
1570 4689 1659 4744 vel
1708 4693 2013 4761 praesentis

346 4772 571 4845 operis,
602 4772 690 4828 vel
747 4772 948 4845 futuri,
980 4776 1043 4828 ut
1086 4773 1230 4828 nihil
1288 4774 1625 4832 indecorum
1682 4785 2009 4851 praetereat,

347 4861 503 4917 nihil
538 4861 870 4917 inornatum
902 4862 1214 4934 relinquat.
1240 4862 1403 4920 Unde
1424 4869 1480 4920 et
1498 4868 1809 4939 Apostolus
1841 4888 2011 4944 supe-

347 4950 513 5006 riora
544 4949 1011 5018 obliviscebatur,
1046 4952 1240 5018 priora
1275 4955 1584 5024 appetebat
1619 4973 1630 5010 :
1669 4959 1767 5013 sed
1804 4959 2006 5016 oblivi-

347 5037 650 5105 scebatur,
675 5040 739 5093 ut
768 5037 1150 5093 absconderet
1195 5039 1617 5110 persecutionis
1662 5061 1907 5116 errores,
1944 5053 2010 5104 ut

346 5131 577 5200 tegeret
606 5125 906 5199 superiora
927 5126 1156 5196 delicta,
1182 5127 1467 5201 bonisque
1498 5131 1773 5203 operibus
1807 5137 2009 5192 obum-

346 5215 714 5286 braret(92).
747 5218 902 5271 Beati
931 5214 1087 5270 enim
1150 5220 1205 5270 et
1255 5215 1336 5272 illi
1398 5233 1629 5289 quorum
1687 5226 1826 5278 tecta
1881 5231 2008 5281 sunt

338 5308 580 5377 peccata
636 5305 801 5374 (Psal.
863 5321 1016 5374 xxxx,
1049 5304 1135 5374 1);
1169 5303 1225 5358 id
1260 5311 1367 5373 est,
1401 5306 1450 5360 si
1510 5312 1783 5380 tegantur
1839 5312 2007 5369 bonis

387 5461 726 5590 ι(91)Ε(111.
763 5462 951 5532 Rom.,
998 5467 1048 5520 et
1100 5465 1269 5536 facies
1325 5481 1513 5521 eorum
1565 5484 1679 5523 non
1730 5470 2002 5543 viderunt,

413 5551 464 5590 c.

345 5549 464 5590 etc.

422 5604 538 5676 (92)
571 5604 667 5660 Sic
691 5621 833 5661 mss.
866 5622 1067 5663 omnes
1114 5605 1400 5663 Gallicani
1431 5612 1489 5663 et
1518 5609 1684 5667 Rom.
1716 5612 1854 5670 edit.
1876 5615 2001 5673 Vet.

344 5682 555 5735 autem
594 5676 734 5733 edit.
758 5693 888 5734 cum
932 5678 1053 5739 Vat.
1078 5680 1229 5747 cod.,
1264 5680 1520 5753 bonisque
1545 5683 1801 5754 operibus
1832 5687 2004 5745 abun-

2131 3346 2403 3403 arbitror.
2440 3348 2742 3411 Quomodo
2794 3353 2978 3425 igitur
3029 3353 3293 3427 solvitur,
3347 3361 3460 3416 nisi
3501 3363 3797 3435 juniorem

2130 3447 2245 3487 non
2278 3438 2465 3501 aetate,
2491 3452 2605 3491 non
2638 3441 2898 3510 tempore
2939 3441 3228 3513 accipias:
3254 3447 3354 3504 sed
3382 3449 3584 3507 rudem
3618 3470 3795 3511 sensu

2127 3524 2185 3575 et
2214 3521 2273 3576 in
2303 3522 2557 3594 quadam
2591 3524 2924 3584 intellectus
2967 3528 3214 3589 infantia
3244 3538 3653 3612 constitutum,
3686 3544 3786 3615 qui

2128 3611 2507 3680 provectioris
2558 3612 2883 3671 doctrinam
2935 3619 3121 3674 aetatis
3180 3640 3296 3680 non
3354 3611 3645 3698 hauserit,
3682 3611 3787 3688 nec

2127 3698 2449 3771 perceperit
2469 3700 2650 3757 senile
2670 3703 3019 3759 consilium?
3035 3706 3173 3763 Cani
3200 3710 3355 3768 enim
3380 3716 3621 3786 quidam
3648 3724 3787 3776 sunt

2127 3801 2338 3842 sensus
2385 3788 2709 3845 hominum.
2743 3793 2811 3847 Et
2858 3792 2984 3848 ideo
3034 3793 3229 3867 inquit
3262 3817 3275 3855 :
3312 3802 3447 3857 Cum
3473 3809 3686 3863 veneris
3715 3809 3785 3863 ad

2123 3877 2402 3932 seniorum
2454 3880 2768 3947 concilium,
2829 3882 3023 3937 claude
3077 3899 3134 3939 os
3189 3894 3345 3944 tuum
3383 3890 3569 3961 (Eccli.
3603 3911 3780 3967 xxxn,

2125 3963 2146 4017 -Ι
2160 3964 2236 4037 3).
2272 3965 2337 4021 Et
2367 3965 2507 4022 alibi
2538 3967 2714 4023 habet
2763 3970 3053 4027 sententia
3082 3990 3094 4028 :
3127 3975 3455 4034 Discendum
3500 3982 3651 4036 enim
3678 3963 3783 4039 tibi

2119 4055 2278 4124 prius
2332 4063 2429 4121 est,
2480 4073 2645 4127 quam
2701 4060 3031 4131 loquendum
3061 4062 3215 4134 (Ibid.
3263 4066 3373 4139 18).
3405 4068 3589 4125 Aures
3643 4088 3778 4145 ergo

2124 4148 2358 4212 paratas
2407 4144 2578 4211 habe,
2614 4151 2678 4202 ut
2726 4147 2950 4220 aliquid
2998 4151 3068 4206 de
3117 4150 3471 4226 sapientium
3518 4144 3777 4218 consiliis

2123 4233 2524 4304 consequaris.
2559 4234 2782 4308 Lingua
2824 4238 3196 4309 reprimenda
3242 4248 3351 4316 est,
3383 4244 3603 4303 auditio
3633 4264 3775 4320 prae-

2123 4323 2403 4391 paranda.

2708 4412 2942 4469 CAPUT
2981 4414 3194 4471 XXXII.

2123 4496 2233 4576 Cu:
2262 4498 2322 4551 in
2346 4498 2890 4576 benedictioneﬁem
2920 4501 3134 4576 dictum
3173 4507 3345 4576 fuerit
3373 4526 3392 4562 :
3425 4512 3773 4571 Benedictus

2191 4568 2477 4657 Dominus
2525 4570 2862 4657 DeusmScm
2910 4572 3061 4657 (Gen.
3107 4568 3184 4643 1x,
3214 4578 3328 4657 26),
3361 4584 3411 4657 et
3461 4598 3564 4657 cur
3612 4568 3773 4657 nuit};

2190 4642 2442 4727 seruituti
2494 4657 2614 4727 non.
2666 4641 2833 4727 (Iliam
2882 4641 2979 4715 qui
2995 4718 3005 4727 _
3028 4641 3410 4727 peccavit,’sed
3444 4653 3620 4727 ﬁlius
3656 4641 3773 4727 θῖαδ

2191 4710 2497 4836 αᾴιάίσαιιιν.
2529 4714 2614 4769 Ad
2650 4710 2957 4771 extremum
2987 4710 3283 4777 benedictio
3331 4710 3561 4796 Japheth
3600 4710 3771 4797 εαέῥόέ

2191 4799 2248 4836 m
2276 4799 2360 4836 ur.

2190 4799 2360 4838 mtur.

2192 4871 2311 4926 120.
2346 4873 2673 4929 Benedicens
2704 4874 2885 4944 ﬁlium
2921 4893 3083 4934 suum
3112 4880 3234 4935 Sem
3282 4883 3361 4935 ait
3404 4883 3512 4938 Noe
3541 4899 3559 4936 :
3594 4887 3765 4940 Bene-

2124 4958 2302 5015 dictus
2353 4962 2616 5018 Dominus
2666 4965 2804 5021 Deus
2844 4968 2998 5029 Sem;
3030 4973 3080 5024 et
3125 4971 3234 5024 erit
3282 4969 3541 5024 Chanaan
3588 4988 3773 5031 servus

2117 5049 2236 5120 ejus
2267 5049 2418 5120 (Gen.
2456 5069 2532 5117 Ix,
2560 5053 2674 5123 26).
2708 5054 2777 5109 Et
2822 5054 3137 5112 Dominum
3180 5061 3237 5112 et
3281 5056 3465 5112 Deum
3515 5057 3678 5130 dixit,
3709 5068 3768 5119 et

2118 5139 2454 5211 specialiter
2498 5141 2683 5197 Deum
2723 5142 2828 5197 ﬁlii
2858 5143 2950 5198 sui
2981 5145 3074 5199 cui
3106 5161 3315 5200 nomen
3364 5149 3496 5202 Sem
3543 5154 3665 5218 est;
3698 5166 3765 5208 eo

2118 5227 2273 5298 quod
2306 5227 2459 5283 Deus
2494 5229 2792 5300 justorum
2823 5235 2933 5298 est,
2965 5231 3074 5287 hoc
3105 5236 3193 5288 est
3241 5232 3394 5288 Deus
3446 5237 3759 5309 montium,

2119 5332 2235 5371 non
2266 5316 2634 5387 vallium,qui
2661 5317 2911 5390 gratiam
2952 5318 3205 5376 habeant
3233 5319 3465 5381 virtutis
3495 5325 3755 5385 excelsae.

2113 5474 2286 5530 daret.

2185 5547 2297 5619 (98)
2319 5546 2527 5619 Vocem
2557 5547 2835 5604 ebrietatis
2857 5551 3225 5611 restituimus
3252 5556 3595 5615 auctoritate
3616 5574 3758 5615 mss.

2114 5616 2288 5675 Corhi
2316 5633 2380 5674 ac
2430 5617 2634 5690 Long,
2669 5636 2803 5677 cum
2835 5620 2895 5679 in
2926 5623 3059 5682 aliis
3090 5642 3157 5682 ac
3208 5627 3346 5684 edit.
3377 5629 3650 5688 omnibus
3680 5629 3762 5685 le-

2115 5695 2349 5763 geretur
2375 5689 2684 5757 dubietatis.
