4166 6154
495 406 612 471 435

1948 405 2012 467 S.
2058 400 2435 466 AMBROSII

3749 411 3851 474 436

492 538 712 600 Deinde
743 555 862 616 qua
891 540 1114 601 ratione
1144 559 1273 600 cum
1309 540 1464 599 filius
1498 541 1624 614 ejus
1655 538 1833 598 Cham
1865 555 2135 614 poccave-
2166 536 2221 607 Α
2323 537 2444 595 124.
2478 534 2557 596 De
2604 537 2976 612 generatione
3021 536 3298 612 Japheth,
3330 536 3538 612 inquit,
3578 540 3772 601 Rhodus
3812 552 3857 602 et

494 631 593 698 rit,
618 649 733 690 non
764 633 958 706 ipsum
1004 634 1103 691 sed
1155 631 1341 688 tilium
1390 633 1517 703 ejus
1566 630 1827 688 servituti
1875 628 2142 686 addixit?

497 720 566 777 Et
595 723 842 779 fortasse
874 723 1003 779 ideo
1057 722 1213 787 quod
1253 725 1417 793 pater
1448 720 1578 793 plus
1609 720 1865 777 alﬁcitur
1908 717 2143 790 injuriis

497 809 601 867 filii
623 811 738 881 sui,
753 812 1002 867 maxime
1024 827 1272 882 quarum
1298 811 1420 882 ipse
1435 827 1569 865 rcus
1589 814 1644 865 et
1663 813 1865 865 auctor
1880 807 2140 873 exsistat,

499 904 557 956 et
587 899 989 956 vehementius
1020 897 1402 954 contristatur
1440 899 1529 955 sui
1573 896 1785 969 peccati
1817 895 2139 952 damnatio-

500 1006 633 1045 nem
666 1005 700 1044 a
726 987 844 1043 ﬁlio
892 987 1272 1059 porsolutam,
1305 987 1405 1059 qui
1444 1005 1558 1043 non
1620 994 1740 1043 tam
1800 1002 1906 1042 suo
1965 1001 2143 1057 quam

498 1077 685 1150 patris
716 1076 921 1132 merito
953 1077 1280 1149 puniretur.
1313 1078 1466 1134 276
1496 1076 1714 1132 Deinde
1745 1075 1883 1148 quia
1912 1073 2013 1146 qui
2044 1074 2145 1129 do-

501 1166 700 1222 ctrinm
728 1168 985 1238 paternae
1014 1165 1344 1238 discipulus
1373 1170 1528 1221 esset
1566 1164 1742 1232 filius,
1776 1167 1833 1220 et
1862 1162 2144 1236 pessima-

502 1272 632 1311 rum
669 1248 929 1311 mmulus
978 1254 1560 1328 cogitationum,uno
1613 1270 1852 1326 corpore
1906 1256 2149 1323 uterque

502 1347 765 1400 uteretur
795 1347 849 1399 et
877 1348 1092 1409 mente,
1123 1344 1444 1415 eademque
1475 1341 1719 1398 malitia.
1751 1340 2153 1397 lndiﬂ'erenter

503 1432 684 1506 igitur
716 1432 805 1488 vel
838 1437 1111 1505 paternas,
1136 1432 1220 1487 vel
1252 1450 1372 1487 sua:
1430 1430 1665 1487 malitias
1698 1430 1855 1485 filius
1900 1428 2150 1502 pretium

503 1521 644 1590 luit;
686 1522 964 1594 quoniam
1011 1520 1399 1593 improbitatis
1431 1536 1742 1576 commune
1790 1518 2151 1575 consortium

504 1617 612 1667 est.
636 1609 796 1675 Quod
830 1610 1010 1683 igitur
1040 1627 1143 1682 pro
1173 1610 1355 1683 patris
1397 1609 1567 1665 solvit
1598 1607 1991 1680 improbitate,
2027 1606 2153 1662 sine

506 1699 683 1755 dubio
714 1704 770 1756 et
800 1716 904 1772 pro
949 1715 1057 1754 sua
1100 1698 1270 1754 solvit
1299 1697 1480 1771 culpa“:
1512 1698 1641 1769 ejus
1672 1714 1805 1753 rens
1841 1714 1852 1751 :
1886 1694 1971 1751 vel
2001 1700 2152 1751 certe

506 1787 732 1843 diutius
754 1805 924 1860 pcena
946 1787 1447 1859 producitur,cum
1464 1786 1638 1842 etiam
1662 1786 1734 1841 ad
1756 1783 1944 1839 tilium
1966 1799 2153 1855 usque

507 1876 817 1949 pertendit,
843 1879 900 1931 ct
929 1876 1284 1932 successoris
1313 1874 1550 1931 afflictio
1581 1875 1639 1930 in
1671 1879 1936 1946 tempora
1966 1871 2157 1928 multa

505 1964 817 2037 profertur.
851 1964 969 2019 Hoc
1000 1964 1326 2020 secundum
1357 1963 1630 2020 litteram.

578 2054 700 2108 121.
725 2054 1006 2110 Caeterum
1038 2069 1160 2109 non
1185 2057 1306 2109 tam
1332 2052 1424 2108 hic
1454 2051 1723 2109 homines
1753 2067 1930 2123 quam
1964 2066 2157 2107 mores

506 2141 1102 2213 comprehenduntur,
1132 2158 1382 2214 quorum
1416 2141 1473 2197 in
1506 2146 1753 2213 utroque
1779 2158 1897 2197 una
1926 2146 2156 2196 natura.

505 2230 654 2286 Nam
690 2229 872 2286 Cham
909 2229 1365 2301 calor,Chanaan
1397 2232 1681 2286 commotio
1712 2235 1769 2285 et
1798 2228 2110 2301 inquietudo
2139 2245 2157 2282 :

506 2317 606 2390 qui
637 2322 833 2374 autem
866 2318 1093 2374 calidus
1116 2323 1224 2385 est,
1250 2318 1454 2390 utique
1476 2318 1774 2390 inquietus
1801 2323 1979 2390 atque
2010 2334 2162 2374 com-

508 2407 720 2463 motior
766 2411 875 2463 est.
908 2407 972 2462 In
1019 2406 1252 2463 duobus
1301 2406 1480 2480 igitur
1526 2412 1651 2463 erat
1695 2424 1813 2463 una
1864 2406 2059 2478 passio
2107 2411 2165 2461 et

506 2512 664 2552 unus
692 2497 953 2552 affectus.
980 2497 1182 2569 Itaque
1212 2512 1345 2551 cum
1368 2495 1515 2551 alter
1539 2496 1833 2552 addicitur
1852 2496 1990 2568 (94),
2015 2501 2165 2552 uter-

506 2601 621 2657 que
653 2585 988 2641 damnatur.

579 2675 702 2728 122.
735 2673 880 2729 Cum
911 2676 1155 2729 sanctus
1196 2672 1376 2746 igitur
1424 2673 1544 2729 Noe
1593 2674 1947 2730 benedicens
1980 2671 2165 2727 filium

506 2778 683 2818 suum
713 2761 928 2834 Japhet
976 2761 1056 2816 ait
1090 2779 1103 2816 :
1139 2762 1350 2817 Ditatct
1379 2763 1642 2817 Dominus
1678 2762 1926 2833 Japheth,
1959 2755 2170 2816 habitet

505 2850 565 2904 in
598 2849 849 2905 domibus
893 2849 1036 2916 Sem,
1071 2862 1123 2904 et
1162 2850 1262 2920 ﬁat
1312 2848 1579 2905 Chanaan
1606 2865 1792 2905 servus
1840 2851 1956 2919 ejus
2004 2849 2163 2919 (Ibid.

505 2938 635 3009 27);
671 2935 929 2992 diximus
960 2954 1140 3009 supra
1180 2935 1431 3009 Japheth
1477 2936 1646 3007 quasi
1697 2937 2035 2993 indifferens
2065 2937 2168 2992 bo-

512 3041 657 3081 num
692 3023 1010 3098 significari
1057 3025 1239 3097 (supr.
1274 3040 1401 3097 cap.
1433 3025 1511 3097 2).
1548 3024 1943 3081 lnditferentia
1970 3030 2164 3081 autem

512 3112 888 3170 latitudinem
923 3112 1115 3180 habet,
1149 3129 1279 3185 qua:
1327 3117 1416 3168 est
1463 3113 1524 3168 in
1573 3112 1779 3179 salute,
1814 3112 2029 3185 vigore,
2062 3115 2166 3169 de-

513 3218 668 3270 core,
701 3201 1061 3267 fortitudine,
1097 3200 1336 3269 divitiis,
1367 3200 1573 3273 gratia,
1608 3202 2163 3273 nobilitate.amicis,

2249 630 2382 686 alia
2424 629 2621 685 insulas
2669 632 2797 683 sunt
2844 630 3131 684 nationum
3154 629 3307 701 (Gen.
3340 646 3397 697 x,
3425 628 3499 699 5).
3534 631 3647 687 Non
3674 632 3856 691 imme-

2250 716 2360 773 rito
2387 716 2633 773 latitudo
2664 718 2898 786 dicitur,
2929 719 3165 789 quando
3192 718 3369 773 etiam
3401 717 3458 773 in
3489 718 3716 776 alteram
3743 740 3857 794 par-

2252 810 2370 863 tem
2421 811 2665 873 naturus,
2694 805 2801 861 huc
2857 813 2947 862 est
3005 806 3384 872 maritimam,
3417 810 3698 880 generatio
3748 813 3861 882 ejus

2252 895 2554 967 processit.
2587 895 2731 950 Vere
2760 894 2912 950 enim
2948 899 3229 966 tauquam
3270 894 3514 951 latitudo
3546 913 3652 951 non
3682 898 3781 953 fuit
3806 916 3863 955 eo

2253 987 2544 1052 contenta,
2568 984 2803 1056 quodin
2829 1001 3003 1040 usum
3035 982 3373 1039 hominibus
3405 988 3609 1042 natura
3638 988 3867 1058 praescri-

2254 1076 2468 1145 pserat,
2502 1072 2614 1127 hoc
2659 1078 2747 1128 est
2797 1079 2961 1129 terra:
3009 1072 3379 1145 possessione
3418 1090 3431 1128 :
3473 1090 3668 1130 verum
3714 1075 3867 1131 etiam

2256 1161 2615 1234 introgressa
2635 1168 2725 1217 est
2752 1178 2932 1230 mare,
2949 1166 3005 1217 et
3025 1162 3099 1218 ad
3125 1160 3354 1217 insulas
3382 1179 3565 1235 usque
3595 1165 3867 1236 processit.

2258 1249 2373 1305 Hoc
2405 1250 2730 1306 secundum
2762 1248 3037 1305 litteram.

2332 1339 2453 1394 125.
2515 1338 2850 1394 Secundum
2916 1336 3184 1394 altiorem
3255 1343 3449 1396 autem
3507 1357 3767 1409 sensum,
3818 1360 3876 1399 ea

2260 1445 2387 1500 qua:
2426 1431 2586 1483 extra
2638 1432 2794 1495 sunt,
2828 1443 2955 1498 quae
3002 1427 3281 1483 dicuntur
3310 1428 3481 1493 bona,
3536 1430 3757 1499 divitiae,
3789 1449 3873 1504 po-

2260 1521 2524 1582 testates,
2556 1516 2702 1572 211
2743 1515 3012 1583 honores,
3046 1517 3215 1588 quasi
3256 1517 3666 1575 diffunduntur
3687 1519 3877 1587 latius;

2261 1621 2366 1661 nec
2423 1609 2652 1660 tantum
2711 1603 2802 1658 his
2863 1605 3117 1660 contenti
3177 1610 3318 1661 sunt
3367 1605 3603 1675 divites,
3662 1626 3778 1681 quas
3828 1610 3880 1664 in

2261 1692 2537 1749 manibus
2580 1698 2637 1748 et
2681 1693 2739 1747 in
2790 1699 3100 1765 conspectu
3147 1700 3287 1750 sunt
3336 1713 3349 1750 :
3401 1697 3503 1751 sed
3552 1696 3716 1770 longe
3757 1697 3881 1753 late-

2261 1798 2375 1853 que
2422 1781 2761 1837 ditfundunt
2810 1798 2948 1837 suas
2997 1782 3365 1855 cupiditates,
3398 1785 3542 1840 dum
3591 1790 3689 1840 aut
3732 1801 3881 1857 pecu-

2263 1869 2495 1926 niarum
2537 1869 2948 1943 compendium
2980 1870 3053 1926 de
3084 1871 3458 1929 ulterioribus
3490 1872 3886 1946 qumritur,aut

2266 1958 2453 2015 honor
2482 1975 2516 2015 a
2542 1958 2811 2031 pluribus
2849 1963 2951 2015 aut
2996 1964 3256 2032 potestas
3303 1961 3595 2032 diffusior,
3625 1967 3723 2018 aut
3748 1961 3887 2035 cupi-

2270 2047 2443 2103 ditas.

2836 2206 3068 2265 CAPUT
3106 2209 3344 2265 XXXIV.

2270 2312 2671 2388 Qualis__Char_n
2712 2314 2866 2388 illius
2910 2315 3150 2388 improbi
3196 2316 3346 2385 ﬁlius
3392 2318 3587 2373 senior
3631 2320 3788 2388 fuerit
3814 2335 3831 2373 :
3856 2320 3899 2371 et

2340 2384 2405 2441 de
2434 2386 2551 2456 ﬁlio
2584 2384 2724 2439 Chus
2770 2384 3060 2459 Nembroth
3103 2388 3325 2457 gigante
3364 2396 3416 2443 et
3473 2384 3736 2452 venatore,
3763 2388 3898 2459 cujus

2343 2472 2546 2532 nomen
2588 2457 2899 2532 exponitur,
2926 2459 2979 2512 et
3006 2473 3041 2512 a
3069 2473 3177 2529 quo
3223 2474 3462 2528 regnum
3502 2460 3789 2532 Babylonis
3815 2457 3902 2515 ca-

2339 2530 2486 2599 pisse
2510 2531 2864 2583 memoratur.

2348 2670 2470 2726 126.
2504 2673 2669 2725 Nunc
2699 2686 2895 2741 qumro
2946 2686 3063 2742 qua
3113 2672 3339 2728 ratione
3380 2671 3576 2729 Cham
3621 2672 3775 2729 illius
3815 2672 3908 2727 im-

2274 2758 2441 2830 probi
2473 2757 2659 2813 filium
2691 2757 2979 2814 seniorem
3000 2759 3301 2832 Scriptura
3330 2760 3524 2818 fuisse
3555 2759 3908 2828 memoravit?

2276 2846 2401 2902 Duo
2430 2863 2644 2919 genera
2677 2851 2857 2913 terras,
2890 2864 3076 2904 unum
3105 2848 3260 2904 velut
3297 2866 3623 2907 arenosum
3654 2854 3711 2907 et
3735 2848 3912 2922 pulve-

2276 2934 2598 3001 rulentum,
2624 2934 2765 3001 imo,
2786 2941 2853 2991 ut
2882 2937 3216 3008 expressius
3244 2937 3471 3005 dicam,
3506 2938 3699 3011 pulvis
3729 2955 3742 2992 :
3774 2937 3909 2993 aliud

2275 3038 2463 3096 genus
2494 3027 2658 3078 terra;
2690 3024 3054 3080 fructiferum
3086 3029 3261 3097 atque
3305 3028 3661 3095 fecundum,
3691 3027 3794 3084 hoc
3819 3028 3912 3091 est,

2275 3116 2430 3167 terra
2465 3111 2707 3168 solidior
2733 3118 2805 3167 'et
2853 3113 3162 3185 profunda.
3190 3114 3338 3180 Quid
3390 3114 3589 3189 igitur
3638 3115 3916 3189 improbus

2276 3198 2389 3255 nisi
2438 3199 2733 3272 pulverem
2764 3205 3022 3273 generat,
3054 3219 3123 3257 ex
3162 3219 3275 3274 quo
3306 3205 3619 3276 generatio
3664 3219 3790 3261 esse
3816 3218 3917 3258 non

510 3291 923 3365 potestatibus,
956 3294 1013 3346 et
1042 3290 1283 3346 caeteris.
1317 3271 1428 3346 sed
1461 3290 1582 3345 hinc
1611 3291 1746 3347 licet
1776 3271 2167 3349 indifferentia
2195 3271 2237 3338 C
2278 3271 2509 3360 possit?
2543 3271 2790 3361 Ideoque
2821 3289 3106 3362 Propheta
3136 3271 3444 3363 pulverem
3477 3294 3683 3365 impiis
3708 3307 3919 3363 compa-

514 3382 669 3437 bona
703 3380 841 3448 sint,
874 3382 1069 3434 tamen
1104 3377 1398 3451 plerisque
1444 3385 1788 3445 nocuerunt,
1823 3380 1925 3451 qui
1956 3396 2024 3436 ea
2053 3398 2168 3436 non

518 3485 652 3525 cum
689 3467 977 3540 sapientia
998 3472 1056 3522 et
1078 3466 1308 3538 justitia
1334 3468 1739 3539 possederunt.
1769 3467 1983 3525 Multos
2012 3469 2170 3525 enim

515 3556 709 3614 ebrios
733 3556 914 3612 fecere
944 3555 1181 3622 divitiae,
1206 3555 1484 3613 nobilitas
1505 3562 1562 3612 et
1588 3561 1844 3629 potestas
1864 3559 2170 3628 superbos,

518 3643 896 3718 pulchritudo
965 3643 1323 3710 luxoriosos,
1389 3646 1561 3716 cujus
1627 3645 1906 3718 suffragio
1970 3646 2172 3703 alienas

517 3734 731 3790 mentis
762 3732 1129 3806 corruperint
1158 3733 1489 3789 castitatem
1525 3734 1657 3805 (95).
1693 3736 1837 3807 Ergo
1868 3752 1971 3807 pro
2004 3740 2175 3792 uten-

514 3823 591 3880 tis
620 3822 830 3880 affectu
861 3822 1071 3879 horum
1105 3838 1232 3893 qua:
1264 3822 1544 3889 diximus,
1576 3821 1981 3879 indifferentia
2013 3830 2177 3907 sunt,

515 3929 766 3986 quorum
798 3928 943 3968 usus
976 3914 1079 3967 aut
1107 3910 1424 3966 virtutibus
1457 3912 1700 3984 regitur,
1733 3916 1835 3967 aut
1863 3917 2018 3968 certe
2050 3913 2177 3969 sine

514 4001 939 4075 gubernatione
987 4000 1268 4055 virtutum
1315 3999 1509 4055 fraudi
1542 4016 1670 4056 esse
1702 3999 2012 4073 incipiunt,
2046 4019 2176 4074 quae

516 4093 764 4164 possunt
788 4105 918 4146 esse
952 4087 1209 4144 utilitati.

1085 4192 1319 4250 CAPUT
1353 4193 1600 4249 XXXIII.

523 4286 593 4341 De
621 4300 757 4340 cccc
784 4285 947 4339 annis
977 4299 1108 4353 quos
1149 4282 1260 4337 Noe
1286 4287 1405 4352 post
1446 4282 1719 4338 diluvium
1758 4284 1959 4339 vixisse
2000 4286 2175 4339 tradi-

591 4361 864 4480 tuggtet'um
892 4354 957 4409 de
979 4354 1295 4426 posteritate
1319 4354 1555 4425 Japheth
1584 4354 1654 4410 ad
1698 4355 1936 4411 litteram
1968 4371 2033 4411 ac
2060 4373 2173 4411 mo-

591 4442 655 4480 ra
683 4442 701 4480 ι
795 4467 808 4480 .

594 4530 716 4586 123.
744 4529 909 4585 Nunc
950 4529 1226 4602 quoniam
1282 4535 1415 4603 post
1470 4528 1755 4586 diluvium
1790 4531 1908 4587 Noe
1961 4530 2176 4587 dicitur

2278 3377 2427 3432 ravit
2455 3377 2655 3433 dicens
2689 3395 2701 3433 :
2738 3378 2851 3433 Non
2898 3382 2979 3434 sic
3029 3381 3209 3451 impii,
3239 3397 3348 3435 non
3389 3384 3513 3449 sic;
3542 3384 3639 3438 sed
3683 3390 3921 3451 tanquam

2275 3466 2459 3537 pulvis
2489 3482 2648 3539 quem
2675 3469 2892 3538 projicit
2922 3471 3114 3523 ventus
3142 3485 3174 3523 a
3202 3469 3349 3538 [acie
3372 3472 3557 3528 terrae
3586 3471 3761 3542 (Psat.
3794 3487 3827 3534 ι,
3858 3468 3922 3536 4).

2283 3554 2359 3609 Eo
2390 3556 2543 3626 quod
2595 3556 2770 3610 etiam
2803 3556 3126 3612 secundum
3175 3556 3450 3614 altiorem
3503 3576 3749 3615 sensum
3793 3556 3923 3611 infe-

2282 3643 2476 3699 cunda
2505 3643 2584 3700 sit
2609 3643 2922 3716 impiorum
2956 3645 3175 3713 anima,
3209 3663 3337 3719 quae
3370 3649 3615 3704 fructus
3649 3645 3817 3703 utiles
3844 3660 3929 3717 ge-

2284 3749 2487 3789 nerare
2520 3748 2635 3787 non
2670 3734 2873 3805 possit.

2359 3822 2478 3876 127.
2510 3821 2635 3885 Qua
2657 3822 2876 3877 ratione
2899 3822 3077 3877 etiam
3100 3821 3256 3880 Chus
3282 3823 3622 3881 Nemhroth
3654 3825 3934 3898 gigantem

2284 3909 2569 3981 genuerit,
2603 3908 2703 3980 qui
2732 3913 2858 3965 erat
2886 3914 3124 3966 venator
3161 3916 3296 3967 ante
3328 3912 3527 3970 Deum
3547 3915 3576 3969 ‘?
3608 3914 3763 3971 278
3795 3910 3936 3968 Unde

2284 3996 2505 4053 dictum
2559 4002 2648 4053 est
2697 4015 2709 4052 :
2762 3998 2912 4054 Sicut
2968 3998 3261 4056 Nembroth
3318 4003 3487 4071 gigas
3548 4007 3781 4059 venator
3830 4006 3941 4056 ante

2284 4087 2455 4142 Deum
2484 4086 2595 4158 (96)
2626 4087 2778 4158 (Gen.
2810 4105 2863 4155 ι,
2898 4086 2974 4158 9).
3007 4087 3153 4151 Quid
3202 4089 3380 4162 igitur
3436 4091 3607 4147 aliud
3663 4090 3851 4164 pulvis
3893 4090 3944 4141 et

2284 4191 2462 4231 arena
2489 4180 2811 4247 generaret,
2843 4174 2954 4231 nisi
2985 4180 3281 4234 terrenum
3315 4176 3636 4235 hominem
3663 4196 3678 4235 :
3704 4195 3772 4234 eo
3803 4173 3942 4250 quod

2283 4263 2502 4335 impius
2523 4263 2858 4320 coelestibus
2878 4269 3107 4322 terrena
3132 4272 3455 4338 prasponat.
3485 4267 3783 4341 Gigantes
3802 4265 3945 4321 enim

2285 4351 2490 4409 fabulae
2547 4352 2834 4408 inducunt
2887 4353 3198 4410 adversum
3246 4371 3472 4427 supera
3528 4356 3799 4413 voluisse
3852 4367 3945 4426 pu-

2282 4455 2483 4514 gnare,
2515 4445 2571 4496 et
2603 4446 2828 4496 terreno
2859 4457 3106 4498 ascensu
3141 4444 3562 4501 scandendum
3599 4446 3677 4501 ad
3709 4440 3951 4501 cmlestia

2282 4534 2654 4600 putaverunt.

521 4617 676 4691 (Gen.
701 4634 779 4689 IX,
799 4618 892 4689 28)
920 4618 1136 4674 vixisse
1178 4618 1456 4674 trecentis
1506 4622 1565 4675 et
1611 4619 2045 4692 quinquaginta
2071 4636 2173 4676 an-
2207 4637 2252 4702 D
2355 4618 2477 4671 128.
2499 4614 2715 4672 Altiore
2745 4621 2938 4673 autem
2966 4634 3139 4674 sensu
3173 4618 3319 4675 illud
3351 4619 3779 4694 significatur,
3810 4618 3953 4692 quod

519 4706 634 4776 nis,
667 4722 1038 4779 nequaquam
1088 4707 1556 4778 praetereundum
1604 4713 1900 4779 putamus.
1935 4708 2082 4765 Nam
2112 4710 2172 4763 in

516 4796 792 4853 trecentis
823 4811 1055 4851 crucem
1088 4794 1302 4850 Christi
1335 4795 1652 4867 signiticari
1684 4803 1907 4851 certum
1939 4801 2047 4863 est,
2072 4814 2171 4849 Cll-

509 4886 613 4959 jus
644 4890 780 4957 typo
802 4884 1001 4956 justus
1032 4900 1066 4938 a
1093 4882 1311 4938 diluvio
1343 4883 1626 4939 liberatus
1651 4890 1759 4940 est.
1790 4886 1853 4940 In
1886 4884 2175 4956 quinqua-

516 4974 683 5048 ginta
702 4971 984 5045 juhilceus
1014 4974 1105 5028 est
1134 4988 1415 5027 numerus
1442 4972 1808 5028 remissionis
1842 4990 1957 5044 quo
1987 4973 2171 5046 Spiri-

517 5066 615 5119 tus
669 5065 911 5118 sanctus
969 5060 1188 5116 missus
1219 5077 1250 5115 a
1283 5059 1423 5115 cmlo
1452 5067 1560 5124 est,
1593 5062 1842 5133 gratiam
1895 5060 2173 5117 humanis

518 5150 854 5224 pectoribus
906 5149 1240 5204 infundens.
1274 5148 1531 5204 Perfecto
1561 5148 1743 5220 igitur
1792 5165 2034 5204 numero
2083 5166 2170 5204 re-

518 5238 823 5295 missionis
852 5243 909 5294 et
952 5237 1149 5310 gratiae
1173 5238 1375 5309 justus
1405 5236 1764 5294 curriculum
1814 5236 1941 5291 vitm
1992 5237 2172 5308 hujus

519 5325 806 5399 implevit.

736 5501 887 5586 Edit.‘
910 5505 1042 5586 ᾼΠξε
1076 5518 1210 5559 cum
1260 5502 1537 5559 Parisinis
1557 5502 1801 5586 _aliq_uot
1821 5502 2172 5586 ibiuhabent

518 5571 801 5644 adjicitur,
835 5572 933 5629 ubi
952 5572 1111 5644 aliis,
1143 5590 1277 5629 cum
1310 5592 1476 5643 mss.,
1498 5571 1793 5631 addicitur.
1820 5573 2050 5638 Melius,
2076 5574 2170 5632 hic

516 5642 673 5701 enim
707 5644 899 5701 agitur
931 5642 1004 5696 de
1035 5644 1331 5701 servitute.

576 5713 699 5789 (95)
728 5712 951 5774 Omnes
978 5712 1140 5777 edit.,
1188 5718 1345 5788 cujus
1372 5717 1692 5789 suffragatio
1738 5718 1947 5776 aliaue
1973 5722 2172 5775 mentis

2281 4704 2382 4776 qui
2412 4710 2670 4760 terrenus
2702 4704 2896 4778 diligit
2924 4705 3270 4779 voluptates,
3292 4724 3393 4764 eas
3433 4711 3748 4783 sequitur,
3772 4717 3829 4766 et
3857 4724 3952 4781 pu-

2280 4796 2367 4848 tat
2402 4791 2497 4849 his
2527 4809 2588 4849 se
2619 4811 2790 4866 posse
2818 4795 2890 4850 ad
2939 4795 3041 4850 Dei
3089 4796 3333 4868 gratiam
3385 4802 3744 4870 pervenire,
3777 4803 3835 4855 et
3877 4811 3957 4851 re-

2280 4895 2465 4953 gnum
2496 4881 2725 4938 cmleste
2754 4882 3092 4954 hujusmodi
3126 4885 3426 4942 erroribus
3464 4889 3889 4953 deferendum,
3912 4884 3957 4938 is

2281 4969 2591 5026 adversum
2644 4970 2904 5028 caelestia
2955 4975 3288 5029 contumaci
3347 4976 3678 5046 praeliatur
3735 4977 3958 5033 affectu.

2281 5057 2591 5130 Propterea
2617 5065 2674 5114 et
2703 5058 2759 5115 in
2788 5060 3089 5133 proverbio
3118 5066 3207 5118 est
3240 5062 3310 5118 de
3340 5077 3410 5118 eo
3448 5064 3561 5136 qui
3598 5063 3915 5138 deliquerit
3944 5078 3955 5114 :

2278 5149 2433 5201 Sicut
2462 5148 2751 5204 Nembroth
2781 5151 2936 5219 gigas
2965 5154 3191 5206 venator
3218 5155 3345 5207 ante
3386 5152 3606 5209 Deum.
3643 5149 3961 5211 Nembroth

2280 5240 2475 5291 autem
2510 5253 2610 5309 per
2647 5236 3181 5309 interpretationem
3205 5239 3425 5294 dicitur
3458 5242 3771 5316 Ethiops.
3804 5240 3963 5298 Color

2280 5325 2568 5397 Ethiopis
2600 5326 2870 5382 tenebras
2899 5326 3108 5384 animas
3129 5327 3613 5403 squaloremque
3644 5330 3960 5405 significat,

2278 5504 2523 5575 corrupit
2550 5504 2872 5575 castitatem.
2909 5504 3050 5561 Mss.
3081 5522 3214 5562 vero
3245 5511 3310 5561 ut
3337 5522 3454 5563 nos
3490 5507 3557 5563 in
3592 5511 3785 5566 textu.

2351 5575 2461 5645 (96)
2494 5579 2738 5650 Deerant
2785 5574 3118 5650 inucunctis
3164 5578 3302 5633 edit.
3355 5582 3698 5650 sequentia
3751 5598 3766 5636 :
3821 5578 3959 5637 Unde

2278 5645 2484 5721 dictum
2512 5654 2592 5702 est
2610 5664 2628 5701 :
2660 5648 2805 5721 sicut
2833 5646 3120 5721 Nembroth
3145 5651 3297 5721 gigas
3326 5645 3577 5721 venator
3605 5656 3741 5708 ante
3760 5652 3956 5711 Deum;

2281 5733 2410 5789 qua:
2441 5720 2637 5775 tamen
2668 5718 2728 5775 in
2760 5718 3035 5777 omnibus
3065 5718 3219 5777 mss;
3242 5720 3661 5793 reperiuntur.
