4026 6186
252 431 347 494 437
1219 434 1321 500 DE
1366 433 1677 499 ABRAHA
1692 434 1750 498 M
1794 438 1840 500 L

2073 471 2151 484 —
2179 434 2643 504 ADMONITIO.
3326 486 3329 491 -
3509 434 3633 504 438

249 591 333 664 qui
357 592 636 651 adversus
666 591 874 651 lumini
906 593 1019 667 (97)
1047 598 1152 663 est,
1188 595 1471 652 claritatis
1510 613 1732 663 exsors,
1779 602 1868 654 te-
1899 600 1955 666 Α
1983 614 2111 655 rare
2157 597 2476 667 consuevit,
2528 603 2704 672 atque
2749 598 2842 656 his
2892 598 3065 674 potiri
3112 602 3287 675 atque
3331 597 3632 661 delectari.

252 682 430 738 nebris
462 682 781 749 involutus,
813 684 970 739 nocti
1001 684 1251 741 similior
1292 703 1467 757 quam
1511 685 1645 741 diei.
1693 686 1881 741 Vena-
1994 688 2254 759 Denique
2277 688 2786 761 Nembrothhujus
2802 688 3154 763 principium
3175 688 3631 764 regniBabylon,

250 771 376 826 toris
406 789 643 844 quoque
674 789 819 829 usus
846 772 906 828 in
940 773 1122 837 silvis,
1156 775 1307 829 inter
1346 775 1495 830 feras
1551 793 1615 831 ac
1666 777 1884 832 bestias
1991 777 2103 832 hoc
2133 781 2221 832 est
2248 780 2525 849 conlusio;
2557 795 2622 833 eo
2653 779 2809 849 quod
2840 778 3063 834 malitia
3106 784 3163 835 et
3212 782 3469 852 potestas
3517 795 3633 833 non

254 861 597 917 eonverstiao
630 862 778 933 ejus.
812 860 1231 918 Irrationabilis
1262 879 1398 935 ergo
1431 864 1711 920 miscetur
1740 865 1882 920 irra-
1993 866 2050 920 in
2085 865 2460 937 simplicitate
2491 870 2547 922 et
2577 868 2846 938 puritate,
2882 884 2995 923 non
3029 867 3085 922 in
3119 868 3492 925 distinctione
3522 867 3635 922 vir-

247 950 609 1006 tionabilibus
641 950 1013 1022 passionibus
1050 968 1062 1007 :
1097 954 1153 1006 et
1189 968 1256 1006 ea
1286 969 1410 1023 quae
1463 957 1602 1008 sunt
1650 953 1884 1009 malitize
1991 954 2155 1022 tutis,
2200 955 2297 1011 sed
2328 953 2388 1009 in
2420 955 2758 1010 confusione
2786 955 3055 1012 vitiorum
3087 960 3195 1012 est.

252 1038 486 1112 agrestis
518 1043 691 1111 atque
722 1040 998 1112 praedura;
1027 1043 1268 1096 venator
1306 1040 1644 1113 hujusmodi
1691 1043 1885 1115 explo-

304 1182 407 1253 (97)
440 1182 587 1237 Edit.
620 1198 846 1249 omnes,
873 1186 932 1238 et
959 1183 1087 1239 cod.
1120 1183 1248 1239 Vat.
1282 1200 1350 1239 ac
1389 1166 1587 1250 Torn.,
1623 1184 1883 1242 adversus
1917 1187 2123 1254 lumen,
2180 1185 2388 1242 Melius
2435 1204 2580 1244 mss.
2634 1186 2829 1255 Corb.,
2881 1187 3063 1256 Colb.,
3114 1190 3295 1264 Long.
3349 1198 3407 1249 et
3456 1194 3631 1262 Maz.,

240 1270 479 1326 adversus
510 1272 734 1337 lumini,
784 1270 842 1326 id
874 1275 964 1327 est
993 1271 1340 1329 contrarius.

1204 1554 1757 1617 FRAGMENTUM
1802 1557 2012 1616 LIBRI
2041 1556 2145 1615 DE
2191 1557 2402 1616 ΑΒ.οΑ
2446 1555 2627 1616 NOE.

236 1703 518 1779 (Citatth
546 1705 1281 1779 ﬁ'agmentumAugustinus
1320 1694 1524 1779 duobus
1577 1706 1729 1769 locis,
1787 1708 2057 1762 nimirum
2088 1706 2124 1761 l.
2180 1709 2471 1779 ilqcontra
2526 1707 2660 1779 Jul.,
2714 1723 2759 1762 c.
2818 1711 2874 1779 2,
2931 1712 2983 1763 et
3039 1709 3077 1763 ι.
3134 1727 3190 1765 1v
3247 1716 3437 1767 contra
3491 1715 3629 1770 duas

298 1778 445 1860 epist:
482 1777 689 1860 Pelag.,
709 1793 842 1860 cap,
875 1775 961 1832 il.
997 1776 1117 1830 llam
1147 1783 1326 1831 autem
1356 1776 1514 1831 verba
1537 1778 1815 1849 pertinere
1842 1786 2094 1851 putamus
2125 1776 2195 1832 ai
2223 1777 2389 1847 ﬁnem
2415 1778 2611 1848 capitis
2657 1775 2866 1834 tertii
2897 1783 2955 1834 ut
3000 1782 3287 1854 utriusque
3336 1784 3631 1841 collatione

297 1847 469 1920 quivis
497 1847 765 1918 colligat.)

304 1974 471 2029 Veluti
492 1981 571 2028 est
602 1971 741 2027 illud
785 1973 844 2027 in
893 1972 1033 2027 libro
1086 1988 1243 2042 quem
1289 1971 1356 2027 de
1403 1973 1543 2028 Area
1584 1974 1691 2029 Noe
1742 1990 1869 2029 cou-
1900 1977 1948 2042 Β
1979 1973 2316 2046 putabatur.
2346 1975 2526 2039 Quem
2557 1973 2736 2045 igitur
2757 1975 2880 2045 jam
2909 1974 3142 2047 justum
3194 1977 3465 2047 dixerim,
3513 1980 3628 2036 nisi

226 2064 439 2134 scripsit
469 2062 653 2116 beatus
685 2061 1000 2116 Ambrosius
1021 2078 1040 2115 :
1088 2065 1199 2116 Per
1250 2078 1455 2129 unum,
1507 2063 1705 2132 inquit,
1756 2063 1869 2119 Do-
1981 2062 2191 2118 horum
2219 2061 2470 2118 liberum
2499 2061 2891 2132 vinculorum,
2928 2082 3100 2136 quem
3131 2070 3349 2122 naturae
3372 2084 3631 2125 commu-

229 2152 449 2206 minum
479 2150 683 2206 Jesum
705 2149 868 2205 salus
888 2153 1133 2205 ventura
1155 2149 1491 2205 nationibus
1517 2149 1865 2217 declaratur,
1980 2150 2073 2206 nis
2103 2150 2336 2205 vincula
2365 2168 2481 2205 non
2535 2154 2787 2207 teneant.
2842 2152 3057 2209 Omnes
3108 2155 3222 2210 sub
3276 2161 3512 2228 peccato
3555 2158 3629 2214 ab

226 2240 325 2313 qui
356 2238 516 2295 solus
548 2238 959 2310 potuitjustus
991 2255 1139 2303 esse,
1175 2256 1309 2293 cum
1348 2239 1644 2310 generatio
1675 2241 1868 2296 omnis
1980 2240 2187 2307 Adam,
2215 2238 2275 2294 in
2307 2256 2510 2295 omnes
2544 2241 2822 2311 regnabat
2852 2259 3029 2298 mors.
3073 2243 3280 2299 Veniat
3329 2243 3491 2302 solus
3526 2246 3625 2318 ju-

222 2335 458 2393 erraret,
493 2327 607 2382 nisi
640 2332 813 2382 natus
843 2344 911 2383 ex
931 2326 1170 2400 Virgine
1190 2327 1582 2399 generationis
1604 2328 1866 2384 obnoxia:
1977 2335 2107 2383 stus
2138 2328 2197 2382 in
2227 2333 2547 2400 conspectu
2579 2329 2702 2398 Dei,
2735 2330 2805 2385 de
2833 2348 2947 2402 quo
2969 2332 3096 2403 jam
3129 2350 3241 2388 non
3275 2350 3409 2389 cum
3457 2351 3625 2391 cxce-

222 2416 520 2490 privilegio
554 2416 796 2471 minime
827 2421 1141 2472 teneretur.
1181 2417 1326 2482 Ecce,
1384 2416 1594 2488 inquit,
1646 2419 1706 2472 in
1756 2419 1864 2472 ini-
1977 2416 2171 2487 ptione
2195 2416 2459 2472 dicatur:
2485 2417 2609 2472 Non
2636 2418 2891 2489 peccavit
2918 2420 2973 2473 in
3002 2419 3175 2476 labiis
3192 2421 3337 2489 suis,
3366 2423 3466 2479 sed
3490 2440 3622 2495 pec-

220 2507 522 2578 quitatibus
552 2514 835 2577 conceptus
864 2521 1005 2571 sum,
1054 2507 1104 2560 et
1151 2507 1208 2560 in
1261 2504 1478 2560 delictis
1521 2507 1734 2577 peperit
1784 2522 1867 2561 me
1976 2513 2166 2560 catum
2201 2522 2316 2560 non
2349 2505 2498 2561 fecit.
2533 2508 2669 2561 Huic
2697 2506 2786 2563 dic
2814 2509 2865 2562 si
2896 2508 3081 2576 audes,
3115 2514 3224 2565 etc.

216 2599 393 2650 mater
420 2611 541 2650 mea
572 2595 740 2665 (Psal.
768 2612 816 2660 L,
841 2595 916 2661 7),
938 2593 1079 2649 dicit
1100 2592 1148 2649 is
1173 2593 1485 2665 quijustus
1507 2610 1622 2665 pra:
1644 2594 1865 2651 caeteris

1599 2774 3622 2806 w__
1818 2791 2265 2799 ____________

216 2773 2265 2803 ω

766 2938 917 2993 ²⁷⁹
975 2947 1088 3032 ΙΝ
1149 2945 1555 3033 LIBROS
1611 2947 1756 3030 DE
1817 2947 2338 3035 ABIiAl—IAM
2398 2946 3072 3035 ADMONI'FI().

289 3254 493 3308 Totum
525 3250 716 3322 operis
746 3250 923 3321 hujus
956 3252 1366 3322 argumentum
1400 3247 1631 3303 tametsi
1664 3247 1852 3320 prima
1883 3248 2011 3321 ipsa
2038 3249 2302 3318 ejusdem
2334 3249 2509 3304 verba
2538 3249 2681 3304 satis
2711 3254 2908 3321 aperte
2938 3250 3245 3322 complecti
3285 3252 3614 3324 videantur,

223 3348 412 3396 tamen
444 3357 576 3395 cum
614 3356 728 3392 non
759 3338 998 3393 omnino
1030 3337 1155 3393 suis
1184 3345 1419 3392 careant
1447 3336 1919 3403 difficultatibus,
1951 3337 2147 3393 lectori
2185 3338 2426 3393 minime
2456 3339 2748 3410 ingratum
2788 3355 2895 3394 nos
2943 3339 3301 3396 credidimus
3350 3356 3479 3397 esse
3537 3344 3617 3398 fa-

231 3436 433 3496 cturos,
466 3428 512 3484 si
544 3445 646 3483 eas
678 3428 745 3482 ad
782 3427 1063 3495 majorem
1094 3426 1359 3481 lectionis
1391 3425 1725 3481 facilitatem
1759 3425 1852 3481 hic
1882 3427 2133 3481 enodare
2167 3443 2233 3481 ac
2266 3427 2524 3482 evolvere
2554 3443 2914 3483 conaremur.

298 3518 373 3572 De
403 3516 566 3573 titulo
597 3515 833 3588 quidem
860 3515 939 3569 ita
969 3514 1112 3587 legis
1145 3514 1266 3585 (lib.
1304 3532 1340 3580 ι,
1372 3531 1498 3585 cap.
1533 3516 1608 3585 1),
1650 3514 1924 3569 Abraham
1972 3515 2103 3569 libri
2144 3515 2306 3583 hujus
2352 3516 2547 3569 titulus
2591 3520 2686 3570 est.
2740 3517 2964 3580 Quibus
3010 3533 3041 3571 e
3087 3516 3328 3573 vocibus
3375 3519 3647 3588 gemina,

236 3612 408 3676 potest
432 3605 590 3661 nasci
621 3604 928 3660 dubitatio.
963 3603 1221 3658 Primum
1256 3604 1410 3658 enim
1444 3619 1549 3657 cur
1577 3604 1943 3669 Ambrosius,
1999 3603 2132 3656 libri
2172 3604 2355 3673 hujus,
2407 3603 2572 3670 dixit,
2616 3619 2723 3655 mm
2773 3604 3081 3659 librorum?
3126 3605 3415 3661 Dividitur
3455 3613 3607 3663 certe

241 3693 623 3750 commentatio
656 3693 777 3747 haec
805 3692 859 3746 in
893 3692 1041 3747 duos
1071 3691 1288 3758 libros;
1322 3695 1377 3745 et
1408 3691 1754 3746 divisionem
1786 3690 2042 3761 aliquam
2073 3690 2459 3745 necessariam
2489 3706 2619 3745 esse
2655 3697 2775 3745 tum
2804 3708 3086 3763 magnum
3121 3692 3263 3748 illud
3298 3695 3609 3766 utriusque

243 3783 523 3839 discrimen
555 3782 708 3837 clare
738 3780 1013 3852 loquitur,
1047 3784 1171 3834 tum
1206 3785 1444 3834 sanctus
1474 3779 1598 3850 ipse
1629 3784 1847 3843 auctor,
1882 3778 1980 3850 qui
2015 3778 2221 3849 primis
2266 3779 2602 3833 eorumdem
2656 3777 2936 3833 librorum
2987 3779 3280 3852 capitibus
3329 3781 3608 3838 lucubra—

242 3870 433 3927 tionem
462 3888 629 3926 suam
664 3885 726 3924 se
759 3870 1136 3941 partiturum,
1170 3872 1343 3938 atque
1374 3868 1515 3923 adeo
1560 3867 1617 3922 id
1650 3867 1911 3935 sibijam
1944 3869 2015 3922 ab
2062 3866 2230 3921 initio
2276 3866 2447 3937 primi
2496 3865 2677 3921 fuisse
2725 3867 3089 3937 propositum
3139 3869 3283 3923 satis
3330 3869 3606 3926 declarat.

241 3960 575 4032 Quapropter
605 3958 773 4013 nobis
807 3956 1257 4030 persuaderetur
1284 3956 1437 4011 haud
1474 3955 1668 4011 invitis
1700 3955 1844 4010 illud
1876 3956 2069 4027 operis
2099 3956 2246 4009 libro
2284 3955 2450 4010 unico
2478 3955 2550 4010 ab
2572 3954 2881 4010 Ambrosio
2898 3956 3410 4027 comprehensum,
3436 3958 3614 4027 parti-

242 4046 338 4101 bus
362 4065 485 4104 vero
511 4047 781 4103 duabus:
812 4050 870 4101 at
898 4044 1029 4100 illas
1061 4044 1277 4100 secutis
1303 4044 1666 4116 temporibus
1695 4043 1977 4099 librorum
2016 4043 2287 4101 vocabulo
2320 4045 2389 4099 ab
2418 4043 2490 4097 iis
2520 4043 2621 4114 qui
2654 4059 3027 4114 summopere
3070 4045 3307 4099 easdem
3355 4045 3508 4099 inter
3550 4062 3614 4099 se

239 4134 541 4208 discrepare
572 4134 1130 4196 animadverterunt,
1163 4133 1345 4188 fuisse
1375 4134 1706 4204 inscriptas.
1741 4132 1966 4188 Etenim
2000 4132 2146 4187 liber
2174 4132 2401 4202 primus
2430 4148 2466 4185 α
2492 4133 2644 4187 Joua
2662 4131 3171 4187 Aurelianensium
3194 4133 3482 4204 episcopo,
3510 4133 3613 4204 qui

236 4223 338 4277 sub
362 4224 555 4285 Carolo
586 4223 757 4279 Calvo
789 4224 1136 4294 imperatore
1165 4221 1381 4286 ﬂoruit,
1414 4221 1471 4275 in
1505 4220 1605 4275 lib.
1643 4237 1681 4275 ιι
1707 4222 1781 4276 De
1802 4221 2018 4276 Institut
2050 4219 2241 4273 luicali
2270 4217 2424 4274 haud
2456 4218 2636 4274 semel
2670 4220 3008 4274 nominatur
3040 4222 3186 4291 (cap.
3228 4223 3282 4287 2,
3316 4221 3373 4284 Δ,
3399 4222 3452 4275 5.
3497 4221 3611 4291 29).

238 4315 290 4362 et
317 4312 459 4381 apud
487 4312 793 4384 Hugonem
819 4311 889 4365 de
919 4311 1129 4365 Sancto
1162 4308 1389 4363 Victore
1419 4309 1634 4364 citatus
1665 4307 1951 4379 reperitur
1982 4307 2129 4361 liber
2172 4306 2468 4361 secundus
2517 4307 2643 4372 (lib.
2680 4321 2720 4360 ιι
2774 4307 2846 4360 De
2892 4307 3084 4361 claust.
3133 4308 3305 4362 anim.
3358 4324 3486 4380 cap.
3534 4309 3614 4379 8).

235 4396 468 4455 Alteram
498 4408 694 4456 autem
725 4400 879 4454 circa
907 4398 1146 4453 titulum
1177 4396 1581 4452 difﬁcultatem
1615 4402 1804 4452 movet
1835 4397 1986 4467 quod
2018 4395 2329 4450 Gratianus
2360 4395 2469 4465 (23,
2504 4411 2561 4465 q.
2593 4397 2646 4460 5,
2680 4411 2729 4449 c.
2763 4396 2937 4460 Dicat,
2971 4402 3027 4449 et
3047 4396 3135 4460 32,
3162 4410 3220 4465 q.
3247 4398 3283 4449 2
3303 4400 3361 4451 et
3381 4397 3435 4464 4,
3459 4398 3616 4468 etc.),

238 4501 297 4540 ac
328 4488 384 4542 Β.
414 4489 668 4544 Thomas
698 4491 840 4559 (2-2,
873 4504 928 4559 q.
961 4488 1052 4553 66,
1086 4504 1136 4541 a.
1170 4489 1224 4553 8,
1251 4504 1305 4541 a.
1340 4487 1360 4541 l
1395 4505 1406 4553 ;
1443 4486 1608 4551 ibid.,
1640 4503 1694 4557 q.
1732 4487 1850 4551 154,
1886 4502 1938 4541 a.
1970 4486 2083 4539 6et
2111 4483 2270 4550 alibi)
2302 4483 2517 4555 aliique
2549 4482 2812 4536 nonnulli
2845 4500 2973 4553 quze
3011 4482 3348 4540 testimonia
3395 4501 3464 4541 ex
3512 4486 3623 4542 hoc

238 4578 465 4632 tractatu
496 4579 869 4649 depromunt,
900 4593 968 4631 ea
997 4578 1057 4630 in
1088 4576 1225 4630 libro
1255 4576 1330 4629 De
1355 4574 1686 4646 patriarchis
1715 4578 1941 4629 exstare
1970 4572 2192 4626 dicunt.
2227 4572 2336 4627 Sed
2359 4588 2392 4625 a
2417 4571 2525 4626 ﬁde
2548 4570 2888 4641 neutiquam
2911 4571 3185 4626 abhorret
3207 4577 3473 4630 auctores
3491 4573 3621 4631 illos

240 4660 295 4716 in
326 4665 597 4737 excerptis
623 4682 687 4720 ac
720 4663 887 4719 libris
917 4664 1040 4720 suis
1071 4664 1170 4719 SS.
1207 4663 1441 4718 Patrum
1474 4679 1648 4734 opera
1676 4678 1741 4717 eo
1771 4660 1940 4716 titulo
1971 4660 2069 4733 qui
2100 4665 2237 4715 tunc
2268 4660 2548 4732 temporis
2600 4659 2868 4713 usitatior
2917 4664 3059 4725 erat,
3112 4658 3351 4717 laudare
3395 4662 3618 4718 solitos.
3664 4704 3674 4713 .

238 4749 605 4812 Quamobrem
638 4754 739 4808 diu
773 4757 944 4808 antea
974 4752 1124 4808 hanc
1155 4756 1475 4807 memorato
1504 4751 1659 4823 operi
1696 4752 1906 4806 factam
1934 4748 2371 4821 inscriptionem
2402 4750 2533 4817 jure
2564 4746 2800 4802 dixeris.
2833 4748 2903 4802 Et
2940 4748 3086 4804 forte
3119 4766 3232 4804 non
3284 4749 3435 4804 alius
3486 4750 3621 4803 huic

232 4839 312 4893 rei
342 4839 524 4897 locum
558 4842 807 4909 dederit,
839 4858 1016 4913 quam
1048 4842 1448 4897 Cassiodorus.
1483 4840 1626 4896 Cum
1666 4838 1822 4895 enim
1868 4840 1950 4894 ita
1996 4839 2293 4910 loquitur:
2352 4839 2483 4892 Item
2526 4845 2746 4891 sanctus
2804 4837 3120 4894 Ambrosius
3166 4839 3240 4893 De
3287 4836 3623 4909 patriarchis

231 4937 425 4997 septem
454 4932 623 4987 libros
652 4930 842 4997 edidit,
877 4932 974 5002 qui
1000 4930 1177 4985 multa
1222 4931 1337 4984 locu
1401 4931 1595 4985 Veteris
1658 4928 1977 4985 Testumenti
2031 4927 2193 4998 factis
2252 4925 2640 4997 quaestionibus
2695 4927 2938 4981 suaviter
2988 4925 3244 4981 enodavit
3293 4924 3389 4994 (De
3442 4926 3620 4979 Instit.

229 5014 337 5071 dir.
369 5019 482 5074 lect.
508 5036 634 5091 cap.
670 5020 744 5089 1),
777 5018 1024 5073 dubium
1058 5036 1172 5075 non
1206 5025 1296 5074 est
1326 5019 1468 5089 quin
1500 5018 1652 5072 inter
1680 5017 1826 5073 alios
1858 5016 2042 5071 libros
2076 5018 2146 5070 De
2183 5016 2512 5087 patriarchis
2559 5018 2875 5070 tractatum
2927 5030 3161 5085 quoque
3209 5013 3280 5067 de
3328 5012 3620 5067 Abraham

236 5108 566 5179 complexus
592 5109 784 5164 fuerit.
818 5108 933 5163 Nec
963 5107 1105 5163 illud
1137 5108 1408 5179 cuiquam
1441 5107 1762 5162 absurdum
1796 5105 1975 5160 videri
2008 5106 2198 5171 debet,
2234 5105 2469 5175 quando
2501 5120 2698 5159 revera
2729 5109 2967 5158 sanctus
2997 5102 3198 5155 doctor
3227 5100 3296 5154 de
3316 5100 3624 5173 praecipuis

228 5197 570 5262 patriarehis
600 5195 1123 5251 commentationes
1152 5195 1595 5261 elueubraverit,
1630 5211 1776 5267 quas
1808 5194 2055 5265 ipsemet
2086 5193 2250 5247 initio
2279 5192 2415 5246 libri
2462 5195 2532 5249 De
2575 5192 2764 5262 Ioseph
2814 5193 3094 5252 recenset,
3143 5192 3318 5258 atque
3363 5188 3516 5244 inter
3564 5206 3628 5246 se

227 5291 543 5354 comparat.
578 5284 649 5339 Ut
682 5289 744 5337 ut
774 5284 871 5350 sit,
904 5283 1170 5354 dubitare
1200 5287 1391 5355 potest
1422 5299 1591 5337 nemo
1624 5282 1755 5337 huic
1789 5281 1900 5353 ipsi
1931 5282 2001 5338 de
2032 5299 2146 5353 quo
2176 5280 2495 5352 loquimur,
2534 5280 2691 5352 operi
2742 5278 2982 5333 titulum
3027 5277 3100 5331 De
3151 5275 3426 5331 Abraham
3471 5277 3624 5333 indi-

226 5374 353 5426 tum
386 5373 457 5427 ab
486 5373 792 5427 :‘unbrosio
826 5372 1026 5437 fuisse,
1058 5374 1228 5443 cujus
1259 5374 1435 5427 etiam
1470 5371 1548 5425 rei
1585 5370 1729 5425 ratio
1762 5370 1880 5424 hanc
1911 5370 1982 5425 ab
2017 5371 2141 5442 ipso
2172 5370 2469 5424 redditur:
2507 5368 2795 5436 Quoniam,
2830 5364 3040 5435 inquit,
3087 5380 3187 5435 per
3227 5365 3476 5420 ordinem
3522 5368 3626 5422 hu-

214 5457 312 5525 jus
341 5477 548 5532 quoque
572 5462 903 5532 patriarch
932 5465 1084 5529 gesta
1110 5460 1458 5516 considerare
1487 5462 1739 5513 animum
1765 5460 1954 5513 subiit.
1998 5458 2222 5523 Quibus
2272 5474 2412 5511 sane
2461 5455 2649 5509 verbis
2700 5451 2891 5524 operis
2940 5468 3176 5507 summa
3224 5453 3394 5523 quasi
3441 5454 3628 5510 oculis

222 5547 557 5618 subjicitur.
593 5549 871 5614 Quocirca
901 5547 1043 5603 illud
1080 5566 1196 5604 non
1228 5548 1362 5614 alio,
1395 5564 1569 5619 quam
1604 5548 1674 5601 de
1702 5546 1991 5602 Abraham
2024 5547 2083 5601 in
2118 5562 2258 5600 mss.
2293 5542 2641 5631 inscriptum
2675 5538 2843 5631 titulo
2868 5538 3121 5631 reperire
3142 5543 3258 5631 est.

298 5635 610 5693 Proﬁtetur
637 5654 871 5709 quoque
901 5643 1141 5694 sanctus
1174 5637 1419 5692 antistes
1449 5652 1575 5691 sese
1601 5644 1661 5690 ut
1693 5635 1786 5689 isti
1842 5632 2317 5690 commentationi
2372 5627 2597 5700 stylum'
2638 5628 2987 5693 admoveret,
3039 5627 3237 5682 divina
3283 5628 3627 5684 auctoritate

228 5722 409 5782 fuisse
435 5725 751 5783 inductum
782 5727 843 5799 (Ι.
876 5745 915 5799 ι,
944 5744 991 5797 e,
1028 5728 1079 5800 l)
1115 5727 1247 5781 Cum
1284 5727 1553 5782 Dominus
1582 5727 1720 5781 Deus
1748 5729 1952 5793 noster,
1987 5724 2195 5795 inquit,
2229 5723 2371 5775 hunc
2403 5718 2655 5789 locupleti
2700 5717 3081 5773 benedictionis
3127 5731 3246 5774 suae
3289 5716 3409 5772 dole
3453 5717 3625 5771 dona-
