4166 6154
479 275 598 339 439
1932 275 1996 336 8.
2044 273 2124 335 Alt

2185 273 2446 337 lROSll‘
3731 287 3830 347 440

469 418 630 487 verit,
657 415 718 472 ut
747 412 862 488 ejus
890 415 1072 484 gratia
1096 415 1408 486 provocaret
1435 418 1675 472 ca‘tcros,
1715 408 1987 465 institutio
2015 407 2351 480 corrigeret:
2383 407 2583 482 Moyses
2631 423 2838 482 quoque
2883 406 3219 466 imitandum
3274 407 3520 467 eumdem
3570 411 3712 472 nobis
3761 415 3837 474 de-

464 506 760 578 scripserit,
790 507 888 560 etc.
926 504 1125 576 Itaque
1156 504 1286 576 pius
1315 500 1513 556 docior
1543 504 1816 556 sanctum
1852 497 2243 571 patriarcham
2277 498 2645 554 auditoribus
2677 498 2801 554 suis
2832 502 2934 554 aut
2964 496 3280 554 lectoribus
3309 515 3376 556 eo
3407 500 3635 558 consilio
3679 521 3833 576 pone-

464 595 564 650 bat
593 596 664 651 ob
695 593 915 660 oculos,
949 599 1015 648 ut
1043 594 1112 649 ad
1146 594 1271 663 ejus
1303 589 1620 661 exemplar,
1657 594 1940 661 tanquam
1974 587 2044 642 ad
2079 587 2406 659 speculum,
2442 587 2716 642 vitiorum
2749 603 2977 642 omnum
3012 587 3399 661 detergerent,
3451 594 3615 663 atque
3659 594 3724 648 ad
3753 595 3837 650 ab-

468 682 894 740 solutissimam
924 683 1053 737 vita:
1085 697 1149 734 ac
1181 678 1477 750 sapientia:
1515 676 1856 733 Christianae
1887 676 2302 733 contenderent
2333 676 2767 748 perfectionem.
2802 680 2874 730 At
2903 690 3037 731 vero
3073 693 3199 748 qua:
3227 676 3322 732 his
3353 677 3662 752 subjungit,
3712 684 3838 740 satis

467 771 734 830 indicant
763 790 896 830 cum
928 788 1041 826 non
1075 769 1245 825 modo
1263 767 1335 824 ad
1359 767 1666 823 fovendam
1691 767 2264 838 promovendamque
2285 763 2751 822 Christianorum
2778 765 3052 836 pietatem
3071 764 3448 835 allaborasse,
3470 784 3661 824 verum
3688 773 3842 827 etiam

471 863 542 917 ad
597 861 1012 935 explodendam
1077 857 1558 930 philosophorum
1619 855 1958 923 vanitatem,
2016 855 2112 926 qui
2173 853 2458 926 sapientis
2507 855 2678 926 cujus
2735 853 2830 909 ille
2888 854 3076 910 vivam
3137 872 3204 910 ac
3257 854 3502 912 solidam
3568 857 3623 912 in
3680 860 3840 916 Abra-

468 952 643 1008 hamo
698 949 1013 1021 imaginem
1070 947 1289 1003 luxisse
1347 947 1732 1014 demonstrat,
1792 943 2254 1000 commentitiam
2310 943 2502 1000 solum
2559 943 3067 1000 adumbrationem
3126 943 3249 1001 sive
3306 944 3364 1000 in
3420 943 3704 1002 Platonica
3764 967 3844 1005 re-

466 1039 719 1112 publica,
751 1038 868 1093 sive
900 1037 958 1092 in
991 1036 1431 1109 Xenophontico
1463 1035 1725 1106 sapiente
1757 1033 2143 1089 ostentabant.
2180 1032 2321 1088 Eam
2354 1033 2426 1086 ob
2461 1047 2581 1086 rem
2616 1032 2864 1087 subinde
2895 1031 3297 1104 singularibus
3329 1034 3588 1105 ejusdem
3621 1037 3842 1108 patriar-

465 1128 584 1185 chae
616 1126 784 1183 factis
813 1125 1027 1182 astruit
1055 1124 1341 1198 quidquid
1374 1123 1473 1179 isti
1505 1123 1648 1178 adeo
1680 1121 1988 1194 magnifice
2018 1119 2421 1193 praedicarent,
2457 1120 2528 1174 ab
2562 1120 2671 1175 hoc
2704 1121 3032 1192 praestitum
3061 1137 3210 1189 esse,
3244 1138 3312 1178 ac
3342 1121 3510 1194 longe
3534 1129 3667 1181 ante
3709 1125 3847 1197 ipso-

462 1234 595 1274 rum
626 1220 852 1272 (etatem
884 1215 1136 1286 aMoyse
1170 1213 1228 1267 in
1261 1213 1443 1268 sacris
1494 1210 1793 1266 codicibus
1848 1208 2278 1280 consignatum.
2329 1209 2527 1280 Neque
2573 1224 2707 1264 vero
2758 1210 2990 1265 mireris
3047 1214 3319 1266 sanctum
3369 1212 3670 1284 praesulem
3717 1214 3850 1272 hanc

462 1305 754 1362 scribendi
784 1305 1067 1359 rationem
1099 1301 1263 1374 sequi
1294 1301 1587 1357 voluisse:
1632 1299 2105 1372 quandoquidem
2159 1299 2440 1354 adversus
2491 1298 2832 1370 hujusmodi
2892 1299 3162 1356 homines
3212 1299 3554 1373 disputabat
3599 1305 3851 1377 (August.

463 1395 631 1468 epist.
664 1394 775 1465 3i),
809 1393 908 1465 qui
941 1407 1175 1448 summa
1209 1390 1465 1446 caecitate
1498 1406 1564 1444 ac
1601 1387 1924 1443 temeritate
1955 1385 2253 1441 Christum
2287 1387 2598 1442 Dominum
2626 1387 2853 1443 divinas
2886 1387 3019 1444 illas
3053 1387 3232 1461 leges,
3265 1406 3412 1461 quas
3437 1389 3547 1462 ipsi
3599 1408 3709 1447 non
3753 1393 3848 1450 ha-

462 1485 597 1540 bere
622 1483 682 1538 in
714 1480 1100 1546 admiratione
1132 1497 1247 1535 non
1281 1483 1569 1552 poterant,
1603 1477 1661 1532 in
1696 1474 1951 1532 Platonis
1983 1475 2216 1547 scriptis
2247 1474 2526 1531 didicisse
2555 1476 2990 1532 asseverabant.

531 1574 677 1628 Ante
705 1569 1084 1627 Ambrosium
1116 1568 1281 1625 Philo
1310 1569 1551 1624 Judaeus
1583 1565 1801 1620 librum
1832 1563 2169 1637 vulgaverat
2198 1563 2308 1619 sub
2342 1562 2451 1619 hoc
2481 1563 2648 1619 titulo
2677 1582 2689 1619 :
2732 1566 2845 1619 Vita
2875 1567 3143 1638 sapientis
3168 1581 3270 1638 per
3295 1565 3604 1622 doctrinam
3623 1573 3855 1641 perfecti,

462 1663 574 1718 sive
601 1662 666 1717 de
696 1662 901 1733 legibus
929 1677 1039 1715 non
1067 1661 1305 1731 scriptis,
1337 1660 1452 1713 sive
1479 1657 1546 1712 de
1577 1656 1916 1720 Abrahamo;
1967 1653 2058 1708 cui
2111 1652 2258 1708 libro
2309 1653 2596 1725 quosdam
2651 1652 2794 1712 alios
2842 1654 2913 1710 de
2956 1653 3302 1711 clarioribus
3350 1654 3650 1714 nonnullis
3696 1659 3857 1730 hujus

462 1751 804 1824 patriarcha
836 1749 1164 1806 actionibus
1195 1749 1598 1820 subjunxerat.
1631 1745 2050 1800 Verumtamen
2083 1742 2131 1798 si
2163 1741 2509 1814 scriptorem
2542 1741 2710 1797 illum
2755 1742 2816 1798 in
2865 1742 3058 1814 operis
3107 1750 3452 1816 argumento
3501 1751 3736 1804 secutus
3780 1754 3857 1804 est

463 1841 829 1908 Ambrosius,
864 1839 1094 1894 videtur
1123 1842 1319 1894 tamen
1352 1837 1424 1892 ab
1450 1835 1716 1907 ejusdem
1745 1831 1938 1888 verbis
1965 1835 2022 1887 et
2052 1831 2383 1898 sententiis,
2418 1848 2546 1903 quae
2578 1831 2772 1903 ipsum
2798 1831 2857 1886 in
2881 1831 3286 1904 superioribus
3307 1833 3609 1890 nonnullis
3630 1838 3862 1892 tractati-

463 1931 573 1986 bus
603 1929 858 1984 liberiori
893 1945 1071 1983 manu
1101 1925 1460 1998 decerpsisse
1490 1920 2032 1988 animadvertimus,
2068 1920 2128 1975 in
2165 1920 2273 1975 hoc
2305 1919 2486 1974 ferme
2514 1919 2890 1975 abstinuisse.

533 1999 688 2076 280
713 2017 1054 2073 Methodum
1087 2033 1257 2088 porro
1289 2013 1382 2070 hic
1405 2013 1707 2086 amplexus
1737 2015 1827 2066 est
1855 2010 1928 2065 ab
1949 2026 2017 2066 ea
2037 2026 2167 2080 quae
2191 2007 2324 2064 aliis
2347 2007 2471 2063 suis
2489 2008 2548 2062 in
2572 2007 3078 2064 lucubrationibus
3097 2009 3580 2080 deprehenditur,
3606 2011 3770 2085 longe
3788 2015 3864 2068 di-

460 2123 710 2164 versam.
741 2107 968 2162 Etenim
1005 2106 1058 2160 in
1095 2103 1271 2177 priori
1305 2103 1452 2158 libro
1485 2099 1770 2173 quidquid
1802 2098 2104 2169 Scriptura
2133 2097 2205 2152 de
2235 2096 2353 2150 vita
2375 2095 2692 2152 Abrahami
2716 2096 2787 2151 ab
2813 2100 3048 2168 accepto
3070 2096 3539 2170 divinitusjusso
3556 2103 3866 2158 exeundiex

463 2197 681 2253 Charra
698 2196 768 2252 ad
791 2210 977 2267 usque
995 2194 1180 2266 ipsius
1198 2192 1422 2248 obitum
1445 2189 1641 2256 tradit,
1661 2188 1731 2243 ad
1753 2185 2032 2242 moralem
2055 2183 2504 2257 intelligentiam
2527 2183 2948 2252 accommodat,
2975 2186 3572 2258 propositaqueillius
3587 2190 3867 2255 devotione,

465 2285 574 2342 hoc
606 2289 694 2341 est
723 2285 781 2340 in
813 2282 1200 2356 exsequendis
1232 2280 1330 2336 Dei
1365 2278 1659 2334 mandatis
1689 2275 2039 2340 obedientia,
2087 2273 2344 2344 reliquas
2387 2274 2653 2345 ejusdem
2706 2273 2951 2328 virtutes
3001 2275 3412 2346 prosequitur:
3473 2276 3532 2332 in
3584 2279 3872 2350 posteriori

467 2392 602 2432 vero
634 2375 855 2448 primas
889 2372 1193 2428 memorati
1228 2367 1567 2443 patriarchae
1599 2367 1854 2422 actiones
1887 2363 2136 2436 spiritali
2169 2365 2310 2431 sive,
2343 2366 2409 2417 ut
2439 2362 2563 2434 ipse
2594 2367 2779 2429 vocat,
2814 2361 3006 2418 altiori
3038 2379 3212 2420 sensu
3245 2365 3668 2437 interpretans,
3701 2370 3872 2423 varios

472 2465 682 2521 animai
715 2464 772 2519 in
831 2464 1040 2518 virtute
1089 2461 1309 2533 gradus
1351 2474 1415 2513 ac
1467 2471 1814 2528 progressus
1862 2453 2070 2526 aperit,
2113 2451 2501 2522 eamdemque
2549 2451 2809 2506 animam
2859 2467 2990 2506 cum
3042 2450 3100 2506 in
3150 2453 3373 2508 Adamo
3440 2455 3774 2525 decidisset,
3826 2459 3877 2512 in

474 2553 811 2609 Abrahamo
843 2567 1146 2623 resurgere
1178 2552 1346 2620 atque
1379 2547 1446 2601 ad
1483 2543 1895 2617 perfectionem
1929 2541 2066 2597 eniti
2101 2541 2286 2595 docet.
2321 2540 2589 2595 Diximus
2621 2543 2815 2596 autem
2851 2539 3072 2612 primas
3102 2540 3379 2608 actiones,
3412 2559 3544 2599 non
3592 2561 3722 2600 vero
3769 2562 3876 2602 om-

479 2659 618 2707 nes;
653 2659 718 2698 eo
752 2641 907 2714 quod
937 2640 1104 2694 illum
1135 2641 1449 2693 tractatum
1484 2640 1612 2706 post
1637 2631 2138 2688 circumcisionem
2171 2629 2532 2701 patriarchae,
2567 2634 2625 2685 et
2655 2629 3004 2702 promissam
3032 2630 3211 2685 Isaaci
3237 2630 3613 2688 nativitatem
3638 2637 3880 2691 actutum

483 2732 736 2796 claudat,
769 2731 896 2800 ejus
929 2727 1386 2800 hospitalitatem
1421 2724 1622 2796 paucis
1654 2722 1967 2792 attingens.
1999 2723 2189 2790 Atque
2218 2718 2360 2773 adeo
2394 2719 2687 2773 secundus
2718 2717 2865 2774 liber
2894 2735 2961 2774 ea
2991 2718 3108 2774 fere
3140 2719 3264 2774 sola
3293 2722 3733 2793 complectitur,
3771 2741 3883 2797 quae

481 2820 542 2876 in
575 2818 868 2892 prioribus
899 2822 1151 2887 quatuor
1178 2814 1350 2887 primi
1384 2811 1674 2894 capitihus
1706 2810 1935 2864 fuerant
1965 2806 2290 2879 explanata.
2324 2807 2599 2871 Quamvis
2632 2808 2687 2862 in
2737 2807 2834 2863 illo
2884 2823 3118 2880 quoque
3166 2808 3460 2865 nonnulla
3510 2828 3640 2883 quae
3691 2813 3747 2869 in
3789 2814 3885 2869 hoc

483 2909 854 2972 omittuntur,
888 2907 1136 2960 tractata
1166 2902 1440 2974 reperias.
1474 2898 1650 2970 Atqui
1682 2915 1797 2953 non
1827 2896 2001 2953 aliam
2034 2913 2275 2952 causam
2306 2912 2413 2951 cur
2443 2896 2766 2952 secundum
2799 2895 3013 2952 librum
3047 2896 3293 2953 ulterius
3319 2903 3616 2973 prosequi
3657 2903 3887 2959 noluerit

480 3011 608 3050 esse
639 2997 1038 3056 autumamus,
1074 2991 1185 3046 nisi
1221 2990 1374 3062 quod
1400 2989 1526 3058 jam
1559 2987 1617 3042 in
1650 2987 1912 3042 animum
1945 2985 2273 3041 induxisset
2301 2987 2477 3042 etiam
2507 2986 2565 3041 in
2597 2987 2758 3041 Isaac
2789 3002 3000 3042 novum
3031 2990 3341 3042 tractatum
3365 2988 3448 3044 de
3477 2989 3693 3048 animae
3715 2993 3888 3065 perfe-

480 3083 690 3150 ctione,
723 3080 834 3146 vel,
865 3085 930 3136 ut
953 3080 1080 3154 ipse
1111 3079 1212 3146 ait,
1246 3077 1423 3133 variis
1453 3077 1578 3147 ejus
1610 3075 1980 3148 processibus
2012 3074 2384 3132 elucubrarc.

550 3173 697 3228 Cum
726 3175 922 3227 autem
954 3169 1025 3224 ad
1060 3167 1528 3224 informationem
1563 3181 1793 3221 morum
1840 3163 2150 3220 utilitatem
2199 3163 2384 3219 multo
2431 3162 2760 3219 uberiorem
2809 3178 2840 3218 e
2890 3161 3079 3234 primo
3127 3161 3274 3219 libro
3325 3181 3516 3237 quam
3569 3185 3602 3224 e
3651 3169 3887 3224 secundo

477 3260 790 3320 Christiani
816 3258 1052 3316 haurire
1083 3257 1328 3330 possint,
1364 3273 1478 3311 non
1511 3255 1636 3310 sine
1667 3253 1861 3309 divina
1891 3251 2254 3325 providentia
2285 3252 2502 3307 factum
2532 3251 2782 3318 videtur,
2818 3255 2883 3305 ut
2925 3250 3017 3306 ille
3053 3250 3210 3307 haud
3259 3252 3442 3324 paulo
3507 3256 3893 3330 incorruptior

478 3357 654 3422 atque
685 3348 990 3422 perfectior
1019 3347 1088 3400 ad
1124 3363 1229 3402 nos
1262 3345 1650 3400 transmissus
1683 3342 1874 3409 fuerit,
1927 3359 2106 3414 quam
2153 3340 2263 3397 iste
2313 3341 2370 3395 in
2421 3357 2536 3412 quo
2586 3339 2697 3395 loci
2749 3339 3081 3412 complures
3127 3349 3452 3400 occurrunt
3506 3345 3794 3403 miserum
3840 3347 3891 3402 in

480 3439 721 3494 modum
752 3436 1010 3492 hiatibus
1043 3435 1290 3507 aliisque
1320 3433 1474 3490 vitiis
1506 3431 1817 3505 deturpati.
1853 3432 1975 3488 Non
2010 3446 2226 3504 paucos
2258 3430 2497 3502 quidem
2532 3446 2718 3501 neque
2759 3430 3215 3486 contemnendos
3259 3431 3535 3503 pristinae
3583 3434 3902 3508 integritati

479 3527 884 3593 restituimus;
918 3525 1171 3598 ingenue
1203 3529 1396 3580 tamen
1431 3524 1731 3579 fatendum
1759 3526 1848 3577 est
1878 3522 1936 3576 in
1970 3521 2081 3576 fide
2111 3521 2376 3593 ejusdem
2431 3519 2564 3575 libri
2616 3519 2808 3575 adhuc
2853 3519 3083 3576 confusi
3140 3518 3362 3592 aliquid
3425 3541 3767 3596 superesse,
3815 3525 3901 3581 cui

479 3616 804 3673 remedium
837 3615 1038 3671 afferre
1071 3630 1246 3669 manu
1278 3611 1494 3669 exarati
1527 3613 1752 3667 codices
1783 3610 2166 3682 nequiverint.
2202 3608 2486 3665 Credibile
2516 3612 2606 3664 est
2632 3607 2710 3662 ibi
2744 3608 3008 3680 quaedam
3038 3609 3126 3665 vel
3159 3612 3558 3683 transposita,
3578 3613 3667 3672 vel
3695 3613 3906 3679 avulsa,

475 3705 564 3762 vel
595 3706 771 3761 etiam
805 3705 950 3760 forte
980 3704 1052 3760 ab
1085 3702 1356 3758 hmretico
1387 3701 1604 3773 aliquo,
1640 3706 1703 3756 ut
1730 3700 2118 3772 patrocinium
2153 3697 2450 3754 erroribus
2479 3698 2604 3754 suis
2635 3702 2886 3770 pararet,
2923 3697 3104 3756 fuisse
3136 3699 3470 3771 interjecta.

550 3795 810 3852 Primum
843 3794 1057 3848 librum
1091 3797 1319 3849 constat
1347 3809 1377 3848 e
1407 3791 1778 3847 sermonibus
1810 3789 2200 3862 compositum
2233 3805 2381 3853 esse,
2416 3804 2563 3859 quos
2609 3793 2850 3844 sanctus
2899 3788 3110 3860 pressu]
3167 3791 3237 3844 ad
3288 3791 3770 3851 catechumenos
3817 3789 3912 3864 qui

469 3885 596 3955 jam
630 3900 841 3940 nomen
873 3882 1154 3938 dederant
1183 3881 1254 3936 ad
1290 3879 1647 3953 baptismum
1681 3883 1738 3934 et
1766 3881 2160 3950 competentes
2190 3881 2374 3944 erant,
2408 3876 2696 3932 habuerat
2725 3876 2849 3947 (lib.
2880 3895 2918 3943 ι,
2951 3893 3001 3931 c.
3031 3879 3084 3941 ἀ,
3114 3880 3149 3931 7
3179 3882 3236 3934 et
3282 3877 3445 3951 ult.).
3501 3881 3628 3937 Hos
3683 3880 3908 3954 potissi-

477 3989 640 4028 mum
672 3973 796 4044 ipse
827 3987 928 4042 per
959 3987 1018 4024 se
1051 3969 1255 4024 docere
1287 3972 1700 4033 consueverat;
1731 3971 1788 4022 et
1818 3966 1971 4038 quod
2005 3983 2101 4022 ore
2131 3964 2495 4034 tradidisset,
2528 3965 2905 4035 postmodum
2937 3963 2996 4018 in
3027 3963 3210 4021 libros
3245 3966 3551 4040 redigere.
3604 3969 3670 4025 ld
3723 3972 3911 4026 autem

475 4077 540 4117 eo
572 4062 758 4117 facere
789 4059 1142 4126 instituerat,
1175 4057 1440 4128 sivequo
1472 4056 1703 4112 illorum
1738 4055 2047 4127 postulatis
2080 4071 2301 4112 morem
2330 4058 2574 4126 gereret,
2607 4053 2731 4110 sive
2763 4054 2916 4126 quod
2951 4054 3078 4125 ipse
3108 4059 3314 4128 sponte
3343 4072 3468 4112 sua
3501 4059 3742 4115 eisdem
3786 4073 3916 4130 pro-

475 4151 740 4223 spiceret,
774 4166 846 4205 ne
875 4165 1002 4221 qua:
1037 4145 1308 4219 pretiosis
1339 4146 1454 4201 illis
1486 4145 1762 4218 baptismi
1794 4145 1884 4201 sui
1917 4145 2282 4217 temporibus
2313 4143 2618 4199 audierant
2651 4143 3180 4216 promiserantque,
3204 4145 3312 4200 sibi
3342 4163 3636 4218 unquam
3656 4147 3920 4204 excidere

474 4256 542 4294 ex
573 4239 854 4295 memoria
883 4239 1243 4309 paterentur,
1272 4251 1338 4290 ac
1368 4234 1544 4290 simul
1575 4238 1639 4288 ut
1671 4233 1727 4288 in
1757 4233 2026 4289 utilitatis
2058 4232 2416 4290 consortium
2447 4232 2546 4287 alii
2589 4248 2825 4304 quoque
2875 4233 3323 4290 admitterentur
3377 4235 3752 4294 Christiani.
3803 4237 3919 4292 Non

473 4328 555 4384 ita
584 4327 824 4399 quidem
854 4325 1230 4383 manifestum
1263 4328 1352 4380 est
1377 4323 1590 4379 librum
1623 4323 1945 4379 secundum
1979 4340 2047 4378 ex
2082 4320 2377 4378 similibus
2415 4325 2686 4378 constare
2733 4321 3151 4378 concionibus:
3196 4339 3404 4380 verum
3457 4343 3607 4382 cum
3657 4326 3799 4382 huic
3846 4322 3921 4380 rei

476 4415 622 4470 nihil
652 4415 728 4469 sit
757 4415 913 4488 quod
943 4413 1246 4469 videamus
1277 4429 1620 4485 repugnare,
1654 4413 1724 4468 de
1756 4411 1864 4468 hoc
1894 4411 2071 4468 etiam
2104 4410 2250 4468 libro
2281 4410 2436 4467 idem
2469 4410 2756 4468 indicium
2780 4415 2953 4482 atque
2969 4411 3041 4468 de
3071 4411 3261 4484 primo
3283 4412 3442 4471 ferre
3469 4433 3602 4472 non
3624 4414 3924 4474 immerito

475 4519 816 4577 possumus.

545 4594 610 4648 In
644 4591 951 4664 retegenda
980 4591 1316 4646 eorumdem
1350 4590 1630 4646 librorum
1664 4594 1828 4645 aetate
1857 4588 2195 4662 plusculum
2227 4588 2594 4645 difficultatis
2624 4595 2731 4645 est.
2762 4589 3155 4646 Nihilominus
3177 4594 3374 4647 tamen
3402 4609 3558 4650 cum
3577 4610 3655 4652 ex
3681 4595 3924 4666 conjun-

474 4682 666 4740 ctione
697 4684 871 4752 atque
903 4679 1106 4734 ordine
1139 4695 1253 4751 quo
1283 4678 1366 4734 illi
1398 4678 1780 4751 sequentibus
1810 4679 2407 4735 commentationibus
2439 4679 2509 4735 de
2540 4677 2889 4750 patriarchis
2917 4683 3364 4749 connectuntur,
3394 4686 3542 4738 tum
3567 4701 3644 4740 ex
3676 4683 3930 4756 ipsomet

473 4770 782 4828 Ambrosio
814 4768 913 4841 qui
946 4769 1055 4824 sub
1087 4768 1320 4823 initium
1355 4767 1638 4824 librorum
1679 4773 1757 4824 De
1783 4768 1994 4839 Ioseph,
2029 4772 2086 4824 et
2114 4769 2188 4824 De
2216 4769 2509 4840 Mysteriis,
2543 4766 2687 4824 satis
2719 4772 2915 4840 aperte
2946 4767 3167 4824 indicat
3205 4767 3336 4826 illos
3395 4788 3633 4830 omnes
3687 4771 3934 4828 minime

471 4859 717 4917 diversis
740 4858 1103 4931 temporibus
1133 4857 1205 4912 ab
1238 4874 1300 4913 se
1332 4857 1512 4912 fuisse
1545 4857 1921 4930 compositos,
1972 4859 2116 4914 satis
2163 4857 2460 4914 evidenter
2508 4855 2806 4929 colligitur
2851 4856 3088 4913 eosdem
3138 4873 3290 4913 anno
3339 4859 3606 4918 circiter
3661 4862 3772 4917 387
3821 4874 3931 4930 quo

468 4950 685 5007 librum
717 4951 789 5005 de
818 4947 1070 5020 Josepho
1101 4947 1158 5002 in
1190 4947 1378 5004 lucem
1413 4946 1698 5019 prodiisse
1731 4964 1836 5003 suo
1868 4946 1992 5002 loco
2025 4947 2428 5019 probabimus,
2466 4946 2643 5002 tribui
2671 4950 2956 5019 oportere.
