4026 6186
224 338 317 400 Ml
1497 337 1598 399 DE
1642 335 2026 411 ABRAHAM
2070 334 2222 397 LlB.
2266 333 2318 397 Ι.

224 514 2973 549 W

3490 338 3607 405 442
3646 377 3661 395 .

2973 513 3608 547 =2:

858 714 1681 876 SANCTI
1876 642 2964 875 AMBROSH

1461 980 2094 1045 MEDIOLANENSIS
2138 980 2495 1043 EPISCOPI

1236 1176 1476 1303 DE
1599 1174 2583 1302 ABBAHAM

1654 1416 1909 1491 LIBRI
1951 1416 2023 1478 (ί)
2077 1417 2269 1490 DUO

1405 1702 1802 1791 LIBER
1888 1701 2415 1790 PRIMUS.

656 2046 803 2105 281
847 2046 1078 2103 CAPUT
1115 2046 1426 2104 PRIMUM.

230 2153 367 2210 Libri
417 2153 613 2209 titulus
667 2170 731 2209 ac
755 2152 1030 2209 tractandi
1051 2154 1543 2225 ratioexponitur:
1578 2158 1691 2209 tum
1734 2170 1855 2225 qua?

292 2225 495 2297 utilitas
516 2241 588 2281 ex
605 2226 907 2297 Abrahami
933 2225 1204 2296 exemplis
1230 2225 1457 2297 petenda
1486 2228 1559 2297 sit
1617 2226 1855 2281 auctori-

290 2300 393 2421 tate
414 2296 624 2366 divina,
654 2300 705 2353 et
730 2295 1183 2369 philosophorum
1217 2295 1505 2354 collatione
1522 2296 1857 2354 demonstra-

314 2384 393 2422 ur.

295 2493 341 2547 1.
361 2491 655 2548 Abraham
686 2488 818 2546 libri
850 2491 1031 2563 hujus
1061 2491 1270 2548 titulus
1301 2496 1408 2557 est,
1443 2492 1721 2563 quoniam
1760 2507 1863 2563 per

234 2580 475 2637 ordinem
507 2580 688 2651 hujus
715 2596 946 2654 quoque
975 2581 1317 2653 patriarchas
1340 2584 1506 2654 gesta
1524 2580 1861 2636 considera-

236 2668 556 2726 reanimum
577 2668 776 2725 subiit.
813 2674 889 2725 De
912 2686 1027 2742 quo
1058 2669 1227 2727 nobis
1257 2669 1496 2726 moralis
1526 2669 1716 2741 primo
1754 2669 1865 2725 erit

235 2763 496 2816 tractatus
526 2761 586 2813 et
614 2756 880 2829 simplex.
914 2758 1060 2815 Nam
1087 2757 1196 2815 etsi
1233 2758 1426 2815 altiori
1470 2757 1863 2830 disputatione

240 2863 527 2918 processus
547 2845 786 2920 quidam
803 2850 859 2903 et
882 2847 1067 2903 forma
1084 2847 1340 2915 virtutis,
1362 2852 1419 2903 et
1440 2847 1665 2920 species
1708 2864 1863 2918 quaa-

243 2936 359 2992 dam
382 2936 745 3009 exprimatur
776 2952 789 2991 :
820 2941 1017 2992 tamen
1077 2937 1331 2992 forensia
1359 2952 1594 3009 quoque
1623 2940 1863 2992 actuum

243 3026 353 3096 eius
377 3025 711 3099 vestigia(2)
733 3030 1013 3095 spectare,
1043 3025 1276 3081 virtutis
1320 3027 1613 3097 prolectus
1636 3030 1743 3081 est.
1777 3026 1866 3080 Et-

242 3113 376 3171 enim
404 3115 456 3171 si
486 3131 557 3170 ea
585 3131 711 3186 quas
743 3118 954 3171 natura
990 3115 1062 3170 ad
1111 3114 1327 3170 victum
1350 3115 1647 3187 generavit
1676 3113 1863 3169 homi-

244 3219 361 3258 num
389 3219 505 3260 non
536 3203 736 3269 unius,
759 3203 859 3259 sed
901 3203 1146 3276 geminae
1202 3207 1304 3259 aut
1354 3204 1529 3260 etiam
1581 3202 1866 3259 uberioris

243 3291 420 3363 gratim
456 3296 617 3358 sunt,
644 3296 866 3363 quanto
884 3291 1072 3364 magis
1100 3308 1169 3347 ea
1182 3292 1398 3363 quibus
1413 3292 1726 3365 epulantur
1744 3292 1867 3347 ani-

1884 2053 1940 2120 Α
1970 2045 2153 2103 voluit
2175 2046 2494 2103 informare
2524 2047 2809 2119 sapientis
2836 2049 2896 2105 in
2936 2066 3001 2106 eo
3044 2048 3192 2107 libro
3251 2067 3425 2123 quem
3458 2052 3617 2118 Κύρου

1965 2135 2184 2185 παυδείαν
2214 2135 2485 2192 inscribit
2516 2154 2529 2193 :
2567 2142 2629 2192 ut
2658 2153 2725 2193 ex
2780 2137 2989 2195 intimo
3041 2139 3419 2213 philosophia:
3480 2142 3617 2200 sinu

1959 2225 2107 2295 justi
2139 2225 2294 2297 regis
2341 2229 2400 2281 et
2427 2225 2708 2297 sapientis
2724 2226 3035 2300 disciplina
3055 2232 3412 2301 procederet:
3440 2248 3618 2303 quam

1970 2314 2157 2386 magis
2198 2331 2303 2369 nos
2334 2331 2450 2369 non
2481 2316 2865 2387 compositam
2898 2316 3147 2389 ﬁguram
3178 2319 3460 2391 sapientis
3487 2320 3616 2391 viri,

1970 2402 2073 2457 sed
2104 2418 2442 2474 expressam
2472 2404 2769 2473 virtutem,
2811 2410 2868 2461 et
2897 2406 3091 2462 divino
3126 2407 3453 2465 institutam
3504 2426 3622 2466 ma-

1971 2489 2209 2563 gisterio
2240 2507 2539 2547 recensere
2568 2492 2870 2563 intentius,
2895 2499 2951 2550 et
2980 2495 3102 2552 vias
3147 2498 3275 2568 ejus
3336 2492 3620 2556 debemus

1972 2579 2263 2651 persequi,
2327 2596 2499 2652 quem
2532 2582 2758 2654 Moyses
2789 2582 2869 2638 ita
2936 2584 3266 2657 descripsit,
3336 2591 3402 2642 ut
3466 2591 3620 2645 retro

1973 2668 2340 2740 quodamodo
2372 2686 2433 2725 se
2462 2669 2588 2742 ipse
2619 2670 2983 2742 respiceret?

2612 2776 2847 2832 CAPUT
2886 2779 2960 2833 ΙΙ.

1972 2862 2186 2942 Devotio
2216 2864 2741 2942 AAbrawaquomodo
2761 2865 2951 2942 _dioini
2981 2870 3244 2942 prterepti
3272 2869 3452 2926 verbis
3494 2887 3621 2942 pro-

2045 2934 2196 3013 beta.
2236 2934 2503 3013 Quidsit'
2530 2938 2704 3013 eaire
2739 2936 2806 3013 d_e_
2856 2934 3191 3013 cognatione,
3248 2956 3414 3011 quove
3467 2934 3623 3013 pacto

2043 3005 2282 3082 ejusdem
2299 3008 2628 3082 patriarchae
2650 3005 3012 3082 obedientiam
3040 3011 3139 3066 Dei
3164 3005 3451 3082 promissio
3467 3005 3624 3069 secu-

2045 3080 2100 3157 ta
2128 3078 2223 3157 sit.
2256 3078 2425 3157 idem,
2459 3080 2706 3157 invocato
2732 3080 2985 3157 Domino,
3004 3082 3114 3157 sibi
3140 3078 3205 3137 o'b
3253 3086 3447 3140 uxoris
3491 3086 3622 3157 put-

2042 3147 2417 3226 cbritudinem
2447 3152 2622 3226 timet,
2643 3159 2917 3226 cavetque.
2950 3153 3014 3207 At
3042 3147 3509 3226 Pharaoipropter
3546 3157 3623 3212 it-

2047 3219 2159 3274 lius
2186 3225 2410 3292 raptum
2441 3222 2757 3289 castigatus,
2795 3219 3062 3292 Quantum
3088 3224 3159 3279 sit
3216 3219 3480 3282 adulterii
3506 3229 3619 3283 cri-

2047 3240 2159 3274 uus
2186 3240 2410 3292 raptum
2441 3240 2757 3289 castigatus,
2832 3240 3062 3279 uantum
3088 3240 3159 3279 Sit
3216 3240 3476 3282 adulterii
3506 3240 3619 3283 cri-

2043 3290 2402 3379 men‘indicio
2430 3295 2507 3347 est
2538 3310 2556 3346 :
2578 3293 2720 3348 unde
2748 3240 2985 3351 Agre/ise
3011 3296 3255 3367 exmplo
3284 3296 3355 3352 ad
3382 3297 3625 3379 studium

244 3380 331 3449 mi,
359 3397 470 3437 non
502 3380 759 3453 angusti,
810 3380 910 3436 sed
942 3380 1389 3437 abundantioris
1426 3398 1593 3451 usus,
1624 3385 1680 3437 et
1712 3380 1863 3436 mul-

2045 3360 2344 3419 devotionis
2366 3379 2740 3435 provocamur.

238 3468 432 3543 tiplicis
461 3469 578 3526 cibi
609 3486 738 3525 esse
775 3468 1051 3525 aestimari
1090 3470 1376 3528 convenit.

298 3562 346 3614 2.
374 3559 496 3614 Non
538 3558 826 3615 mediocre
857 3564 1051 3614 autem
1083 3564 1184 3614 aut
1212 3558 1468 3616 otiosum
1535 3559 1856 3631 negotium.

241 3647 444 3704 Etenim
483 3664 620 3704 cum
646 3647 928 3703 Dominus
953 3647 1107 3704 Deus
1148 3652 1345 3704 noster
1371 3648 1531 3704 hunc
1588 3647 1861 3720 locupleti

242 3735 639 3794 benedictionis
668 3754 787 3793 suae
817 3737 952 3793 dote
989 3737 1289 3793 donaverit
1323 3754 1337 3806 ;
1397 3741 1463 3792 ut
1492 3738 1620 3808 ejus
1677 3737 1865 3809 gratia

243 3830 555 3898 provocarat
583 3830 840 3895 casteros,
882 3825 1173 3882 institutio
1230 3826 1547 3899 corrigeret
1580 3843 1592 3881 :
1638 3826 1865 3898 Moyses

243 3914 826 3988 quoqueimitandum
888 3914 1057 3971 nobis
1115 3915 1535 3987 descripserit;
1568 3919 1636 3970 ut
1692 3914 1866 3970 corda

243 4001 526 4060 hominum
559 4004 619 4059 in
642 4004 848 4059 vitium
874 4002 1153 4072 labentia,
1178 4004 1358 4075 hujus
1411 4003 1516 4059 viri
1577 4004 1863 4070 contuitu,

242 4091 377 4147 velut
398 4110 434 4149 .e
471 4093 729 4165 quodam
775 4096 1005 4148 terreno
1063 4092 1237 4148 busto
1295 4092 1689 4160 resuscitaret,
1749 4109 1864 4148 non

243 4181 682 4251 perfunctorium
710 4182 883 4237 debet
901 4180 1103 4249 videri,
1137 4180 1187 4237 si
1228 4198 1335 4237 nos
1365 4197 1596 4254 quoque
1627 4198 1867 4254 scrupu-

242 4265 399 4327 losius
416 4270 682 4343 ejusdem
703 4269 811 4325 viri
839 4286 1138 4326 versemus
1167 4270 1429 4344 vestigia.
1488 4271 1636 4326 Nam
1667 4270 1716 4326 si
1772 4287 1866 4327 sa-

242 4356 440 4428 pientes
470 4360 653 4431 hujus
685 4358 910 4427 mundi,
944 4363 1009 4414 ut
1039 4358 1199 4415 Plato
1229 4359 1355 4432 ipse
1402 4360 1677 4433 princeps
1728 4358 1865 4432 phi-

241 4443 622 4520 losophorum,
662 4464 777 4504 non
798 4463 993 4504 veram
1017 4447 1299 4521 aliquam,
1325 4449 1427 4505 sed
1467 4448 1662 4504 ﬁctam
1681 4452 1739 4505 et
1764 4448 1865 4503 ad-

242 4536 552 4594 umbratam
617 4535 730 4593 sibi
794 4553 925 4594 eam
985 4554 1163 4609 quam
1221 4537 1472 4611 legimus
1502 4536 1751 4585 πολιτείαν
1790 4537 1865 4608 (3)

242 4627 523 4698 proposuit
560 4625 1247 4699 persequendam(Plato,
1310 4626 1349 4681 l.
1394 4626 1531 4683 ivde
1592 4627 1814 4698 Repubt)
1850 4644 1863 4693 ;

242 4717 297 4767 ut
320 4714 547 4772 doceret
574 4714 808 4786 qualem
853 4715 1272 4787 rempublicam
1338 4728 1467 4772 esse
1526 4719 1817 4788 oporteret
1849 4731 1861 4769 :

2038 3467 2091 3522 3.
2118 3466 2366 3540 Magnus
2394 3469 2566 3542 plane
2584 3470 2691 3539 vir,
2725 3474 2782 3526 et
2820 3471 3140 3528 multarum
3168 3473 3453 3531 virtutum
3505 3474 3625 3533 cla-

1971 3573 2074 3611 rus
2103 3557 2457 3628 insignibus,
2495 3575 2671 3630 quem
2709 3560 2858 3615 votis
2898 3561 3024 3617 suis
3064 3560 3436 3636 philosophia
3501 3581 3615 3621 non

1971 3645 2223 3718 potuerit
2243 3662 2491 3717 aequare.
2525 3646 2788 3719 Denique
2818 3648 3015 3704 minus
3042 3653 3131 3706 est
3160 3652 3316 3722 quod
3362 3651 3473 3707 illa
3512 3654 3620 3709 ﬁn-

1970 3735 2075 3802 xit,
2106 3751 2286 3807 quam
2309 3736 2462 3807 quod
2491 3735 2601 3791 iste
2630 3737 2831 3809 gessit,
2867 3739 3089 3808 majore
3141 3740 3453 3797 ambitioso
3502 3740 3624 3798 elo-

1972 3822 2223 3895 quentiae
2252 3824 2555 3880 mendacio
2588 3823 2835 3897 simplex
2871 3825 3131 3882 veritatis
3188 3827 3352 3884 ﬁdes.
3413 3830 3616 3902 Itaque

1974 3913 2305 3983 cujusmodi
2337 3912 2510 3968 fuerit
2538 3913 2599 3968 in
2633 3928 2700 3968 eo
2729 3913 2851 3969 viro
2881 3913 3131 3981 devotio,
3165 3916 3624 3974 consideremus.

1974 4001 2052 4056 Ea
2079 4001 2236 4057 enim
2258 4002 2443 4058 virtus
2475 4002 2678 4059 ordine
2709 4002 2900 4075 prima
2947 4007 3054 4071 est,
3090 4020 3217 4076 quae
3274 4009 3364 4061 est
3414 4006 3626 4061 funda-

1975 4094 2241 4146 mentum
2273 4095 2649 4147 caeterarum:
2685 4092 3009 4164 meritoque
3067 4092 3217 4148 hanc
3275 4094 3346 4149 ab
3374 4109 3440 4149 eo
3501 4094 3627 4166 pri-

1974 4195 2132 4234 mam
2164 4178 2354 4252 exegit
2383 4179 2556 4246 Deus,
2589 4181 2790 4236 dicens
2823 4196 2836 4235 :
2874 4182 2978 4235 Exi
3005 4181 3070 4236 de
3098 4183 3252 4237 terra
3298 4190 3412 4249 tua,
3467 4183 3518 4237 et
3564 4183 3629 4239 de

1973 4269 2297 4337 cognatione
2328 4272 2442 4335 tua,
2472 4272 2523 4325 et
2543 4269 2608 4324 de
2635 4271 2791 4325 domo
2814 4270 2991 4342 patris
3057 4272 3142 4325 tui
3204 4272 3358 4340 (Gen.
3387 4289 3484 4339 xu,
3543 4273 3617 4343 1).

1976 4357 2129 4413 Satis
2160 4357 2349 4412 fuerat
2376 4356 2591 4414 dixisse
2619 4358 2685 4415 de
2713 4363 2862 4415 terra
2892 4364 3007 4414 tua.
3043 4359 3129 4415 Ibi
3158 4360 3317 4415 enim
3350 4365 3477 4417 erat
3508 4361 3625 4418 exi-

1975 4463 2036 4502 re
2065 4446 2137 4502 de
2166 4446 2527 4519 cognatione,
2560 4448 2713 4504 exire
2744 4448 2815 4505 de
2844 4453 3088 4519 paterna
3113 4449 3285 4505 domo
3318 4466 3329 4503 :
3362 4450 3464 4507 sed
3498 4450 3626 4507 ideo

1975 4534 2203 4591 addidit
2228 4534 2479 4607 singula,
2525 4541 2589 4591 ut
2635 4538 2763 4608 ejus
2822 4538 3094 4593 affectum
3154 4539 3305 4595 283
3359 4541 3631 4612 probaret

1976 4640 2049 4680 ne
2104 4625 2249 4679 forte
2280 4628 2383 4680 aut
2408 4623 2842 4697 imprudentem
2876 4627 3101 4700 cepisse
3166 4630 3242 4700 (5)
3308 4630 3624 4694 videretur,

1974 4717 2078 4769 aut
2108 4714 2267 4769 fraus
2284 4713 2539 4786 aliquam
2557 4714 2789 4772 andatis
2819 4720 3130 4788 pararetur
3154 4717 3624 4774 cmlestibus.Sed

242 4805 396 4875 atque
419 4804 504 4861 ita
530 4783 710 4876 quam
742 4820 847 4860 nec
879 4783 1162 4872 audierat,
1197 4822 1302 4861 nec
1359 4783 1585 4861 viderat
1620 4804 1773 4861 282
1808 4805 1866 4859 ἱῑι
1902 4783 1944 4852 (ἶ
1975 4803 2129 4859 sicut
2159 4783 2551 4859 coacervanda
2595 4783 2838 4861 fuerunt
2869 4812 3176 4879 praecepta,
3208 4825 3278 4863 ne
3310 4807 3449 4878 quid
3481 4806 3620 4861 late-

241 4889 419 4964 aliqua
437 4894 582 4950 urbe
612 4893 1055 4952 describendam
1088 4895 1329 4967 putavit,
1364 4898 1430 4949 ut
1460 4894 1498 4949 ii
1529 4894 1744 4967 quibus
1762 4893 1871 4950 hoc

1980 4895 2061 4946 rei
2099 4908 2111 4944 :
2145 4890 2224 4947 ita
2254 4890 2429 4947 etiam
2460 4894 2837 4965 proponenda
2866 4893 3126 4968 praemia,
3151 4911 3220 4950 ne
3251 4895 3395 4950 forte
3425 4894 3627 4965 despe-

239 4995 437 5045 munus
474 4987 588 5051 est,
610 4982 1107 5054 quemadmodum
1143 4982 1566 5056 rempublicam
1606 4986 1872 5056 regerent
1980 4984 2135 5036 raret
2167 4997 2179 5034 :
2217 4981 2499 5036 Tentatur
2530 4986 2592 5037 ut
2621 4982 2810 5051 fortis,
2845 4982 3125 5039 incitatur
3156 4986 3220 5037 ut
3248 4980 3456 5050 ﬁdelis,
3492 4999 3625 5054 pro-

240 5069 306 5138 (4)
326 5069 545 5133 institui
571 5076 812 5144 possent
835 5089 847 5126 :
871 5076 929 5127 et
949 5071 999 5129 si
1018 5071 1459 5145 condiscipulus
1480 5071 1741 5129 Platonis
1761 5072 1867 5128 Xe-

240 5157 455 5231 nophon
484 5159 585 5216 ille
600 5160 931 5217 Socraticus
953 5160 1104 5217 ﬁctis
1123 5165 1182 5217 et
1201 5161 1326 5234 ipse
1341 5162 1516 5218 rebus
1558 5177 1868 5234 personam

322 5301 374 5387 ξ)
402 5302 747 5387 gripti-circ.
781 5319 874 5358 an.
908 5303 1032 5358 387.

287 5374 372 5458 9(2)
404 5374 549 5458 linit.
580 5376 710 5458 ᾼω.
743 5390 877 5458 cum
899 5390 1042 5458 mss.
1076 5379 1349 5447 quatuor,
1374 5377 1618 5458 forensia
1646 5390 1871 5458 qumque

572 5448 821 5517 forensia
850 5438 1112 5517 vestigia;
1130 5463 1235 5520 pro
1262 5438 1493 5503 morum
1529 5438 1715 5519 signis
1772 5438 1865 5501 ex-

243 5513 537 5573 terioribus
566 5513 906 5575 sumuntur.

300 5586 374 5665 (_3)
402 5587 489 5645 Ita
528 5604 672 5646 mss.
700 5588 1092 5665 quinque‘savi
1145 5588 1424 5665 melioris.
1468 5590 1577 5648 Alii
1635 5606 1767 5646 vero
1813 5594 1869 5646 et

243 5654 367 5726 Odit,
395 5668 537 5719 πόλιν
561 5654 838 5734 provomit
863 5654 1269 5734 sediﬁeandam.

1977 5073 2217 5127 vocatur
2246 5074 2311 5125 ut
2332 5070 2535 5142 justus
2554 5072 2651 5141 (6),
2685 5071 3007 5143 meritoque
3038 5069 3210 5126 exivit
3244 5072 3623 5141 quemadmo-

1979 5158 2119 5215 dum
2150 5159 2384 5216 locutus
2412 5164 2502 5216 est
2533 5158 2617 5215 illi
2646 5160 2950 5215 Dominus.

2071 5304 2122 5373 4)
2145 5304 2283 5359 Mss.
2320 5302 2437 5358 fere
2468 5302 2539 5357 ad
2566 5317 2772 5371 unum,
2804 5301 3197 5373 rempublicam
3215 5304 3482 5373 gererent.

2071 5309 2122 5373 4)
2146 5309 2283 5359 Mss.
2320 5309 2437 5358 fere
2468 5309 2539 5357 ad
2566 5317 2772 5371 unum,
2804 5309 3197 5373 rempublicam
3215 5309 3482 5372 gererent.

2049 5309 2304 5447 25)_Edit.
2337 5389 2559 5447 omnes,
2584 5389 2650 5447 ac
2681 5372 2849 5443 panci
2879 5388 3021 5428 mss.
3043 5372 3415 5447 imprudenter
3430 5376 3625 5447 capis-

1976 5443 2064 5502 se.
2088 5445 2203 5500 Alii
2231 5460 2364 5499 vero
2405 5443 2870 5517 majorinum‘ero
2901 5447 2959 5517 et
2987 5443 3350 5513 aucturitate,
3413 5443 3627 5517 impru-

1977 5518 2189 5574 dentem
2218 5516 2437 5588 cepisse,
2470 5514 2579 5569 hoc
2617 5518 2724 5588 est,
2746 5514 3066 5588 decepisse,

1988 5662 1997 5671 .
2048 5590 2124 5714 (t6)
2147 5585 2285 5644 Era.‘
2307 5586 2368 5641 in
2398 5589 2577 5652 textu,
2611 5591 2666 5642 et
2696 5585 2828 5643 Gil].
2864 5585 2921 5644 in
2953 5589 3237 5661 margine,
3268 5589 3532 5663 probatur
3574 5602 3629 5649 ut

1988 5677 2061 5714 ius
2087 5676 2168 5714 us.

1968 5676 2168 5731 Justus.
