4026 6186
449 346 567 411 443

1903 340 1971 407 S.
2015 336 2391 410 AMBROSII

3688 351 3783 414 4M

522 488 586 544 Et
622 486 792 543 exivit
843 499 968 541 cum
991 497 1051 541 eo
1117 476 1267 540 Loth.
1335 477 1491 554 (Ibid,
1559 481 1632 554 4).
1704 481 1821 537 Hoc
1887 485 2083 538 autem
2113 483 2169 548 Α
2198 486 2255 537 et
2281 481 2427 539 dixit
2457 498 2470 538 :
2502 479 2713 540 Semini
2741 484 2831 540 tuo
2859 477 2996 541 dabo
3024 484 3236 541 terram
3259 480 3397 539 hanc
3424 478 3566 556 (Gen.
3600 501 3686 554 xu,
3708 487 3772 558 7).

451 578 604 649 quod
635 594 735 649 pro
770 591 981 647 magno
1033 572 1186 628 inter
1244 576 1486 645 septem.
1537 570 1870 643 sapientum
1938 572 2095 627 dicta

450 666 796 733 celebratur,
827 671 979 713 ’Έπου
1008 664 1127 724 Θεῷ.
1160 663 1217 718 id
1248 666 1354 729 est,
1390 663 1640 734 Sequere
1703 664 1904 727 Deum,
1966 679 2090 732 per-

454 757 586 813 fecit
617 757 931 818 Abraham,
970 754 1233 823 factoque
1282 751 1609 823 sapientum
1644 753 1721 823 (7)
1754 752 1906 805 dicta
1957 768 2094 822 prie-

448 847 627 912 venit,
658 850 714 901 et
744 849 979 900 secutus
1010 841 1192 896 Deum
1223 841 1397 897 exivit
1452 842 1523 895 de
1581 845 1737 895 terra
1791 858 1918 896 sua.
1979 840 2090 896 Sed

452 937 591 1008 quia
619 939 751 990 ante
777 938 931 988 terra
959 931 1011 985 ei
1043 931 1232 985 fuerat
1261 929 1393 998 alia,
1425 929 1534 985 hoc
1565 934 1654 985 est
1711 930 1867 1000 regio
1921 927 2091 984 Chal-

449 1026 727 1085 daeorum,
769 1022 840 1074 de
880 1036 995 1090 qua
1025 1019 1199 1073 exivit
1234 1018 1422 1074 Thare
1452 1023 1616 1091 pater
1646 1019 1910 1084 Abrahae,
1944 1024 2001 1073 et
2031 1018 2089 1072 in

447 1113 726 1167 Charram
751 1108 1130 1179 demigravit:
1156 1113 1211 1162 et
1242 1108 1380 1178 quia
1415 1124 1613 1162 secum
1670 1107 1869 1162 eduxit
1915 1122 2089 1177 nepo-

447 1205 564 1256 tem
597 1215 799 1265 sunm,
847 1198 940 1252 cui
971 1197 1196 1251 dictum
1231 1196 1419 1251 fuerat
1451 1214 1463 1251 :
1524 1199 1632 1251 Emi
1658 1196 1722 1251 de
1773 1197 2091 1267 cegnatione

448 1295 544 1345 tua
564 1287 1028 1344 :consideremus
1050 1303 1119 1340 ne
1145 1287 1285 1340 forte
1308 1285 1417 1340 hoc
1440 1286 1515 1340 sit
1535 1284 1686 1340 exire
1707 1287 1779 1340 de
1800 1290 1955 1340 terra
1983 1302 2091 1340 sua

448 1381 519 1433 de
550 1378 729 1449 hujus
748 1381 936 1441 terrae,
956 1375 1067 1429 hoc
1093 1379 1199 1441 est,
1223 1375 1293 1429 de
1313 1373 1573 1446 corporis
1619 1374 1799 1429 nostri
1833 1374 2087 1445 quadam

446 1466 900 1523 commoratione
928 1463 1146 1535 egredi,
1179 1463 1246 1517 de
1277 1480 1393 1534 qua
1421 1463 1595 1518 exivit
1625 1464 1859 1527 Paulus,
1888 1461 1987 1533 qui
2009 1461 2090 1515 di-

443 1559 530 1612 xit
563 1573 575 1611 :
607 1557 799 1612 Nostra
827 1558 1012 1608 autem
1039 1554 1372 1608 conversatio
1430 1555 1491 1606 in
1546 1553 1694 1607 cmlis
1724 1556 1802 1607 est
1850 1551 2084 1623 (Philip.

445 1662 529 1709 III,
550 1645 640 1715 20)
665 1662 677 1703 ς
710 1647 767 1698 et
796 1642 866 1697 de
889 1640 1176 1696 illecebris
1207 1644 1263 1694 et
1293 1640 1773 1695 delectationibus
1817 1656 2086 1711 corpora-

444 1732 600 1789 libus
632 1748 780 1803 quas
808 1730 964 1784 velut
992 1728 1488 1799 cognatasanimaa
1510 1734 1720 1784 nostrae
1738 1728 2085 1799 dixit,quam

2203 571 2344 627 Vide
2374 572 2665 642 quomodo
2696 572 2983 645 promisso
3015 572 3302 646 frequenti
3323 576 3588 647 tanquam
3638 574 3779 631 inva-

2203 659 2388 716 lidum
2419 661 2610 717 adhuc
2637 662 2911 717 informet
2941 665 3116 733 atque
3145 662 3431 728 instituat,
3467 667 3520 718 et
3547 663 3657 733 ipse
3683 680 3785 719 me-

2203 765 2331 804 mor
2360 749 2449 804 sui
2481 750 2556 821 (9)
2580 753 2767 805 totum
2794 750 2910 806 Deo
2942 750 3200 823 deputet,
3237 750 3377 806 nihil
3409 750 3513 806 sibi
3553 751 3785 818 vindicet,

2201 838 2333 893 Ideo
2355 842 2411 893 et
2439 856 2596 894 aram
2622 840 2913 895 cedilicavit
2934 841 3059 907 Deo,
3092 841 3188 910 qui
3215 842 3467 911 apparuit
3492 841 3543 894 ei
3568 857 3586 901 ;
3624 844 3671 895 et
3711 855 3788 896 re-

2198 929 2353 983 cessit
2386 928 2510 983 inde
2540 930 2597 983 in
2632 932 2864 985 montem
2894 932 3085 985 contra
3115 931 3384 985 Orientem
3414 930 3585 985 Bethel
3613 929 3788 1000 (Ibat),

2201 1020 2535 1089 surgentem
2566 1017 2758 1073 adhuc
2791 1017 2903 1074 sibi
2933 1017 3117 1074 solem
3149 1018 3391 1090 cupiens
3413 1017 3639 1089 justitia:
3664 1017 3791 1073 vide-

2200 1121 2279 1160 re.
2312 1105 2562 1177 Ideoque
2592 1122 2707 1161 non
2741 1105 2800 1161 in
2831 1106 3219 1177 vallibus,sed
3251 1107 3310 1162 in
3342 1110 3530 1163 monte
3558 1107 3790 1162 taberna-

2204 1192 2402 1249 culum
2439 1193 2553 1249 sibi
2586 1193 2814 1261 locavit,
2847 1195 2987 1267 quia
3016 1196 3169 1251 Deus
3189 1195 3475 1251 montium
3504 1201 3602 1263 est,
3630 1200 3792 1250 etnon

2197 1279 2459 1337 vallium.
2514 1344 2521 1348 _

2266 1373 2320 1426 6.
2353 1372 2419 1426 Et
2466 1374 2735 1428 invocavit
2789 1388 2987 1428 nomen
3042 1373 3265 1428 Domini
3292 1370 3450 1443 (Ibid.
3482 1372 3554 1442 8).
3578 1369 3675 1426 Ubi
3702 1371 3792 1425 Be-

2197 1458 2337 1527 thel,
2372 1460 2427 1515 id
2447 1464 2556 1526 est,
2585 1461 2797 1516 domus
2826 1460 2949 1528 Dei,
2982 1460 3061 1516 ibi
3092 1465 3149 1516 et
3179 1477 3280 1515 ara
3312 1476 3323 1513 :
3357 1460 3450 1515 ubi
3484 1476 3599 1526 ara,
3628 1458 3696 1513 ibi
3751 1462 3794 1514 et

2197 1547 2484 1605 invocatio
2523 1549 2625 1604 Dei
2651 1550 2857 1605 nostri.
2900 1550 3025 1605 Non
3058 1548 3469 1620 immeritoque
3524 1563 3795 1620 processus

2198 1642 2391 1692 tantos
2421 1637 2647 1703 habuit,
2671 1640 2809 1709 quia
2829 1638 3014 1694 Deum
3038 1638 3312 1708 sperabat
3333 1637 3441 1692 sibi
3460 1634 3659 1691 auxilio
3678 1636 3793 1691 fore.

2194 1729 2504 1781 Exercetur
2531 1725 2749 1782 athleta
2790 1726 2916 1794 Dei,
2947 1730 3004 1781 et
3033 1725 3312 1799 probatur
3369 1724 3616 1780 adversis
3667 1724 3793 1794 (10):

443 1821 696 1891 compati
728 1835 960 1874 necesse
981 1822 1067 1873 est
1115 1817 1361 1889 corpori.
1394 1817 1576 1872 donec
1633 1818 1761 1887 ejus
1817 1816 2087 1887 colligata
2118 1850 2166 1915 Β
2198 1815 2257 1869 in
2287 1816 2582 1871 desertum
2608 1814 2769 1885 abiit,
2809 1815 2995 1871 fames
3024 1814 3250 1879 incidit,
3283 1813 3348 1868 in
3400 1817 3691 1886 Egyptum
3718 1812 3794 1866 de-

441 1906 673 1964 vinculo
705 1906 976 1961 adhaeret.
1011 1906 1159 1975 Ergo
1192 1906 1347 1960 exire
1379 1906 1449 1959 de
1507 1905 1943 1961 conversatione
1974 1911 2087 1961 ter-

442 2013 601 2056 rena.
634 2001 691 2051 et
720 1993 1098 2051 saecularibus
1148 1993 1591 2048 oblectamentis
1648 1998 1704 2047 et
1756 1994 2077 2065 superioris

440 2086 568 2141 vitae
600 2084 863 2139 moribus
880 2086 1054 2153 atque
1078 2082 1306 2137 actibus
1325 2082 1607 2138 debemus
1632 2100 1645 2148 ;
1675 2087 1737 2137 ut
1758 2099 1872 2137 non
1896 2082 2086 2138 solum

439 2173 586 2238 loca,
619 2172 719 2227 sed
752 2171 926 2225 etiam
961 2169 1353 2241 nosmetipsos
1385 2176 1680 2225 mutemus
1726 2171 1781 2226 Si
1818 2170 2090 2242 cupimus

439 2261 732 2318 adhaerere
779 2259 1032 2324 Christo,
1083 2258 1422 2314 deseramus
1471 2259 1893 2330 corruptibilia.
1924 2260 2089 2314 ‘Sunt

440 2353 634 2406 autem
666 2346 1068 2418 corruptibilia
1099 2347 1156 2400 in
1186 2346 1353 2401 nobis
1399 2363 1555 2409 caro,
1598 2346 1923 2413 delectatio,
1980 2364 2088 2402 vox

439 2437 688 2494 obnoxia
714 2435 1088 2508 passiouibus
1134 2434 1537 2505 corporalibus
1569 2435 1669 2505 (8).
1732 2435 1836 2490 Per
1886 2452 2083 2491 vocem

438 2531 631 2582 autem
665 2523 964 2597 passiones
996 2522 1563 2594 intelligimus.Unde
1589 2524 1867 2595 quoniam
1891 2524 2086 2579 anima

438 2619 638 2670 nostra
662 2612 859 2677 διμερὴς
890 2617 999 2674 est,
1042 2611 1149 2666 hoc
1182 2616 1271 2666 est
1318 2611 1613 2682 bipertita,
1647 2617 1704 2666 et
1742 2612 2084 2668 rationabile

436 2703 659 2758 habens
689 2707 745 2757 et
772 2700 1190 2767 irrationabile,
1227 2699 1379 2771 quod
1410 2700 1688 2755 dividitur
1720 2717 1820 2771 per
1848 2717 2081 2756 carnem

437 2798 496 2848 et
525 2789 926 2847 delectationis
970 2788 1287 2859 corporalis
1343 2787 1667 2853 illecebras,
1731 2792 2083 2861 ceterasque

435 2881 739 2952 passiones
770 2876 1066 2949 corporis:
1100 2876 1198 2946 qui
1220 2877 1424 2944 justus
1452 2880 1542 2931 est
1571 2876 1677 2941 vir,
1739 2876 2083 2933 rationabile

436 2967 643 3023 animae
677 2983 793 3022 suae
817 2966 890 3020 ab
918 2963 1306 3019 irrationabili
1339 2962 1674 3037 disjungere
1693 2964 1867 3021 debet
1904 2983 1971 3020 ac
2001 2984 2083 3022 se-

437 3070 693 3128 gregare.
721 3054 835 3108 Hoc
866 3057 954 3109 est
983 3051 1139 3107 enim
1188 3051 1343 3107 exire
1372 3052 1442 3107 de
1502 3051 1740 3118 Charra,
1799 3058 2081 3125 tanquam

438 3144 508 3200 de
539 3142 799 3198 cavernis
831 3141 1211 3212 quibusdam,
1243 3144 1299 3196 et
1330 3140 1639 3206 cuniculis,
1700 3141 2083 3214 latibulisque

2198 1904 2445 1959 scendit.
2470 1904 2845 1976 Compererat
2874 1903 2933 1957 in
2973 1904 3216 1974 {Egypto
3249 1900 3521 1958 lascivam
3552 1916 3669 1956 esse
3712 1900 3795 1969 ju-

2196 2009 2409 2048 venum
2443 1992 2755 2057 luxuriam,
2779 1990 3139 2063 petulantem
3170 1990 3569 2063 cupiditatem,
3629 1986 3796 2059 volup-

2196 2086 2384 2136 tatum
2414 2080 2946 2152 intemperantiam.
2977 2079 3329 2136 Advertebat
3351 2080 3502 2134 inter
3528 2078 3794 2149 hujusmo-

2197 2171 2254 2225 di
2286 2171 2440 2226 viros
2463 2169 2713 2225 intutam
2737 2166 2934 2224 uxoris
2953 2168 3297 2239 pudicitiam
3322 2167 3796 2237 fore,sibiquecon-

2188 2259 2353 2331 jugis
2384 2256 2879 2330 pulchritudinem
2922 2255 3179 2328 periculo
3241 2258 3550 2311 futurum:
3606 2252 3798 2308 monuit

2196 2364 2456 2415 uxorem,
2490 2352 2554 2401 ut
2591 2362 2848 2402 sororem
2907 2362 2969 2427 se
2999 2345 3233 2401 diceret.
3268 2345 3393 2408 Quo
3427 2344 3655 2399 docetur
3703 2357 3796 2396 non

2196 2452 2545 2509 magnopere
2576 2435 2844 2491 decorem
2865 2434 3132 2507 conjugis
3153 2433 3560 2505 quaerendum,
3582 2432 3675 2504 qui
3697 2430 3795 2484 viro

2194 2542 2394 2581 necem
2426 2523 2773 2596 plerumque
2817 2522 3056 2595 gignere
3086 2521 3252 2578 solet.
3313 2522 3438 2578 Non
3495 2520 3642 2576 enim
3695 2524 3796 2573 tam

2194 2612 2568 2686 pulchritudo
2601 2610 2885 2677 mulieris,
2918 2628 3097 2683 quam
3127 2610 3319 2667 virtus
3350 2613 3477 2682 eius
3506 2614 3560 2664 et
3578 2609 3794 2681 gravitas

2192 2701 2439 2758 delectat
2466 2700 2676 2756 virum.
2736 2700 2845 2764 Qui
2886 2700 3236 2756 suavitatem
3279 2697 3489 2772 quaerit
3550 2695 3793 2766 conjugii,

2193 2808 2308 2847 non
2339 2789 2699 2862 superiorem
2731 2805 2908 2845 censu
2932 2788 3176 2854 ambiat,
3218 2805 3401 2860 quam
3459 2785 3796 2843 necessitates

2193 2897 2307 2936 non
2340 2882 2576 2935 teneant
2604 2876 2905 2933 maritales
2936 2877 3047 2948 (11)
3085 2894 3098 2932 :
3134 2877 3183 2933 si
3241 2893 3363 2933 non
3395 2872 3696 2932 monilibus
3722 2888 3797 2928 or-

2191 2974 2411 3037 natam,
2444 2967 2544 3023 sed
2588 2964 2874 3022 moribus.
2921 2964 3174 3020 Oﬂ‘endit
3219 2964 3566 3037 plerumque
3615 2961 3798 3023 virum,

2190 3058 2241 3113 si
2272 3073 2334 3113 se
2356 3072 2500 3112 uxor
2529 3053 2870 3111 nobiliorem
2895 3054 3139 3110 noverit.
3166 3054 3303 3109 Haec
3329 3053 3588 3126 proxima
3623 3066 3800 3122 super-

2191 3146 2298 3201 biae
2321 3150 2478 3202 sunt.
2503 3144 2645 3199 Sara
2669 3160 2784 3199 non
2808 3142 3185 3199 facultatibus
3206 3142 3410 3209 ditior,
3460 3159 3567 3197 non
3618 3152 3801 3212 genere

436 3231 650 3304 egredi.
690 3234 886 3285 Latere
914 3230 1069 3284 enim
1101 3228 1426 3283 criminosa:
1459 3229 1825 3285 conscientia:
1856 3237 1962 3287 est.
2014 3233 2083 3288 Et
2113 3211 2156 3279 δ
2194 3233 2557 3306 splendidior
2584 3237 2707 3289 erat
2739 3249 2753 3298 ;
2784 3232 2912 3288 ideo
2934 3232 3122 3287 virum
3153 3231 3445 3303 imparem
3505 3248 3616 3287 non
3638 3211 3801 3300 Sputa-

437 3338 545 3376 nos
575 3319 753 3389 igitur
772 3322 1083 3389 sequentes
1104 3317 1396 3372 Abraham
1418 3333 1692 3373 exeamus
1714 3319 2078 3376 delatibulis.

437 3409 497 3465 Si
517 3408 672 3463 enim
699 3407 804 3461 ﬁlii
831 3405 1071 3461 Abrahze
1103 3423 1331 3471 sumus,
1391 3423 1565 3478 opera
1606 3407 1847 3463 Abrahae
1909 3409 2080 3465 facia-

439 3514 572 3552 mus
598 3514 610 3563 ;
644 3501 709 3551 ut
736 3495 970 3550 luceant
997 3511 1173 3565 opera
1202 3498 1401 3550 nostra
1430 3511 1626 3551 coram
1661 3496 1861 3564 Deo,et
1885 3514 2081 3553 coram

436 3584 796 3641 hominibus.
820 3583 1029 3639 Justus
1061 3582 1202 3637 dicit
1230 3600 1406 3652 opera
1453 3600 1560 3639 sua
1590 3584 1710 3656 regi
1746 3602 1757 3639 :
1815 3591 2084 3657 peccator

437 3674 696 3744 seipsum
727 3671 996 3738 occultat,
1022 3671 1175 3727 sicut
1213 3672 1394 3726 Adam
1431 3688 1492 3727 se
1534 3672 1826 3729 occultare
1883 3676 2080 3747 cupie-

435 3763 554 3827 bat,
587 3762 687 3818 sed
719 3761 898 3816 latere
928 3777 1041 3815 non
1067 3766 1307 3832 poterat.
1336 3760 1534 3815 Paruit
1563 3760 1760 3833 itaque
1786 3763 2079 3820 Abraham

437 3851 730 3917 mandato,
764 3866 869 3904 nec
898 3848 1018 3904 ulla
1042 3848 1253 3921 legitur
1280 3866 1445 3904 mora
1469 3838 1865 3907 intervenisse.

504 3940 558 3995 5.
586 3940 842 4009 Egressus
867 3938 1271 4009 perambulavit
1298 3946 1503 3994 terram
1531 3955 1696 4009 usque
1741 3941 1811 3994 ad
1869 3942 2083 3997 Sichem

434 4029 588 4095 (Gen.
620 4044 723 4093 x11,
765 4028 841 4095 6),
886 4027 1040 4097 quod
1093 4027 1569 4097 interpretatione
1619 4028 1822 4084 Latina
1870 4030 2083 4087 dicitur

434 4116 720 4171 humerus
749 4114 832 4169 vel
866 4115 1076 4183 cervix,
1110 4132 1211 4185 per
1231 4132 1356 4185 qua:
1378 4116 1805 4171 exsecutionem
1827 4120 2084 4189 praescri-

435 4204 519 4276 pti
549 4203 740 4275 operis
768 4202 1176 4273 intelligimus.
1236 4203 1536 4274 Siquidem
1588 4208 1646 4259 et
1698 4205 1850 4262 infra
1904 4207 2082 4264 habe-

441 4308 572 4346 mus
599 4291 881 4361 scriptum
917 4308 930 4346 :
964 4293 1258 4363 Supposuit
1285 4292 1576 4346 humerum
1628 4309 1789 4348 suum
1815 4294 1885 4349 ad
1942 4298 2086 4352 labo-

440 4378 675 4433 randum
705 4378 858 4444 (Gen.
884 4396 1031 4446 xux,
1065 4380 1173 4450 45).
1209 4380 1367 4435 Unde
1397 4397 1497 4451 per
1525 4381 1773 4452 figuram
1823 4383 2084 4442 locorum

438 4466 497 4521 id
530 4483 869 4537 expressum
902 4469 1282 4524 advertimus.
1321 4469 1474 4540 quod
1507 4470 1873 4527 devotionem
1916 4490 2086 4530 suam

2192 3323 2445 3390 bat,ideo
2460 3320 2624 3395 quasi
2650 3337 2849 3393 parem
2871 3320 3061 3393 gratia
3081 3319 3543 3393 dilligebat,ideo
3564 3334 3669 3374 non
3689 3332 3801 3371 cen-

2192 3430 2261 3469 su
2284 3417 2372 3468 est
2394 3415 2641 3475 retenta,
2675 3427 2791 3466 non
2814 3408 3307 3482 parentibus,non
3337 3408 3689 3482 propinquis,
3719 3402 3802 3459 sed

2191 3502 2379 3557 virum
2412 3500 2715 3572 pmprium
2736 3514 3088 3570 quocunque
3118 3503 3409 3570 pergeret,
3435 3496 3764 3569 sequebatur
3790 3508 3801 3545 :

2190 3595 2429 3647 externa
2449 3588 2613 3654 adiit,
2657 3603 2916 3643 sororem
2965 3603 3028 3642 se
3066 3588 3196 3657 ejus
3253 3586 3534 3654 asseruit,
3567 3586 3806 3640 contenta

2191 3679 2241 3734 si
2273 3680 2353 3734 ita
2384 3681 2539 3734 esset
2591 3691 2848 3743 necesse,
2882 3691 2944 3731 se
2992 3672 3312 3747 periclitari
3359 3675 3595 3747 pudore,
3652 3684 3803 3742 quam

2187 3768 2376 3823 virum
2406 3765 2615 3823 salute.
2650 3764 2723 3820 Ut
2776 3767 3038 3821 tueretur
3094 3764 3381 3820 maritum
3442 3760 3677 3818 mentita
3723 3760 3801 3811 est

2189 3855 2636 3930 germanitatem
2671 3871 2685 3921 ;
2719 3870 2790 3909 ne
2822 3852 3193 3909 insidiatores
3252 3853 3500 3925 pudoris
3550 3855 3671 3921 ejus
3696 3853 3804 3902 tan-

2190 3962 2368 4018 quam
2401 3943 2800 4021 temulumhet
2828 3942 3117 3997 vindicem
3138 3943 3342 3998 uxoris
3375 3943 3658 3997 necarent.
3711 3936 3802 3990 De-

2190 4036 2370 4104 nique
2391 4031 2567 4088 simul
2599 4036 2665 4086 ut
2707 4030 2981 4086 viderunt
3027 4029 3190 4085 illam
3238 4030 3517 4104 zEgyptii,
3558 4021 3805 4084 admirati

2189 4122 2346 4194 quod
2379 4118 2646 4191 speciosa
2660 4123 2816 4175 esset
2835 4116 3022 4183 valde,
3049 4118 3415 4175 induxerunt
3444 4117 3604 4173 illam
3626 4115 3693 4171 ad
3729 4126 3809 4166 re-

2192 4227 2323 4284 gem
2345 4211 2607 4276 suum,et
2627 4223 2763 4263 cum
2784 4205 3077 4262 Abraham
3100 4207 3245 4263 bene
3266 4211 3534 4280 egerunt,
3555 4210 3808 4274 tanquam

2194 4301 2432 4355 fratrem
2463 4298 2593 4369 ejus
2614 4313 2738 4368 quae
2767 4295 3084 4367 placuisset
3113 4295 3256 4367 regi,
3286 4296 3659 4352 honorantes.

2261 4389 2317 4441 7.
2350 4386 2567 4456 Afﬂixit
2595 4388 2779 4439 autem
2806 4384 3069 4439 Dominus
3097 4383 3318 4440 Pharao
3376 4377 3812 4454 afﬂictationibus

2193 4476 2414 4543 magnis
2433 4482 2483 4529 et
2509 4473 2842 4540 saevissimis,
2871 4479 2922 4526 et
2947 4472 3170 4527 domum
3207 4489 3331 4542 ejus
3376 4480 3601 4545 propter
3646 4467 3819 4520 Seram

440 4559 682 4610 sanctus
718 4555 1008 4610 Abraham
1041 4574 1155 4612 non
1189 4556 1380 4613 solum
1414 4558 1735 4628 studio,sed
1768 4560 1939 4616 etiam
1967 4563 2086 4618 etl‘i-
2116 4578 2161 4642 D
2191 4579 2417 4619 uxorem
2447 4562 2607 4619 Abrae
2635 4560 2786 4632 (Gen.
2817 4576 2918 4625 χιι,
2950 4559 3057 4631 17).
3093 4560 3374 4632 Magnum
3434 4553 3817 4616 testimonium

441 4643 601 4700 cacia
633 4643 957 4715 probaverit
984 4644 1297 4712 fructuosa,
1330 4663 1447 4717 qua
1473 4647 1541 4702 ad
1577 4664 1853 4719 quercum
1905 4668 2091 4723 usque
2117 4640 2149 4642 _
2200 4654 2735 4721 documentumque
2774 4648 3062 4705 castitatis
3094 4649 3324 4705 tuenda:
3356 4651 3491 4721 (12).
3554 4648 3727 4702 Locus
3753 4640 3819 4693 ita

442 4732 788 4806 pervenerit.
823 4732 977 4789 284
1018 4733 1140 4796 Quo
1171 4732 1295 4788 loco
1338 4736 1609 4806 apparuit
1640 4735 1722 4790 illi
1785 4740 2091 4810 Dominus,

513 4875 591 4945 (7)
621 4874 717 4930 Sic
741 4874 1157 4952 _edit.__ltor_n.eit
1178 4875 1303 4929 Vat.
1339 4877 1758 4952 cod._aquibus
1781 4897 1957 4952 quam
1982 4884 2094 4938 mi-

443 4946 668 5024 nimum
699 4948 865 5024 abest
896 4946 1110 5024 Regius
1130 4946 1199 5024 (in
1235 4965 1350 5024 quo
1383 4946 1613 5024 legitur,
1636 4946 1865 5024 perfecit
1896 4971 1914 5006 :
1933 4957 2094 5024 [actis

441 5017 890 5090 enimnbruham
922 5017 1263 5090 sapientum,
1288 5023 1393 5073 etc.
1438 5017 1667 5090 Reliqui
1709 5017 1905 5079 autem
1933 5017 2092 5082 'mss.

443 5088 690 5167 e_t_edit.,
723 5088 1209 5167 oniisso‘perfccit,
1246 5089 1468 5163 legunt,
1525 5088 1775 5163 factoque
1822 5100 2097 5167 pra’venit

445 5160 720 5231 Abraham
748 5163 1076 5231 sapientum,
1110 5168 1220 5215 etc.

450 5230 588 5352 ὒαᾳς)
621 5230 984 5295 Ιὶυιηζθάἰι,
1021 5233 1257 5287 obnoxia
1314 5235 1658 5305 passianibus
1713 5239 2096 5308 corruptibili-

486 5315 568 5352 us.

521 5368 594 5439 (9)
627 5368 938 5452 ltissLVat”
975 5373 1403 5452 Begzaqﬂom.
1437 5376 1575 5431 edit.
1610 5381 1681 5452 lit
1735 5378 1850 5447 ipse
1903 5379 2095 5433 imme-

454 5455 573 5520 mor
597 5443 705 5494 sui.
740 5441 860 5496 Non
896 5441 1307 5520 malefMelius
1352 5451 1545 5520 tamen
1587 5447 1685 5502 alii
1718 5441 1862 5503 mss.
1924 5454 2099 5520 atque

449 5510 586 5565 edit.
621 5526 826 5590 memor
864 5518 970 5579 sui,
1007 5515 1063 5569 id
1096 5522 1203 5583 est,
1237 5519 1587 5574 conditionis
1630 5525 1687 5574 et
1737 5510 2099 5576 inﬁrmitatis

450 5598 716 5653 prOprue.

523 5653 634 5723 (10)
667 5653 750 5708 Ita
782 5669 880 5707 sex
912 5670 1054 5709 mss.
1090 5655 1346 5712 melioris
1378 5665 1544 5716 nota).
1576 5660 1687 5716 Alii
1705 5665 1899 5719 autem
1924 5667 2099 5735 atque

2199 4740 2579 4805 hortatorius,
2614 4740 2672 4795 ui
2732 4738 3139 4810 unusquisque
3169 4755 3231 4794 se
3281 4743 3515 4794 castum
3570 4732 3818 4808 praebeat,

2201 4885 2343 4940 edit.
2377 4892 2430 4939 et
2454 4882 2692 4938 duratur
2719 4880 2979 4936 adversis.
3011 4882 3211 4952 famem
3242 4881 3457 4936 incidit.

2274 4955 2385 5027 (tl)
2419 4954 2567 5009 Edit.
2600 4969 2824 5027 omnes,
2857 4968 2965 5007 non
2994 4955 3107 5007 tam
3134 4953 3473 5024 superiorem
3514 4961 3681 5027 censu
3725 4957 3822 4997 am-

2205 5020 2336 5095 biat,
2364 5020 2529 5097 quam
2555 5025 2899 5097 necessitates
2927 5039 3035 5079 non
3079 5020 3322 5097 terreant
3374 5020 3683 5077 maritales:
3728 5027 3824 5093 non

2200 5094 2521 5168 monilibus,
2553 5101 2659 5152 etc.
2682 5094 2905 5168 Vocula
2932 5103 3049 5150 tam
3068 5095 3231 5150 deest
3256 5097 3454 5168 Amet
3481 5099 3822 5168 mss._omm-

2203 5171 2332 5224 bus.
2366 5169 2477 5223 Sed
2507 5159 2572 5222 bi
2604 5168 2723 5222 fere
2752 5165 2825 5221 ad
2852 5182 3035 5220 unum
3066 5173 3275 5221 nostra:
3310 5162 3543 5221 lectioni
3583 5159 3822 5227 adstipu-

2205 5239 2421 5294 lantur.
2465 5239 2640 5314 Porro
2668 5237 2829 5314 quod
2860 5235 3087 5314 legunt,
3121 5254 3287 5309 quam
3345 5235 3677 5314 necessitates

2204 5318 2423 5367 teneant
2452 5302 2758 5376 maritales,
2790 5307 2875 5364 ita
2893 5302 3280 5380 interpretare
3310 5323 3377 5362 ac
3421 5305 3485 5380 si
3534 5302 3820 5380 diceretur.

2249 5399 2331 5437 uae
2364 5382 2436 5437 ob
2469 5381 2706 5436 divitias
2744 5374 3115 5451 Vinsolesceus
3160 5376 3491 5451 coujugalis
3524 5374 3820 5430 necessitu-

2249 5400 2331 5437 UéB
2364 5400 2436 5437 OD
2469 5400 2706 5436 (ιινιιιειδ
2753 5400 3115 5436 1118016808118
3160 5400 3491 5451 conjugaus
3524 5400 3702 5430 uacua:

2205 5400 2364 5508 ginis
2386 5470 2489 5508 seu
2519 5451 2909 5520 conjuctionis
2938 5449 3095 5523 leges
3128 5455 3356 5523 recuset
3384 5448 3702 5523 observare.

2279 5525 2391 5595 (12)
2425 5524 2510 5579 lta
2538 5513 2970 5595 quinquermss.
2995 5513 3358 5594 probatioris
3374 5523 3540 5575 note.
3568 5513 3674 5595 Alii
3704 5520 3823 5595 vero

2208 5600 2264 5650 et
2283 5581 2456 5666 edit,
2486 5581 2774 5651 caiiitalis.
2806 5581 3099 5650 Inluem'lus
3129 5594 3293 5649 locus.
3330 5606 3555 5646 uxorem
3604 5581 3821 5640 incestat.
