4026 6186
1765 296 1777 323 Ι

257 446 356 509 445

1531 441 1632 505 DE
1678 435 2064 502 ABHAHAM
2115 437 2257 499 LIB.
2308 437 2355 501 Ι.

3530 444 3648 507 446

259 579 496 640 alienum
529 595 647 637 non
674 579 907 637 aﬂ'ectet
950 577 1208 647 thorum,
1239 550 1344 635 nec
1380 574 1599 634 latendi
1631 588 1753 648 spe,
1787 576 1888 629 aut
1915 570 1972 639 Α
2000 574 2341 645 devotionis,
2375 591 2446 633 ne
2491 574 2813 651 praetulisse
2843 576 3171 635 custodiam
3215 576 3363 635 lhori
3405 579 3648 635 manda-

258 669 488 727 faciendi
520 669 873 741 impunitate
911 667 1165 725 alienam
1198 684 1436 724 uxorem
1472 666 1725 722 incessat
1753 664 1885 737 (13),

258 777 358 815 non
386 757 612 814 incuria
641 761 745 813 aut
771 756 1027 813 stultitia
1067 759 1410 829 provocetur
1440 754 1762 819 mariti,aut
1791 753 1889 808 ab-

258 848 430 905 sentia
457 847 738 920 longiore.
768 847 949 901 Adest
992 844 1203 917 praesul
1245 844 1500 915 conjugii
1532 844 1686 899 Deus
1717 858 1888 915 quem

258 935 387 993 nihil
435 934 633 1002 lateat,
668 934 870 990 nullus
917 934 1143 999 evadat,
1178 949 1347 988 nemo
1397 932 1634 988 irrideat
1666 947 1678 985 :
1708 931 1890 986 vicem

260 1024 499 1081 absentis
540 1022 737 1079 mariti
779 1027 998 1090 tuetur,
1031 1026 1224 1077 servat
1272 1020 1567 1083 excubias,
1599 1020 1717 1075 imo
1766 1020 1894 1074 sine

260 1112 501 1170 excubiis
539 1112 926 1184 deprehendit
974 1127 1139 1167 reum
1187 1113 1504 1182 antequam
1538 1109 1688 1165 285
1722 1108 1895 1163 faciat

263 1202 400 1276 quod
432 1201 749 1274 paraverit;
778 1201 837 1256 in
860 1200 1076 1256 animis
1099 1198 1493 1272 singulorum,
1518 1198 1574 1252 in
1599 1196 1895 1252 mentibus

264 1292 651 1348 universorum
684 1290 905 1346 crimen
940 1289 1225 1362 agnoscit.
1254 1289 1318 1343 Et
1348 1287 1397 1343 si
1425 1286 1701 1343 maritum
1734 1285 1897 1339 adul-

260 1384 339 1437 ter
366 1378 660 1445 fefelleris,
688 1396 804 1434 non
851 1377 1004 1434 fallis
1054 1383 1236 1433 Deum
1268 1394 1279 1432 :
1307 1382 1365 1432 et
1391 1376 1438 1432 si
1466 1376 1743 1432 maritum
1774 1391 1897 1429 eva-

289 1469 414 1535 eris,
436 1473 493 1523 et
522 1468 573 1523 si
597 1468 859 1540 judicem
885 1466 991 1521 fori
1015 1465 1250 1533 luseris,
1274 1482 1389 1521 non
1413 1464 1609 1521 evadis
1632 1464 1893 1535 judicem

262 1558 423 1615 totius
452 1557 679 1613 mundi.
705 1555 805 1612 Ille
835 1556 1087 1628 gravius
1112 1554 1415 1610 ulciscitur
1458 1554 1738 1625 injuriam
1770 1555 1894 1609 ino-

266 1648 365 1720 pis,
395 1645 811 1702 contumeliam
870 1644 1261 1716 imprudentis
1316 1641 1531 1699 mariti.
1577 1643 1761 1715 Major
1808 1647 1898 1698 est

265 1736 406 1794 enim
453 1733 674 1807 injuria
721 1738 1039 1799 auctorem,
1073 1749 1252 1805 quam
1302 1733 1604 1793 custodem
1653 1731 1893 1788 thalami

266 1830 513 1898 spretum
544 1829 604 1880 et
635 1841 750 1879 non
782 1822 1236 1879 consideratum.

327 1916 376 1970 8.
418 1915 549 1987 Ipse
596 1929 834 2005 quoque
874 1911 1120 2005 Pharao,
1175 1911 1311 1967 licet
1357 1927 1455 2005 rex
1501 1911 1895 2005 Egyptiorum
1928 1941 1975 2005 B

269 2019 428 2076 quem
466 2007 526 2058 et
564 2001 880 2057 insolentia
919 2000 1133 2074 regalis
1175 2000 1443 2072 potentiae
1492 2000 1813 2072 supinaret,
1845 2004 1901 2055 et

268 2091 477 2166 Egypti
517 2090 758 2147 lascivia
800 2095 976 2162 atque
1024 2090 1283 2146 luxuries
1317 2089 1570 2145 astudio
1618 2089 1902 2145 castitatis

269 2180 583 2248 abduceret,
605 2179 831 2235 vocavit
858 2178 1177 2247 Abraham,
1199 2183 1257 2233 et
1280 2178 1473 2250 arguit
1494 2196 1629 2234 eum
1652 2178 1850 2233 dicens
1884 2194 1897 2231 :

271 2268 395 2336 Quid
421 2271 518 2324 hoc
564 2271 741 2337 fecisti
766 2269 951 2323 mihi?
982 2269 1161 2335 Quare
1202 2283 1313 2323 non
1362 2268 1553 2323 dixisti
1599 2269 1739 2322 mihi
1775 2268 1903 2339 quia

272 2374 397 2415 uxor
421 2361 519 2413 tua
549 2361 627 2412 est
658 2376 677 2411 :
702 2357 794 2411 sed
824 2356 1019 2411 dixisti
1049 2357 1191 2411 mihi
1232 2359 1364 2427 quia
1393 2372 1546 2411 soror
1575 2365 1670 2411 tua
1699 2363 1776 2411 est
1805 2375 1822 2410 :
1855 2362 1903 2410 et

270 2463 593 2519 sumpseram
622 2462 744 2501 eam
791 2445 932 2500 mihi
978 2449 1240 2501 uxorem?
1267 2447 1330 2500 Et
1358 2462 1505 2500 nunc
1548 2462 1658 2501 esse
1704 2446 1907 2500 mulier

272 2539 355 2590 tua
381 2539 506 2591 ante
536 2544 590 2591 te
613 2534 773 2603 (Ibid.
807 2535 895 2598 18,
934 2533 1042 2589 19),
1071 2535 1187 2589 Etsi
1232 2539 1443 2589 natura
1487 2534 1645 2590 ferus
1675 2550 1741 2589 ac
1772 2534 1904 2588 bar-

278 2626 664 2689 barus,tamen
688 2622 983 2694 significat
995 2622 1168 2678 etiam
1183 2623 1395 2679 exteris
1418 2639 1484 2678 ac
1506 2623 1770 2678 barbaris
1790 2639 1907 2677 mo-

275 2713 420 2769 ribus
452 2712 565 2785 (Ui)
597 2728 726 2766 esse
773 2728 973 2766 curam
1020 2712 1364 2783 pudoris,et
1415 2711 1682 2767 adulterii
1730 2711 1905 2767 etiam

274 2801 371 2857 sibi
402 2817 622 2857 crimen
654 2799 995 2854 cavendum.
1020 2800 1127 2862 Qui
1161 2801 1467 2872 praetendit
1496 2800 1905 2874 ignorantiam,

277 2891 610 2946 condemnat
630 2889 1161 2959 intemperantiam.
1183 2890 1297 2944 Nec
1320 2889 1532 2945 mirum
1553 2889 1601 2945 si
1624 2891 1909 2945 barbarus

271 2978 359 3049 jus
385 2978 542 3034 novit
571 2981 791 3033 natura:
817 2992 831 3030 :
856 2982 1019 3032 muta
1041 2977 1317 3033 animalia
1342 2995 1469 3049 quis
1500 2977 1679 3034 nullis
1704 2983 1907 3034 tenen-

276 3071 361 3122 tur
383 3066 632 3139 legibus,
669 3070 808 3121 sunt
836 3069 1030 3120 tamen
1054 3065 1167 3135 (15)
1188 3066 1385 3136 aliqua
1414 3083 1538 3138 quae
1571 3083 1685 3121 non
1717 3066 1907 3122 solum

277 3155 498 3226 paribus
542 3153 668 3209 suis
714 3152 932 3224 copulae
979 3157 1209 3208 servent
1255 3154 1451 3219 fidem,
1484 3171 1684 3209 verum
1733 3154 1909 3210 etiam

278 3242 447 3297 coitus
494 3241 676 3297 unius
702 3242 1030 3297 castitatem
1065 3240 1417 3296 custodiant.
1453 3243 1537 3297 lta
1584 3245 1772 3314 major
1816 3243 1908 3298 lex

1999 665 2075 720 tis
2126 666 2418 722 videretur
2463 666 2817 723 coelestibus.
2844 668 3043 740 Itaque
3090 669 3365 741 quoniam
3415 674 3650 741 propter

2003 759 2179 810 Deum
2215 756 2567 826 contempsit
2587 756 2804 821 omnia,
2830 756 3044 829 recepit
3063 774 3096 811 a
3116 758 3230 813 Deo
3264 757 3651 829 multiplicata

2002 844 2199 899 omnia
2232 861 2243 898 :
2279 843 2377 899 sed
2410 845 2659 916 primam
2694 845 2847 900 Deus
2879 845 3172 917 pudicitia:
3202 846 3410 901 tribuit
3456 863 3648 902 remu-

2002 931 2386 999 nerationem,
2429 949 2605 1003 quam
2649 932 2876 1004 gratam
2926 935 3147 990 sciebat
3204 936 3457 1008 conjugi.
3503 936 3649 991 Nam

2002 1022 2142 1092 quia
2173 1022 2369 1077 studio
2409 1022 2663 1078 obeundi
2702 1022 2953 1079 caelestis
3000 1024 3219 1080 oraculi
3259 1026 3372 1097 (16)
3413 1041 3651 1080 uxorem

2005 1127 2236 1182 quoque
2267 1111 2323 1165 in
2358 1110 2681 1183 periculum
2715 1112 2953 1168 deduxit
2983 1113 3245 1185 pudoris,
3272 1113 3446 1169 etiam
3479 1114 3650 1169 casti-

2004 1199 2263 1255 moniam
2297 1200 2553 1271 conjugii
2585 1200 2866 1256 defendit.

2554 1309 2706 1365 286
2737 1308 2969 1365 CAPUT
3010 1309 3103 1365 Ill.

2008 1395 2345 1471 Dedeaeteris
2376 1396 2958 1471 Abrahquirtutibas,
2990 1401 3259 1454 nimirum
3306 1400 3371 1456 de
3414 1400 3651 1471 pruden-

2076 1466 2155 1541 tia
2182 1465 2382 1541 eius'in
2415 1468 2786 1541 rescindendis
2826 1472 3081 1525 rixarum
3112 1474 3309 1534 causis,
3337 1465 3566 1541 justitia
3596 1475 3652 1527 iu

2075 1536 2379 1610 dividendo,
2411 1540 2508 1593 ubi
2534 1544 2585 1594 et
2613 1540 2678 1594 de
2710 1541 3078 1610 imprudentia
3115 1543 3242 1596 Loth
3284 1536 3512 1599 amwnis
3538 1546 3626 1598 uti
3638 1574 3649 1579 κ

2077 1608 2156 1684 lia
2185 1612 2569 1684 postponeutis.
2602 1608 2825 1681 ejusque
2860 1629 3017 1683 parma
3053 1629 3065 1667 :
3098 1624 3211 1668 tum
3262 1614 3324 1667 de
3376 1617 3566 1684 patrui
3595 1617 3655 1670 in

2079 1682 2258 1750 ipsum
2295 1680 2582 1746 charitate,
2628 1680 2945 1750 'pietatc'in
2988 1684 3178 1745 Deum,
3209 1680 3546 1741 conliuentia
3597 1688 3653 1740 in

2078 1752 2328 1826 victoria,
2359 1760 2411 1826 et
2436 1752 2695 1807 mercedis
2724 1771 2759 1808 a
2787 1756 2893 1809 Deo
2932 1758 3226 1826 preposita’
3269 1757 3556 1818 electione;
3588 1773 3659 1811 ac

2081 1823 2309 1905 tandem
2344 1823 2410 1905 de
2460 1832 2671 1905 accepto
2715 1823 2944 1895 futurae
2967 1823 3301 1896 posteritatis
3347 1835 3399 1881 et
3448 1828 3660 1884 Christi

2079 1896 2353 1949 nascituri
2380 1896 2662 1965 promisso.

2081 2000 2168 2054 10.
2203 1999 2428 2056 Primae
2459 2000 2639 2072 igitur
2668 2005 2863 2074 partes
2902 2003 3015 2058 sibi
3048 2004 3212 2073 justo
3243 2003 3445 2061 ordine
3471 2004 3659 2060 vindi-

2008 2088 2159 2144 cavit
2213 2090 2458 2144 devotio.
2492 2091 2809 2146 Videamus
2866 2095 2923 2146 et
2976 2096 3310 2149 caiterarum
3371 2093 3657 2151 virtutum

2010 2178 2281 2248 gratiam.
2344 2176 2703 2233 Mulcebatur
2760 2184 3000 2234 sanctus
3071 2181 3363 2236 Abraham
3432 2182 3659 2253 nepotis

2012 2266 2321 2338 praesentia
2361 2266 2453 2321 cui
2500 2267 2752 2338 patrium
2786 2268 3056 2323 aﬂ’ectum
3089 2269 3415 2325 exhibebat.
3457 2270 3664 2325 incidit

2013 2355 2137 2409 rixa
2170 2355 2322 2409 inter
2355 2355 2618 2411 servulos
2650 2357 2875 2428 nepotis
2905 2361 2962 2411 et
2991 2358 3202 2428 patrui.
3235 2359 3494 2414 Advertit
3523 2376 3660 2431 pru-

2014 2444 2243 2498 dentior
2321 2444 2685 2499 servulorum
2754 2446 3218 2520 dissensionibus
3286 2448 3660 2503 dominorum

2013 2532 2382 2587 concordiam
2416 2532 2560 2587 solvi
2602 2532 2805 2598 solere,
2839 2535 3163 2605 amputavit
3200 2535 3407 2590 libram
3442 2536 3660 2592 discor-

2014 2620 2122 2675 diae
2152 2620 2285 2689 (t7),
2314 2636 2386 2675 ne
2414 2622 2745 2692 contagium
2795 2627 3068 2693 serperet.
3093 2622 3475 2683 Tolerabilius
3506 2625 3662 2680 enim

2017 2710 2240 2780 putavit
2269 2713 2333 2763 ut
2362 2709 2571 2780 copula
2610 2714 3094 2782 sequestraretur,
3128 2727 3304 2782 quam
3354 2712 3541 2785 gratia
3572 2713 3659 2767 di-

2017 2798 2341 2853 rimeretur.
2376 2798 2534 2861 Quod
2572 2803 2629 2854 te
2672 2798 2859 2854 facere
2906 2802 3151 2871 Oportet,
3183 2800 3231 2855 si
3282 2800 3426 2857 forte
3454 2801 3664 2872 hujus-

2017 2887 2174 2943 modi
2205 2886 2424 2958 aliquid
2460 2886 2754 2953 incideris,
2781 2892 2847 2943 ut
2870 2888 3248 2945 seminarium
3278 2889 3664 2946 dissensionis

2017 2978 2266 3031 auferas.
2308 2976 2506 3047 Neque
2554 2975 2710 3030 enim
2760 2979 2824 3030 tu
2874 2976 3079 3031 fortior
3125 2994 3302 3049 quam
3348 2978 3661 3033 Abraham.

2016 3062 2117 3118 Ille
2167 3062 2517 3119 declinanda
2574 3065 2821 3131 censuit,
2874 3081 2987 3120 non
3038 3065 3410 3137 despicienda
3465 3082 3665 3122 servu-

2015 3152 2205 3208 lorum
2232 3151 2449 3224 jurgia.
2483 3143 2553 3207 Et
2599 3152 2646 3207 si
2689 3156 2751 3207 tu
2786 3152 3006 3220 fortior,
3042 3169 3176 3210 cave
3206 3171 3278 3209 ne
3309 3154 3456 3210 alter
3501 3155 3663 3210 infir-

2020 3241 2167 3297 mior
2227 3240 2323 3312 qui
2383 3258 2583 3296 aurem
2648 3241 2902 3313 praebeat
2959 3241 3320 3298 servulorum
3381 3244 3660 3299 susurris.

279 3336 502 3399 naturae,
536 3346 715 3401 quam
760 3328 953 3401 legum
1003 3330 1362 3401 praescriptio
1393 3336 1500 3386 est.
1535 3332 1658 3386 Non
1693 3333 1903 3388 mirum
1937 3304 1980 3370 ρ·
2021 3331 2373 3401 Frequenter
2402 3328 2652 3384 indivisa
2694 3330 2930 3385 servitia
2958 3330 3110 3385 inter
3148 3335 3417 3402 parentes
3446 3332 3665 3387 discor-

278 3435 397 3491 ergo
426 3419 476 3475 si
515 3425 574 3474 et
602 3418 711 3473 iste
740 3417 1040 3489 Egyptius
1073 3435 1167 3473 rex
1210 3418 1392 3472 Deum
1422 3418 1640 3483 timuit,
1672 3421 1770 3492 qui
1804 3421 1908 3476 ho-

279 3509 457 3564 minen
489 3524 607 3562 non
640 3506 903 3574 timebat,
937 3511 994 3561 et
1022 3522 1253 3577 poenam
1288 3505 1459 3561 solvit
1489 3506 1779 3574 adulterii,
1808 3510 1906 3581 qui

280 3595 440 3650 nullis
470 3611 606 3650 reus
637 3595 942 3650 tenebatur
981 3594 1209 3667 legibus
1242 3611 1254 3649 :
1289 3594 1607 3666 statimque
1635 3597 1733 3651 ubi
1766 3597 1908 3652 alie-

280 3700 401 3740 nam
426 3700 556 3740 esse
588 3684 856 3754 cognovit
886 3699 1146 3746 uxorem,
1177 3699 1293 3737 non
1325 3682 1516 3738 solum
1548 3685 1759 3739 marito
1789 3686 1908 3741 red-

280 3772 433 3839 didit,
464 3788 668 3829 verum
701 3772 876 3826 etiam
909 3776 1313 3843 prosecutores
1345 3772 1505 3826 dedit
1532 3771 1632 3843 qui
1661 3774 1908 3829 deduce-

282 3867 394 3917 rent
435 3878 607 3928 eum;
640 3876 713 3915 ne
743 3861 876 3932 quis
924 3860 994 3915 de
1052 3859 1267 3931 populo
1326 3860 1574 3915 barbaro
1632 3862 1913 3933 irrogaret

279 3949 598 4006 violentiam
628 3949 714 4004 vel
745 3947 970 4020 peculio
1002 3947 1127 4018 viri,
1157 3949 1240 4004 vel
1276 3949 1471 4004 uxoris
1501 3950 1730 4021 pudori.

341 4041 389 4092 9.
412 4037 849 4095 Pulcherrimus
868 4042 955 4092 est
974 4037 1069 4092 hic
1100 4035 1264 4092 locus
1294 4038 1364 4092 ad
1398 4038 1759 4094 incitandum
1787 4043 1909 4095 stu-

285 4126 430 4182 dium
469 4125 814 4188 devotionis,
838 4126 993 4196 quod
1028 4125 1078 4181 is
1109 4126 1211 4197 qui
1241 4125 1424 4181 Deum
1456 4128 1723 4198 sequitur
1745 4133 1911 4184 tutus

280 4229 495 4288 semper
522 4219 632 4271 est.
656 4214 725 4270 Et
753 4214 881 4269 ideo
904 4214 1085 4269 Deum
1120 4215 1387 4286 praeferre
1416 4216 1699 4272 debemus
1728 4216 1914 4272 omni-

282 4300 397 4373 bus,
430 4319 533 4360 nec
567 4303 765 4374 patriae
796 4303 1114 4367 contuitus,
1148 4319 1252 4358 nec
1285 4311 1594 4375 parentum
1625 4304 1908 4361 filiorum-

281 4405 380 4460 que
398 4392 607 4464 gratia,
627 4406 734 4445 nec
754 4390 949 4446 uxoris
970 4391 1383 4462 contemplatio
1407 4409 1512 4447 nos
1533 4409 1799 4448 revocare
1818 4395 1911 4449 de-

279 4477 366 4533 bet
398 4480 468 4535 ab
499 4478 870 4535 exsecutione
919 4484 1338 4550 praeceptorum
1388 4480 1739 4549 cmlestium;
1771 4482 1910 4553 quia

279 4570 414 4623 Deus
441 4567 611 4623 nobis
659 4566 856 4622 omnia
887 4565 987 4621 illa
1016 4566 1284 4639 largitur,
1316 4573 1373 4622 et
1398 4573 1603 4640 potens
1650 4575 1740 4625 est
1786 4586 1906 4625 ser-

2016 3418 2171 3472 diam
2222 3422 2443 3472 serunt.
2480 3417 2677 3473 Divide
2726 3418 2941 3489 potius,
2992 3423 3055 3473 ut
3106 3425 3339 3475 maneat
3384 3420 3662 3477 amicitia.

2018 3505 2271 3561 Indivisa
2302 3506 2514 3561 domus
2540 3506 2688 3560 duos
2733 3523 2847 3561 non
2893 3507 3162 3563 sustinet.
3197 3509 3400 3565 Nonne
3452 3508 3665 3565 melius

2017 3599 2107 3649 est
2147 3594 2432 3663 emigrare
2480 3610 2614 3648 cum
2673 3597 2880 3665 gratia,
2914 3612 3089 3667 quam
3140 3597 3472 3653 cohabitare
3529 3614 3662 3653 cum

2019 3682 2245 3738 discord
2258 3682 2310 3736 ia
2327 3682 2355 3736 ‘I

2091 3772 2175 3827 11.
2215 3772 2345 3842 Ipsa
2377 3787 2610 3843 quoque
2652 3771 2976 3840 cujusmodi
3009 3788 3137 3827 esse
3183 3775 3389 3828 debeat
3436 3773 3663 3840 divisio,

2020 3859 2345 3932 patriarcha
2397 3861 2616 3914 edocet.
2652 3860 2900 3915 Firmior
2946 3859 3184 3927 dividat,
3232 3861 3520 3916 infirmior
3561 3861 3663 3916 eli-

2020 3951 2138 4020 gat,
2172 3965 2244 4003 ne
2275 3948 2484 4003 habeat
2504 3948 2658 4019 quod
2700 3951 2994 4019 queratur.
3022 3947 3330 4003 Electionis
3360 3949 3514 4003 enim
3548 3965 3663 4004 suae

2022 4042 2243 4109 partem
2277 4052 2392 4091 non
2448 4037 2657 4107 poterit
2698 4036 3064 4091 calumniari.
3098 4037 3221 4092 Non
3256 4037 3471 4092 residet
3498 4054 3662 4093 occa-

2020 4126 2106 4181 sio
2145 4124 2443 4181 resiliendi
2475 4125 2568 4180 cui
2601 4126 2775 4180 datur
2803 4126 2958 4197 optio
3001 4124 3272 4196 eligendi,
3297 4142 3403 4181 nec
3449 4126 3665 4182 divisor

2018 4219 2309 4285 gravatur.
2344 4215 2491 4269 Nam
2521 4230 2637 4285 quo
2687 4215 3048 4285 prudentior,
3081 4231 3147 4269 eo
3178 4215 3429 4281 cautior;
3466 4219 3530 4270 ut
3560 4231 3664 4270 nec

2020 4305 2078 4357 in
2111 4302 2393 4359 divisione
2418 4303 2951 4371 circumscribatur,
2976 4319 3078 4358 nec
3113 4304 3170 4357 in
3202 4303 3479 4360 electione
3512 4305 3666 4359 frau-

2019 4393 2205 4447 detur.

2090 4484 2174 4535 12.
2208 4480 2408 4535 Divisit
2456 4480 2772 4545 Abraham,
2803 4482 2933 4549 quia
2977 4496 3089 4536 non
3135 4484 3398 4552 capiwbat,
3447 4483 3661 4555 inquit,

2017 4571 2143 4624 illos
2199 4574 2347 4624 terra
2407 4570 2654 4624 habitare
2706 4569 2875 4623 simul
2933 4568 3084 4636 (Gen.
3118 4588 3236 4624 xm.
3271 4574 3350 4641 6),
3383 4572 3523 4643 quia
3577 4572 3660 4626 ni-

278 4669 396 4711 vare
416 4672 542 4728 quae
591 4656 793 4711 donat.
816 4655 1020 4728 Itaque
1059 4673 1342 4729 magnum
1383 4657 1714 4730 exemplum
1746 4661 1910 4715 devo-
1939 4668 1984 4731 1)
2017 4660 2205 4715 mium
2249 4659 2456 4713 divites
2512 4662 2695 4713 erant.
2730 4656 3016 4713 Smculare
3072 4660 3277 4714 vilium
3337 4666 3402 4716 ut
3459 4661 3664 4715 divites

278 4742 437 4801 tionis
465 4745 729 4811 Abrahae,
750 4746 905 4816 quod
939 4762 1070 4800 cum
1104 4762 1280 4802 uxore
1310 4748 1573 4818 speciosa
1610 4747 1909 4804 descendit

277 4832 327 4887 in
354 4834 676 4907 )Egyptum.
700 4834 836 4889 Erat
863 4834 1097 4904 quidem
1121 4837 1285 4906 justo
1310 4837 1430 4891 viro
1461 4853 1599 4891 cura
1628 4839 1905 4911 conjuga-

277 4917 341 4975 lis
367 4921 654 4992 pudicitiae
682 4939 696 4977 :
743 4923 843 4977 sed
877 4924 1070 4993 majus
1098 4928 1221 4978 erat
1250 4925 1513 4980 studium
1547 4928 1905 4982 mati‘randaa

337 5092 443 5160 (13)
471 5091 647 5155 Edit.,
680 5092 925 5146 alienam
955 5108 1177 5147 uxorem
1208 5094 1446 5150 inccstet.
1481 5096 1727 5160 Quidam
1762 5115 1903 5154 mss.

278 5163 518 5229 incessat,-
552 5163 803 5233 potiores
834 5167 898 5217 ut
928 5180 1032 5218 nos
1066 5163 1121 5217 in
1153 5170 1334 5219 textu.

338 5232 443 5304 (14)
472 5232 613 5289 Mss.
650 5232 893 5304 aliquot,
926 5237 1164 5289 externis
1194 5252 1256 5289 ac
1287 5237 1538 5291 barbaris
1567 5240 1864 5294 erroribus.

338 5302 444 5374 (15)
468 5305 617 5381 Edit.
651 5302 888 5381 omnes,
919 5305 1055 5381 licet
1090 5306 1260 5381 nullis
1289 5311 1738 5379 constringuntur
1767 5312 1905 5381 legi-

277 5371 381 5438 bus,
415 5385 541 5431 sunt
588 5380 792 5448 tamen,
842 5380 949 5448 etc.
1002 5376 1142 5433 Mss.
1177 5378 1312 5446 duo,
1342 5395 1445 5448 quo
1495 5371 1703 5436 nullius
1753 5371 1903 5445 suvnt.

274 5460 441 5512 einen,
467 5450 576 5502 etc.
609 5445 719 5500 Alii
753 5450 815 5501 ut
844 5445 902 5500 in
929 5451 1218 5503 contextu.

339 5516 441 5590 (16)
474 5517 611 5590 Reg.
657 5535 767 5572 nis.
816 5518 1049 5573 obeundi
1093 5519 1443 5590 solvendiquc
1473 5522 1652 5577 velum
1680 5525 1905 5581 celestis

276 5589 589 5661 oraculi.Et
623 5594 755 5661 post
785 5606 986 5661 pauca,
1012 5590 1113 5644 ubi
1151 5589 1479 5661 cfomplUres
1506 5609 1647 5649 mss.
1681 5599 1737 5650 et
1765 5597 1903 5652 edit.

278 5670 471 5750 attines.
495 5660 699 5750 legu‘ut
725 5660 1139 5750 castimoniam;
1165 5660 1250 5750 ibi
1278 5660 1444 5718 Corb.
1471 5667 1528 5750 et
1557 5664 1665 5737 alii
1687 5665 1909 5750 aliquot

276 5723 479 5788 habent
535 5723 938 5788 castimoniam.
988 5733 1101 5789 Nec
1161 5733 1354 5791 forsan
1410 5735 1560 5793 male
1621 5723 1909 5812 {legitur

2014 4753 2169 4804 terra
2197 4765 2312 4804 non
2343 4747 2548 4817 capiat.
2586 4745 2740 4800 Nihil
2773 4747 2929 4802 enim
2962 4748 3106 4802 satis
3151 4752 3239 4804 est
3282 4750 3524 4803 divitum
3557 4764 3660 4802 cu-

2016 4835 2263 4909 piditati.
2313 4836 2551 4900 Quando
2600 4834 2775 4889 ditior
2820 4836 2953 4906 quis
3006 4837 3197 4899 fuerit,
3230 4840 3391 4890 tanto
3442 4834 3662 4890 avidior

2016 4928 2087 4981 ad
2155 4923 2574 4997 possidendum
2639 4929 2745 4978 est.
2806 4924 3123 4979 Extendere
3187 4922 3310 4993 agri
3375 4922 3660 4980 terminos

2015 5094 2171 5151 enim
2231 5093 2382 5164 apud
2442 5091 2829 5164 Augustinum
2883 5091 2940 5145 in
2989 5090 3134 5164 psal.
3167 5108 3324 5164 xx1x,
3372 5108 3535 5164 num.
3570 5092 3659 5160 13,

2012 5161 2437 5222 sanctimoniam
2458 5161 2560 5235 pro
2582 5164 2990 5235 sanctimonia,
3016 5161 3099 5235 vel
3124 5163 3660 5235 sanctimonialium

2016 5232 2584 5310 professionc.l’orro
2606 5251 2716 5310 non
2740 5234 2970 5310 defuere
2993 5232 3091 5302 qui
3109 5233 3509 5310 Abrahamum
3536 5252 3663 5307 pro-

2014 5303 2116 5364 diti
2153 5309 2349 5363 uxoris
2389 5308 2540 5363 Sarae
2573 5303 2811 5377 pudoris
2851 5309 3221 5377 accusarent;
3257 5322 3430 5377 quem
3463 5303 3661 5363 tamen

2018 5387 2166 5435 recte
2188 5381 2287 5435 SS.
2313 5380 2509 5433 Patres
2534 5374 2880 5440 defendunt;
2912 5374 3132 5430 scilicet
3152 5374 3349 5433 Ambr.
3374 5376 3483 5433 hoc
3506 5379 3566 5434 in
3599 5379 3664 5434 li-

2014 5455 2147 5517 bro;
2177 5452 2501 5522 Augscont.
2534 5447 2833 5522 Faustum.
2870 5444 2976 5522 lib.
3002 5464 3139 5522 xx_11,
3166 5465 3213 5522 c.
3239 5450 3338 5522 333,
3362 5454 3421 5522 et
3448 5451 3660 5514 Quaest.

2013 5526 2084 5579 26
2114 5516 2301 5594 superT
2318 5520 2455 5594 (ξεί).
2482 5522 2537 5572 et
2568 5516 2701 5594 alibi
2725 5535 2737 5584 ;
2768 5517 2922 5594 I_Iicr.
2948 5518 3015 5573 de
3046 5519 3384 5594 T_r_ad._lleb.
3412 5521 3469 5577 in
3494 5522 3661 5594 Gem;

2015 5588 2299 5664 Theodor.
2332 5591 2542 5655 Quaest.
2575 5591 2647 5643 02
2677 5588 2738 5664 iu
2769 5588 2934 5657 Gen.,
2969 5595 3026 5645 et
3054 5590 3401 5664 aliiplures.

2086 5666 2200 5738 (17)
2234 5663 2371 5720 Mss.
2418 5677 2529 5716 non
2574 5659 2762 5732 pauci,
2796 5665 3101 5734 mnputavit
3143 5659 3419 5733 ﬁmbriam
3453 5666 3661 5723 discor-

2014 5740 2144 5796 ἀίω.
