4026 6186
221 329 317 387 449

1490 329 1589 398 DE
1634 330 2018 391 ABRAHAM
2064 330 2207 390 LIB.
2257 331 2303 391 Ι.

3480 342 3600 400 450

219 461 339 533 quia
366 477 475 535 ego
504 462 745 520 divitem
792 462 899 519 feci
942 477 1111 531 eum;
1158 463 1268 519 hoc
1318 461 1509 519 solum
1561 462 1673 518 sibi
1705 460 1845 519 satis
1874 464 1928 530 Α
1957 462 2223 519 homines
2256 481 2404 535 quos
2437 480 2595 520 mors
2626 464 2848 521 solebat
2888 468 3055 525 terris
3104 469 3477 542 abscondere,
3512 489 3597 529 re-

216 566 325 608 esse
374 554 642 619 testatur,
693 551 849 623 quod
893 551 1090 625 pastui
1135 550 1527 624 praeliantium
1559 551 1847 623 juvenum

213 639 558 710 profecisset.
582 640 746 696 Dicet
760 639 976 713 aliquis
1007 641 1117 713 (23,
1151 658 1208 713 q.
1228 642 1284 707 5,
1317 657 1365 697 c.
1394 640 1549 697 Dicat
1574 639 1797 712 aliquis)
1830 657 1845 696 :

213 729 344 784 Cum
393 729 519 802 ipse
560 728 784 795 vicerit,
828 731 1125 802 quomodo
1155 730 1295 786 dicit
1324 730 1396 786 ad
1426 745 1622 803 regem
1666 729 1847 785 Sodo-

214 833 456 886 morum,
487 816 643 873 Nihil
674 834 910 874 sumam
954 819 1060 875 abs
1109 823 1193 888 te;
1227 834 1363 875 cum
1410 818 1606 891 prada
1646 817 1848 889 utique

212 905 264 961 in
292 910 572 978 potestate
602 907 839 964 victoris
868 907 1084 964 fuerit?
1118 908 1295 964 Docet
1324 907 1641 964 militarem
1672 906 1846 963 disci-

215 994 450 1067 plinam,
474 1000 537 1051 ut
566 996 685 1069 regi
718 1000 1026 1053 serventur
1050 996 1268 1053 omnia.
1301 997 1454 1073 Sane
1499 995 1572 1053 iis
1622 995 1724 1069 qui
1757 1012 1848 1052 se-

218 1100 335 1141 cum
367 1084 596 1141 fussent
622 1084 682 1140 in
714 1086 1123 1157 adjumentum
1162 1086 1412 1143 fortasse
1459 1084 1684 1153 sociati,
1716 1102 1849 1157 par-

220 1179 319 1229 tem
373 1172 757 1230 emolumenti
812 1175 1230 1232 tribuenduam
1298 1174 1509 1232 asserit
1565 1179 1847 1246 tanquam

224 1263 531 1321 mercedem
565 1263 801 1319 laboris.
1099 1271 1111 1277 ·

278 1379 357 1435 48.
392 1380 646 1452 Ideoque
676 1379 954 1452 quoniam
986 1379 1098 1437 sibi
1130 1380 1456 1436 mercedem
1499 1380 1569 1435 ab
1614 1379 1852 1435 homine

226 1485 322 1523 non
351 1468 640 1541 quaesivit,
674 1485 707 1524 a
754 1469 870 1524 Deo
922 1468 1164 1540 accepit,
1209 1469 1362 1524 sicut
1408 1467 1660 1541 legimus
1707 1468 1848 1523 scri-

229 1561 402 1629 ptum;
464 1557 605 1629 quia
640 1565 757 1628 post
780 1558 894 1612 haec
920 1557 1080 1612 verba
1109 1558 1317 1627 factum
1355 1559 1431 1611 est
1458 1557 1680 1612 verbum
1747 1557 1851 1612 Do-

232 1647 351 1701 mini
376 1645 445 1700 ad
473 1645 674 1701 Abram
704 1647 764 1700 in
797 1647 916 1701 visu
945 1644 1130 1701 dicens
1161 1663 1173 1701 :
1216 1646 1341 1701 Noli
1379 1646 1573 1701 timere
1615 1646 1847 1713 Abram,

235 1751 312 1803 ego
334 1738 607 1807 protegam
635 1742 703 1802 te,
735 1750 938 1790 merces
977 1739 1072 1790 tua
1118 1735 1290 1790 multa
1341 1736 1446 1790 erit
1492 1733 1647 1789 valde
1699 1734 1847 1805 (Gen.

1955 551 2055 625 gni
2085 552 2335 608 caelestis
2366 553 2502 608 fecit
2530 570 2659 610 esse
2686 555 3021 629 participes.

2025 639 2115 695 2f.
2176 642 2476 706 Quomodo
2534 646 2727 698 autem
2776 644 3018 700 Abrahae
3078 663 3331 720 propago
3388 648 3603 706 diffusa

1955 733 2068 796 est,
2114 728 2229 785 nisi
2281 748 2382 802 per
2428 730 2825 788 hereditatem
2881 733 3036 800 fidei,
3085 753 3186 807 per
3232 754 3410 809 quam
3461 738 3601 795 cmlo

1957 833 2387 889 comparamur,
2412 819 2769 876 conferimur
2799 821 3355 894 angelis,aaquamur
3375 826 3601 883 stellis?

1960 905 2092 962 Ideo
2124 908 2205 962 ait
2235 924 2247 962 :
2277 910 2375 964 Sic
2407 910 2514 963 erit
2559 926 2743 964 semen
2773 918 2927 965 tuum
2953 912 3105 981 (Gen.
3137 930 3227 979 xv,
3261 915 3337 983 5).
3370 916 3441 971 Et
3486 932 3600 972 cre-

1957 994 2117 1062 didit,
2144 995 2355 1068 inquit,
2388 997 2659 1052 Abraham
2692 1000 2798 1052 Deo
2829 1000 2989 1069 (Ibid.
3030 1001 3103 1069 6).
3134 1000 3278 1066 Quid
3314 1004 3603 1059 credidit?

1959 1084 2255 1140 Christum
2288 1085 2397 1140 sibi
2431 1102 2532 1156 per
2561 1087 2989 1157 susceptionem
3018 1089 3274 1160 corporis
3314 1090 3601 1148 haredem

1961 1174 2243 1229 futurum.
2278 1174 2352 1229 Ut
2381 1175 2533 1230 scias
2564 1176 2702 1246 quia
2732 1175 2839 1230 hoc
2872 1177 3135 1244 credidit,
3170 1179 3453 1237 Dominus
3482 1179 3598 1237 ait:

1959 1262 2230 1318 Abraham
2289 1263 2436 1318 diem
2482 1281 2664 1319 meum
2720 1264 2874 1331 vidit,
2938 1268 2989 1319 et
3034 1269 3254 1336 gavisus
3300 1277 3378 1324 est
3425 1272 3601 1341 (Joan.

1960 1368 2082 1415 VIII,
2130 1352 2238 1422 56).
2275 1352 2405 1407 Ideo
2458 1357 2763 1423 reputatum
2811 1358 2889 1409 est
2935 1356 3025 1410 illi
3064 1356 3134 1411 ad
3176 1358 3430 1428 justiam,
3465 1359 3607 1431 quia

1961 1440 2245 1496 rationem
2278 1457 2391 1495 non
2423 1442 2823 1512 quaesivit,scd
2870 1445 3309 1516 promptissima
3336 1448 3450 1503 ﬁde
3481 1464 3603 1504 cre-

1961 1529 2130 1585 didit.
2166 1530 2388 1585 Bonum
2419 1534 2509 1585 est
2537 1535 2602 1585 ut
2632 1532 2915 1587 rationem
2949 1535 3261 1605 praeveniat
3304 1536 3482 1607 ﬁdes;
3534 1553 3606 1594 ne

1962 1623 2242 1689 tanquam
2300 1618 2373 1673 ab
2433 1618 2690 1686 homine,
2740 1620 2817 1675 ita
2865 1638 2899 1676 a
2947 1622 3192 1679 Domino
3240 1624 3356 1681 Deo
3406 1630 3605 1683 nostro

1962 1706 2245 1762 rationem
2303 1706 2602 1763 videamur
2657 1710 2902 1780 exigere.
2955 1712 3185 1767 Etenim
3238 1730 3415 1786 quam
3462 1716 3608 1772 indi-

238 1841 308 1893 xv,
334 1794 406 1895 ἶ).
436 1794 561 1878 an
592 1827 682 1879 est
711 1839 877 1879 serus
909 1824 979 1878 ad
1013 1823 1510 1880 remunerandum
1544 1794 1849 1889 Dominus,
1881 1833 1929 1897 Β
1960 1812 2140 1897 €an
2187 1794 2579 1897 ut,,hm,nani8
2637 1798 2989 1897 teStimoqiis
3022 1801 3093 1856 de
3114 1801 3602 1897 .a!i°-credamu3’

240 1918 285 1968 et
323 1912 427 1968 cito
475 1912 786 1984 promittit,
818 1917 873 1968 et
921 1911 1108 1968 multa
1155 1911 1433 1985 largitur;
1467 1928 1538 1967 ne
1587 1911 1853 1967 infirmos

239 2002 437 2056 animos
464 2017 569 2073 per
597 2000 936 2057 dilationem
969 1999 1227 2072 aliquam
1258 2000 1466 2056 subeat
1511 1999 1853 2072 pmnitentia

238 2089 633 2162 contempsisse
664 2089 975 2162 praesentia
1007 2106 1019 2144 :
1052 2094 1110 2145 et
1133 2088 1290 2145 velut
1312 2089 1563 2161 quadam
1586 2087 1855 2145 usuraria

237 2178 475 2251 largitate
505 2181 866 2250 compensat,
916 2182 982 2233 ut
1025 2177 1295 2234 uberiora
1344 2176 1611 2234 restituat
1657 2178 1710 2234 ei
1755 2176 1854 2249 qui

237 2273 416 2341 captus
443 2285 561 2324 non
592 2268 766 2325 fuerit
794 2266 1082 2323 oblatione
1113 2265 1510 2339 pmsentium.

295 2385 371 2439 19.
418 2385 503 2440 Ab
555 2384 682 2456 ipso
729 2399 961 2456 quoque
1009 2382 1254 2439 Domino
1303 2382 1627 2439 mercedem
1678 2399 1854 2455 quam

240 2472 485 2545 postulet,
550 2472 1008 2529 consideremus.
1067 2472 1190 2527 Non
1248 2470 1480 2528 divitias
1527 2476 1592 2526 ut
1647 2487 1855 2527 avarus

238 2562 488 2634 exposcit,
521 2578 639 2616 non
665 2560 1093 2634 longaevitatem
1133 2560 1262 2616 vitae
1294 2561 1486 2627 istius,
1520 2565 1582 2615 ut
1612 2560 1855 2615 meticu-

237 2651 375 2707 losus
402 2650 626 2718 mortis,
660 2667 775 2706 non
828 2649 1175 2722 potentiam;
1209 2650 1309 2706 sed
1360 2648 1605 2722 dignum
1652 2649 1859 2721 quaerit

240 2739 314 2795 sui
357 2739 641 2796 heredem
685 2738 903 2795 laboris
951 2757 963 2794 :
1017 2738 1157 2808 Quid
1205 2738 1368 2805 mihi,
1412 2738 1623 2811 inquit,
1656 2737 1857 2794 dabis?

240 2831 344 2901 Ego
382 2837 560 2885 autem
605 2827 858 2884 dimittor
897 2829 1015 2882 sine
1062 2827 1196 2897 ﬁliis
1225 2826 1381 2899 (Ibid.
1415 2826 1490 2899 2).
1526 2827 1593 2882 Et
1636 2827 1789 2883 infra
1839 2845 1852 2882 :

243 2921 351 2990 quia
375 2917 513 2974 mihi
532 2934 712 2976 semen
762 2933 869 2973 non
918 2916 1131 2985 dedisti,
1167 2917 1491 2973 vernaculus
1534 2933 1686 2973 meus
1716 2917 1859 2972 mihi

242 3006 391 3064 litem
413 3009 513 3064 erit
540 3005 698 3079 (Ibid.
730 3006 806 3077 3).
838 3004 1076 3062 Discant
1099 3020 1236 3077 ergo
1288 3004 1556 3061 homines
1586 3004 1860 3077 conjugis

243 3113 338 3151 non
365 3112 652 3169 spernere,
686 3112 791 3150 nec
822 3095 934 3150 sibi
966 3094 1186 3151 sociare
1215 3094 1471 3166 impares
1502 3110 1515 3149 :
1550 3110 1621 3149 ne
1648 3094 1855 3164 hujus-

1961 1885 2062 1941 Dei
2092 1884 2344 1940 oraculis
2392 1886 2462 1939 de
2510 1902 2571 1941 se
2622 1904 2736 1941 non
2787 1888 3125 1945 credamus!
3164 1891 3435 1948 Imitetur
3470 1910 3607 1967 ergo

1964 1973 2274 2042 Abraham,
2308 1979 2374 2029 ut
2420 1974 2679 2030 haeredcs
2725 1977 2911 2032 simus
2946 1982 3108 2034 terrae
3162 1995 3263 2051 per
3310 1981 3607 2052 justitiam

1966 2063 2119 2131 fidei,
2144 2080 2246 2135 per
2276 2080 2452 2134 quam
2487 2064 2582 2120 ille
2614 2065 2817 2119 mundi
2853 2066 3034 2121 haeres
3067 2068 3253 2124 factus
3285 2074 3392 2126 est.

2610 2153 2837 2209 CAPUT
2878 2155 2967 2210 IV.

1963 2241 2238 2296 Abraham
2266 2241 2334 2295 ab
2360 2241 2629 2297 adulterii
2656 2245 2889 2300 crimine
2935 2246 2997 2299 ob
3044 2255 3349 2305 susceptum
3395 2264 3465 2305 ea:
3505 2267 3607 2305 an-

2033 2311 2380 2389 cillaﬁlium
2408 2314 2717 2389 defemlilur
2764 2332 2777 2369 :
2829 2332 3021 2387 nempe
3065 2311 3206 2389 quod
3250 2320 3317 2375 ab
3363 2320 3610 2379 humana

2034 2384 2335 2453 fragilitate
2362 2401 2473 2440 non
2501 2390 2635 2440 esset
2664 2384 3024 2453 immunisfet
3062 2384 3190 2443 tunc
3233 2390 3609 2449 Chaldaeorum

2035 2457 2440 2533 superstitiones
2473 2460 2567 2533 vim
2598 2457 2907 2533 reliquisset
2952 2476 2970 2512 :
3019 2458 3211 2514 deinde
3260 2464 3400 2533 quod
3438 2466 3498 2519 in
3529 2466 3605 2521 le-

2033 2526 2641 2606 gem_ulpote__necdum
2671 2526 2842 2606 latam
2871 2544 2975 2583 non
3004 2526 3310 2606 peccaverit
3361 2551 3374 2588 :
3420 2540 3609 2606 postea

2038 2598 2175 2677 quod
2204 2613 2312 2677 non.
2343 2598 2593 2677 libidine,
2624 2599 2719 2677 sed
2766 2598 3168 2677 amorchprolis
3214 2598 3469 2677 inductus
3512 2609 3605 2677 sit,

2037 2669 2133 2723 ubi
2162 2670 2334 2745 multa
2359 2669 2911 2745 contraadulterium
2931 2669 3283 2741 disputantur
3313 2691 3326 2728 :
3361 2669 3606 2745 defendi:

2039 2749 2131 2818 tur
2158 2740 2518 2818 ultinzoquod
2548 2740 2687 2818 illud
2718 2742 2897 2812 ipsum
2926 2740 3267 2818 mysterium,
3294 2762 3403 2800 non
3422 2740 3609 2818 pecca-

2034 2814 2171 2878 tum,
2200 2810 2474 2881 fuerit.L4d
2502 2810 2801 2867 extremum
2834 2810 3106 2883 quwr'itur
3133 2832 3206 2869 an
3234 2810 3475 2874 decuerit
3493 2821 3608 2873 cir-

2036 2883 2422 2937 cumcixionem
2472 2884 2690 2938 institui
2732 2888 2914 2955 postea
2944 2886 3320 2954 revocandam,
3351 2897 3403 2944 et
3432 2891 3609 2946 mini-

2036 2970 2189 3008 mum
2218 2955 2279 3008 in
2307 2969 2364 3008 se
2387 2956 2734 3024 perfectionis
2763 2958 3144 3011 continentem.

2036 3046 2124 3097 2‘2.
2157 3043 2261 3098 Sed
2313 3042 2558 3097 fortasse
2601 3042 2755 3098 dicat
2801 3042 3014 3116 aliquis
3044 3062 3056 3100 :
3090 3048 3388 3111 Quomodo
3434 3049 3612 3106 Abra-
3724 3107 3727 3111 ,

1966 3130 2105 3186 ham
2136 3130 2306 3186 nobis
2334 3130 2682 3186 imitandum
2738 3133 3032 3204 proponis,
3066 3134 3219 3190 290
3240 3152 3373 3191 cum
3405 3138 3477 3193 de
3507 3156 3610 3194 an-

243 3183 1179 3293 TOdHUSQR‘fPE19329333323
1201 3182 1857 3293 Ef’f‘djiffib‘f‘j‘ij‘ﬂn
1889 3200 1930 3265 Ο
1966 3218 2100 3274 cilla
2125 3218 2444 3290 susceperit
2476 3219 2701 3276 filium?
2727 3182 3009 3293 Autrquid
3042 3222 3151 3278 sibi
3185 3223 3308 3279 vult
3329 3225 3438 3281 hoc
3457 3242 3608 3293 esse,

240 3275 467 3345 possint;
503 3279 566 3329 ut
592 3272 682 3329 vel
712 3272 1183 3329 transfundendae
1215 3272 1575 3329 haereditatis
1607 3276 1859 3329 contem-

240 3362 485 3433 platione,
511 3363 560 3418 si
592 3362 755 3418 nullo
785 3361 1049 3418 contuitu
1075 3361 1316 3434 pudoris
1346 3361 1858 3435 moventur,digno

239 3452 487 3508 studeant
517 3450 911 3507 matrimonio.

296 3578 376 3632 20.
433 3578 544 3633 Sed
589 3576 639 3632 si
684 3575 927 3632 Abrahae
972 3574 1261 3631 sententia
1318 3576 1389 3631 ad
1450 3575 1858 3649 corrigendum

241 3665 413 3722 minus
441 3664 893 3739 proficit,accipe
924 3662 1224 3720 oraculum
1247 3664 1347 3719 Dei
1370 3663 1709 3736 hujusmodi
1731 3682 1861 3720 con-

239 3753 548 3811 demnantis
596 3753 992 3810 haereditatem
1042 3754 1205 3809 :Non
1252 3755 1376 3821 erit,
1429 3752 1640 3825 inquit,
1686 3753 1860 3810 hares

237 3852 347 3901 tuus
371 3846 457 3900 hic
482 3862 501 3898 :
534 3843 628 3900 sed
656 3845 797 3899 alter
823 3847 919 3915 qui
946 3845 1146 3898 exierit
1188 3843 1254 3898 de
1302 3846 1372 3913 te,
1405 3843 1500 3898 ille
1527 3842 1696 3899 heres
1732 3847 1860 3899 tuus

237 3936 327 3988 erit
368 3934 520 4005 (Ibid.
556 3934 632 4003 4).
684 3934 865 3999 Quem
909 3931 1052 3987 dicit
1096 3930 1387 3987 alterum?
1434 3931 1657 4004 Peperit
1703 3932 1858 3988 enim

237 4026 288 4076 et
324 4025 467 4096 Agar
514 4020 704 4077 filium
744 4020 972 4088 lsmael,
1007 4021 1109 4077 sed
1152 4037 1268 4077 non
1316 4021 1513 4092 ipsum
1561 4020 1721 4091 dicit,
1756 4022 1857 4078 sed

237 4109 360 4166 dicit
387 4116 656 4168 sanctum
688 4111 867 4166 Isaac.
897 4110 964 4165 Et
984 4108 1113 4165 ideo
1132 4107 1358 4165 addidit
1383 4126 1396 4164 :
1427 4111 1535 4179 Qui
1569 4112 1768 4167 exierit
1795 4111 1860 4167 de

236 4209 297 4254 te.
325 4199 416 4257 Ille
442 4200 601 4258 enim
633 4216 765 4255 vere
794 4199 966 4255 exivit
1005 4215 1075 4254 ex
1117 4198 1432 4268 Abraham,
1466 4198 1858 4272 quiJegitimo

239 4289 483 4361 coniugio
513 4291 853 4361 procreatus
883 4290 991 4342 est.
1031 4287 1140 4342 Sed
1189 4302 1291 4359 per
1338 4287 1500 4343 Isaac
1529 4286 1858 4360 legitimum

237 4373 424 4445 ﬁlium,
455 4377 626 4432 illum
674 4392 874 4432 verum
924 4373 1252 4448 legitimum
1284 4391 1601 4448 possumus
1645 4376 1858 4438 intelli-

237 4478 353 4536 gere
397 4467 544 4523 289
596 4465 911 4521 Dominum
954 4462 1157 4519 Jesum
1204 4463 1522 4532 Christum,
1575 4482 1750 4538 quem
1796 4466 1857 4522 in

1973 3312 2037 3363 ut
2083 3311 2282 3363 tantus
2327 3306 2415 3361 vir
2462 3307 2598 3362 huic
2646 3309 2825 3364 errori
2873 3310 3049 3365 fuerit
3094 3311 3401 3382 obnoxius,
3441 3316 3611 3386 cujus

1971 3400 2133 3452 tanta
2182 3412 2357 3467 opera
2406 3394 2730 3451 miramur?
2760 3398 2829 3453 Et
2858 3398 2987 3455 ideo
3035 3417 3106 3456 ne
3155 3402 3412 3472 quodam
3451 3420 3611 3460 more

1969 3485 2370 3556 navigantium
2400 3484 2592 3540 locum
2626 3486 2779 3541 hunc
2809 3504 2979 3559 quem
3022 3478 3286 3561 plerique
3328 3492 3610 3549 vadosum

1971 3578 2196 3646 putant,
2233 3573 2557 3628 declinasse
2589 3574 2910 3643 videamur,
2943 3578 3226 3633 rationem
3258 3581 3386 3651 ejus
3416 3581 3609 3653 expla-

1969 3678 2107 3717 nare
2138 3662 2294 3717 cordi
2327 3667 2434 3717 est.
2470 3666 2596 3717 Non
2629 3663 2821 3718 abnuo
2854 3666 3008 3735 quod
3040 3667 3332 3723 Abraham
3382 3670 3453 3725 de
3500 3688 3609 3727 an-

1968 3751 2101 3807 cilla
2131 3751 2451 3823 susceperit
2481 3750 2697 3818 filium;
2732 3756 2796 3807 ut
2826 3769 3142 3825 cognoscas
3173 3757 3450 3826 quoniam
3493 3775 3609 3815 non

1968 3840 2288 3913 superioris
2340 3840 2649 3911 cujusdam
2712 3846 2929 3895 natura:
2986 3859 3052 3897 ac
3109 3844 3450 3901 substantiae
3499 3846 3610 3902 fuit

1967 3928 2281 3995 Abraham,
2314 3929 2414 3984 sed
2447 3946 2599 3984 unus
2648 3945 2677 3984 e
2726 3946 2969 3985 numero
3017 3934 3074 3985 et
3123 3930 3433 4004 fragilitate
3478 3933 3607 3989 uni-

1970 4034 2265 4073 versorum
2298 4016 2625 4072 hominum.
2660 4017 2913 4090 Denique
2943 4022 2999 4073 et
3053 4019 3123 4075 de
3155 4020 3387 4093 regione
3438 4021 3609 4078 Chal-

1967 4108 2222 4162 daeorum
2255 4111 2493 4162 vocatus
2524 4110 2785 4179 est,quos
2816 4108 3217 4179 superstitioni
3246 4126 3402 4165 vanae
3426 4110 3612 4167 inten-

1968 4200 2055 4251 tos
2096 4212 2224 4251 esse
2269 4195 2455 4267 magis
2502 4212 2679 4266 quam
2734 4206 2969 4252 caeteros
3015 4198 3367 4271 accepimus,
3398 4199 3611 4258 etideo

1969 4285 2249 4355 majorem
2281 4284 2500 4340 invenit
2546 4284 2794 4357 gratiam
2843 4287 2997 4356 apud
3030 4286 3235 4353 Deum,
3271 4288 3408 4359 quia
3438 4305 3612 4362 supe-

1968 4373 2220 4430 rioribus
2251 4374 2361 4444 ('26)
2396 4373 2765 4441 renuntiavit,
2798 4374 2867 4428 ad
2899 4375 3091 4446 priora
3140 4392 3202 4431 se
3241 4378 3515 4447 extendit,
3550 4384 3616 4434 ut

1968 4466 2311 4534 sequeretur
2341 4463 2543 4518 Deum.
2572 4462 2911 4534 Propositus
2941 4468 3029 4519 est
3055 4465 3212 4520 enim
3258 4466 3329 4522 ad
3376 4466 3612 4524 imitan-

237 4552 496 4628 prineipio
524 4552 821 4626 Evangelii
851 4552 1177 4609 secundum
1226 4545 1569 4609 Matthaaum
1612 4554 1858 4610 Abrahae
1889 4557 1935 4621 D
1965 4552 2109 4607 dum
2132 4551 2256 4619 tibi,
2291 4555 2355 4606 ut
2377 4555 2434 4606 et
2466 4556 2526 4605 tu
2557 4552 2822 4608 advertas
2848 4553 3002 4623 quod
3034 4553 3083 4608 si
3115 4554 3368 4624 peccatis
3399 4572 3615 4613 renun-

238 4639 401 4700 ﬁlium
428 4644 681 4717 legimus
729 4643 938 4712 (Matth.
974 4657 1017 4710 ι,
1048 4643 1122 4712 1),
1157 4643 1257 4714 qui
1291 4658 1494 4698 verum
1525 4659 1590 4699 se
1615 4643 1856 4705 Abrahae

235 4734 399 4801 gessit
424 4733 1003 4800 haredem,auctoris
1029 4730 1375 4788 illuminans
1404 4732 1859 4805 successionem,
1914 4796 1923 4801 _

236 4834 327 4889 per
351 4838 518 4894 quem
551 4820 851 4877 Abraham
894 4821 1145 4893 respexit
1192 4820 1250 4875 in
1300 4820 1532 4891 ccelum,
1564 4825 1621 4877 et
1657 4820 1858 4894 splen-

234 4906 415 4967 dorem
432 4909 788 4984 posteritatis
806 4927 928 4965 suae
949 4910 1183 4983 agnovit
1202 4926 1314 4965 non
1328 4909 1857 4979 'minusillustrem,

233 5011 393 5067 quam
433 4999 733 5057 stellarum
781 4997 1108 5055 ccelestium
1159 4998 1343 5071 fulget
1389 4998 1645 5056 claritas.
1702 5001 1861 5055 Sicut

231 5086 372 5143 enim
414 5089 569 5145 stella
596 5086 789 5160 differt
832 5104 867 5142 a
912 5087 1070 5142 stella
1112 5087 1175 5141 in
1210 5088 1460 5143 claritate
1488 5089 1566 5143 ita
1595 5096 1651 5144 et
1676 5103 1855 5143 resur-

230 5176 380 5231 rectio
406 5179 742 5233 mortuorum
794 5175 839 5247 (ι
888 5174 1007 5231 Cor.
1040 5191 1133 5246 xv,
1165 5176 1256 5243 41,
1289 5174 1397 5248 42).
1431 5175 1741 5247 Apostolus
1771 5176 1856 5230 di-

231 5261 315 5317 cit.
347 5263 423 5323 Eo
448 5265 602 5337 quod
635 5264 1083 5321 resurrectionis
1115 5281 1233 5320 suae
1273 5264 1498 5320 donans
1543 5264 1855 5333 consortia,

290 5427 395 5496 (26)
426 5425 573 5482 Edit.
609 5425 847 5481 omnino
878 5441 1102 5492 omnes,
1136 5427 1269 5496 quia
1291 5425 1858 5496 posterioribus.Con-

228 5496 313 5569 ira
332 5494 469 5555 mss.
504 5513 730 5569 omnes,
763 5498 893 5569 quia
934 5494 1327 5569 superioribus.
1358 5494 1656 5565 Melius,ut
1676 5511 1779 5567 per
1798 5512 1860 5554 se

228 5567 479 5641 quisquis
510 5568 657 5627 satis
688 5567 994 5641 intelliget.

289 5638 392 5720 (27)
422 5640 517 5705 Sic
548 5656 692 5700 mss.
722 5638 950 5699 omnes.
978 5638 1134 5701 Edit.
1188 5641 1409 5715 autem,
1454 5644 1513 5698 ut
1546 5639 1728 5717 ﬁlium
1769 5640 1857 5720 fa-

1966 4642 2099 4710 ties,
2131 4641 2323 4713 possis
2352 4639 2594 4695 emereri
2618 4640 2849 4695 Domini
2883 4641 3364 4699 misericordiam.

2038 4730 2127 4784 23.
2164 4729 2387 4784 Movere
2418 4732 2612 4784 tamen
2643 4728 2872 4801 aliquos
2899 4734 3114 4802 potest,
3150 4733 3303 4803 quod
3332 4735 3453 4804 jam
3479 4748 3613 4788 cum

1968 4818 2082 4874 Deo
2140 4817 2505 4889 loquebatur,
2566 4822 2623 4873 et
2678 4819 2750 4873 ad
2803 4819 3076 4875 ancillam
3124 4820 3402 4887 introivit,
3462 4820 3617 4877 sicut

1968 4907 2251 4979 scriptum
2288 4910 2377 4962 est
2429 4925 2440 4962 :
2493 4907 2639 4970 Quia
2684 4907 2829 4963 dixit
2878 4909 3016 4965 Sara
3063 4910 3133 4964 ad
3181 4910 3379 4964 Abram
3419 4926 3438 4962 .·
3484 4909 3616 4964 Ecce

1966 4996 2230 5051 conclusit
2274 5012 2360 5051 me
2408 4997 2669 5052 Dominus
2714 5006 2774 5051 ut
2820 5015 2931 5052 non
2975 4999 3195 5069 pariam
3244 5016 3260 5050 :
3314 4997 3463 5051 intra
3487 5012 3614 5066 ergo

1966 5085 2040 5140 ad
2062 5085 2331 5139 ancillam
2359 5100 2555 5151 meam,
2590 5093 2650 5142 ut
2675 5086 2817 5156 ﬁlios
2861 5088 3033 5159 facias
3074 5102 3143 5140 ea:
3172 5086 3273 5140 illa
3312 5085 3423 5156 (27)
3455 5085 3609 5156 (Gen.

1967 5191 2081 5243 xv1,
2115 5176 2168 5243 2,
2200 5175 2290 5241 32,
2327 5191 2383 5245 q.
2418 5175 2470 5240 4,
2505 5192 2553 5230 c.
2588 5177 2739 5230 Dixit
2784 5176 2925 5230 Sara
2973 5175 3105 5246 (28).
3140 5174 3209 5229 Et
3260 5174 3342 5230 ita
3392 5173 3612 5232 factum

1967 5267 2074 5319 est.
2131 5263 2237 5319 8ed
2297 5262 2755 5330 consideremus,
2804 5263 3061 5334 primum
3122 5262 3260 5334 quia
3315 5263 3612 5321 Abraham

1966 5425 2081 5478 cias
2137 5438 2206 5495 ea:
2277 5423 2421 5495 illas
2672 5421 2908 5495 Interp.,
2974 5428 3054 5495 ἴνα
3096 5432 3521 5495 remanat-ﬁmum:
3565 5432 3613 5493 ἐξ

1966 5494 2266 5567 αὑτῆςὸἰε
2295 5492 2526 5567 legitur
2571 5491 2632 5567 in
2682 5490 2884 5547 multis
2933 5494 3058 5549 cod.
3102 5490 3381 5567 scriptis:
3414 5490 3611 5552 tamen

1966 5566 2027 5646 in
2058 5562 2413 5646 quibusdam
2441 5562 2701 5620 invenire
2731 5566 2821 5621 est
2846 5562 3388 5646 τεκνοποιησῃςξνίίίθ
3416 5567 3607 5627 Nobil.

1963 5637 2025 5697 in
2057 5634 2259 5703 eadem
2287 5634 2481 5693 verba.
