4166 6154
467 165 577 226 451

1931 156 1994 213 S.
2043 152 2410 214 AMBRUSll

3721 162 3821 222 452

466 300 601 351 ante
634 294 817 366 legem
850 292 1064 365 Moysis
1113 294 1169 347 et
1207 293 1338 347 ante
1371 286 1747 359 Evangelium
1780 286 1889 341 fuit
1922 304 1933 340 :
1969 301 2112 340 non-
2143 286 2198 351 Α
2228 284 2435 340 habuit
2484 284 2740 356 thorum,
2791 286 2892 340 sed
2936 270 3137 340 studio
3189 284 3503 355 quaerenda:
3548 288 3824 357 posterita-

464 385 604 440 dum
640 383 1015 438 interdictum
1046 378 1399 437 adulterium
1441 376 1747 432 videbatur
1776 374 1914 446 (28).
1944 374 2119 429 PtBDﬂ

465 470 733 528 criminis
780 487 849 526 ex
900 473 1160 540 tempore
1214 465 1358 535 legis
1402 470 1510 531 est,
1544 480 1670 535 qua:
1703 463 1923 519 crimen
1962 461 2114 517 inhi-

463 560 589 615 buit
623 576 637 615 :
672 576 777 615 nec
808 565 941 614 ante
990 557 1178 630 legem
1229 553 1348 609 ulla
1397 553 1475 608 rei
1529 552 1827 608 damnatio
1859 556 1978 619 est;
2012 551 2113 605 sed

460 666 529 706 ex
565 648 713 721 lege.
747 649 872 704 Non
922 663 1057 718 ergo
1107 645 1163 699 in
1214 642 1400 714 legem
1452 640 1748 697 commisit
1795 639 2112 707 Abraham,

461 739 560 794 sed
594 736 780 811 legem
814 734 1106 809 prmvonit.
1140 732 1292 787 Deus
1322 730 1380 785 in
1412 730 1684 802 paradiso
1732 728 1866 784 licet
1910 729 2111 799 conju-

462 826 626 900 gium
678 821 996 881 laudaverit
1064 822 1217 891 (Gen.
1279 837 1338 886 ιι,
1397 820 1509 889 24),
1569 835 1686 881 non
1757 815 2110 873 adulterium

463 916 856 970 damnaverat.
891 910 1012 965 Non
1047 908 1171 964 vult
1199 907 1355 964 enim
1388 910 1634 963 mortem
1685 904 2023 979 peccatoris,
2057 908 2112 960 et

462 1003 594 1059 ideo
624 1001 777 1073 quod
810 998 1031 1072 praemii
1062 1001 1152 1053 est
1182 996 1488 1069 pollicetur
1520 1012 1532 1051 :
1568 994 1723 1067 quod
1766 1010 1968 1065 poenae,
1997 1010 2109 1047 non

457 1090 655 1163 exigit.
692 1088 911 1145 Mavult
942 1087 1099 1142 enim
1133 1085 1375 1140 mitibus
1406 1100 1733 1157 provocare,
1769 1098 1947 1153 quam
1996 1086 2108 1136 tcr-

459 1196 585 1235 rere
642 1176 1003 1234 saevioribus.
1041 1175 1105 1229 Et
1128 1178 1186 1229 tu
1212 1172 1462 1245 peccasti
1487 1188 1619 1227 cum
1652 1168 1886 1244 gentilis
1927 1186 2107 1235 esses,

457 1268 645 1323 habes
669 1265 1098 1323 excusationem
1135 1279 1146 1316 :
1182 1260 1390 1316 venisti
1423 1260 1493 1315 ad
1526 1259 1864 1326 Ecclesiam,
1894 1257 2109 1313 audisti

456 1357 646 1428 legem
699 1372 711 1409 :
757 1356 874 1409 Non
918 1352 1262 1408 adulteraliis
1315 1350 1504 1421 (Exod.
1565 1366 1657 1417 xx,
1710 1348 1821 1418 14),
1854 1349 1979 1418 jam
2012 1364 2105 1402 ex-

456 1445 818 1501 cusationem
878 1441 1074 1497 delicti
1131 1457 1243 1495 non
1294 1439 1495 1494 habes.
1551 1439 1768 1493 Tamen
1828 1436 2107 1507 quoniam

456 1552 591 1590 cum
625 1533 716 1587 his
748 1531 891 1587 mihi
915 1545 1105 1585 sermo
1137 1533 1246 1594 est,
1270 1528 1371 1599 qui
1401 1528 1473 1582 ad
1503 1526 1753 1598 gratiam
1783 1526 2102 1597 baptisma-

454 1624 531 1679 tis
563 1637 774 1678 nomen
808 1620 1114 1683 dederunt,
1148 1618 1195 1672 si
1250 1616 1383 1687 quis
1433 1620 1663 1670 tantum
1697 1614 1918 1668 crimen
1951 1613 2103 1680 fecit,

455 1713 602 1768 sciat
660 1709 767 1766 sibi
821 1706 1190 1763 tribuendam
1236 1705 1501 1771 veniam;
1536 1704 1636 1759 sed
1684 1702 1850 1774 quasi
1903 1703 1951 1757 ei
1999 1702 2101 1774 qui

454 1803 673 1857 crimen
707 1796 1085 1862 commiserit,
1116 1795 1172 1849 in
1224 1792 1515 1864 reliquum
1564 1796 1756 1847 tamen
1809 1791 2102 1847 abstinen-

454 1891 596 1944 dum
629 1885 868 1943 noverit.
907 1883 1162 1955 Denique
1200 1880 1281 1936 illi
1315 1879 1588 1935 adulterae
1638 1895 1764 1950 quae
1816 1880 1874 1933 in
1914 1880 2097 1933 Evan-

384 1966 387 1971 ’
452 1979 603 2051 gelio
652 1976 987 2031 obtulerunt
1033 1972 1235 2027 scribas
1289 1969 1711 2024 Pharisaaorum
1762 1969 1893 2038 (‘29),
1947 1968 2095 2024 29l

454 2066 674 2139 ignovit
704 2064 939 2135 quidem
980 2060 1264 2116 Dominus
1313 2058 1636 2129 superiora,
1669 2058 1768 2111 sed
1799 2057 1881 2111 ait
1914 2073 1924 2112 :
1967 2056 2105 2113 Vade

453 2161 502 2210 et
532 2153 722 2209 amodo
752 2151 871 2207 vide
899 2166 967 2205 ne
993 2165 1173 2221 pecces
1206 2150 1380 2219 (Joan.
1424 2164 1543 2212 v.11,
1600 2146 1707 2215 lt).
1765 2146 1925 2211 Quod
1966 2162 2100 2200 cum

453 2243 539 2299 illi
570 2242 729 2309 dicit,
765 2241 868 2295 tibi
900 2238 1059 2293 dicit.
1095 2236 1300 2292 Fecisti
1336 2234 1568 2308 gentilis
1599 2234 1973 2301 adulterium,
2020 2235 2100 2289 fe-

454 2330 586 2388 cisti
613 2326 1106 2386 catechumenos?
1140 2325 1464 2398 lgnoscitur
1494 2324 1622 2391 tibi,
1649 2323 1965 2379 remittitur
1994 2322 2099 2378 tibi

456 2439 557 2494 per
588 2418 973 2491 baptismum.
1000 2415 1177 2481 Vade,
1212 2418 1269 2469 et
1299 2418 1432 2485 post
1462 2412 1581 2467 haec
1611 2413 1740 2468 vide
1772 2430 1843 2467 ne
1875 2428 2097 2483 pecces.

455 2510 642 2566 Habes
675 2522 853 2563 unam
884 2503 1125 2561 Abrahae
1156 2502 1574 2558 defensionem.

523 2602 612 2653 24.
646 2595 914 2652 Secunda
964 2593 1063 2648 illa
1111 2597 1218 2659 est,
1272 2592 1426 2663 quod
1479 2607 1591 2646 non
1642 2591 1846 2645 ardore
1906 2589 2101 2661 aliquo

451 2703 609 2759 vagae
668 2700 988 2741 succensus
1046 2679 1334 2747 libidinis,
1370 2697 1485 2735 non
1545 2678 1862 2751 petulantis
1902 2679 2099 2733 formae

452 2782 658 2848 captus
671 2770 1127 2838 decore,ancillte
1150 2768 1532 2825 contubernio
1555 2766 1923 2839 conjugalcm
1948 2772 2101 2838 post-

522 2916 655 2986 (28).
685 2911 971 2986 Nonnulli
991 2911 1352 2966 occasionem
1383 2908 1796 2986 ex‘hisyerbis
1846 2909 2099 2986 arripue-

450 2980 683 3052 runt,ut
709 2983 1081 3037 Ambrosium
1106 2998 1406 3052 perperam
1438 2981 1509 3035 de
1539 2980 1824 3034 adulterio
1846 2980 2101 3035 sensisse

454 3055 971 3113 calumniarentur.
1001 3052 1177 3124 Atqui
1209 3057 1448 3124 certum,
1469 3054 1558 3124 est
1588 3057 1857 3124 sanctum
1910 3052 2101 3124 docto-

456 3145 577 3184 rem
609 3130 944 3182 ronstanter
970 3122 1236 3180 docuisse
1266 3122 1627 3195 prohibitum
1663 3122 1838 3195 tuisse
1879 3122 2100 3195 adulte-

454 3200 607 3255 rium
638 3198 761 3268 lcge
795 3192 1343 3268 naturali,_eamq'ue
1391 3192 1575 3266 legem
1610 3210 1642 3248 a
1673 3194 1905 3268 nemine
1936 3193 2099 3268 igno-

454 3271 564 3326 rari
599 3264 765 3340 (puta
793 3265 1226 3340 invincibiliter)
1252 3264 1515 3340 unquam
1550 3264 1827 3336 potuisse.
1866 3265 1924 3318 Id
1966 3264 2101 3336 qui-

455 3337 745 3397 demtum
778 3356 847 3394 ex
875 3339 1004 3393 aliis
1052 3338 1239 3408 ipsius
1281 3337 1553 3407 operibus
1597 3352 1943 3408 cognoscere
1990 3342 2098 3408 est,

454 3420 578 3467 tum
608 3428 679 3466 ex
709 3409 816 3465 hoc
847 3410 973 3481 ipso
1016 3407 1162 3463 libro
1212 3407 1434 3481 liquido
1465 3407 1710 3481 constat.
1741 3408 1965 3481 Etenim
2001 3407 2101 3461 ubi

454 3488 651 3539 narrat
682 3478 1178 3552 quemadmodum
1214 3478 1435 3552 Pharao
1467 3479 1670 3533 Sarani
1704 3495 1880 3552 quam
1917 3478 1973 3532 in
2006 3495 2103 3550 pa.

453 3554 661 3617 latium
696 3550 1005 3607 abductam
1058 3566 1293 3605 uxorem
1346 3550 1555 3605 ducere
1601 3550 1912 3621 cogitabat,
1946 3554 2103 3621 post-

456 3625 1036 3698 quamconjugatam
1084 3638 1221 3698 esse
1260 3620 1906 3698 cognovit,AAbrahamo
1938 3620 2102 3698 resti-

454 3692 588 3761 tuit,
633 3696 714 3749 ita
770 3692 1029 3765 loquitur
1056 3713 1074 3747 .-
1108 3694 1222 3747 Etsi
1275 3701 1478 3747 natura
1532 3695 1681 3762 ferus
1726 3709 1789 3765 ac
1819 3692 2102 3765 ibtrbarus

456 3773 637 3823 tamen
663 3763 1004 3837 signiﬁcat...
1054 3773 1104 3818 et
1152 3765 1419 3837 adulterii
1464 3766 1669 3818 crimen
1716 3763 1826 3817 sibi
1869 3778 1981 3837 esse
2008 3779 2100 3816 ca-

454 3834 733 3895 vendum."
772 3834 879 3905 Qui
938 3835 1231 3908 praetendit
1310 3837 1702 3908 ignorantiam,
1784 3834 2103 3908 condemnat

455 3905 954 3981 intemperantiam}
994 3910 1132 3981 Nec
1164 3908 1370 3961 mirum
1416 3907 1467 3959 si
1513 3906 1777 3981 barbarus
1815 3907 1908 3977 jus
1954 3905 2104 3959 novit

452 3976 740 4037 naturae...
768 3982 851 4035 Ita
889 3979 1066 4045 maior
1115 3978 1207 4031 lex
1251 3981 1491 4041 naturae,
1524 3992 1710 4048 quamq
1738 3976 1917 4043 legum
1958 3992 2101 4048 prac-

453 4054 799 4123 scriplioest.
833 4049 1029 4121 Neque
1059 4064 1192 4123 vero
1224 4046 1550 4123 putandum
1580 4052 1669 4102 est
1701 4046 1816 4123 haec
1858 4046 2104 4123 densolo

455 4117 739 4179 adulterio
772 4139 887 4192 quo
913 4117 1053 4175 uxor
1075 4117 1267 4173 aliena
1296 4118 1729 4192 polluitur,esse
1777 4117 2103 4192 intelligen-

455 4197 549 4251 da.
584 4195 730 4250 Nam
765 4189 1155 4264 praeterquam
1187 4190 1350 4264 quod
1391 4189 1693 4264 generalia
1727 4189 1904 4243 verba
1941 4193 2102 4255 sunt,

457 4259 816 4339 proindeque
865 4264 935 4339 ad
990 4259 1164 4339 unam
1205 4259 1490 4339 adulterii
1540 4260 1796 4339 speciem
1846 4276 1961 4314 non
2010 4277 2103 4339 re_-_

457 4331 813 4406 stringenda.
862 4334 948 4388 vir
1004 4337 1242 4406 sanctus
1300 4332 1407 4387 hoc
1466 4331 1591 4406 ipso
1648 4331 1843 4406 capite
1896 4332 2107 4386 asserit

458 4408 595 4479 quod
613 4403 838 4479 “milieri
865 4422 976 4460 non
1007 4405 1299 4479 licet,_z_riro
1324 4420 1439 4479 non
1458 4403 1664 4479 licere;
1699 4405 1844 4479 etc.7
1877 4418 1889 4457 :
1921 4418 2106 4479 omnes

458 4475 567 4533 {viri
592 4477 947 4546 mulierisque
976 4476 1293 4530 concubitus
1322 4475 1479 4528 nulla
1507 4475 1743 4545 legitimi
1761 4476 2106 4546 matrimonii

456 4553 599 4605 sorte
626 4544 918 4602 celebratos
948 4546 1145 4600 habere
1190 4562 1345 4600 suam
1374 4544 1609 4616 culpam.
1662 4546 1882 4616 Itaque
1914 4544 2105 4599 dicen-

458 4622 597 4676 dum
621 4618 1030 4697 existimamus
1054 4632 1188 4697 eum
1229 4616 1357 4671 ideo
1406 4614 2103 4697 scripsisse“adulterium

457 4697 590 4748 ante
621 4689 798 4745 latam
831 4688 1049 4759 Moysis
1096 4687 1276 4757 legem
1322 4704 1437 4741 non
1478 4687 1670 4742 visum
1718 4688 1899 4741 fuisse
1927 4687 2103 4759 inter-

458 4764 701 4826 dictum,
732 4766 797 4817 ut
825 4758 1184 4832 significaret
1229 4758 1346 4813 illis
1384 4759 1744 4832 temporibus
1793 4758 2107 4832 eamcirca

458 4834 816 4903 adulterium
862 4828 1252 4903 ignorantiam
1289 4830 1779 4903 exstitisse,”un
1827 4828 1933 4883 etsi
1987 4844 2104 4884 non

457 4907 698 4963 omnino
728 4899 963 4975 culpam
986 4901 1260 4975 tolleret,
1289 4901 1447 4975 haud
1500 4899 1867 4975 mediocriter
1906 4905 2106 4975 tamen

456 4978 617 5034 illam
653 4970 960 5041 minueret,
984 4974 1036 5028 id
1070 4977 1179 5036 est,
1211 4971 1543 5029 vincibilem
1576 4970 2102 5043 ignorantiam.Ne-

458 5066 553 5105 mo
583 5049 740 5105 enim
783 5045 1077 5119 negaverit
1124 5044 1309 5119 istam
1347 5044 1404 5098 in
1449 5042 1884 5119 jurejnaturali
1935 5058 2105 5119 posse

458 5119 725 5193 inveniri,
759 5123 816 5173 et
844 5112 1230 5193 excusare,ut
1259 5116 1424 5193 aiunt
1453 5114 1797 5193 celebriores
1829 5112 2102 5193 theologi,

459 5191 547 5246 sin
580 5190 780 5245 minus
811 5206 844 5243 a
876 5194 1014 5255 toto,
1050 5187 1255 5243 saltem
1290 5205 1324 5243 a
1354 5187 1827 5256 tanto;‘eamqne
1863 5200 1992 5241 esse
2033 5187 2106 5240 de

459 5278 577 5332 qua
609 5260 890 5332 scriptum
924 5259 1015 5332 sit
1042 5260 1180 5314 Luc.
1231 5276 1329 5332 xu,
1365 5260 1431 5313 48
1464 5275 1475 5312 :
1511 5259 1617 5332 Qui
1644 5260 1829 5332 autem
1870 5273 1976 5332 non
2023 5272 2108 5332 cg-

498 5328 938 5403 novit,_et‘fcci't
982 5330 1147 5401 digna
1195 5331 1393 5403 plagis,
1452 5328 1986 5403 vapulabit‘paucis.
2036 5328 2107 5383 Et

498 5349 662 5394 novu,
712 5349 763 5386 et
808 5349 938 5401 [ceu
982 5349 1147 5401 mgna
1195 5349 1393 5403 plagis,
1452 5349 1731 5402 vapulavit
1776 5349 1986 5399 paucis.
2037 5349 2104 5383 ω

456 5349 568 5459 hoc
598 5400 926 5459 sufﬁciebat
970 5417 1102 5459 cum
1154 5402 1225 5458 ad
1271 5402 1668 5462 excusandum
1700 5398 2104 5457 Abrahamum

459 5471 615 5549 apud
648 5488 746 5532 eos
772 5490 916 5552 quos
948 5470 1374 5547 alloquebatur,
1422 5473 1523 5547 qui
1570 5471 1772 5535 eadem
1815 5472 2107 5549 perpetra-

2225 373 2301 429 tis
2332 378 2389 429 et
2426 373 2815 447 propaganda:
2861 372 3101 430 sobolis.
3151 373 3355 427 Adhuc
3406 377 3532 444 post
3574 374 3827 436 diluvium

2226 462 2438 518 raritas
2467 467 2590 518 erat
2620 462 2850 535 generis
2876 461 3121 517 humani
3154 478 3168 516 :
3201 467 3322 517 erat
3351 460 3521 517 etiam
3543 461 3829 536 religionis,

2225 568 2297 607 ne
2326 551 2458 623 quis
2491 568 2606 608 non
2640 550 2962 607 reddidisse
2991 548 3252 605 debitum
3301 549 3582 607 videretur
3617 556 3829 611 natura.

2224 639 2485 713 Denique
2516 643 2574 695 et
2602 640 2707 694 Lot
2737 639 2925 694 sancti
2947 637 3075 693 filia:
3098 638 3245 694 hanc
3273 654 3509 693 causam
3539 643 3830 710 quaerenda:

2220 728 2579 800 posteritatis
2610 728 2963 794 habuerunt,
2997 744 3067 784 ne
3115 744 3300 799 genus
3349 727 3611 784 deﬁceret
3652 728 3835 787 huma-

2224 834 2401 885 num;
2460 822 2517 872 et
2581 817 2709 872 ideo
2758 815 2976 888 publici
3038 816 3299 871 muneris
3346 814 3530 887 gratia
3577 816 3832 888 privatam

2220 905 2453 977 culpam
2487 904 2788 978 praetexuit
2819 906 2952 977 (30).
2984 904 3095 960 Nec
3128 905 3379 960 otiosum
3411 907 3498 959 est
3525 906 3673 975 quod
3710 923 3838 963 uxor

2220 999 2427 1050 auctor
2478 994 2616 1050 facti
2664 992 2991 1060 inducitur;
3027 998 3089 1049 ut
3146 997 3450 1049 excusetur
3491 993 3745 1063 maritus,
3772 1012 3836 1052 ne

2218 1100 2363 1155 vago
2393 1086 2592 1154 raptus
2625 1099 2819 1138 errore
2848 1082 3118 1138 credatur
3149 1100 3161 1137 :
3197 1080 3374 1136 simul
3407 1084 3470 1136 ut
3495 1079 3715 1138 discant
3731 1099 3842 1139 mu-

2220 1170 2390 1226 lieres
2439 1170 2680 1243 diligerc
2710 1170 2882 1237 viros,
2918 1188 3022 1225 nec
3079 1170 3287 1243 agitari
3335 1186 3484 1225 vana
3530 1170 3840 1243 suspicione

2219 1259 2542 1332 pellicatus,
2598 1264 2701 1315 aut
2747 1259 3002 1315 invidere
3059 1258 3356 1332 privignis,
3389 1257 3441 1314 si
3484 1259 3620 1331 ipsa:
3647 1258 3842 1317 liberos

2220 1366 2332 1404 non
2366 1348 2747 1420 susceperint.
2786 1348 2956 1404 Uxori
3006 1349 3165 1404 bona:
3215 1348 3373 1403 cordi
3420 1350 3547 1403 erat
3588 1364 3844 1405 excusare

2218 1438 2370 1509 apud
2415 1438 2602 1493 virum
2656 1436 3019 1493 sterilitatem
3060 1454 3260 1505 suam;
3293 1442 3348 1492 et
3400 1453 3469 1492 ne
3505 1453 3681 1493 causa
3707 1442 3849 1494 esset

2216 1526 2339 1582 viro
2371 1527 2519 1598 quod
2557 1527 2605 1582 is
2637 1525 2852 1581 liberos
2892 1543 3007 1581 non
3039 1526 3297 1587 haberet.
3331 1525 3541 1580 suadet
3589 1529 3649 1581 ut
3686 1526 3847 1582 intra.

2215 1621 2297 1670 ret
2330 1616 2400 1670 ad
2434 1614 2725 1671 ancillam.
2762 1615 2876 1670 Hoc
2908 1616 3043 1671 fecit
3073 1615 3194 1683 Lia,
3225 1614 3329 1670 hoc
3381 1614 3595 1671 Rachel
3645 1620 3846 1686 postea.

2211 1705 2399 1772 vises,
2433 1704 2667 1774 mulier,
2698 1704 2889 1760 zelum
2923 1706 3230 1777 deponere,
3264 1703 3364 1775 qui
3397 1720 3551 1776 saepe
3592 1703 3846 1761 mulieres

2209 1793 2270 1848 in
2303 1795 2560 1849 furorem
2594 1794 2813 1848 incitat.

2278 1973 2366 2027 25.
2399 1972 2506 2025 Sed
2541 1977 2595 2025 et
2627 1988 2725 2026 vos
2755 1987 2981 2037 moneo,
3015 1969 3143 2036 viri,
3178 1968 3437 2026 maxime
3465 1970 3569 2041 qui
3614 1970 3686 2025 ad
3729 1987 3848 2042 gra-

2210 2060 2353 2115 tiam
2386 2058 2615 2115 Domini
2649 2058 2908 2125 tenditis,
2959 2075 3075 2114 non
3114 2057 3485 2114 commisceri
3534 2057 3853 2117 adulterino

2209 2148 2434 2220 corpori
2465 2148 2588 2219 (qui
2615 2148 2773 2203 enim
2805 2165 2866 2203 se
2889 2147 3090 2219 jungit
3121 2147 3412 2202 meretrici
3435 2164 3625 2203 unum
3656 2164 3861 2219 corpus

2208 2238 2317 2307 est)
2351 2254 2454 2291 nec
2485 2238 2622 2292 dare
2656 2237 2801 2292 hanc
2831 2236 3196 2292 occasionem
3228 2235 3464 2292 divortii
3496 2235 3854 2293 mulieribus.

2208 2326 2389 2381 Nemo
2420 2325 2531 2381 sibi
2564 2324 2904 2381 blandiatur
2935 2326 3005 2380 de
3036 2324 3267 2397 legibus
3317 2325 3635 2380 hominum
3666 2326 3773 2396 (33,
3802 2342 3854 2396 q.

2207 2415 2261 2469 4.
2289 2431 2417 2486 cap,
2450 2415 2844 2480 Nemo).0mne
2893 2418 3162 2486 stuprum
3214 2412 3582 2470 adulterium
3628 2417 3733 2482 est,
3763 2430 3862 2469 nec

2209 2503 2328 2558 viro
2368 2502 2501 2559 licet
2547 2504 2702 2575 quod
2749 2502 2982 2558 mulieri
3032 2519 3148 2559 non
3198 2501 3354 2558 licet.
3390 2503 3616 2559 Eadem
3665 2521 3699 2558 a
3727 2503 3861 2570 viro,

2209 2610 2335 2664 quae
2368 2593 2440 2647 ab
2470 2609 2646 2647 uxore
2677 2592 2923 2648 debetur
2952 2592 3644 2664 castimonia.Quidquid
3666 2592 3724 2647 in
3744 2607 3863 2647 eam

2209 2698 2333 2752 quae
2368 2697 2482 2735 non
2508 2681 2585 2736 sit
2613 2680 2876 2753 legitima
2907 2680 3470 2746 uxor,commissum
3503 2681 3683 2736 fuerit
3713 2678 3865 2736 adul-

2207 2768 2358 2838 terii,
2392 2770 2709 2825 damnatur
2740 2769 3003 2825 crimine.
3036 2770 3184 2843 Ergo
3216 2768 3563 2826 advertistis
3594 2769 3735 2842 quid
3779 2768 3866 2824 de-

2208 2917 2410 2967 verant
2456 2917 2592 2967 ante
2639 2928 2806 2967 suam
2858 2912 2928 2967 ad
2979 2912 3153 2967 fidem
3206 2912 3698 2974 conversionem;
3747 2918 3867 2966 tum

2210 2984 2280 3037 ad
2314 2983 2550 3039 eosdem
2582 2984 2652 3038 ab
2684 2983 3023 3054 hujusmodi
3057 2984 3299 3055 crimine
3329 2983 3388 3037 in
3426 2988 3741 3055 posterum
3781 2997 3871 3037 re-

2211 3056 2521 3122 vocandos,
2556 3070 2691 3109 cum
2713 3055 3014 3127 jamﬂipsis
3060 3054 3221 3109 nulla
3263 3056 3334 3110 de
3366 3054 3713 3127 ignorantia
3741 3069 3869 3124 sup-

2213 3129 2430 3197 peteret
2475 3126 2789 3197 excusatio.
2828 3125 2987 3180 Hanc
3040 3132 3235 3181 autem
3270 3125 3868 3197 responsionemgeo

2212 3194 2399 3268 inagis
2432 3196 2856 3251 admittendam
2888 3213 3106 3260 remur,
3130 3195 3285 3268 quod
3318 3194 3684 3253 Ambrosius
3706 3194 3869 3263 infra,

2212 3284 2373 3323 num.
2425 3270 2514 3331 27,
2570 3268 2718 3323 hanc
2762 3268 3102 3339 patriarcha:
3136 3267 3441 3339 pactionem
3503 3269 3626 3323 Deo
3685 3267 3874 3339 minus

2212 3339 2516 3410 probatam
2556 3354 2683 3393 esse
2732 3336 2995 3399 testatur.
3032 3356 3098 3393 ac
3132 3338 3227 3392 lib.
3264 3338 3328 3392 de
3378 3340 3679 3400 Paradiso.
3712 3354 3759 3392 c.
3790 3336 3875 3407 l3,

2212 3427 2266 3463 n.
2303 3412 2392 3474 65,
2427 3415 2601 3480 atque
2630 3410 2767 3481 alibi
2800 3410 2871 3463 de
2902 3411 3103 3464 eadem
3137 3417 3425 3481 tanquam
3459 3411 3536 3466 de
3583 3426 3720 3465 vero
3754 3423 3874 3481 pec-

2212 3486 2337 3563 cato
2366 3480 3113 3563 loquatur.__C:eterum.dici
3148 3479 3566 3563 etiam‘potest
3592 3479 3874 3563 sanctum

2211 3549 2503 3607 doctorem
2534 3550 2807 3605 adulterii
2841 3550 3075 3606 nomine
3104 3551 3250 3606 nihil
3297 3549 3462 3607 aliud
3518 3551 3880 3607 intellexisse

2211 3640 2387 3694 quam
2442 3621 2870 3694 polygamiam;
2921 3639 3104 3693 eaque
3136 3640 3307 3677 usum
3342 3622 3511 3678 verbi
3550 3623 3793 3685 duritie,
3823 3625 3881 3674 ut

2210 3693 2506 3749 el‘ticaeius
2564 3693 3014 3747 catechumenos
3072 3694 3424 3748 absterreret
3488 3712 3523 3748 a
3584 3694 3878 3764 pellicatu.

2212 3766 2324 3821 Nec
2355 3781 2487 3820 vero
2537 3764 2753 3819 mirum
2802 3764 2851 3819 si
2902 3764 3073 3835 paulo
3116 3765 3530 3819 vehementior
3565 3767 3676 3820 hac
3720 3764 3779 3819 in
3828 3777 3887 3817 re

2214 3836 2388 3908 fuerit
2416 3834 2782 3908 Ambrosius,
2816 3834 3052 3908 quando
3100 3836 3170 3891 de
3217 3836 3411 3891 tertiis
3462 3837 3886 3908 nuptiisquas

2213 3906 2407 3962 divina
2437 3923 2507 3978 ac
2535 3904 2786 3978 naturali
2817 3904 2941 3978 lege
2969 3923 3268 3978 nunquam
3305 3924 3423 3962 non
3458 3904 3668 3963 licitas
3710 3904 3889 3978 fuisse

2214 3982 2461 4039 constat,
2496 3976 2769 4044 Basilius,
2814 3975 2903 4048 ep'.
2951 3979 3001 4049 1,
3064 3975 3134 4033 ad
3182 3978 3406 4049 Amph.,
3465 3996 3520 4034 c.
3578 3980 3635 4043 ἅ,
3684 3975 3892 4032 dixerit

2214 4065 2313 4104 eas
2368 4050 2741 4119 polygamiam
2802 4047 3079 4119 appellari
3140 4054 3224 4102 vel
3280 4047 3498 4119 potius
3567 4052 3891 4119 castigatam

2213 4118 2649 4199 [critic-alienant.
2685 4123 2814 4199 Ipse
2842 4118 3077 4199 quoque
3106 4118 3551 4199 Tertullianus.
3671 4118 3739 4176 de
3792 4118 3895 4174 Mo-

2213 4137 2649 4190 lornicauonm.
2685 4137 2814 4245 [ﬁse
2844 4137 3077 4199 quoque
3106 4137 3551 4184 Iertumanus,
3587 4137 3628 4175 ι.
3671 4137 3739 4176 ac
3792 4137 3891 4174 uo-

2212 4207 2363 4261 nog.,
2395 4207 2445 4246 c.
2477 4189 2530 4255 6,
2558 4191 2713 4263 Abra
2759 4206 2875 4246 amt
2920 4190 3312 4263 polygamiam
3362 4192 3737 4259 defendens,
3768 4204 3891 4263 eam

2213 4267 2409 4318 tamen
2462 4262 2680 4317 ancillae
2740 4262 3161 4317 concubinatum
3223 4268 3393 4317 vocat
3460 4280 3475 4317 :

3547 4278 3672 4335 quo
3703 4261 3896 4335 etiam

2215 4349 2388 4389 sensu
2422 4332 2530 4386 Leo
2563 4332 2655 4387 Ma

2699 4349 2809 4407 nus
2840 4349 2929 4407 ep.
2963 4334 3042 4387 ad
3075 4334 3246 4399 Rush,
3282 4334 3407 4407 mli,
3433 4332 3615 4407 Agar
3647 4332 3897 4389 Abrahae

2215 4349 2388 4389 sensu
2424 4349 2530 4386 Leo
2565 4349 2809 4457 magnus
2840 4349 2929 4404 ep.
2963 4349 3039 4387 aa
3075 4349 3246 4399 ἀίει,
3282 4349 3407 4400 0.4,
3444 4349 3615 4407 Agar
3647 4349 3895 4389 Anranze

2136 4387 2182 4449 D
2212 4403 2601 4459 concubinam
2699 4404 2816 4467 icit,
2858 4403 2916 4459 id
2974 4409 3086 4468 est,
3128 4404 3560 4460 secundarium
3625 4419 3895 4460 uxorem.

2213 4476 2362 4539 Quin
2396 4473 3061 4546 imoJudeiJosephus,
3093 4475 3131 4530 l.
3166 4492 3183 4530 ι
3218 4476 3404 4546 Antio.
3465 4494 3524 4532 c.
3582 4478 3654 4532 14
3703 4482 3765 4532 et
3813 4475 3899 4539 18,

2215 4562 2279 4620 ac
2310 4545 2497 4612 Philo,
2530 4545 2567 4601 1.
2604 4545 2766 4609 Quod
2800 4545 2950 4620 Deus
2999 4547 3077 4620 sit
3124 4545 3385 4620 immuta,
3418 4547 3596 4620 Alicet
3650 4546 3906 4620 patriar-

2214 4617 2457 4673 charum
2491 4632 2730 4689 suorum
2764 4616 2980 4689 ubique
3010 4616 3559 4689 observantissimi,
3614 4616 3737 4674 non
3791 4616 3903 4671 alio

2214 4693 2410 4744 tamen
2441 4688 2615 4743 modo
2641 4686 2942 4769 appellant
2984 4687 3646 4769 secundariasmeorum
3693 4703 3907 4769 uxores

2215 4776 2392 4831 quam
2451 4758 2828 4833 concubinas,
2887 4764 2962 4833 et
3001 4759 3155 4815 ﬁlios
3212 4775 3299 4833 ex_
3333 4758 3465 4815 illis
3533 4765 3904 4833 procreatos,

2216 4830 2390 4902 quam
2423 4830 2633 4886 nothos
2664 4847 2730 4886 ac
2762 4830 3122 4902 illegitimos,
3150 4830 3303 4902 quod
3327 4847 3457 4886 non
3485 4830 3693 4887 multo
3716 4830 3902 4886 levius

2215 4918 2344 4973 esse
2370 4902 2680 4973 putaveris,
2714 4919 2892 4973 quam
2923 4902 3112 4973 dicere
3145 4902 3502 4971 hujusmodi
3550 4902 3911 4973 conjugium

2214 4971 2567 5027 adulterium
2597 4971 2885 5044 essequod
2913 4972 3157 5028 nondum
3187 4973 3567 5030 interdictum
3589 4971 3907 5031 videbatur.

2285 5044 2399 5115 (29)
2430 5044 2580 5098 Edit.
2614 5044 2743 5098 Era.
2776 5060 2907 5099 cum
2931 5046 3351 5116 posterioribus
3387 5045 3723 5113 omnibus,
3759 5045 3911 5101 Scri-

2216 5115 2301 5171 ba?
2328 5119 2379 5170 et
2408 5116 2699 5171 Pharisaei.
2733 5117 2862 5170 Am.
2895 5115 3092 5171 autem
3123 5121 3181 5172 et
3210 5133 3350 5172 mss.
3415 5133 3675 5185 omnes,
3708 5118 3911 5173 scriba:

2213 5185 2642 5242 Pharisaeorum.

2284 5256 2693 5334 (30)LLa_tin_i_u_s
2719 5255 3031 5334 legendum
3062 5258 3347 5334 conjectat
3404 5258 3658 5334 culpam
3701 5262 3911 5334 praele-

2212 5327 2388 5405 xuat.'
2407 5329 2518 5405 sed
2548 5327 2693 5405 nihil
2724 5327 2817 5405 hic
2846 5327 3193 5405 mutandum
3226 5344 3360 5384 cum
3396 5327 3675 5390 verbum
3701 5327 3909 5405 prate-

2212 5402 2337 5462 xuit
2362 5400 2644 5462 referatur
2673 5400 2745 5462 ad
2770 5415 2970 5461 vocem
2998 5401 3198 5479 gratia.
