4166 6154
302 239 388 300 es
1571 233 1673 296 os
1721 193 2109 297 ADRAHAM
2157 235 2302 300 LIB.
2350 239 2396 300 1.

3577 251 3698 310 454

305 369 450 426 beatis
473 385 686 442 cavere,
719 385 790 428 ne
835 369 974 444 quis
1036 365 1436 426 sacramentis
1491 383 1554 422 se
1611 366 1932 440 indignum
1961 367 2017 434 Α
2049 369 2188 425 tiam
2222 373 2357 444 (33),
2386 373 2534 428 dixit
2562 373 2684 430 illi:
2715 377 2826 445 Ego
2853 393 2976 432 sum
3005 377 3144 431 Deus
3170 378 3320 446 tuus,
3350 393 3590 436 emerere
3636 384 3698 437 in

305 459 534 532 prebeat.

352 548 424 602 26.
449 546 700 619 Accipite
729 547 904 603 etiam
935 545 1128 618 aliud,
1164 543 1310 617 quia
1339 543 1687 616 hujusmodi
1723 543 1935 600 intem-

313 634 538 707 perantia
567 633 734 690 solvit
764 635 1116 691 charitatem
1149 632 1436 706 conjugii,
1486 631 1782 702 superbas
1831 649 1934 688 an-

310 722 434 779 cillas
465 723 622 790 facit,
655 724 966 780 iracundas
997 727 1330 788 matronas,
1376 720 1684 776 discordes
1735 722 1935 792 conju-

309 827 394 884 ges,
423 811 778 866 concubinas
811 827 1114 883 procaces,
1173 808 1602 866 inverecundos
1665 809 1932 865 maritos.

311 898 456 954 Simul
491 903 554 954 ut
582 901 651 956 de
684 899 922 955 domino
954 897 1293 971 conceperit
1313 895 1550 963 ancilla,
1575 898 1811 968 spernit
1837 898 1936 954 do-

309 987 488 1043 minam
515 1004 684 1044 suam
716 992 1000 1060 tanquam
1061 985 1244 1042 ditior
1301 988 1511 1058 partu:
1569 984 1818 1042 domina
1874 1003 1937 1042 se

309 1073 488 1148 despici
510 1073 686 1144 dolet,
717 1076 999 1132 maritum
1030 1079 1332 1132 auctorem
1380 1071 1746 1143 injuriarum
1799 1091 1933 1131 sua-

307 1180 404 1220 rum
431 1163 642 1237 arguit.
675 1163 938 1236 Denique
968 1168 1113 1220 Sara
1136 1163 1269 1235 ipsa
1295 1159 1512 1218 marito
1543 1161 1780 1220 ancillae
1818 1180 1936 1220 sua:

309 1255 615 1325 potestatem
649 1250 912 1320 dederat,
945 1256 1004 1308 et
1033 1255 1236 1324 postea
1261 1248 1405 1305 dicit
1437 1247 1508 1304 ad
1550 1265 1694 1306 eum
1725 1269 1738 1306 :
1790 1252 1938 1324 Inju-

307 1343 415 1396 riam
442 1341 646 1414 accipio
675 1357 768 1412 ego
801 1358 875 1397 ea:
897 1345 986 1396 te:
1013 1355 1110 1410 ego
1138 1339 1265 1394 dedi
1305 1337 1576 1394 ancillam
1635 1356 1818 1396 meam
1876 1342 1938 1396 in

309 1432 454 1486 sinum
476 1433 634 1485 tuum
652 1431 795 1496 ;ubi
824 1437 1010 1486 autem
1040 1427 1186 1485 videt
1227 1429 1545 1499 roneeptum
1603 1444 1740 1496 esse,
1783 1445 1937 1502 spre-

305 1523 344 1575 ta
367 1535 498 1584 sum,
531 1519 746 1592 inquit,
776 1535 964 1575 eorum
992 1520 1061 1574 ab
1091 1534 1190 1574 ea:
1217 1516 1428 1590 judieet
1459 1517 1600 1572 Deus
1654 1520 1804 1574 inter
1851 1534 1940 1574 me

303 1612 343 1665 et
365 1612 406 1664 te
433 1607 587 1681 (Gen.
624 1625 739 1674 xw,
797 1609 880 1679 Ei).
940 1609 1206 1674 Quantus
1265 1603 1452 1672 dolor,
1509 1622 1691 1677 quam
1743 1607 1940 1680 gravis

303 1697 512 1769 querela
541 1696 612 1752 sit
648 1696 1004 1752 feminarum
1032 1694 1279 1751 lectione
1310 1693 1642 1767 exponitur.
1687 1696 1771 1752 Da
1832 1697 1941 1751 im-

301 1785 578 1858 providum
601 1789 657 1841 et
679 1785 863 1841 levem
891 1784 1166 1840 maritum
1194 1784 1294 1856 qui
1322 1781 1666 1856 morigerari
1690 1785 1934 1854 nesciat,

300 1873 581 1930 etdivortii
612 1889 821 1931 causas
853 1871 1108 1928 exhibet.
1143 1872 1254 1928 Sed
1299 1869 1616 1943 Abraham,
1675 1874 1765 1929 vir
1810 1891 1935 1930 mo-

298 1963 506 2019 deratus
534 1966 592 2019 et
619 1963 920 2036 prudens:
970 1963 1122 2029 Eet‘e,
1186 1961 1398 2036 inquit,
1454 1961 1665 2017 ancilla
1721 1967 1818 2018 tua
1879 1965 1936 2017 in

295 2052 527 2108 manibus
554 2053 684 2120 tuis,
717 2059 869 2108 utere
897 2066 963 2106 ea
991 2051 1254 2122 quomodo
1307 2051 1412 2106 tibi
1451 2050 1724 2122 placuerit
1775 2051 1934 2123 (Ibid.

294 2141 355 2210 6).
386 2139 586 2195 Maluit
614 2139 768 2195 enim
803 2155 1049 2194 uxorem
1111 2143 1331 2209 tenere,
1392 2154 1570 2210 quam
1626 2139 1936 2197 famulam.

292 2232 390 2284 Nec
413 2228 522 2284 hoc
552 2233 748 2284 tamen
782 2226 1024 2300 plenum
1071 2229 1422 2284 remedium.
1475 2228 1715 2300 Accepit
1780 2233 1943 2301 pote-

293 2322 488 2374 statem
524 2317 670 2373 irata
699 2333 845 2372 uxor
905 2317 1043 2388 (31).
1101 2321 1158 2372 et
1211 2315 1661 2373 immoderatius
1717 2317 1941 2372 ultione

293 2405 571 2479 permissa
599 2406 803 2461 utitur.
839 2407 1004 2472 Quod
1037 2405 1086 2460 si
1119 2405 1263 2461 Sara
1306 2405 1767 2462 moderationem
1819 2421 1940 2461 non

288 2495 488 2560 tenuit,
530 2511 654 2566 qua:
711 2494 982 2550 tenebit?
1031 2493 1276 2565 [deoque
1336 2492 1618 2566 scriptum
1691 2499 1820 2550 est:
1875 2495 1944 2549 Et

282 2585 491 2654 afﬂixit
539 2599 659 2638 eam
681 2584 844 2646 Sara,
877 2591 929 2638 et
964 2581 1154 2655 fugito
1191 2585 1334 2655 faeie
1380 2583 1518 2654 ejus.
1569 2583 1758 2654 (Ibid.)
1809 2583 1938 2638 Duo

281 2675 422 2728 sunt
447 2687 576 2742 quae
606 2670 1052 2743 comprehendit
1081 2671 1235 2728 292
1261 2671 1600 2744 Scriptura;
1625 2675 1690 2726 ut
1735 2675 1792 2727 et
1835 2671 1938 2726 do-

279 2760 459 2815 minae
490 2775 720 2831 gravem
745 2758 1215 2830 indignationem
1237 2758 1612 2832 exprimeret,
1636 2764 1692 2815 et
1713 2759 1939 2816 ancillis

279 2852 578 2904 tumorem
609 2863 672 2903 ac
702 2847 1065 2920 superbiam.
1115 2847 1278 2911 Quod
1331 2846 1539 2903 afﬂixit
1590 2863 1717 2904 eam
1771 2848 1936 2912 Sara,

277 2938 352 2992 ad
390 2935 753 2992 iracundiam
787 2935 1104 3008 at‘ﬂigentis
1137 2937 1424 2992 refertur:
1461 2936 1620 3008 quod
1651 2941 1810 3010 Agar
1855 2938 1944 2992 fu-

281 3023 818 3096 git,contumeliam
855 3022 1048 3079 servili
1082 3023 1358 3095 patientia
1393 3040 1506 3079 non
1532 3024 1771 3092 ferebat,
1811 3042 1940 3097 quae

2039 470 2326 530 conspectu
2357 477 2496 528 meo,
2529 471 2580 518 et
2611 467 2718 519 esto
2763 467 2880 519 sine
2935 465 3155 536 querela
3213 463 3364 534 (Gen.
3423 483 3559 535 xvn,
3618 470 3694 541 1),

2044 547 2213 617 ῳ]αυί
2247 548 2438 604 adhuc
2471 550 2638 622 plene
2673 569 2785 606 non
2818 553 3183 618 emeruisset,
3215 554 3314 625 qui
3356 555 3698 628 desperaret

2043 635 2260 690 sterilis
2294 643 2529 708 partum
2567 640 2782 706 uxoris,
2816 647 2874 696 et
2917 642 2987 696 de
3031 641 3245 696 ancilla
3292 644 3692 714 posteritatem

2044 729 2350 792 quaereret.
2384 727 2530 794 Esto,
2562 727 2774 798 inquit,
2805 731 2923 784 sine
2961 730 3201 800 querela,
3250 730 3357 786 hoc
3405 736 3494 788 est
3551 734 3695 790 irre-

2045 811 2507 882 preheusibilis;
2544 821 2607 869 ut
2635 817 2705 871 de
2753 820 2809 871 te
2865 835 2980 872 non
3029 822 3309 888 queratur
3365 837 3528 891 uxor,
3589 841 3696 880 nec

2046 899 2360 972 quisquam
2392 907 2494 958 tua
2527 904 2679 959 facta
2709 905 3116 974 reprehendat.
3147 907 3333 962 Mutat
3381 911 3537 966 enim
3591 930 3694 967 no-

2045 1004 2203 1058 men,
2235 989 2432 1046 littera
2461 992 2684 1060 addita,
2717 1001 2783 1048 ut
2813 995 2882 1049 de
2916 995 3124 1050 Abram
3172 1001 3474 1054 vocaretur
3519 1002 3696 1056 Abra-

2047 1075 2206 1145 ham,
2241 1078 2352 1134 hoc
2385 1084 2494 1146 est,
2529 1081 2600 1136 de
2629 1093 2784 1153 patre
2822 1099 2985 1149 rimo,
3047 1084 3199 1139 sicut
3255 1083 3432 1142 habet
3491 1088 3698 1144 Latina

2047 1165 2474 1238 interpretatio,
2509 1177 2812 1225 vocaretur
2850 1183 3008 1238 pater
3035 1174 3306 1241 sublimis,
3363 1177 3524 1246 pater
3579 1175 3694 1231 ele-

2047 1259 2214 1322 ctus;
2248 1255 2334 1310 vel
2367 1257 2438 1312 de
2467 1262 2627 1329 patre
2657 1258 2820 1313 fieret
2849 1265 2904 1313 et
2951 1264 3111 1331 pater
3154 1261 3278 1316 lilii.
3325 1265 3523 1319 Vanus
3570 1266 3697 1319 erat

2045 1357 2181 1398 cum
2219 1343 2404 1399 Deum
2437 1346 2715 1414 nesciret;
2749 1346 2968 1403 electus
3009 1350 3196 1404 factus
3247 1354 3335 1406 est
3383 1356 3695 1424 postquam

2049 1431 2319 1502 cognovit
2349 1433 2555 1490 Deum.
2592 1433 2911 1490 Pater'erat
2941 1454 3070 1491 cum
3107 1438 3174 1492 de
3222 1437 3432 1495 ancilla
3471 1439 3694 1513 prolem

2053 1518 2326 1576 haberet:
2361 1523 2464 1578 sed
2499 1527 2662 1594 pater
2692 1523 2795 1578 lilii
2827 1541 2943 1579 non
2976 1531 3136 1593 erat;
3171 1526 3308 1596 quia
3336 1545 3452 1584 non
3481 1533 3604 1585 erat
3643 1526 3696 1584 ei

2049 1606 2228 1674 illius,
2264 1609 2364 1680 qui
2397 1628 2510 1666 non
2547 1615 2670 1666 erat
2713 1610 2977 1684 legitimo
3028 1619 3340 1686 susceptus
3400 1617 3692 1690 conjugio.

2052 1694 2278 1767 Peperit
2307 1697 2472 1768 Sara,
2505 1703 2561 1754 et
2591 1699 2780 1754 factus
2829 1706 2918 1755 est
2965 1708 3128 1772 pater
3175 1702 3298 1759 lilii.
3351 1703 3696 1761 circumcidi

2040 1783 2284 1855 jubetur
2309 1790 2657 1857 accepturus
2677 1788 2795 1842 veri
2828 1787 3070 1844 seminis
3103 1789 3518 1847 hereditatem.
3554 1792 3701 1850 Non-

2049 1890 2121 1928 ne
2152 1874 2454 1929 evidenter
2483 1875 2852 1932 circumcisio
2885 1877 3076 1932 carnis
3104 1882 3458 1952 praeceptum
3482 1882 3571 1934 est
3605 1895 3700 1934 ca-

2051 1961 2360 2029 stimoniae,
2397 1966 2460 2016 ut
2491 1962 2704 2035 aliquis
2748 1970 2964 2020 recuset.
3021 1965 3322 2022 libidinem
3382 1967 3597 2033 carnis,
3646 1968 3704 2022 et

2049 2047 2370 2105 indomitas
2405 2049 2542 2106 luxu
2587 2067 2653 2106 ac
2708 2051 2947 2108 lascivia
2999 2054 3249 2110 refrenet
3305 2053 3706 2126 cupiditates?

2050 2137 2280 2193 Etenim
2328 2138 2794 2197 circumcisionis
2839 2142 3118 2198 vocabulo
3176 2144 3236 2200 id
3284 2143 3702 2216 praescribitur,

2052 2231 2116 2280 ut
2146 2227 2340 2280 omnis
2375 2227 2732 2298 impuritatis
2767 2233 2932 2285 fretur
2962 2232 3348 2302 abstergatur,
3403 2235 3460 2286 et
3507 2231 3704 2287 incen-

2051 2313 2234 2369 tivum
2269 2314 2532 2372 libidinis
2563 2319 2881 2374 auferatur.
2918 2320 3153 2375 Duabus=
3191 2321 3278 2375 usi
3340 2337 3548 2376 sumus
3605 2321 3702 2376 de-

2051 2402 2437 2459 fcnsionibus.

2121 2493 2212 2548 28.
2244 2491 2437 2548 Tertia
2467 2510 2700 2568 quoque
2730 2501 2818 2550 est
2848 2513 3026 2568 quam
3060 2498 3227 2554 nobis
3259 2495 3507 2571 apostoli
3541 2495 3702 2554 Pauli

2049 2579 2258 2636 tribuit
2290 2582 2629 2650 auctoritas,
2661 2583 2760 2656 qui
2794 2585 2906 2640 ait:
2952 2585 3055 2640 Illa
3114 2603 3241 2656 quis
3295 2583 3476 2658 gessit
3520 2587 3702 2642 Abra-

2051 2667 2189 2723 ham
2221 2674 2286 2724 ut
2317 2669 2387 2724 de
2419 2670 2629 2726 ancilla
2661 2673 2986 2746 susciperet
3017 2673 3302 2738 sobolem,
3335 2675 3393 2727 in
3449 2673 3698 2744 ﬁguram

2052 2756 2204 2812 facta
2236 2761 2395 2825 sunt,
2421 2762 2475 2812 et
2498 2761 2823 2816 secundum
2856 2761 3194 2835 allegoriam
3243 2761 3418 2816 dicta.
3471 2760 3699 2834 Allege-

2051 2845 2139 2900 ria
2169 2852 2259 2902 est
2286 2862 2421 2901 cum
2453 2845 2609 2902 aliud
2643 2849 2868 2920 geritur
2897 2854 2953 2906 et
2982 2849 3139 2906 aliud
3185 2849 3504 2922 figuratur;
3549 2848 3701 2906 sicut

2050 2933 2228 2990 etiam
2253 2937 2376 3007 ipse
2405 2935 2716 3007 Apostolus
2749 2937 2916 2994 docet
2947 2939 3180 2994 dicens:
3213 2937 3322 2993 Sub
3359 2939 3474 3007 lege
3517 2939 3696 2994 reten-

2051 3024 2128 3077 tes
2175 3040 2308 3091 esse,
2370 3025 2544 3093 legem
2594 3042 2702 3080 neu
2765 3027 3020 3096 legistis?
3078 3027 3354 3098 Scriptum
3409 3033 3487 3083 est
3531 3026 3694 3082 enim.

279 3113 404 3170 sibi
431 3111 632 3168 herilis
659 3111 1031 3168 contubernii
1083 3112 1418 3169 vindicabat
1475 3096 1938 3185 lastigium:in-
1971 3096 2013 3162 C
2053 3111 2327 3178 Quoniam
2364 3112 2640 3168 Abraham
2693 3113 2827 3170 duos
2880 3117 3026 3186 ﬁlios
3083 3096 3358 3182 habuerit,
3399 3133 3587 3192 unum
3635 3117 3700 3174 tte

281 3201 536 3272 d'gnata
564 3205 650 3256 est
704 3200 1008 3272 injuriam,
1040 3217 1166 3272 quin
1215 3201 1488 3257 induerat
1542 3201 1941 3258 insolentiam.

283 3289 556 3361 Denique
585 3288 966 3358 interroganti
1003 3289 1207 3361 angelo
1249 3307 1366 3362 quo
1425 3289 1556 3357 iret,
1607 3291 1936 3362 respondit:

278 3387 316 3434 Α
352 3381 504 3450 faeie
526 3380 680 3436 Sorae
707 3378 951 3434 dominae
987 3393 1131 3434 mete
1175 3395 1274 3448 ego
1329 3380 1485 3451 fugio
1526 3379 1683 3448 (Ibid.
1743 3380 1820 3450 8).
1876 3379 1944 3434 Et

280 3467 397 3522 hoc
430 3466 676 3522 tumoris
707 3465 1034 3532 immodici,
1056 3469 1121 3521 ut
1149 3467 1320 3540 prius
1353 3483 1564 3522 nomen
1611 3467 1762 3522 Sarae
1795 3466 1944 3521 dice-

290 3560 402 3622 ret,
437 3560 637 3628 postca
665 3554 970 3611 dominam
1019 3554 1393 3628 signiﬁcaret.
1454 3554 1600 3611 Illud
1659 3555 1730 3611 ad
1786 3554 1940 3626 inju-

299 3642 452 3700 riam
480 3643 874 3716 praemissum,
911 3642 1020 3698 hoc
1068 3644 1140 3699 ad
1192 3643 1622 3718 expressionem
1681 3659 1940 3715 personae

299 3733 586 3788 additum.
611 3732 736 3788 Non
769 3731 992 3804 placuit
1022 3731 1228 3805 angelo
1257 3731 1482 3788 ancilla;
1512 3731 1823 3788 insolentia
1846 3747 1861 3794 ;
1885 3734 1943 3786 et

299 3819 432 3876 ilco
461 3822 604 3877 dixit
633 3821 1068 3878 illiinevertere
1123 3821 1194 3877 ad
1244 3821 1524 3877 dominam
1573 3824 1724 3876 tuam
1779 3817 1938 3891 (Ibid.

299 3909 376 3980 9).
411 3910 621 3984 Utique
651 3927 765 3966 non
797 3910 1070 3966 latuisset
1101 3909 1398 3984 angelum,
1432 3908 1484 3966 si
1522 3909 1577 3965 vi
1623 3907 1939 3982 SUpplicio-

302 4013 434 4054 rum
462 4001 613 4056 vieta
641 4000 909 4072 fugisset,
940 4003 995 4055 et
1027 3999 1216 4072 magis
1246 3998 1719 4072 reprehendisset
1741 3997 1939 4053 verbe-

296 4090 482 4146 rantis
512 4088 812 4157 saevitiam,
842 4105 1020 4160 quam
1050 4087 1330 4162 fugientis
1345 4087 1763 4144 discessionem
1789 4103 1802 4142 :
1837 4086 1938 4142 sed

295 4179 361 4230 ut
391 4179 720 4234 ostenderet
749 4177 889 4250 quia
917 4181 1201 4250 tanquam
1239 4179 1493 4250 superba
1540 4176 1818 4250 fugiebat,
1869 4191 1940 4232 ne

295 4267 550 4338 superba
579 4271 736 4324 esset
764 4267 1015 4323 dominae
1045 4268 1182 4339 (32),
1214 4267 1475 4323 addidit:
1501 4268 1566 4322 Et
1611 4266 1848 4321 humilia
1889 4267 1941 4320 te

296 4355 401 4409 sub
433 4357 688 4411 manibus
716 4357 835 4427 ejus
867 4355 1023 4426 (Ibid.
1058 4359 1097 4424 ).
1139 4355 1284 4428 Opto
1341 4354 1519 4428 igitur
1579 4357 1646 4410 ut
1698 4353 1808 4410 hoc
1855 4353 1938 4408 vi-

2051 3202 2282 3268 aneitla,
2313 3204 2364 3256 et
2411 3217 2583 3256 unum
2613 3203 2923 3266 delibera;
2971 3205 3062 3260 sed
3109 3206 3156 3258 is
3213 3203 3428 3276 quidem
3486 3205 3583 3275 qui
3633 3205 3700 3262 de

2049 3291 2282 3359 ancilla,
2313 3289 2608 3345 secundum
2637 3307 2859 3348 ear-nem
2891 3296 3050 3348 natus
3088 3296 3204 3348 est:
3262 3295 3358 3365 qui
3403 3296 3586 3348 autem
3631 3293 3698 3350 de

2053 3377 2227 3432 libera
2257 3379 2411 3434 293
2436 3395 2537 3448 per
2564 3383 3044 3450 repromissiouem
3063 3399 3086 3436 ,ο
3113 3399 3230 3452 qua:
3257 3389 3383 3436 sunt
3411 3399 3514 3453 per
3557 3381 3691 3438 alle-

2048 3468 2263 3536 goriam
2289 3467 2452 3521 dicta.
2476 3468 2614 3522 Nam
2640 3469 2753 3522 [nec
2780 3475 2907 3524 sunt
2958 3469 3065 3526 duo
3120 3471 3481 3526 Testamenta:
3525 3487 3700 3526 unum

2051 3555 2273 3624 quidem
2301 3571 2334 3609 a
2364 3557 2544 3608 monte
2574 3556 2713 3610 Sina
2757 3560 2818 3612 in
2872 3561 3187 3612 servitutem
3243 3575 3506 3628 generaus
3561 3557 3698 3630 quod

2049 3644 2128 3696 est
2159 3643 2303 3712 Agar
2332 3641 2531 3714 (Colat.
2567 3659 2642 3709 ιν,
2704 3644 2818 3714 2|),
2881 3647 3024 3700 duos
3083 3645 3328 3717 populos
3385 3646 3697 3703 ostendens

2049 3729 2120 3784 de
2149 3730 2395 3786 Abraha:
2425 3730 2797 3804 generatione
2817 3749 3052 3788 manare
3082 3750 3094 3786 :
3124 3751 3302 3788 unum
3337 3736 3695 3800 Jmlmorum,

2049 3817 2150 3889 qui
2210 3819 2354 3892 legis
2413 3819 2652 3892 syllabis
2709 3821 2960 3889 serviat;
3021 3837 3086 3876 eo
3145 3822 3298 3892 quod
3359 3825 3424 3876 du:
3486 3821 3696 3877 ancilla

2048 3905 2109 3960 in
2141 3907 2481 3964 servitutem
2523 3909 2790 3964 videatur
2848 3927 2974 3966 esse
3031 3913 3382 3982 generatus:
3445 3909 3692 3966 alterum

2047 3995 2468 4065 Christianum,
2530 3998 2630 4070 qui
2691 4000 2768 4054 ad
2848 3998 3250 4054 remissionem
3322 4003 3693 4072 peccatorum

2049 4084 2304 4142 caelestis
2335 4087 2532 4159 gratia:
2593 4085 2920 4143 libertatem
2980 4087 3281 4158 acceperit.
3344 4087 3503 4154 Quod
3554 4102 3691 4159 ergo

2046 4178 2221 4243 putas
2262 4190 2389 4229 esse
2447 4179 2774 4246 peccatum,
2832 4174 3084 4232 advertis
3137 4191 3264 4230 esse
3320 4175 3690 4248 mysterium,

2048 4277 2164 4333 quo
2194 4278 2261 4318 ea
2292 4279 2418 4334 qua:
2434 4263 2850 4334 posterioribus
2873 4269 3034 4318 eran‘.
3060 4263 3257 4318 futura
3304 4263 3688 4336 temporibus,

2048 4349 2472 4406 revelabantur.
2496 4351 2755 4422 Denique
2777 4351 3036 4407 addidit:
3077 4353 3171 4407 Vos
3210 4356 3412 4420 autem,
3463 4355 3691 4424 fratres,

301 4441 452 4499 tium
483 4443 684 4500 nullus
710 4444 966 4511 incidat;
999 4444 1100 4500 sed
1125 4444 1173 4500 si
1217 4443 1349 4516 quis
1401 4443 1694 4510 inciderit,
1752 4443 1940 4498 discat
1967 4462 2014 4526 Ι)
2045 4438 2344 4494 secundum
2400 4441 2550 4526 Isaae
2599 4442 2984 4511 promissionis
3032 4441 3142 4510 ﬁlii
3189 4443 3316 4496 estis
3373 4442 3570 4514 (Galat.
3613 4460 3689 4512 IV,

295 4531 570 4590 ancillam
601 4550 770 4590 suam
803 4531 1114 4588 humiliare
1145 4530 1308 4587 uxori
1333 4548 1486 4598 suae;
1521 4547 1592 4587 ne
1623 4531 1764 4586 dum
1812 4529 1938 4586 vult

292 4621 568 4678 ancillam
599 4621 918 4688 vindicare,
946 4619 1224 4676 excludat
1252 4635 1512 4676 uxorem.

359 4712 451 4766 27.
485 4712 630 4784 Ergo
651 4709 948 4766 Abraham
975 4714 1032 4766 et
1063 4725 1216 4765 unus
1245 4709 1316 4764 de
1365 4707 1580 4782 populo
1636 4711 1761 4764 erat
1797 4725 1935 4782 gen-

285 4797 402 4868 tili,
436 4805 491 4856 et
518 4816 700 4856 causa
724 4798 1080 4872 posteritatis
1135 4797 1441 4854 introierat
1497 4798 1568 4854 ad
1621 4796 1891 4854 ancillam
1920 4815 1933 4866 ;

287 4887 436 4958 quia
463 4906 608 4946 uxor
636 4889 764 4960 ejus
795 4887 1157 4944 sterilitatem
1203 4903 1371 4942 suam
1429 4886 1781 4943 obumbrare
1836 4904 1934 4943 cu-

284 4975 480 5045 piens,
513 4981 720 5034 auctor
749 4978 878 5050 ejus
913 4975 1044 5032 facti
1071 4976 1262 5031 fuerat
1289 4975 1451 5031 viro:
1479 4979 1538 5031 et
1574 4980 1773 5032 tamen
1819 4993 1935 5032 non

284 5063 545 5122 otiosum
574 5071 665 5122 est
695 5065 850 5138 quod
883 5069 1015 5137 post
1040 5063 1150 5121 hoc
1178 5063 1334 5120 Deus
1363 5064 1587 5132 statim,
1629 5064 1769 5136 quia
1821 5064 1936 5122 alia

283 5151 425 5222 ejus
459 5170 634 5227 opera
679 5153 970 5226 probaret,
1037 5149 1128 5208 vel
1197 5151 1380 5223 hujus
1441 5150 1579 5208 facti
1643 5151 1933 5226 pmniten-

357 5329 477 5402 (3t)
503 5330 641 5387 Mss.
677 5330 829 5397 Vat.,
865 5330 1028 5402 Reg,
1058 5327 1246 5397 Valc.,
1278 5329 1500 5385 Theod.
1531 5334 1588 5385 et
1640 5331 1783 5386 Maz.
1842 5348 1932 5388 se-

284 5400 486 5456 cunda
515 5419 718 5468 manu,
748 5400 1016 5458 miranda
1033 5417 1194 5457 uxor.

353 5474 478 5541 (32)
507 5473 598 5530 lta
623 5473 818 5543 Ccrb.,
846 5471 1029 5541 Valc.,
1060 5470 1314 5543 Colb._et
1349 5468 1714 5543 _Maz._Edit,
1771 5489 1929 5541 vero,

280 5544 344 5604 et
367 5539 478 5606 alii
509 5560 654 5607 mss.
687 5561 756 5607 ne
779 5539 1022 5625 subjecta
1043 5549 1184 5608 esset
1209 5539 1462 5605 limina.
1509 5541 1720 5621 Excipe
1755 5539 1931 5637 Tern,

2042 4526 2155 4597 28).
2188 4527 2327 4592 Ideo,
2361 4525 2569 4598 inquit,
2601 4529 2770 4583 nolite
2807 4544 3054 4598 quaerere
3099 4545 3269 4600 opera
3328 4531 3502 4602 legis,-
3557 4547 3688 4605 quo-

2043 4616 2200 4670 niam
2229 4631 2335 4670 non
2361 4616 2704 4686 justiﬁealur
2735 4616 2892 4672 homo
2937 4633 3008 4673 ea:
3057 4618 3308 4690 operibus
3362 4619 3519 4690 legis,
3576 4621 3692 4674 nisi

2041 4721 2140 4776 per
2161 4703 2324 4774 fidem
2353 4705 2478 4759 Iesu
2509 4703 2716 4760 Christi
2761 4704 2960 4778 (Gatat.
3017 4723 3080 4774 ιι,
3143 4709 3248 4778 16).
3306 4708 3375 4763 Et
3423 4711 3485 4762 ut
3534 4707 3687 4762 scias

2045 4791 2181 4864 quia
2201 4791 2549 4848 Christianis
2579 4794 2722 4849 dixit
2750 4812 2763 4850 :
2797 4796 2858 4850 Et
2887 4811 3006 4863 nos,
3042 4795 3250 4868 inquit,
3294 4797 3350 4849 in
3410 4795 3684 4850 Christum

2040 4883 2220 4938 Iesum
2251 4881 2539 4947 credimus,
2573 4887 2634 4938 ut
2654 4884 3030 4956 justiﬁeemur
3066 4901 3135 4940 ea:
3189 4883 3294 4954 ﬁde
3352 4883 3574 4949 Christi,
3633 4886 3684 4938 et

2040 4986 2154 5026 non
2206 4986 2276 5025 ex
2326 4971 2580 5040 operibus
2637 4972 2774 5043 legis
2823 4972 3012 5042 (Ibid)
3071 4975 3474 5043 Agnoscamus
3543 4986 3682 5042 ergo

2044 5057 2318 5130 quoniam
2349 5057 2469 5114 hazc
2511 5077 2639 5132 quae
2679 5061 2738 5114 in
2784 5061 3032 5133 figuram
3081 5058 3516 5130 contingebant,
3567 5057 3682 5114 illis

2043 5147 2274 5204 crimini
2334 5165 2448 5204 non
2509 5153 2702 5205 crant:
2765 5148 2931 5204 nobis
2990 5151 3184 5202 autem
3241 5151 3432 5212 erunt,
3497 5145 3546 5202 si
3609 5145 3682 5202 ad

2042 5328 2100 5382 in
2133 5343 2246 5400 quo
2278 5331 2606 5400 utrumque
2622 5325 2837 5400 legitur
2864 5324 2972 5379 hoc
3003 5325 3198 5392 modo,
3230 5341 3297 5380 ne
3336 5341 3448 5380 non
3500 5325 3682 5398 subje-

2039 5403 2128 5455 cta
2151 5396 2396 5470 superba
2412 5396 2546 5470 esset
2572 5396 2828 5452 dammae.

2111 5465 2232 5544 (3_3_)'
2255 5467 2349 5526 Sic
2379 5468 2522 5544 M_ss._
2543 5482 2747 5544 omnes
2773 5465 3079 5544 cum__edit.
3131 5467 3296 5529 Am.:
3351 5467 3477 5528 Era.
3521 5484 3680 5544 vero,

2040 5547 2100 5602 et
2120 5537 2274 5612 alia,
2303 5553 2405 5618 pro
2425 5537 2589 5610 huius
2614 5539 2751 5612 facti
2774 5537 3122 5618 pauitantia.
