4166 6154
511 222 630 291 455

1969 228 2031 286 s.
2078 225 2449 287 AMBROSII
3756 210 3852 294 456‘

514 360 937 434 correptionem
971 363 1232 417 nostram
1263 357 1481 429 scripta
1511 373 1712 414 cavere
1742 356 2033 413 nolimus:
2061 357 2161 412 sed
2188 358 2244 423 Α
2274 357 2654 414 validioribus
2677 357 2789 429 (38)
2816 355 3008 413 idonei
3037 356 3410 425 viderentur;
3443 358 3507 411 ut
3534 356 3715 417 ﬁdeles
3753 378 3861 434 pro-

513 449 703 523 magis
735 450 794 505 id
846 465 1113 522 agamus,
1182 452 1249 505 ut
1314 462 1447 502 cum
1516 446 1704 502 simus
1770 445 1965 502 liberas
2030 445 2159 514 ﬁlii,

517 555 642 610 qua:
672 542 764 594 est
784 539 945 605 Sara,
972 554 1044 593 ne
1074 536 1219 609 legis
1249 534 1473 606 laqueis
1504 535 1830 591 serviamus
1860 535 1992 607 (34),
2026 551 2160 590 cum

511 627 805 683 Abraham
837 626 1082 683 liberam
1115 624 1385 690 tenuerit,
1418 623 1694 680 ancillam
1726 624 1979 695 ejccerit.

576 716 668 771 29.
701 716 823 781 Quo
853 715 975 771 loco
1017 714 1172 785 (Gen.
1230 730 1369 778 xvu,
1431 713 1523 787 10)
1583 712 1893 785 plerosque
1932 711 2156 768 moveri

507 805 668 862 scio:
703 805 751 861 si
784 804 941 860 enim
967 804 1124 857 bona
1157 808 1243 857 est
1276 800 1666 868 circumcisio,
1726 800 2016 874 hodieque
2070 803 2155 856 te-

508 893 629 949 neri
663 891 863 948 debuit
887 907 899 944 :
920 890 970 946 si
1000 889 1252 959 inutilis,
1278 890 1545 946 mandari
1578 907 1690 946 non
1724 889 2154 958 debuit,divino

505 980 828 1053 praesertim
883 978 1142 1035 oraculo.
1205 979 1317 1035 Sed
1390 996 1525 1035 cum
1585 978 1889 1052 apostolus
1944 979 2156 1034 dixerit

506 1069 759 1125 Paulus:
821 1070 961 1136 Quia
1015 1067 1292 1123 Abraham
1336 1069 1561 1137 signum
1619 1070 1824 1140 accepit
1876 1069 2155 1123 circumci-

500 1161 675 1215 szonz‘s
701 1159 873 1221 (Rom.
908 1174 983 1224 1v,
1020 1157 1146 1224 1t):
1182 1155 1383 1228 utique
1413 1156 1645 1228 signum
1682 1173 1796 1211 non
1847 1155 1977 1228 ipsa
2029 1173 2141 1223 res,

504 1247 606 1303 sed
637 1246 880 1302 alterius
905 1245 981 1302 rei
1008 1249 1116 1310 est,
1140 1244 1250 1300 hoc
1274 1249 1362 1300 est
1392 1261 1508 1300 non
1548 1243 1782 1311 veritas,
1837 1245 1938 1301 sed
1996 1244 2147 1299 indi-

506 1335 665 1392 cium
695 1334 979 1390 veritatis.
1013 1333 1275 1405 Denique
1301 1333 1425 1404 ipse
1450 1332 1717 1404 exposuit
1763 1336 1820 1389 et
1869 1333 2153 1404 expressit

507 1426 740 1481 dicens:
774 1423 1003 1495 Signum
1043 1423 1245 1493 accepit
1303 1423 1755 1488 circumcisionis,
1804 1422 2152 1493 signaculum

499 1516 742 1589 justitiae
766 1518 819 1569 et
849 1510 978 1583 ﬁdei
1026 1510 1229 1581 (Ibid)
1289 1509 1452 1565 Unde
1508 1526 1624 1565 non
1684 1510 2003 1583 incongrue
2058 1511 2146 1565 in-

504 1600 826 1676 telligimus
884 1600 1023 1673 quia
1087 1598 1455 1654 circumcisio
1530 1598 1848 1671 corporalis
1911 1600 2148 1672 signum

506 1690 974 1748 circumcisionis
1004 1693 1094 1743 est
1121 1686 1424 1759 spiritalis.
1460 1687 1606 1759 Ergo
1636 1687 1872 1760 signum
1929 1688 2147 1743 mansit

502 1782 685 1837 donec
716 1777 937 1833 veniret
964 1774 1195 1830 veritas.
1227 1774 1477 1830 Advenit
1504 1774 1784 1830 Dominus
1830 1775 2022 1844 Jeeus,
2049 1776 2150 1847 qui

484 1868 622 1923 ‘ait:
658 1869 794 1938 Ergo
824 1881 945 1920 sum
993 1866 1103 1931 via,
1133 1865 1335 1919 veritas
1385 1868 1435 1918 et
1494 1865 1607 1919 vita
1665 1866 1840 1934 (Joan.
1902 1882 2015 1929 xw,
2069 1867 2146 1936 6).

502 1955 649 2022 Quia
681 1971 794 2011 non
826 1958 1048 2027 partem
1082 1952 1355 2025 exiguam
1385 1951 1646 2024 corporis
1692 1953 1750 2008 in
1796 1953 1985 2026 signo,
2046 1955 2147 2010 sed

505 2048 689 2101 totum
720 2041 1089 2099 circumcidit
1120 2041 1418 2097 hominem
1469 2043 1530 2097 in
1591 2040 1851 2109 veritate,
1912 2042 2147 2116 signum

503 2131 755 2190 detraxit
782 2132 913 2204 (35),
940 2130 1241 2186 veritatem
1274 2128 1543 2197 induxit;
1570 2130 1711 2201 quia
1738 2135 1941 2202 postea
1968 2147 2147 2203 quam

503 2222 660 2278 venit
690 2222 843 2293 quod
870 2220 1187 2291 perfectum
1211 2223 1321 2284 est,
1349 2219 1504 2290 quod
1526 2235 1593 2274 ex
1620 2224 1781 2290 parte
1818 2225 1963 2285 erat,
2015 2237 2146 2277 eva~

500 2316 740 2368 enatum
771 2313 893 2376 est;
926 2314 984 2364 et
1025 2308 1155 2363 ideo
1217 2306 1468 2364 cessavit
1515 2308 1887 2364 circumcisio
1940 2310 2143 2382 partis,

503 2401 604 2457 ubi
637 2398 867 2455 refulsit
898 2396 1269 2453 circumcisio
1324 2395 1742 2452 universitatis.
1802 2396 1932 2452 Jam
1989 2399 2144 2454 enim

500 2507 618 2547 non
648 2506 717 2545 ex
741 2491 923 2560 parte,
958 2485 1058 2541 sed
1088 2488 1247 2541 totus
1280 2484 1456 2541 homo
1488 2484 1747 2540 salvetur
1776 2486 1834 2541 in
1884 2503 2142 2559 corpore,

503 2579 761 2637 salvetur
786 2577 845 2630 in
871 2574 1087 2631 anima.
1132 2573 1424 2646 Scriptum
1476 2579 1563 2629 est
1620 2574 1816 2631 enim:
1864 2578 1979 2647 Qui
2032 2577 2147 2632 vult

494 2672 614 2742 post
642 2683 731 2723 me
758 2667 962 2734 venire,
1010 2664 1234 2734 abneget
1288 2664 1549 2733 seipsum,
1615 2668 1668 2718 et
1726 2664 1878 2719 tollat
1931 2681 2146 2720 crucem

498 2774 679 2822 suam,
712 2764 764 2811 et
809 2756 1069 2827 sequatur
1121 2768 1209 2808 me
1258 2752 1469 2824 (Matth.
1528 2768 1643 2818 xvx,
1702 2754 1814 2823 9.4).
1876 2753 2005 2808 Haec
2057 2759 2147 2810 est

499 2844 775 2919 perfectio
804 2840 1270 2897 circumcisionis
1299 2857 1312 2908 ;
1345 2839 1484 2910 quia
1515 2855 1615 2910 per
1665 2841 1924 2911 corporis
1983 2841 2143 2899 obla-

495 2936 715 2991 tionem
737 2931 847 3003 (36)
879 2928 1186 2984 redimitur
1216 2928 1434 2996 anima,
1464 2928 1535 2983 de
1566 2944 1678 2999 qua
1713 2927 1837 3000 ipse
1860 2928 2145 2988 Dominus

494 3023 614 3081 ait:
651 3021 757 3090 Qui
781 3018 1077 3091 perdiderit
1108 3021 1353 3073 animam
1412 3033 1570 3072 suam
1611 3021 1834 3088 propter
1886 3036 1993 3085 me,
2054 3022 2141 3075 in-

491 3112 671 3168 veniet
701 3125 817 3165 eam
858 3110 1007 3180 (Luc.
1042 3124 1118 3172 1x,
1147 3106 1262 3177 24).

563 3200 654 3255 30.
690 3198 968 3269 Superest
993 3193 1096 3250 illa
1124 3209 1281 3249 nunc
1312 3193 1652 3267 quaestionis
1682 3195 1887 3267 portio,
1938 3202 2137 3253 utrum

492 3287 762 3346 debuerit
792 3302 927 3357 pars
956 3283 1253 3357 prmmitti,
1286 3299 1419 3339 cum
1452 3287 1609 3339 esset
1654 3288 1898 3340 ventura
1949 3287 2136 3357 perfe-

493 3378 623 3435 ctio.
660 3375 767 3441 Qui
798 3375 962 3430 locus
996 3372 1183 3428 facilis
1213 3376 1305 3427 est
1356 3372 1427 3427 ad
1487 3370 1831 3428 diluendum
1890 3373 2025 3445 (37),
2087 3375 2137 3430 si

492 3466 932 3535 consideremus
960 3462 1177 3535 quibus
1195 3478 1330 3534 pars
1362 3461 1637 3517 mandata
1658 3461 1753 3527 sit,
1777 3462 1995 3533 quibus
2015 3480 2135 3519 ser-

490 3561 623 3613 vata
653 3552 944 3627 perfectio.
977 3552 1114 3607 Pars
1143 3550 1299 3605 enim
1330 3549 1608 3605 mandata
1661 3554 1750 3606 est
1809 3553 2136 3607 secundum

490 3644 676 3717 legem
708 3642 921 3715 populo
938 3640 1294 3707 Judaeorum,
1320 3638 1404 3693 illi
1439 3639 1588 3695 dura
1618 3640 1854 3707 service,
1904 3640 1990 3695 illi
2051 3641 2137 3696 in-

488 3734 679 3801 firmo,
704 3731 790 3788 illi
823 3729 925 3804 qui
951 3730 1126 3786 Deum
1149 3745 1323 3784 suum
1358 3744 1475 3783 non
1507 3728 1792 3801 cognovit.
1821 3728 1965 3785 Cum
1998 3746 2135 3803 ergo

487 3826 711 3895 partem
741 3837 856 3876 non
916 3818 1172 3892 potuerit
1224 3816 1537 3885 sustinere,
1598 3818 1891 3890 quomodo
1948 3819 2137 3890 perfe-~

487 3910 737 3968 ctionem
765 3902 995 3966 servare
1024 3907 1356 3980 potuisset?
1384 3906 1456 3962 Ut
1485 3907 1533 3962 si
1567 3906 1882 3978 puerulum
1925 3907 2134 3964 litteris

484 3998 737 4067 imbuas,
774 4017 807 4055 a
831 3995 1083 4071 singulis
1114 3995 1439 4051 litterarum
1470 3995 1776 4052 elementis
1833 3997 1987 4053 294
2042 3997 2133 4052 in-

485 4089 818 4145 choandum
845 4092 935 4143 est
962 4085 1089 4151 tibi,
1124 4087 1189 4139 ut
1218 4102 1253 4140 a
1282 4083 1533 4158 singulis
1561 4085 1826 4156 apicibus
1858 4086 1931 4141 ad
1963 4085 2136 4158 sylla-

484 4178 611 4246 bas,
645 4195 679 4233 a
708 4175 952 4250 syllabis
981 4190 1116 4230 eum
1149 4189 1251 4245 per
1279 4174 1543 4229 ordinem
1584 4174 1657 4229 ad
1708 4173 1947 4230 nomina
2003 4191 2132 4231 ora-

484 4267 823 4337 tionemque
854 4264 1129 4319 deducas.
1180 4262 1293 4317 Nec
1353 4265 1543 4334 potest
1598 4278 1758 4318 mare
1814 4263 2131 4335 quisquam

486 4354 761 4425 navigare
792 4351 1142 4425 intrepidus,
1177 4350 1291 4407 nisi
1333 4351 1433 4423 qui
1480 4355 1609 4407 ante
1667 4351 1726 4406 in
1784 4351 2131 4410 ﬂuminibus

2272 448 2569 516 barentur,
2595 463 2847 520 quorum
2877 444 3193 502 multitudo
3214 446 3522 502 innumera
3547 462 3756 507 crucem
3771 451 3860 508 tol-

2269 535 2447 604 leret;
2484 552 2771 609 suamque
2802 552 2905 609 pro
2935 534 3167 593 Christo
3197 536 3456 593 animam
3486 536 3779 606 devoveret,
3816 544 3864 597 et

2270 624 2556 681 increduli
2589 641 2705 680 non
2737 627 2975 697 possent
2997 623 3286 691 resistere,
3310 622 3412 696 qui
3458 623 3515 678 in
3548 623 3713 681 totius
3756 643 3862 683 cor-

2268 713 2426 786 poris
2478 712 2880 769 immolatione
2928 712 3109 784 quaeri
3159 712 3408 769 salutem
3459 716 3735 785 putarent:
3779 713 3867 787 qui

2264 801 2541 874 exiguum
2571 801 3036 859 circumcisionis
3065 819 3182 858 suae
3213 801 3555 875 sanguinem
3585 800 3866 861 salutarem

2264 891 2706 947 arbitrarentur.

2334 980 2422 1036 3|.
2485 980 2989 1037 Considerandum
3047 984 3242 1035 autem
3299 979 3453 1051 quod
3500 978 3556 1034 in
3610 981 3863 1053 praeputio

2263 1068 2517 1141 positum
2547 1068 2770 1126 vocavit
2798 1069 2953 1125 Deus
2984 1069 3043 1124 in
3073 1067 3354 1142 praeputio
3401 1066 3589 1124 adhuc
3627 1071 3864 1126 manenti

2261 1157 2506 1231 legitimi
2531 1157 2634 1215 lilii
2657 1159 2946 1232 promissa
2972 1163 3061 1214 est
3078 1156 3385 1213 haereditas
3408 1174 3420 1224 ;
3448 1160 3511 1213 ut
3532 1173 3642 1213 non
3660 1156 3873 1215 Judae-

2261 1264 2392 1303 rum
2424 1247 2832 1304 tantummodo
2862 1252 3108 1320 patrem,
3152 1251 3216 1303 ut
3270 1245 3383 1319 ipsi
3441 1250 3725 1313 asserunt,
3779 1244 3873 1305 sed

2261 1335 2524 1393 omnium
2557 1335 2921 1392 credentium
2950 1339 3249 1391 auctorem
3301 1351 3404 1407 per
3461 1333 3634 1391 fidem
3677 1335 3873 1392 credas.

2261 1426 2405 1482 Sara
2448 1440 2682 1498 quoque
2724 1429 2856 1481 ante
2904 1423 3417 1481 circumcisionem
3459 1423 3568 1479 viri
3615 1423 3675 1479 in
3720 1423 3879 1480 unius

2260 1514 2469 1570 littera:
2527 1514 2853 1586 adjectione
2924 1531 3041 1571 non
3100 1512 3379 1569 mediocri
3440 1513 3881 1569 remuneratione

2258 1603 2622 1660 benedicitur
2653 1604 2788 1675 (39),
2820 1606 2885 1659 ut
2914 1602 3309 1675 principatum
3336 1601 3574 1658 virtutis
3619 1604 3676 1657 et
3701 1601 3878 1674 gratia

2260 1692 2531 1757 haberet;
2565 1691 2635 1747 de
2662 1708 2778 1763 qua
2807 1692 3073 1747 nationes
3102 1694 3161 1747 et
3200 1706 3366 1763 reges
3412 1688 3678 1762 gentium
3720 1705 3881 1762 spon-

2261 1782 2358 1838 det
2388 1781 2636 1848 futuros,
2672 1784 2736 1835 ut
2770 1781 2827 1835 in
2861 1780 2992 1853 ipsa
3022 1784 3209 1852 typus
3244 1795 3358 1834 non
3411 1778 3745 1851 Synagogaa,
3792 1772 3881 1834 sed

2261 1869 2528 1927 Ecclesia:
2550 1869 3017 1925 constitueretur.
3043 1868 3205 1936 Quod
3227 1872 3423 1924 autem
3448 1866 3734 1940 promisso
3749 1882 3811 1923 ex
3827 1882 3887 1922 ea

2263 1958 2402 2028 ﬁlio,
2438 1959 2569 2014 risit
2597 1957 2917 2026 Abraham,
2948 1974 3064 2014 non
3096 1955 3555 2024 incredulitatis,
3589 1956 3689 2012 sed
3719 1953 3886 2011 exsul-

2259 2048 2499 2104 tationis
2529 2046 2812 2103 indicium
2845 2047 2970 2102 fuit.
3006 2046 3264 2118 Denique
3294 2044 3547 2119 procidit
3576 2045 3636 2099 in
3676 2043 3883 2111 faciem,

2258 2136 2360 2212 qui
2391 2135 2672 2204 adoravit;
2708 2140 2764 2193 et
2794 2135 3059 2203 credidit,
3092 2139 3149 2192 et
3186 2134 3435 2205 adjecit:
3489 2134 3551 2190 Si
3594 2132 3734 2189 mihi
3775 2148 3885 2188 cen-

2257 2236 2374 2283 tum
2397 2241 2670 2282 annorum
2700 2229 2952 2281 nascetur
2980 2224 3153 2295 ﬁlius,
3188 2231 3248 2279 et
3296 2224 3348 2278 si
3421 2222 3566 2278 Sara
3608 2222 3889 2292 nonaginta

2256 2331 2530 2372 annorum
2555 2317 2756 2386 pariet.
2788 2316 2863 2369 Et
2893 2313 3075 2370 dixit:
3108 2314 3301 2369 Ismael
3330 2312 3422 2369 hic
3471 2313 3623 2369 vivat
3665 2313 3723 2367 in
3775 2325 3888 2367 con-

2254 2413 2433 2477 spectu
2463 2408 2555 2460 tuo
2585 2404 2737 2474 (Gen.
2771 2420 2906 2469 xvu,
2942 2404 3028 2468 i7,
3065 2401 3173 2472 18).
3233 2402 3357 2459 Non
3417 2406 3512 2457 est
3571 2398 3890 2456 incredulus

2257 2493 2314 2547 in
2348 2490 2676 2565 promissis,
2713 2508 2815 2547 nec
2845 2507 3055 2547 avarus
3092 2489 3154 2546 in
3212 2489 3384 2546 votis.
3448 2489 3572 2545 Hoc
3629 2490 3737 2554 est,
3789 2501 3891 2542 non

2254 2581 2460 2637 dubito
2491 2580 2647 2653 quod
2679 2580 2883 2647 facias,
2916 2584 2981 2635 ut
3021 2582 3080 2635 et
3132 2584 3371 2635 centum
3434 2592 3728 2634 annorum
3781 2572 3895 2631 seni

2254 2671 2436 2727 dones
2466 2668 2678 2737 filium,
2714 2674 2772 2724 et
2800 2672 3023 2724 naturae
3051 2672 3255 2724 auctor
3302 2670 3534 2722 natura
3584 2669 3771 2722 metas
3818 2676 3895 2717 ηε

2252 2758 2431 2815 laxes.
2466 2758 2677 2814 Beatus
2706 2758 2801 2813 cui
2834 2758 2950 2812 ista
2982 2757 3276 2812 donantur
3303 2774 3315 2825 ;
3352 2756 3460 2812 sed
3492 2759 3694 2811 tamen
3734 2751 3894 2809 etiam

2254 2848 2348 2903 hic
2379 2846 2589 2904 Ismael
2621 2863 2797 2918 quem
2830 2845 3014 2901 habeo
3043 2846 3113 2901 de
3142 2843 3483 2912 vernacula,
3541 2843 3595 2899 si
3643 2843 3797 2899 vivat
3846 2840 3897 2895 in

2252 2938 2567 3007 conspectu
2598 2938 2718 3002 tuo,
2755 2933 3012 2990 abundat
3040 2933 3185 2988 mihi
3216 2932 3427 3005 gratia.
3489 2931 3751 3003 Denique
3796 2928 3894 2989 DO-

2254 3024 2451 3081 minus
2481 3027 2539 3079 et
2566 3021 2827 3096 probavit
2856 3023 2986 3092 ejus
3013 3022 3307 3088 affectum,
3328 3026 3388 3077 et
3417 3020 3769 3094 petitionem
3798 3032 3897 3073 non

2167 3094 2209 3160 C
2249 3111 2471 3180 abnuit,
2506 3094 2699 3168 etvsua
2728 3109 3021 3183 promissa
3043 3108 3312 3166 ﬁrmavit.

2896 3215 3129 3271 CAPUT
3168 3215 3236 3270 V.

2250 3312 2321 3365 De
2369 3307 2740 3380 hospitalitate
2768 3304 3043 3380 Abraham
3097 3304 3786 3380 hospitum_e.rplorantis_
3815 3299 3901 3356 ad-

2316 3373 2551 3447 ventum,
2580 3381 2762 3450 eisque
2809 3378 3023 3433 obviam
3066 3373 3435 3450 properantis.
3476 3373 3907 3450 'Commendatur

2317 3451 2503 3507 eadem
2534 3444 2728 3512 uirtus,
2767 3453 2818 3503 et
2845 3465 2984 3503 vana
3012 3444 3373 3520 quorumdam
3395 3449 3695 3520 excusatio
3741 3444 3905 3520 dilui-

2319 3533 2428 3579 tur.
2465 3526 2647 3593 Quam
2684 3515 3117 3593 diligentem'in
3174 3534 3238 3593 ea
3293 3534 3349 3573 se
3392 3519 3717 3593 praebuerit
3774 3515 3907 3593 idem

2316 3584 2559 3660 sanctus,
2590 3595 2639 3646 et
2661 3584 2921 3663 quomodo
2952 3605 3178 3663 uxorem
3210 3592 3270 3644 in
3317 3584 3520 3646 1ηὲνίιί
3552 3598 3784 3663 partem
3827 3584 3911 3663 ᾳει-

2315 3655 2554 3720 δείυενίιξ
2589 3655 2730 3731 Quid
2760 3660 2937 3737 oblata
2986 3661 3053 3716 ab
3090 3670 3368 3737 utroque
3398 3655 3645 3737 mysti'qe
3698 3655 3913 3737 signiﬁ:

2314 3744 2453 3793 cent.
2488 3728 2762 3791 Postremo
2817 3736 2963 3804 facta
3018 3728 3369 3787 ministranti
3433 3728 3763 3788 A'brahamo
3816 3728 3914 3799 filii

2309 3808 2622 3880 promissio,
2653 3806 2791 3861 sicut
2817 3808 2868 3860 et
2898 3803 3055 3860 Sara:
3081 3806 3225 3859 risus
3254 3805 3589 3875 exponitur.

2314 3914 2405 3968 32.
2441 3911 2707 3968 Diximus
2739 3909 2811 3965 de
2838 3908 3082 3965 Abrahae
3112 3909 3459 3977 devotione,
3529 3926 3599 3965 ac
3659 3907 3798 3976 fide,
3853 3903 3920 3960 de

2242 3999 2576 4072 prudentia,
2625 3997 2883 4070 justitia,
2927 3995 3232 4064 cbaritate,
3282 3998 3712 4068 parcimonia:
3774 4007 3923 4050 nunc

2241 4089 2415 4146 etiam
2446 4089 2519 4145 de
2541 4084 2876 4158 hospitalite
2907 4085 3195 4141 dicamus.
3244 4085 3348 4141 Est
3395 4086 3574 4142 enim
3632 4101 3748 4141 non
3807 4096 3920 4137 me-

2242 4178 2456 4235 diocris
2489 4194 2558 4253 ea
2619 4174 2997 4232 virtus.Unde
3028 4178 3087 4230 et
3128 4174 3459 4246 Apostolus
3516 4171 3929 4249 principaliter

2240 4284 2370 4324 eam
2405 4268 2465 4322 in
2492 4264 2767 4339 episcopo
2798 4279 2929 4319 esse
2956 4266 3221 4336 oportere
3269 4263 3541 4335 geminas
3590 4256 3927 4335 scriptionis

2241 4356 2443 4414 docuit
2474 4353 2823 4411 auctoritate
2849 4370 2862 4421 ;
2896 4356 2964 4408 ut
2992 4354 3202 4424 praesto
3235 4352 3315 4408 sit
3342 4351 3853 4421 advenientibus,
3881 4350 3933 4403 et

484 4442 859 4515 navigaverit.
879 4442 1142 4514 Denique
1174 4441 1223 4496 si
1256 4440 1399 4513 quid
1441 4445 1543 4496 aut
1584 4441 1929 4497 conficiendi
1980 4442 2145 4503 itine.
2173 4462 2221 4528 ι)
2253 4448 2523 4502 occurrat
2551 4443 2802 4511 obviam,
2835 4444 2893 4498 et
2919 4440 3126 4496 itinera
3149 4440 3439 4512 etploret,
3477 4445 3543 4498 et
3605 4440 3774 4498 adsit
3821 4451 3929 4493 non

484 4532 589 4602 ris,
621 4536 725 4588 aut
754 4530 983 4588 levandi
1018 4530 1214 4587 oneris
1255 4547 1433 4601 puero
1483 4529 1627 4586 velis
1675 4532 2137 4607 provectiorique
2249 4533 2665 4607 querentibus,
2724 4537 2783 4588 et
2848 4529 3039 4602 rapiat
3109 4529 3258 4587 295
3336 4529 3934 4605 praetergredientes.

482 4620 1091 4694 mandare,numquid
1112 4620 1587 4691 aequandaonera
1603 4626 1759 4688 sunt,
1774 4624 1875 4676 aut
1897 4638 2133 4695 aequan-

479 4713 591 4769 dus
612 4710 820 4768 labor?
844 4710 931 4767 Ita
959 4710 1137 4783 igitur
1158 4708 1389 4765 noveris
1423 4708 1517 4764 his
1554 4709 1966 4781 perfectionem
2016 4712 2131 4769 circ

478 4801 859 4869 cumcisionis
892 4815 1020 4858 esse
1047 4802 1359 4866 servatam,
1387 4798 1487 4869 qui
1519 4816 1553 4854 a
1581 4798 1811 4856 Christo
1852 4800 2129 4870 instituti,

550 4979 663 5051 (34)
693 4978 1023 5051 Edit.Rom.
1048 4976 1233 5047 alegis
1255 4976 1467 5051 laqueis
1499 4990 1779 5051 eruemur.
1813 4976 2137 5051 Commoda

476 5044 671 5121 lectio,
700 5050 801 5106 sed
823 5065 996 5121 quam
1019 5064 1124 5121 nec
1152 5044 1263 5121 ms.
1289 5044 1467 5121 ullus,
1504 5062 1606 5102 nec
1628 5046 1767 5121 edit.
1802 5050 2130 5121 stabiliunt.

479 5120 659 5176 Nobis
692 5116 887 5177 autem
911 5136 1055 5176 mss.
1090 5119 1284 5183 Corb.,
1320 5116 1478 5173 Colb.
1526 5134 1591 5173 ac
1631 5117 1776 5173 Maz.
1820 5119 2018 5177 locum
2052 5137 2136 5176 re-

480 5193 742 5264 stituere.
772 5209 903 5247 cum
939 5193 1003 5264 in
1031 5189 1183 5256 aliis,
1208 5206 1325 5245 non
1357 5205 1527 5246 secus
1557 5205 1621 5244 ac
1643 5189 1699 5245 in
1729 5190 1941 5263 priscis
1963 5192 2130 5264 edit.,

479 5262 768 5333 particula
796 5280 864 5318 ne
894 5263 1285 5318 omitteretur.

550 5332 663 5402 (35)
687 5333 901 5404 Omnes
934 5332 1098 5402 edit.,
1132 5334 1240 5401 Qui
1265 5348 1376 5388 non
1418 5340 1698 5404 partem...
1760 5334 1983 5404 signum
2037 5334 2132 5390 de-

477 5404 705 5457 struxit.
740 5403 1108 5461 Messautem
1142 5420 1345 5460 omnes
1372 5408 1439 5458 ut
1460 5403 1520 5458 in
1548 5407 1845 5459 contextu.

570 5472 663 5551 Ei?)
694 5472 832 5551 Msa:
864 5476 1004 5551 duc;
1033 5476 1407 5551 potentioris
1432 5475 1783 5551 90.141th-

569 5543 661 5615 37)
690 5546 940 5607 Additur
969 5543 1048 5599 in'
1069 5545 1232 5622 edit.,
1250 5543 1347 5608 'vel
1378 5545 1449 5604 ad
1477 5546 1916 5622 discernendum,
1975 5548 2132 5625 quod

2244 4629 2392 4681 Ante
2422 4622 2644 4680 ostium
2676 4619 2917 4676 sedebat
2967 4618 3291 4683 Abraham,
3345 4620 3622 4676 sedebat
3672 4615 3931 4675 meridie.

2244 4712 2487 4776 Quando
2520 4709 2617 4767 alii
2648 4707 3111 4781 requiescebant,
3142 4705 3253 4763 iste
3286 4706 3625 4780 hospitum
3674 4705 3939 4781 explora-

2245 4801 2346 4858 bat
2376 4801 2681 4859 adventus.
2717 4796 2918 4854 Merito
2949 4795 3035 4851 illi
3064 4795 3222 4852 Deus
3267 4797 3575 4869 apparuit
3636 4798 3715 4853 ad
3772 4809 3939 4869 quer-

2240 4976 2301 5032 in
2328 4993 2473 5033 mss.
2508 4993 2624 5033 non
2654 4974 2970 5032 invenitur.

2314 5050 2422 5121 (38)
2456 5048 2622 5104 Rom.
2656 5047 2797 5114 edit,
2828 5046 2972 5115 sola,
3004 5046 3103 5119 qui
3147 5063 3181 5102 a
3231 5045 3451 5102 Christi
3504 5046 3798 5104 institutis
3846 5058 3937 5101 va-

2242 5119 2553 5187 lidioribus,
2584 5123 2693 5175 etc.

2314 5191 2425 5263 (39)
2455 5192 2630 5247 Docet
2659 5188 2837 5263 Yulg.
2863 5204 3077 5244 nomen
3111 5187 3304 5263 uxoris
3335 5188 3624 5263 Abrahm
3661 5189 3781 5263 ita;
3802 5199 3934 5240 mu-

2240 5258 2452 5329 tatum,
2486 5266 2552 5318 ut
2581 5279 2649 5319 ex
2678 5258 2843 5318 Sarai
2882 5264 3086 5316 vocata
3130 5260 3302 5316 fuerit
3361 5258 3574 5317 Sara:
3630 5258 3782 5317 LXX
3806 5269 3939 5313 vero

2242 5349 2369 5410 eam
2400 5350 2469 5391 ex
2524 5335 2668 5410 Sara
2724 5349 2837 5410 quo
2897 5331 3136 5410 nomine
3188 5332 3359 5410 priius
3425 5331 3941 5410 nuncupabatur,

2242 5405 2475 5462 Sarram
2508 5399 2872 5461 nominatam
2903 5400 3167 5470 tradunt,
3189 5399 3461 5474 'quibus
3529 5399 3691 5461 mai.
3750 5399 3940 5474 nostri

2241 5477 2616 5549 concinentes
2646 5475 2757 5535 hoc
2784 5490 2997 5535 nomen
3028 5474 3147 5533 fere
3194 5472 3308 5533 non
3378 5473 3581 5535 aliter.
3640 5472 3943 5549 scriptum

2241 5547 2535 5611 exhibent.
