4026 6186
232 301 318 363 457

1476 301 1577 363 DE
1621 297 2005 363 ABRAHAM
2048 301 2196 363 LIB.
2243 300 2289 361 Ι.

3461 301 3584 364 sse
3636 360 3641 379 ,

231 450 329 492 cum
354 432 627 503 Membra,
662 433 800 506 quia
832 434 1086 489 fructum
1138 433 1552 507 hospitalitatis
1600 434 1823 490 studio-
1854 433 1907 499 Α
1939 433 1993 487 ἱιι
2031 433 2333 505 Evangelia
2386 433 2553 507 legis,
2605 435 2834 491 dicente
2886 434 3132 492 Domino
3160 434 3300 491 Jesu
3336 452 3350 492 :
3384 436 3580 508 Hospes

225 521 413 580 sissime
436 521 790 593 requirebat.

273 611 344 666 33.
371 610 433 684 Et
462 610 775 683 respiciam,
808 609 1019 683 inquit,
1071 612 1240 667 oculis
1288 611 1445 675 vidit,
1491 617 1543 665 et
1571 624 1688 666 ecce
1717 612 1824 665 tres

220 699 530 771 viiistabant
574 715 724 756 secus
770 699 952 755 illum.
1010 702 1072 755 Et
1115 716 1242 755 cum
1286 698 1504 755 vidisset
1552 700 1698 761 illos,
1731 714 1823 753 cu-

216 790 356 859 currit
381 788 594 844 obviam
625 787 745 844 illis
774 788 927 859 (Gen.
962 805 1121 858 xvm,
1155 788 1235 859 2).
1276 787 1420 844 Vide
1451 786 1639 860 primo
1692 786 1826 841 fidei

216 877 545 951 mysterium.
580 877 736 933 Deus
765 875 847 932 illi
880 875 1171 949 apparuit,
1202 880 1260 933 et
1296 881 1415 932 tres
1442 875 1683 948 aspexit.
1721 873 1826 931 Cui

216 967 337 1022 Deus
366 964 632 1038 refulget,
666 965 1012 1023 Trinitatem
1037 965 1192 1020 videt
1218 966 1348 1037 (40),
1380 982 1496 1020 non
1527 964 1654 1020 sine
1685 963 1826 1020 Filio

217 1056 407 1111 Patrem
456 1053 727 1126 suscipit,
776 1070 882 1109 nec
932 1054 1058 1109 sine
1104 1054 1321 1127 Spiritu
1373 1057 1574 1110 sancto
1613 1052 1826 1108 Filium

215 1143 510 1198 conﬁtetur.
562 1142 690 1197 Haec
739 1142 877 1198 alibi
938 1142 1168 1214 plenius
1202 1142 1281 1209 (in
1314 1141 1415 1196 lib.
1450 1142 1515 1196 de
1568 1143 1828 1197 Resurre-

214 1231 356 1301 ctione
381 1232 606 1296 carnis).
623 1229 789 1284 Nunc
801 1229 1042 1284 moralis
1059 1229 1444 1302 persequendi
1461 1229 1823 1301 propositum

214 1324 282 1375 est
304 1317 426 1373 loci.
478 1317 603 1372 Non
632 1317 855 1373 otiosus
885 1318 1066 1386 sedet,
1101 1317 1202 1390 qui
1242 1317 1413 1391 longe
1445 1316 1690 1389 aspicit:
1724 1333 1829 1373 nec

212 1406 474 1481 aspexisse
512 1410 841 1472 contentus,
898 1406 1159 1461 cucurrit
1204 1406 1454 1462 obviam.
1510 1404 1830 1461 Festinavit

211 1510 499 1565 occurrere,
547 1494 688 1567 quia
734 1511 847 1549 non
897 1494 1044 1550 satis
1091 1498 1182 1551 est
1245 1500 1398 1551 recte
1450 1494 1659 1560 facere,
1712 1492 1825 1548 nisi

211 1585 354 1639 etiam
384 1586 679 1639 maturare
710 1583 822 1655 (41)
853 1583 1004 1655 quod
1041 1583 1240 1639 facias.
1275 1584 1641 1639 Festinanter
1668 1581 1826 1638 enim

214 1671 533 1728 manducare
584 1670 805 1743 pascha
854 1671 941 1727 lex
959 1672 1133 1742 jubet
1178 1672 1369 1741 (Exod.
1406 1690 1506 1740 xu,
1541 1672 1651 1743 11).
1677 1670 1825 1726 Ube-

215 1761 359 1817 riores
400 1758 556 1815 enim
592 1760 833 1858 fruetus
884 1760 1059 1815 habet
1099 1759 1349 1817 celerata
1379 1758 1625 1858 devotio.
1660 1758 1826 1814 Disce
1858 1792 1907 1858 Β

216 1866 322 1923 ergo
368 1864 545 1921 quam
589 1848 839 1921 impiger
866 1865 994 1904 esse.
1017 1849 1250 1917 debeas,
1281 1853 1345 1905 ut
1392 1848 1584 1921 possis
1615 1862 1827 1921 pracve-

220 1939 314 1993 nire
335 1936 620 2009 hospitem
646 1955 660 2003 ;
712 1953 787 1992 ne
815 1937 948 2008 quis
993 1938 1326 2009 praeveniat,
1359 1942 1416 1992 et
1445 1941 1500 1992 te
1530 1936 1663 1991 boni
1699 1951 1827 1990 mu-

219 2026 341 2081 neris
363 2024 665 2081 defraudet
697 2026 883 2096 copia.

252 2115 343 2191 31.
372 2114 531 2169 Bona
553 2117 640 2169 est
666 2113 1061 2187 hospitalitas,
1086 2114 1261 2171 habet
1284 2115 1608 2171 mercedem
1634 2129 1827 2181 suam,

219 2200 433 2274 primum
462 2201 735 2258 humana:
768 2203 990 2274 gratiae,
1022 2202 1255 2269 deinde,
1288 2201 1441 2274 quod
1479 2202 1671 2272 majus
1720 2203 1829 2260 est.

217 2290 671 2351 remwerationis
730 2288 959 2346 divinas.
1021 2291 1236 2346 Omnes
1294 2292 1350 2345 in
1407 2290 1516 2346 hoc
1573 2287 1827 2344 incolatu

220 2380 441 2453 hospites
472 2395 722 2446 sumus;
758 2380 828 2434 ad
860 2382 1093 2451 tempus
1124 2378 1279 2435 enim
1320 2377 1625 2434 habitandi
1655 2376 1833 2432 habe-

215 2482 322 2525 mus
348 2467 667 2541 hospitium
693 2485 706 2523 :
741 2466 1106 2541 emigramus
1135 2467 1731 2540 propere.CaveamiJs
1762 2479 1835 2519 ne

214 2552 252 2613 si
273 2575 369 2615 nos
395 2556 524 2614 duri
559 2559 665 2613 aut
687 2554 1049 2629 negligentes
1080 2556 1369 2612 fuerimus
1396 2556 1451 2609 in
1485 2551 1835 2627 recipiendis

216 2645 539 2719 hospitibus,
572 2645 748 2701 etiam
796 2645 966 2701 nobis
1021 2649 1152 2718 post
1205 2645 1332 2700 vita:
1386 2643 1558 2699 istius
1595 2657 1834 2698 cursum

218 2741 526 2805 sanctorum
558 2726 813 2808 hospitia
842 2733 1219 2806 denegentur.
1246 2733 1409 2789 Unde
1446 2732 1505 2787 in
1527 2729 1838 2803 Evangelia

210 2823 453 2880 Salvator
486 2821 660 2897 dicit:
709 2824 888 2895 Facite
934 2822 1083 2878 vobis
1132 2824 1332 2877 amicos
1358 2821 1423 2876 de
1452 2822 1641 2891 iniquo
1661 2835 1837 2873 mam-

219 2929 383 2981 mona,
419 2914 515 2986 qui
552 2928 640 2968 vos
679 2913 949 2984 recipiant
985 2913 1046 2966 in
1094 2919 1303 2968 aeterna
1346 2908 1700 2965 tabernacula
1740 2924 1841 2963 sua

216 3003 346 3071 (Luc.
394 3019 506 3071 xvx,
558 3002 633 3073 9).
684 3000 904 3056 Deinde
953 3000 1129 3056 etiam
1181 3000 1236 3055 in
1297 2999 1405 3055 hoc
1443 3012 1682 3070 corpore
1712 2994 1841 3052 sitis

1931 538 2101 586 eram,
2152 529 2203 577 et
2238 523 2532 593 collegistis
2585 540 2739 579 me...
2775 523 2925 592 Quod
2952 525 3103 579 enim
3131 526 3232 579 uni
3255 525 3450 581 horum
3475 525 3583 581 mi-

1930 612 2209 665 nimarum
2253 612 2478 682 fecistis,
2533 613 2675 667 mihi
2704 613 2929 684 fecistis
2983 613 3202 685 (Matth.
3271 630 3404 679 xxv,
3436 612 3507 668 35
3535 619 3587 670 et

1933 698 2041 768 40).
2077 698 2259 754 Unius
2290 699 2444 754 horae
2476 698 2729 771 hospitio
2789 700 2966 755 vidua
3016 699 3117 755 illa
3157 717 3285 774 quia
3315 701 3575 770 suscepit

1937 787 2090 844 296
2129 786 2311 842 Eliam
2344 791 2400 842 et
2443 786 2652 859 exiguo
2701 788 2827 843 cibo
2857 787 3034 860 pavit,
3078 793 3423 861 perpetuum
3459 792 3583 844 toto

1934 876 2195 945 tempore
2242 873 2414 928 famis
2467 870 2687 929 invenit
2733 874 3101 942 alimentum,
3152 881 3207 931 et
3256 876 3584 933 mercedem

1935 962 2158 1035 accepit
2188 962 2536 1031 mirabilem,
2575 965 2635 1017 ut
2663 976 2969 1035 nunquam
3019 964 3089 1019 de
3137 964 3348 1037 hydria
3398 965 3587 1021 farina

1935 1051 2225 1106 deficeret.
2267 1049 2511 1107 Elisaeus
2559 1068 2791 1124 quoque
2840 1052 3095 1108 defuncti
3129 1053 3390 1126 pignoris
3423 1070 3584 1109 resu-

1936 1138 2239 1195 scitatione
2271 1139 2503 1208 donata,
2537 1139 2707 1195 solvit
2738 1138 2974 1213 hospitii
3006 1141 3365 1213 pensionem.

2007 1228 2093 1282 36.
2128 1228 2249 1282 Non
2304 1227 2428 1283 sola
2474 1233 2667 1284 tamen
2723 1227 2974 1285 facilitas
3022 1230 3428 1301 susceptionis,
3482 1231 3584 1285 sed

1936 1316 2109 1371 etiam
2160 1314 2440 1373 sedulitas
2488 1316 2865 1390 suscipientis
2913 1320 2970 1374 et
3008 1319 3251 1375 affectus
3283 1318 3585 1391 quaeritur.

1938 1405 2261 1476 Utrumque
2282 1408 2338 1459 te
2372 1405 2662 1461 Abraham
2696 1406 2881 1463 docet.
2916 1406 3189 1463 Cucurrit
3219 1408 3473 1474 obviam,
3501 1423 3587 1463 ro-

1939 1493 2095 1566 gavit
2140 1493 2299 1565 prior
2349 1492 2587 1550 dicens:
2621 1494 2864 1562 Domine,
2894 1496 2944 1551 si
2974 1497 3160 1551 inveni
3194 1497 3435 1567 gratiam
3464 1500 3591 1552 ante

1938 1587 2007 1648 te,
2038 1597 2107 1637 ne
2161 1583 2501 1654 praeterieris
2556 1599 2773 1639 servum
2831 1587 3025 1639 tuum:
3067 1592 3316 1641 sumatur
3344 1588 3506 1657 aqua,
3538 1588 3588 1641 et

1939 1671 2191 1726 laventur
2245 1668 2408 1742 pedes
2454 1672 2642 1737 vestri,
2700 1675 2752 1726 et
2802 1673 3123 1743 refrigerata
3149 1673 3247 1728 sub
3276 1675 3508 1730 arbore:
3538 1678 3590 1730 et

1937 1776 2154 1815 sumam
2204 1775 2426 1830 panem,
2482 1763 2533 1815 et
2588 1759 2938 1826 manducate,
2982 1762 3033 1816 et
3084 1766 3205 1833 post
3258 1761 3376 1819 haec
3402 1752 3589 1817 trans-

1938 1850 2105 1911 ictis;
2148 1856 2368 1919 propter
2417 1849 2557 1920 quod
2599 1848 2913 1904 declinastis
2963 1849 3034 1905 ad
3081 1865 3299 1906 servum
3350 1858 3590 1906 vestrum

1939 1937 2091 2009 (Gen.
2124 1953 2286 2006 xvm,
2344 1936 2478 2004 3—5).
2541 1938 2683 1993 Tres
2736 1935 2905 2004 vidit,
2936 1943 2992 1994 et
3053 1954 3236 1994 unum
3270 1939 3587 1995 Dominum

1940 2024 2272 2099 appellavit,
2304 2024 2492 2096 ipsius
2532 2024 2716 2081 solius
2742 2042 2803 2082 se
2836 2042 3069 2082 servum
3102 2026 3333 2083 fatetur.
3369 2026 3589 2084 Deinde

1939 2129 2252 2170 conversus
2304 2114 2375 2169 ad
2423 2114 2570 2170 duos
2621 2130 2769 2186 quos
2819 2115 3119 2171 ministros
3169 2114 3585 2185 arbitrabatur,

1940 2202 2117 2257 etiam
2148 2199 2292 2275 ipsis
2323 2201 2544 2258 deferre
2565 2202 2738 2275 gestit
2760 2202 3127 2275 obsequium,
3154 2204 3282 2275 jam
3315 2220 3429 2260 non
3456 2205 3591 2276 jure

1942 2291 2133 2346 debito
2165 2290 2462 2346 servitutis
2491 2291 2846 2357 obstructus,
2888 2292 2987 2348 sed
3020 2292 3233 2348 blando
3264 2292 3593 2350 sedulitatis

1944 2379 2180 2435 nomine
2211 2395 2445 2450 usuque
2475 2378 2817 2436 famulatus.

2014 2468 2104 2526 37..
2139 2467 2201 2522 Et
2257 2466 2545 2539 festinavit
2604 2468 2884 2523 Abraham
2939 2471 2996 2524 in
3047 2467 3466 2527 tabernaculum
3523 2470 3594 2527 ad

1944 2555 2164 2621 Suram,
2198 2563 2249 2611 et
2288 2555 2433 2610 dixit
2488 2557 2542 2611 ei
2560 2573 2571 2610 :
2624 2557 2842 2612 Festina
2895 2562 2947 2613 et
3003 2574 3289 2631 consperge
3316 2568 3423 2621 tres
3439 2575 3593 2616 men-

1945 2660 2106 2699 suras
2151 2644 2504 2715 similaginis,
2554 2648 2606 2699 et
2651 2649 2741 2715 [ac
2786 2647 3154 2703 subcinericia
3192 2647 3350 2718 (Ibid.
3383 2648 3459 2719 6).
3488 2647 3593 2703 Bo-

1949 2749 2060 2788 nus
2090 2732 2338 2787 maritus
2368 2737 2655 2789 exsortem
2704 2732 2964 2806 religiosi
2995 2735 3257 2791 muneris
3300 2751 3427 2794 esse
3472 2751 3589 2792 non

1948 2822 2170 2895 patitur
2190 2837 2449 2885 uxorem,
2491 2837 2596 2877 nec
2628 2838 2794 2878 avare
2814 2822 2925 2878 sibi
2958 2827 3146 2880 totum
3178 2839 3397 2881 manus
3417 2839 3590 2881 usur-

1949 2915 2066 2984 pat.
2110 2911 2278 2966 Recte
2323 2909 2504 2982 igitur
2548 2913 2606 2968 et
2658 2911 2892 2983 pietatis
2941 2915 2998 2967 et
3026 2913 3382 2968 verecundize
3412 2930 3591 2970 causa
3686 2922 3689 2925 ‘

1950 3002 2232 3056 servatur.
2284 2998 2444 3065 Quod
2497 2998 2731 3072 pietatis
2759 3002 2868 3069 est,
2921 2999 3046 3056 vult
3074 3016 3200 3057 esse
3229 3016 3545 3061 commune
3576 3020 3590 3058 :

214 3090 541 3163 plerumque
564 3089 834 3159 oboritur
862 3088 1269 3161 peregrinandi
1310 3086 1647 3142 necessitas.
1680 3084 1840 3150 Quod
1878 3157 1909 3163 _
1950 3089 2103 3161 quod
2139 3088 2381 3159 pudoris
2408 3090 2518 3155 est,
2548 3087 2841 3159 integrum
2893 3092 3091 3145 manet
3128 3090 3303 3146 Sarra.
3335 3091 3480 3146 Ante
3508 3093 3596 3146 ta-

212 3157 335 3252 ergo
384 3157 512 3234 aliis
559 3157 881 3250 negaveris,
943 3157 1102 3232 idvin
1142 3180 1197 3231 te
1249 3176 1373 3248 ipse
1433 3173 1734 3230 decernis:
1783 3174 1840 3228 et
1869 3157 1911 3222 Ο
1949 3157 2328 3233 bernaculum
2358 3176 2447 3231 vir
2465 3157 2766 3249 hospitum
2798 3175 3060 3248 explorat
3088 3178 3409 3235 adventus:
3441 3177 3600 3235 intra

211 3268 354 3338 quod
402 3267 531 3323 aliis
581 3260 879 3332 detuleris,
913 3269 1054 3322 eote
1075 3265 1251 3321 facies
1281 3264 1526 3337 dignum
1551 3262 1751 3318 videri.
1785 3260 1845 3316 Si

212 3372 405 3413 omnes
434 3372 564 3413 eam
615 3353 966 3412 sententiam
1023 3370 1135 3409 non
1189 3352 1544 3425 suscipiendi
1589 3350 1849 3422 hospites

211 3449 544 3517 sequantur,
580 3443 679 3499 ubi
738 3442 847 3499 erit
895 3441 1127 3513 requies
1156 3438 1707 3514 peregrinantibus?
1739 3439 1848 3494 Re-

210 3532 355 3589 lictis
388 3534 565 3607 igitur
608 3532 887 3588 humanis
930 3530 1307 3597 habitaculis,
1351 3529 1721 3601 captabimus
1759 3546 1849 3586 se-

211 3638 408 3679 cessus
436 3624 713 3689 ferarum,
749 3620 1067 3675 bestiarum
1098 3618 1333 3675 cubilia.

274 3711 364 3765 35.
398 3711 506 3767 Sed
539 3709 880 3783 pauperiem
916 3707 1251 3780 praetendis.
1285 3708 1409 3762 Non
1438 3723 1576 3779 opes
1605 3724 1637 3762 a
1668 3711 1722 3762 te
1752 3707 1853 3763 ho-

212 3814 341 3870 spes
398 3797 661 3871 requirit,
720 3797 822 3853 sed
881 3796 1170 3869 gratiam;
1214 3813 1327 3852 non
1360 3801 1632 3852 ornatum
1665 3795 1854 3852 convio

210 3886 390 3953 vium,
419 3889 519 3944 sed
551 3886 749 3942 cibum
782 3886 1039 3942 obvium.
1080 3885 1268 3941 Melior
1295 3888 1393 3951 est,
1427 3885 1636 3956 inquit,
1667 3886 1854 3957 hospi-

210 3976 392 4031 talitas
416 3994 538 4032 cum
589 3977 830 4031 oleribus
884 3974 954 4029 ad
982 3975 1290 4030 amicitiam
1317 3978 1366 4029 et
1396 3977 1657 4044 gratiam,
1690 3988 1855 4045 quam

209 4065 258 4116 si
283 4066 478 4121 vitulos
506 4064 719 4134 occidas
745 4063 816 4119 ad
859 4065 1127 4135 presepia
1170 4078 1296 4117 cum
1322 4063 1640 4119 inimicitiis
1670 4063 1851 4134 (Prov.

211 4167 300 4219 xv,
350 4155 459 4222 l7).
512 4153 644 4208 Haec
688 4158 854 4226 grata
902 4150 1246 4207 hominibus
1306 4154 1362 4205 et
1430 4155 1667 4222 accepta
1715 4151 1852 4206 Deo.

211 4237 368 4296 Unde
404 4242 685 4297 Dominus
732 4240 905 4296 Jesus
952 4240 1012 4294 in
1062 4238 1370 4311 Evangelio
1417 4239 1631 4308 (Matth.
1677 4256 1734 4305 x,
1767 4238 1857 4310 42)

211 4343 343 4384 eum
357 4330 694 4402 quicunque
715 4328 939 4385 dederit
954 4327 1171 4400 hospiti
1194 4329 1398 4401 potum
1420 4344 1586 4399 aquae
1608 4326 1854 4400 frigidae,

209 4418 533 4475 cmlestium
587 4417 795 4474 asserit
820 4416 1193 4489 prmmiorum
1232 4432 1345 4471 non
1379 4419 1665 4472 exsortem
1699 4416 1855 4470 futu-

1954 3265 2394 3322 tabernaculum
2423 3265 2567 3321 Sara
2609 3269 2807 3323 tuetur
2828 3266 3055 3322 feminae
3082 3267 3515 3332 verecundiam,
3544 3270 3603 3323 et

1956 3371 2133 3427 opera
2155 3353 2467 3410 muliebria
2499 3357 2626 3409 tuto
2646 3358 2870 3410 exercet
2890 3355 3132 3427 pudore.
3162 3354 3323 3412 Foris
3354 3355 3603 3421 maritus

1957 3442 2183 3509 invitat,
2214 3441 2375 3497 intus
2424 3442 2566 3499 Sara
2611 3443 2938 3498 convivium
2968 3443 3234 3501 adornat.
3267 3443 3383 3501 Nec
3411 3442 3603 3505 solum

1958 3530 2344 3605 ipsefestinat
2363 3530 2678 3596 Abraham,
2711 3532 2811 3586 scd
2835 3531 3010 3587 etiam
3036 3532 3435 3590 festinandum
3461 3531 3610 3588 dixit

1961 3619 2148 3687 uxori,
2178 3618 2397 3675 sociam
2438 3617 2759 3674 devotionis
2813 3620 3152 3688 ostendens,
3204 3637 3310 3676 nec
3341 3621 3455 3677 fide
3484 3618 3609 3676 dis-

1961 3724 2181 3782 parem.
2273 3698 2285 3714 ’

2029 3797 2119 3853 38.
2150 3796 2468 3867 Consperge,
2517 3795 2730 3867 inquit,
2771 3803 2878 3852 tres
2924 3812 3208 3854 mensuras
3249 3798 3606 3868 similaginis,

1959 3889 2012 3942 et
2056 3887 2145 3957 fac
2189 3885 2579 3942 subvinericia.
2639 3883 2835 3940 Graece
2865 3892 3100 3957 ἐγιρύφια
3149 3886 3447 3952 dicuntur,
3499 3884 3645 3961 hoc

1961 3978 2050 4031 est
2079 3974 2455 4042 abscondita;
2489 3990 2553 4029 eo
2592 3974 2748 4045 quod
2798 3972 2974 4029 latere
3030 3973 3235 4029 debeat
3271 3987 3445 4029 omne
3475 3989 3606 4044 my-

1962 4062 2203 4119 sterium
2238 4066 2294 4117 et
2327 4062 2492 4134 quasi
2550 4062 2757 4134 operiri
2800 4062 2913 4117 fido
2944 4060 3178 4117 silentio
3204 4062 3342 4134 (42),
3374 4079 3445 4118 ne
3477 4077 3610 4135 pro-

1962 4151 2115 4207 fanis
2161 4156 2380 4207 temere
2405 4148 2738 4222 divulgetur
2766 4151 3029 4207 auribus.
3081 4150 3198 4207 Hoc
3229 4150 3489 4223 pascitur
3517 4149 3610 4205 di-

1961 4240 2097 4295 vina
2125 4240 2426 4311 majestas,
2448 4237 2605 4294 hunc
2637 4237 2909 4311 epulatur
2939 4240 3235 4305 affectum,
3267 4239 3367 4311 qui
3397 4254 3611 4312 parcus

1961 4327 2238 4400 loquendi
2278 4327 2373 4394 sit,
2409 4344 2514 4383 nec
2553 4344 2720 4383 sacra
2759 4327 2817 4382 in
2868 4327 3127 4384 medium
3160 4329 3325 4384 ferat.
3362 4327 3619 4384 Breviter

1964 4422 2163 4474 autem
2193 4415 2323 4471 ﬁdei
2356 4415 2699 4488 mysterium
2740 4416 2906 4470 docet
2931 4416 3093 4483 Sara,
3123 4416 3300 4472 unius
3331 4416 3616 4489 similagi-

212 4521 363 4562 rum.
390 4506 645 4579 Denique
674 4506 857 4561 Jacob
880 4521 1014 4561 oves
1037 4504 1351 4576 adaquavit
1373 4503 1608 4571 Rachel,
1642 4507 1697 4560 et
1726 4520 1855 4576 gra-
1891 4522 1939 4587 D
1971 4507 2063 4562 nis
2078 4510 2198 4561 tres
2219 4520 2527 4560 mensuras
2552 4503 2793 4574 faciens,
2826 4520 2953 4575 quae
2984 4508 3192 4578 typum
3213 4502 3619 4587 Ecclesiaaiha-

211 4593 355 4650 tiam
391 4595 624 4669 reperit,
658 4598 718 4651 et
746 4610 983 4650 uxorem
1017 4592 1346 4665 acquisivit.
1382 4592 1596 4649 Deinde
1615 4592 1716 4663 qui
1748 4592 1865 4648 scis

210 4695 285 4735 an
308 4683 491 4739 Deum
517 4682 832 4755 suspicias,
855 4699 990 4738 cum
1015 4681 1306 4754 hospitem
1330 4684 1504 4753 putas
1524 4680 1552 4735 ‘l
1571 4680 1866 4737 Abraham

209 4767 353 4826 dum
384 4770 892 4843 peregrinantibus
915 4769 1101 4826 defert
1116 4769 1456 4841 hospitium,
1484 4768 1668 4826 Deum
1691 4773 1867 4840 atque

211 4858 453 4931 angelos
501 4861 632 4932 ejus
686 4858 940 4931 hospitio
992 4858 1291 4930 suscepit:
1334 4859 1606 4930 quamvis
1647 4862 1869 4915 etcum

211 4943 505 5019 hospitem
538 4947 818 5021 suscipis,
851 4946 1142 5019 suscipias
1166 4951 1371 5013 Deum,
1402 4947 1556 5002 sicut
1585 4946 1867 5019 scriptum

284 5097 403 5169 (40)
432 5098 559 5155 Vet.
608 5097 748 5154 edit.
795 5098 852 5153 et
911 5094 1177 5169 quedam
1227 5096 1409 5152 Paris.
1481 5097 1871 5169 cumhpaucis

213 5167 394 5237 11333.,
438 5173 531 5225 cui
560 5171 702 5227 Deus
731 5167 955 5240 refulsit
983 5170 1041 5225 in
1090 5169 1375 5233 Trinitate,
1425 5174 1535 5224 etc.
1570 5167 1707 5223 Alia:
1739 5185 1871 5225 vero

214 5241 683 5368 mséﬁpelturee
714 5241 1107 5313 potioresque,
1134 5241 1226 5295 cui
1256 5240 1395 5294 Deus
1417 5240 1666 5310 refulget,
1702 5240 1875 5295 Trini-

214 5313 386 5367 tatem
418 5313 580 5367 videt.

283 5384 406 5455 (41)
447 5382 598 5455 Edit.
650 5381 785 5438 Gill.
816 5397 883 5437 ac
914 5381 1106 5449 Rom.,
1131 5383 1246 5437 nisi
1265 5383 1715 5455 etiam‘matures.
1742 5384 1871 5438 Am.

215 5451 442 5525 autem,
476 5454 607 5509 Era.
646 5458 714 5515 .et
740 5469 886 5525 mss.
941 5454 1331 5525 omnes,_nisi
1376 5451 1541 5525 etiam
1569 5456 1872 5525 maturare,

214 5526 313 5599 ubi
346 5524 613 5599 ellipsim
642 5524 806 5599 verbi
833 5525 1066 5599 coneris,
1114 5522 1201 5578 vel
1232 5521 1473 5599 alterius
1509 5520 1871 5599 hujusmodi,

210 5595 301 5655 vel
332 5594 490 5656 forte
520 5596 700 5654 etiam
746 5594 1122 5654 librariorum
1172 5597 1473 5669 peccatum
1513 5609 1641 5652 esse
1669 5594 1872 5654 dicen-

543 5723 807 5792 Ριτιοι.
855 5721 1016 5792 XIV.

1974 4596 2090 4661 bet,
2137 4593 2229 4650 cui
2259 4592 2511 4648 dicitur:
2546 4592 2774 4663 Laetare,
2818 4594 3045 4660 sterilis,
3096 4609 3222 4666 quae
3265 4611 3375 4651 non
3412 4586 3573 4667 paris
3600 4612 3619 4650 :

1974 4699 2197 4755 erumpe
2242 4690 2293 4737 et
2343 4681 2541 4747 clama,
2585 4696 2703 4752 qua
2751 4697 2862 4738 non
2906 4684 3154 4753 periuris
3198 4684 3335 4755 (Isa.
3376 4700 3485 4753 LIV,
3543 4682 3617 4752 1).

1974 4772 2105 4827 Haec
2136 4774 2226 4827 est
2279 4768 2435 4824 enim
2496 4785 2623 4841 quae
2678 4769 2889 4827 intimo
2948 4771 3124 4827 fidem
3180 4772 3389 4844 spiritu
3448 4771 3618 4836 fovet,

1977 4861 2243 4933 ejusdem
2278 4857 2602 4914 divinitatis
2624 4874 2894 4916 asserens
2915 4860 3284 4928 Trinitatem,
3319 4858 3443 4930 pari
3469 4874 3620 4929 qua-

1977 4950 2113 5006 dam
2145 4961 2425 5002 mensura
2443 4944 2557 5017 (43)
2583 4950 2756 5017 atque
2777 4946 3101 5002 reverentia
3122 4946 3368 5013 Patrem,
3388 4942 3624 4999 Filium-

1979 5101 2120 5156 dum
2163 5101 2271 5155 est.

2050 5171 2164 5242 (42)
2194 5171 2278 5225 ita
2307 5185 2449 5242 mss.
2482 5167 2978 5242 septem._Unieu_s
2997 5170 3214 5242 autem,
3240 5170 3431 5238 atque
3459 5167 3624 5242 edit"

1980 5238 2107 5312 ﬁdei
2134 5238 2375 5296 silentio.
2431 5238 2616 5312 Forte,
2669 5239 2849 5312 ﬁdeli
2872 5238 3185 5312 silentiout
3211 5241 3301 5293 est
3328 5238 3482 5312 apud
3514 5238 3626 5295 Ho-

1981 5307 2195 5369 ratium
2226 5312 2298 5366 de
2328 5311 2511 5367 sacris
2542 5309 2765 5365 Cereris
2790 5307 3073 5363 Eleusinae
3102 5307 3203 5364 lib.
3236 5326 3323 5377 III,
3362 5307 3471 5366 ode
3498 5316 3552 5366 2.

2054 5384 2164 5454 (43)
2195 5382 2411 5454 omnes
2465 5380 2602 5454 edit.
2654 5395 2721 5454 ac
2768 5379 3098 5454 duo_mss.,
3144 5382 3267 5454 lisse
3310 5384 3461 5436 enim
3500 5396 3627 5453 quae

1982 5449 2178 5511 intimo
2222 5453 2381 5523 Mem
2434 5451 2651 5523 spiritu,
2685 5451 2829 5523 fovet
2853 5449 3092 5523 ejusdem
3136 5451 3447 5508 divinitatis
3481 5449 3626 5509 asse-

1980 5542 2107 5585 rens
2162 5519 2497 5588 Trinitatem,
2523 5522 2653 5592 pari
2680 5519 2980 5592 quadam...
3002 5522 3123 5579 hac.
3150 5524 3290 5586 Am.,
3320 5524 3432 5581 haec
3471 5524 3627 5581 devo-

1983 5600 2251 5658 tionem...
2315 5590 2649 5669 conspergit.
2690 5590 2831 5650 ’Alii
2879 5609 3023 5653 mss.
3065 5593 3325 5653 melioris
3368 5599 3517 5655 notae
3565 5599 3630 5655 ut

3230 5722 3303 5789 lli
