4166 6154
433 139 562 201 ⁸459

1898 139 1964 199 S.
2013 137 2386 200 AMBROSII

3731 143 3839 204 460

442 289 576 344 que,
607 275 664 327 et
713 275 982 327 sanctum
1035 272 1285 328 adorans
1316 271 1622 343 Spiritum,
1667 274 1718 324 et
1757 271 2081 341 nmjnztntis
2114 273 2164 336 Α
2197 276 2288 324 tus
2343 271 2531 342 pudor
2578 285 2705 326 esse
2761 271 2970 328 debeat
3025 269 3400 338 feminarum,
3477 288 3550 327 ne
3609 275 3836 343 procaci

440 360 664 416 unitate.
701 358 1134 426 concelebraris,
1188 374 1686 433 personarumque
1731 359 2082 432 proprietate

437 447 827 521 distinguens,
873 449 982 504 hac
1015 449 1376 505 devotionem
1407 451 1572 503 tuam
1605 447 1738 503 fidei
1765 446 2083 503 assertione

437 551 775 610 consperge.

505 671 596 726 39.
631 671 842 728 Mulier
861 670 1253 742 similaginem
1280 671 1504 739 offerat,
1539 671 1647 726 hoc
1669 675 1778 737 est,
1809 669 2086 726 interiora

435 758 718 832 spiritalis
767 760 1040 816 frumenti
1084 757 1170 814 vel
1218 759 1386 831 grani
1422 758 1580 815 illius
1611 759 1682 814 de
1712 775 1827 831 quo
1857 759 2078 814 dictum

437 853 548 916 est,
586 848 740 920 quod
774 848 884 902 nisi
915 847 974 901 in
1007 852 1220 902 terram
1249 847 1542 912 ceciderit,
1576 847 1802 902 nullum
1829 847 2081 902 fructum

438 938 658 992 all'erat.
692 935 855 991 Unde
885 940 942 991 et
962 935 1151 1007 prima
1169 936 1312 991 vidit
1341 937 1524 992 Maria
1546 936 1858 992 Dominicas
1889 954 2081 992 resur-

437 1024 710 1080 rectionis
742 1026 1108 1096 mysterium,
1141 1030 1198 1079 et
1229 1024 1523 1080 festinavit
1561 1042 1674 1079 non
1707 1025 1924 1096 passim
1957 1042 2082 1079 om-

437 1113 632 1180 nibus,
667 1113 768 1168 sed
817 1111 961 1168 solis
991 1117 1158 1168 Petro
1189 1118 1245 1168 et
1279 1113 1536 1168 Johanni
1591 1114 1862 1169 intimare
1907 1131 2081 1168 sacrae

436 1201 646 1258 salutis
694 1201 988 1256 nuntium.
1017 1201 1118 1255 Vir
1146 1208 1342 1256 currat
1364 1203 1508 1258 297
1561 1202 1631 1256 ad
1662 1203 1856 1268 boves,
1890 1208 2085 1257 sumat

437 1289 710 1358 vitulum,
742 1293 800 1346 et
829 1295 1264 1344 sacramentum
1296 1289 1612 1344 Dominicm
1644 1289 1937 1360 passionis
1969 1295 2082 1346 tes-

437 1379 622 1434 tinato
656 1378 903 1448 impiger
932 1377 1150 1445 studio,
1187 1394 1301 1432 non
1334 1377 1488 1432 lento
1519 1378 1634 1434 otio
1676 1380 1958 1434 remissus
1987 1396 2081 1434 ac-

440 1469 634 1540 cipiat,
668 1469 860 1522 tradat
887 1465 1026 1520 illud
1083 1482 1264 1537 puero
1316 1467 1413 1536 qui
1447 1467 1839 1522 innocentiam
1873 1471 2080 1522 tenera:

439 1563 626 1613 servet
656 1555 862 1620 aetatis,
897 1554 1095 1610 dolum
1129 1554 1368 1620 nesciat,
1425 1555 1660 1610 referire
1693 1573 1806 1610 non
1839 1556 2078 1622 noverit,

440 1645 758 1716 incorrupti
787 1643 1045 1715 corporis
1077 1642 1486 1698 castimoniam
1519 1643 1828 1699 custodiat.
1861 1645 1940 1699 De
1972 1661 2087 1716 quo
2121 1637 2166 1700 Β

441 1735 523 1788 ait
549 1734 830 1788 Dominus
857 1733 1071 1786 Jesus:
1105 1731 1226 1786 Nisi
1247 1734 1494 1786 conversi
1522 1734 1766 1802 fueritis,
1799 1738 1851 1787 et
1881 1734 2087 1804 efﬁcia-

439 1823 584 1876 mini
610 1823 750 1876 sicut
774 1837 915 1892 puer
943 1823 1061 1886 istc,
1112 1837 1220 1875 non
1268 1822 1552 1888 intrabitis
1588 1823 1646 1874 in
1678 1837 1902 1890 regnum
1929 1823 2088 1876 creto-

440 1928 565 1966 riim
595 1908 801 1978 (Matth.
833 1924 992 1977 XVIII,
1024 1911 1099 1979 3).
1133 1909 1276 1963 lluic
1310 1927 1487 1980 puero
1517 1914 1574 1964 et
1621 1909 1916 1964 similibus
1961 1911 2089 1981 ejus

439 1999 616 2054 etiam
649 2003 885 2053 sanctus
929 1997 1108 2052 David
1139 1997 1345 2051 divinae
1398 1997 1750 2052 laudationis
1787 1997 2090 2070 dispensat

439 2087 720 2151 ol‘ticium,
770 2086 1006 2142 dicens:
1059 2085 1316 2152 Laudate,
1345 2088 1532 2156 pueri,
1585 2087 1876 2142 Dominum
1913 2089 2085 2157 (Psal.

440 2193 572 2242 CXII,
607 2177 678 2246 1).

511 2308 598 2361 40.
631 2307 744 2362 Nec
800 2306 942 2362 illud
979 2307 1256 2372 otiosum,
1313 2307 1465 2377 quod
1499 2307 1757 2362 cucurrit
1789 2308 1854 2361 ad
1889 2307 2084 2376 boves,

442 2401 706 2452 tenerum
737 2395 983 2450 vitulum
1019 2401 1073 2449 et
1113 2397 1332 2451 bonum
1374 2395 1649 2468 sumpsit,
1687 2399 1743 2450 et
1775 2412 1906 2451 cum
1941 2395 2088 2452 lacte

439 2485 729 2558 apposuit.
760 2484 1021 2556 Denique
1045 2490 1102 2538 et
1151 2484 1207 2538 in
1239 2484 1432 2538 Exodo
1455 2501 1586 2539 cum
1613 2484 1826 2556 pascha
1857 2484 2087 2539 Domini

441 2572 778 2640 declararet,
803 2573 883 2626 ait
905 2573 1131 2644 Moyses
1154 2588 1166 2626 :
1203 2573 1383 2642 Agnus
1411 2575 1532 2628 sine
1560 2573 1796 2638 macula,
1829 2572 2084 2638 mundus,

437 2669 859 2727 consummatus,
923 2662 1239 2726 anniculus,
1310 2661 1579 2716 masculus
1648 2662 1754 2715 erit
1821 2661 1968 2716 vobis
2022 2661 2090 2716 ab

439 2752 628 2806 ovibus
657 2758 707 2806 et
735 2749 904 2804 haedis
935 2750 1068 2820 (44).
1103 2750 1340 2804 Sumetis
1367 2757 1418 2804 et
1449 2747 1716 2814 occidetis,
1749 2748 1959 2820 inquit,
2012 2751 2086 2804 il-

441 2839 558 2893 lum
603 2841 714 2892 tota
760 2837 1054 2892 multitudo
1099 2851 1386 2908 synagogas
1439 2836 1509 2890 ad
1566 2852 1846 2906 vesperum
1895 2837 2084 2907 (Exod.

439 2943 537 2993 xu,
567 2927 622 2990 5,
654 2927 731 2997 6).
782 2924 944 2980 Unde
997 2929 1055 2979 et
1096 2925 1189 2978 hic
1241 2924 1515 2979 meridies
1559 2940 1686 2979 esse
1716 2925 2087 2991 describitur,

2191 374 2438 414 occursu
2490 359 2790 432 hospitum
2839 360 2899 416 in
2959 377 3020 416 se
3062 359 3264 416 oculos
3311 359 3632 427 inflectunt,
3680 361 3835 419 salva

2191 447 2537 504 verecundia
2563 448 2954 504 ministerium
2988 466 3164 504 suum
3192 455 3516 505 exerceant.
3549 449 3838 507 Abraham

2192 552 2424 608 quoque
2457 537 2699 592 auribus
2729 537 2849 594 tuis
2877 537 3090 610 ingerit
3119 538 3177 592 in
3218 537 3593 594 tabernaculo
3632 539 3834 595 Saram

2191 624 2419 696 degere,
2455 629 2519 680 ut
2549 625 2744 680 discas
2776 625 2916 697 quid
2949 626 3021 681 ab
3055 642 3229 680 uxore
3259 625 3477 698 exigas.
3511 626 3840 683 Provectio-

2194 726 2252 765 re
2283 716 2448 766 astate
2469 713 2596 782 jam
2618 711 3090 782 Sarajuvenilem
3123 711 3378 767 custodit
3405 712 3834 781 verecundiam,

2191 799 2321 854 ideo
2388 800 2672 856 Dominus
2738 801 3054 873 spopondit
3115 801 3166 856 ei
3234 799 3440 856 filium.
3505 803 3840 873 Defeceraat,

2193 888 2404 958 inquit,
2449 889 2606 945 Sara:
2641 889 2766 958 ﬁeri
2794 891 3090 945 muliebria
3122 889 3306 961 (Ibid.,
3348 890 3456 960 Η).
3499 891 3625 946 Non
3660 891 3839 948 otiose

2191 976 2482 1044 additum,
2515 994 2588 1032 ne
2638 983 2874 1050 putares
2909 979 3168 1033 feminea:
3202 977 3391 1033 adhuc
3425 977 3836 1050 possibilitatis

2191 1065 2396 1130 fuisse,
2431 1070 2495 1119 ut
2526 1073 2774 1138 pareret.

2262 1155 2348 1208 43.
2387 1156 2520 1209 Risit
2569 1163 2748 1210 autem
2797 1155 2937 1210 Sara
2984 1154 3166 1226 (Ibirl.,
3223 1154 3328 1226 l6).
3362 1156 3522 1220 Quod
3554 1156 3834 1212 indicium

2194 1242 2372 1296 futuri
2411 1243 2618 1314 magis,
2670 1260 2846 1315 quam
2896 1242 3326 1300 incredulitatis
3369 1245 3640 1300 arbitror.
3695 1245 3841 1302 Risit

2191 1331 2370 1392 enim,
2417 1329 2551 1386 licet
2599 1331 2790 1386 adhuc
2858 1333 3126 1387 nesciens
3185 1332 3322 1404 quid
3382 1333 3618 1398 rideret,
3685 1335 3841 1407 quod

2193 1420 2486 1490 publicum
2539 1425 2692 1475 esset
2739 1421 2797 1475 in
2867 1421 3026 1476 Isaac
3067 1420 3326 1493 paritura
3371 1420 3653 1478 laetitiam.
3708 1424 3838 1480 Ideo

2193 1508 2420 1579 negavit
2449 1525 2507 1563 se
2540 1508 2761 1574 risisse,
2795 1508 2934 1580 quia
2980 1507 3308 1581 ignoravit:
3356 1509 3483 1566 ideo
3514 1511 3664 1578 risit,
3700 1512 3837 1584 quia

2196 1597 2579 1670 prephetavit.

2751 1687 2903 1743 298
2944 1686 3178 1742 CAPUT
3219 1688 3312 1742 Vl.

2199 1775 2548 1849 So'lomormn
2599 1775 2877 1849 excidium
2914 1775 3162 1849 ΔΑὸνιιὴέε
3200 1777 3541 1846 ρνίεάίσίιιιν,
3571 1778 3842 1849 ρνιῖιάίοα-

2269 1857 2462 1916 lin-que
2510 1847 2699 1920 divina
2721 1848 2798 1920 in.
2845 1847 3146 1920 tolerandis
3173 1849 3540 1920 peccatoribus
3571 1847 3635 1904 ac
3656 1865 3842 1920 pecca-

2273 1920 2341 1970 tis
2364 1917 2751 1971 exanu'namlis
2779 1926 2830 1971 et
2863 1917 3232 1972 condonandis
3259 1919 3616 1988 indulgentia.
3651 1917 3847 1988 Angeli

2271 2005 2486 2061 t'csperc
2517 1989 2866 2061 adigentantes
2912 1989 3056 2060 apud
3085 1989 3182 2061 ιρι
3212 1988 3574 2061 hospitantur.
3606 1993 3849 2046 Immani

2269 2060 2466 2113 scelere
2517 2059 2915 2114 Sedomitarum
2946 2059 3332 2114 immutantur
3381 2062 3612 2130 ﬂagitia.
3684 2062 3847 2118 Obla-

2268 2131 2338 2184 tis
2373 2130 2589 2184 ﬁliabus
2635 2139 2864 2184 conatur
2921 2131 3013 2184 Lot
3060 2146 3250 2186 eorum
3295 2135 3537 2202 furorem
3564 2134 3841 2203 mitigare,

2268 2217 2398 2271 quos
2426 2203 2612 2268 angeli
2647 2203 2886 2256 caecitate
2931 2205 3266 2272 percutiunt.
3323 2204 3467 2259 Idem
3497 2205 3595 2258 Lot
3631 2205 3845 2272 generis

2268 2274 2426 2346 sequi
2445 2272 2838 2337 recusantibus,
2858 2272 3154 2346 prohibitis
3172 2289 3241 2328 ne
3259 2283 3402 2329 retro
3424 2276 3696 2346 respiciat,
3720 2273 3848 2329 edu-

2270 2345 2432 2418 Qitur,
2463 2346 2513 2396 et
2543 2359 2650 2418 qua
2683 2342 2995 2418 rationead
3025 2359 3124 2399 nos
3153 2359 3358 2415 quoque
3391 2342 3532 2400 illud
3550 2348 3847 2418 pertineat.

2269 2412 2798 2488 Excusato’dmmni
2847 2412 3104 2488 ﬁliarum
3146 2412 3280 2470 cuni
3335 2412 3564 2488 parente
3618 2419 3846 2484 incestu,

2270 2487 2550 2538 (’Ll'ti’lttfis
2583 2488 2728 2539 mata
2758 2486 3161 2541 describuntur.

2272 2577 2358 2628 44.
2445 2576 2804 2643 Exsurgrntes
2886 2584 3068 2628 autem
3155 2576 3262 2630 viri
3325 2580 3725 2648 conspexerunt
3789 2578 3849 2630 in

2197 2664 2395 2733 faciem
2463 2661 2708 2718 Sodoma?
2773 2671 2823 2717 et
2883 2663 3192 2720 Gomorrhae
3258 2665 3440 2735 (Ibid.,
3509 2665 3622 2734 46).
3689 2664 3857 2720 Sicut

2199 2751 2454 2805 visitatio
2507 2751 2738 2805 Domini
2789 2751 3134 2808 timentibus
3185 2751 3511 2818 exhibetur,
3561 2753 3642 2808 ita
3671 2753 3853 2809 etiam

2199 2839 2398 2910 impiis
2428 2855 2597 2910 poena
2629 2838 2846 2911 peccati
2905 2841 3224 2911 reponitur.
3265 2840 3562 2896 Abraham
3594 2841 3847 2897 deduce-

2201 2927 2302 2980 bat
2332 2926 2688 2998 hospites,ad
2717 2928 3102 2983 humanitatis
3132 2929 3381 3000 gratiam
3410 2929 3660 2984 addebat
3680 2929 3853 2985 obse-

441 2995 1009 3088 quandoAbraham
1039 3012 1284 3068 Domino
1309 3013 1475 3068 oli‘ert
1503 3012 1844 3084 hospitium.
1873 3013 1982 3068 Sed
2015 3014 2084 3068 ad
2119 2995 2162 3060 (ἶ
2203 2995 2508 3086 quia.Nam
2540 3015 2850 3070 Sodomitas
2883 3031 2986 3087 pro
3008 2995 3238 3088 pietatis
3262 3015 3470 3073 officiis
3490 3016 3854 3089 impuritatis

443 3119 669 3160 ccenam
700 3101 918 3158 vitulus
949 3099 1310 3164 immolatur,
1343 3106 1399 3156 et
1429 3117 1562 3155 cum
1596 3102 1740 3156 lacte
1772 3101 2086 3156 manduca-

443 3197 558 3258 tur,
590 3191 700 3246 hoc
729 3196 840 3259 est,
860 3206 989 3266 non
1018 3189 1078 3244 in
1109 3189 1414 3262 sanguine,
1465 3189 1565 3244 sed
1598 3205 1732 3244 cum
1763 3189 1896 3244 ﬁdei
1930 3189 2087 3261 puri-

375 3275 382 3281 ’
449 3285 586 3338 tate.
640 3279 836 3335 Bonus
888 3279 1125 3345 vitulus,
1175 3283 1374 3350 utpote
1422 3277 1522 3349 qui
1555 3284 1790 3349 peccata
1821 3278 2085 3334 dilueret.

448 3371 656 3430 Tener,
710 3367 847 3438 quia
893 3382 1010 3422 non
1055 3366 1200 3421 dura
1251 3365 1488 3434 cervice,
1523 3367 1621 3421 sed
1679 3365 1835 3421 molli
1871 3369 2087 3440 jugum

446 3457 594 3531 legis
632 3455 884 3528 agnovit,
919 3455 1109 3510 crucis
1153 3453 1483 3526 patibulum
1530 3471 1646 3510 non
1677 3456 1982 3511 recusavit.
2019 3456 2088 3510 Et

448 3546 655 3602 merito
683 3549 863 3609 tener,
897 3545 970 3600 de
999 3544 1167 3615 cujus
1199 3543 1385 3615 capite
1417 3551 1472 3599 et
1498 3543 1740 3616 pedibus
1761 3549 1817 3600 et
1840 3544 2085 3600 internis

445 3635 592 3692 nihil
639 3633 902 3690 relictum
956 3639 1063 3688 est.
1095 3637 1152 3688 et
1183 3651 1247 3688 os
1281 3650 1394 3688 non
1427 3639 1515 3688 est
1544 3634 1858 3688 contritum
1891 3633 1964 3688 ab
1994 3649 2082 3698 eo,

441 3725 540 3780 sed
580 3728 737 3780 totus
766 3721 1132 3796 epulantium
1167 3723 1293 3776 cibo
1316 3722 1511 3776 cessit.
1547 3721 1742 3776 Talem
1775 3721 1946 3777 nobis
1979 3722 2082 3776 Le-

436 3813 526 3886 gis
553 3813 824 3884 figuravit
845 3811 1074 3878 umbra,
1099 3809 1271 3866 talem
1293 3810 1504 3865 veritas
1527 3809 1818 3882 Evangelii
1843 3811 2082 3866 demon-

437 3901 642 3956 stravit
667 3903 843 3968 (Joan.
877 3917 992 3969 x1x,
1025 3900 1135 3963 36).

501 4037 590 4093 «tl.
632 4035 1115 4102 Manducaverunt,
1166 4032 1376 4103 inquit,
1431 4033 1522 4086 illi
1564 4049 1574 4087 :
1640 4031 1914 4087 Abraham
1979 4049 2078 4087 aa-

432 4137 541 4183 tcm
585 4126 763 4181 stabat
809 4124 910 4180 sub
955 4124 1150 4178 arbore
1200 4121 1350 4193 (Gen.
1384 4139 1542 4187 xviii,
1595 4122 1670 4191 8).
1710 4121 2081 4178 Advertimus

431 4213 783 4270 humilitatis
805 4211 1061 4268 oflicium
1083 4211 1492 4266 commendare
1520 4209 1909 4266 humilitatem
1942 4212 2076 4283 (45).

433 4301 730 4357 Abraham
763 4300 977 4368 stabat,
1008 4305 1066 4354 et
1086 4306 1146 4354 tu
1173 4299 1422 4372 primam
1445 4299 1830 4355 accubitionis
1853 4304 2077 4371 partem

433 4405 704 4461 occupas.
739 4388 999 4459 Denique
1029 4405 1096 4443 ea
1129 4386 1432 4444 humilitas
1467 4387 1978 4460 invenitgratiam,
2013 4391 2076 4442 ut

431 4477 869 4552 promitteretur
897 4477 946 4532 ei
979 4475 1156 4532 filius.

501 4612 590 4666 42.
623 4611 780 4666 Dicit
806 4617 987 4664 autem
1015 4609 1084 4664 ad
1116 4609 1316 4664 illum:
1369 4611 1469 4668 Ubi
1497 4616 1574 4664 est
1603 4609 1739 4664 Sara
1771 4624 1912 4663 uxor
1939 4615 2031 4662 tua
2051 4611 2075 4660 .9

429 4702 536 4770 Qui
562 4699 840 4772 respondit
867 4707 919 4754 et
947 4697 1092 4753 dixit
1111 4715 1130 4752 :
1159 4699 1284 4753 Ecce
1313 4700 1368 4752 in
1401 4697 1752 4752 tabernaculo
1779 4695 1961 4764 (Ibid,
1990 4695 2072 4766 9).

424 4789 725 4861 Numquid
771 4787 1078 4860 ignorabat
1116 4786 1397 4842 Dominus
1427 4785 1528 4857 qui
1559 4785 1618 4839 in
1651 4783 2071 4856 posterioribus

425 4880 813 4936 Sodomorum
875 4877 1072 4932 futura
1123 4875 1344 4930 excidia
1391 4873 1715 4938 denuntiat,
1784 4873 1882 4927 ubi
1929 4877 2071 4928 Sara

308 4992 321 5007 ·
423 4969 622 5026 esset?
650 4969 775 5024 Non
800 4967 1135 5040 ignorabat:
1169 4964 1268 5017 sed
1302 4964 1506 5018 docere
1538 4980 1640 5016 nos
1675 4961 1870 5028 voluit,
1893 4978 2071 5032 quan-

423 5094 480 5147 in
515 5095 811 5158 contextu,
845 5089 1100 5163 exceptis
1130 5087 1379 5153 duobus,
1427 5084 1522 5139 ubi
1565 5083 1724 5156 legas
1752 5125 1764 5137 .
1793 5125 1806 5138 .
1847 5127 1858 5139 .
1899 5085 2068 5208 mtilie-

423 5167 575 5208 smtis
622 5165 911 5208 unitutmn-
943 5204 953 5208 _
984 5203 995 5208 -
1024 5203 1036 5208 -
1086 5159 1474 5208 nronrietatem
1531 5156 1892 5208 distinauens.
2008 5173 2068 5208 ac

419 5167 598 5244 statis_
622 5156 912 5244 unitatem.
942 5204 954 5216 .
983 5156 1003 5215 ἶ
1024 5203 1036 5215 .
1056 5238 1065 5244 Α
1078 5159 1474 5244 praprietatem
1531 5156 1892 5244 distinguens,
1939 5225 1951 5244 ἱ
1963 5156 2071 5244 hac

421 5235 701 5290 devotione
727 5234 854 5303 ﬁdei
897 5225 1270 5296 assertionem,
1325 5227 1488 5297 alter,
1548 5225 1869 5300 conspergit,
1901 5225 2066 5292 alter,

419 5321 728 5376 consperge.

495 5367 608 5481 (ἃ)
640 5367 776 5430 Mss.
824 5372 998 5456 φοι-1).
1048 5372 1209 5430 Colb.
1257 5377 1317 5428 et
1363 5371 1531 5437 Maz.,
1576 5370 1644 5427 ab
1674 5369 1861 5451 ovibus
1911 5367 2063 5424 tedis.

495 5445 582 5481 ηις
637 5444 712 5481 nn
746 5445 865 5481 ηιθὶῦ
920 5460 1122 5481 ητηηοα
1177 5443 1276 5481 ηιξ
1339 5441 1616 5481 ΜΔηι-ἷηαρ
1689 5440 1900 5481 Mnmm
1934 5455 2063 5481 mam

491 5440 601 5524 (45)
635 5444 717 5503 Ita
745 5443 886 5506 edit.
920 5460 1144 5520 omnes,
1177 5443 1279 5504 sed
1339 5441 1636 5500 mendose.
1689 5440 1904 5500 Mirum
1934 5455 2065 5502 vero

2202 3103 2493 3174 angebant
2525 3103 2761 3175 ﬂagitia.

2272 3193 2359 3246 45.
2393 3193 2504 3248 Non
2562 3192 2764 3258 celabo,
2824 3191 3038 3264 inquit,
3085 3194 3356 3249 Abraham
3399 3211 3638 3266 puerum
3663 3210 3856 3250 meum

2199 3296 2322 3350 qua?
2381 3296 2476 3349 ego
2533 3283 2738 3351 faciam
2793 3281 2954 3349 (Ibid.
3004 3282 3112 3353 i7).
3167 3282 3380 3338 Senilis
3429 3283 3630 3355 utique
3660 3283 3856 3339 aetatis

2199 3369 2494 3424 Abraham
2527 3369 2584 3422 in
2618 3369 3021 3441 superioribus
3051 3370 3352 3443 Scriptura
3399 3372 3672 3443 signavit,
3707 3371 3857 3443 quia

2199 3457 2519 3528 nonaginta
2543 3461 2599 3510 et
2646 3473 2851 3512 novem
2884 3457 3269 3528 processisset
3292 3475 3476 3514 annos
3505 3475 3518 3513 :
3553 3459 3855 3530 quomodo

2197 3545 2350 3600 hunc
2384 3562 2628 3618 puerum
2662 3544 2851 3600 dicit?
2882 3546 2991 3601 Sed
3037 3562 3169 3600 cum
3224 3546 3630 3602 immemorem
3677 3564 3853 3604 sene-

2194 3634 2392 3700 ctutis,
2427 3633 2849 3704 exploratorem
2882 3633 3264 3702 indefessum,
3293 3653 3468 3691 cursu
3501 3637 3853 3707 impigrum,

2194 3721 2383 3776 standi
2420 3721 2940 3792 patientissimum,
2983 3723 3303 3781 deducendi
3337 3724 3854 3781 studiosissimum

2191 3809 2559 3880 expresserit,
2591 3826 2782 3865 nonne
2813 3811 3118 3866 convenire
3147 3829 3356 3868 nomen
3410 3812 3573 3883 pueri
3614 3812 3856 3869 videtur

2191 3897 2450 3953 officiis?
2498 3898 2699 3953 Merito
2749 3915 2894 3970 puer
2931 3899 3168 3966 dicitur,
3201 3900 3299 3973 qui
3333 3900 3514 3956 senile
3543 3900 3858 3958 nesciebat

2191 3987 2512 4057 fastidium,
2536 3987 2794 4058 pueritiae
2815 3987 3208 4044 innocentiam
3232 3987 3282 4044 ei
3303 3989 3650 4061 obsequium
3683 3989 3853 4046 defe-

2192 4077 2376 4130 rebat.
2409 4076 2592 4130 Datur
2639 4076 2836 4147 itaque
2877 4077 3040 4146 justo
3091 4075 3510 4132 benedictionis
3538 4077 3754 4148 gratia,
3792 4082 3854 4134 et

2191 4164 2548 4236 posteritatis
2586 4163 2918 4220 hmreditas.

2259 4254 2344 4307 46.
2379 4252 2610 4306 Oli‘ensa
2633 4257 2828 4308 autem
2855 4257 3226 4324 peccatorum
3249 4253 3576 4326 exponitur.
3594 4253 3848 4322 Clamor,

2111 4360 2154 4423 Π
2188 4341 2397 4412 inquit,
2432 4340 2786 4396 Sodomorum
2816 4346 2866 4396 et
2899 4341 3212 4398 Gomorrhse
3249 4343 3502 4414 impletus
3562 4347 3645 4397 est
3678 4343 3849 4413 (Ibid.

2181 4431 2290 4502 28).
2327 4430 2536 4503 Magna
2569 4430 2793 4485 Domini
2819 4429 3116 4502 patientia,
3153 4435 3216 4486 ut
3246 4448 3364 4488 non
3395 4431 3596 4488 statim
3627 4447 3848 4504 pecca-

2181 4523 2366 4574 torem
2390 4517 2615 4590 puniat,
2637 4519 2736 4573 sed
2760 4519 2860 4574 diu
2880 4519 3128 4587 differat,
3151 4525 3494 4592 exspectans
3519 4521 3851 4578 correctio-

2181 4622 2355 4663 nem:
2415 4621 2521 4662 nec
2586 4611 3022 4662 commoveatur
3087 4608 3158 4664 ad
3222 4607 3649 4676 ulciscendum,
3723 4611 3850 4666 nisi

2181 4699 2448 4766 peccator
2495 4711 2834 4751 mensuram
2881 4697 3136 4752 excedat.
3190 4696 3353 4752 Unde
3417 4701 3477 4752 et
3546 4696 3852 4754 Dominus

2178 4783 2350 4840 Jesus
2401 4783 2462 4838 in
2510 4783 2821 4856 Evangelia
2851 4785 2924 4839 ad
2978 4785 3211 4841 Judmos
3242 4785 3359 4840 ait:
3401 4785 3629 4856 Implete
3677 4803 3853 4843 men-

2179 4887 2368 4926 suram
2393 4875 2616 4942 patrum
2643 4876 2947 4928 vestrorum
2972 4873 3182 4943 (Matth.
3217 4890 3380 4938 xxm,
3410 4874 3522 4944 32).

2267 4963 2338 5014 .7.
2371 4960 2699 5015 Descendam
2724 4963 2924 5033 itaque,
2957 4970 3015 5016 ut
3051 4961 3263 5018 videam
3291 4961 3588 5017 secundum
3627 4963 3858 5020 clamo-

2177 5087 2333 5182 quod
2363 5084 2416 5140 ei
2445 5084 2582 5140 vitio
2631 5085 2833 5169 nullus
2865 5085 3199 5169 .opituletur
3228 5103 3372 5142 mss.
3429 5085 3556 5168 Alii
3599 5087 3838 5213 quippe

2180 5163 2513 5213 Dramerunt.
2563 5157 2899 5212 humilitatis
2955 5159 3136 5213 officio
3183 5157 3553 5213 commendari
3583 5159 3745 5213 humi
3785 5176 3838 5213 i-

2180 5157 2513 5228 praif‘erunt,
2563 5157 2899 5212 humilitatis
2922 5157 2935 5158 ί
2955 5159 3136 5228 ofﬁcio
3183 5157 3556 5213 commendari
3583 5157 3853 5214 humili-

2179 5225 2344 5310 tatem
2369 5246 2388 5282 :
2421 5225 2547 5308 alii.
2574 5228 2906 5284 humilitatis
2935 5225 3182 5354 (:{ﬁcium
3232 5229 3607 5310 commendari
3649 5229 3860 5286 humi-

2179 5298 2368 5354 litate:
2404 5297 2574 5354 nulli.
2597 5299 2752 5354 auod
2780 5298 2942 5354 leaen
2995 5317 3090 5354 um
3124 5316 3215 5354 res
3247 5316 3372 5354 insa
3394 5299 3858 5354 clamatJiuma-

2179 5298 2368 5372 litate:
2404 5297 2574 5372 nulli,
2597 5299 2752 5372 quod
2780 5297 3090 5372 legendum
3110 5316 3215 5372 res
3247 5301 3372 5370 ipsa
3394 5299 3858 5368 clamat,huma-

2176 5371 2370 5428 uitatis
2408 5371 2654 5444 ofﬁcium
2689 5371 3063 5429 commendari
3099 5371 3428 5428 humilitate.
