4166 6154
344 154 421 215 461
1601 145 1707 205 DE
1754 145 2148 209 ABRAHAM
2193 148 2340 210 LIB.
2387 147 2435 208 Ι.
3613 158 3739 219 469

344 285 647 341 remittorum
682 284 987 339 venientem
1018 280 1095 337 ad
1126 294 1236 349 me,
1280 279 1332 332 si
1385 280 1960 333 consummabuntur:
2001 283 2043 345 Α
2084 298 2196 339 xm.
2228 282 2298 348 1).
2334 280 2439 335 Ubi
2474 280 2666 352 gratia
2694 280 2997 353 largienda
3046 287 3153 350 est,
3198 283 3466 343 Christus
3523 291 3730 348 adest:

340 377 402 431 sin
424 381 609 441 autem,
651 380 707 429 ut
733 374 905 428 sciam
931 370 1095 442 (Gen.
1133 384 1296 435 xvui,
1330 365 1391 420 2i
1434 366 1473 435 ).
1506 364 1630 419 Non
1660 365 1973 438 ignorabat
2084 370 2180 424 ubi
2215 369 2537 425 exercenda
2567 371 2867 438 severitas,
2891 371 2995 427 soli
3031 373 3248 429 adsunt
3269 374 3545 447 ministri,
3570 381 3739 438 deest

341 463 571 520 Dominus
600 465 835 535 peccata
864 459 1297 522 Sodomorum,
1330 453 1437 510 sed
1478 457 1725 526 propter
1786 458 1839 509 te
1887 454 1971 509 in-
2078 456 2270 512 Jesus.

342 551 633 608 struendum
662 550 835 605 verba
864 544 1223 620 hujusmodi
1248 542 1622 615 loquebatur,
1662 545 1726 597 ut
1749 546 1815 598 tu
1848 560 1973 615 pro-
2149 546 2239 600 51.
2274 545 2512 602 Sedebat
2544 548 2636 603 Lot
2660 548 2729 603 ad
2747 552 2964 620 portam
2996 551 3161 619 (Ibid.
3195 550 3232 621 ).
3266 552 3740 616 Emandaverant

344 641 436 712 pius
457 638 729 695 scrutaris
759 653 963 693 eorum
992 632 1343 696 commissa,
1376 631 1434 685 in
1469 647 1619 702 quos
1658 631 1970 687 vindican-
2082 632 2186 688 Lot
2217 638 2489 690 sanctum
2522 636 2763 691 adversa
2801 637 3151 710 captivitatis
3219 644 3277 694 ct
3332 642 3733 704 sollicitiorem

342 731 442 785 dum
466 726 782 783 arbitraris.
818 724 1173 790 Descendam,
1212 719 1424 792 inquit,
1462 721 1518 772 ut
1554 718 1799 791 videam,
1860 719 1968 775 hoc
2082 719 2368 776 fecerant.
2422 722 2623 794 Itaque
2652 740 2926 795 processu
2959 727 3143 781 aetatis
3175 726 3459 786 didicerat
3513 731 3733 791 imitari

345 822 419 886 est,
444 815 606 873 etiam
640 820 700 871 tu
745 815 1099 871 descendere
1161 826 1325 874 cura,
1385 808 1683 896 descende
1745 808 1970 881 indagi-
2080 814 2404 880 parentem.
2438 811 2522 865 Ad
2552 816 2778 883 portam
2811 812 3007 885 itaque
3038 814 3297 884 sedebat,
3333 823 3397 873 ut
3442 821 3735 896 exciperet

344 907 408 962 nis
443 906 664 961 studio:
717 920 788 959 ne
833 903 975 975 quid
1029 902 1109 958 sit
1149 898 1307 971 quod
1359 894 1542 964 fallat,
1598 899 1706 951 aut
1791 895 1970 953 lateat
2078 896 2477 953 advenientes.
2512 897 2771 970 Denique
2818 903 3129 957 exsurrexit
3173 903 3388 960 obviam
3415 907 3551 964 illis.
3575 894 3730 967 'Per-

343 996 628 1051 absentem:
664 998 727 1048 ut
755 991 944 1048 oculis
988 989 1219 1045 facinus
1250 983 1686 1058 deprehendas.
1722 985 1966 1042 Eminus
2077 982 2280 1040 fectior
2346 985 2607 1041 cucurrit
2661 987 2889 1042 obviam
2925 1005 2938 1044 :
2991 989 3100 1044 iste
3150 996 3463 1051 exsurrexit
3528 1005 3579 1053 et
3623 998 3727 1053 ad-

341 1083 469 1157 positi
521 1081 707 1137 multa
763 1079 990 1136 nescire
1046 1080 1318 1150 possunt.
1380 1074 1566 1137 Quem
1641 1072 1963 1130 clamorem
2074 1075 2261 1128 oravit
2292 1074 2348 1128 in
2378 1075 2577 1147 [aciem
2608 1091 2773 1146 super
2814 1080 3019 1132 terram
3074 1084 3124 1134 et
3181 1080 3371 1138 dixit:
3426 1085 3578 1153 Ecce,
3630 1086 3725 1143 do-

340 1176 487 1228 autem
519 1170 618 1237 ait,
673 1169 788 1224 nisi
814 1169 961 1224 forte
988 1166 1126 1240 quia
1175 1165 1225 1220 ei
1261 1177 1442 1236 quem
1473 1159 1807 1231 nihillatet,
1841 1162 1964 1218 cla-
2074 1162 2238 1226 mini,
2270 1162 2543 1219 declinate
2572 1165 2628 1218 in
2658 1164 2878 1220 domum
2901 1169 3072 1237 pueri
3122 1172 3290 1226 vestri
3321 1171 3474 1243 (Ibid.
3513 1175 3536 1228 1
3569 1177 3619 1230 et
3646 1174 3724 1245 2).

340 1258 685 1327 mantomnia,
710 1256 965 1312 clamare
986 1254 1259 1311 videntur
1285 1248 1666 1323 singulorum
1683 1250 1964 1307 crimina?
2075 1248 2139 1303 Et
2166 1251 2354 1323 coegit
2383 1250 2515 1335 illos
2563 1252 2868 1321 divertere,
2914 1255 3013 1326 qui
3057 1256 3361 1315 dicebant:
3421 1263 3483 1316 In
3534 1264 3728 1335 platea

338 1349 551 1421 Denique
580 1347 650 1402 ad
699 1345 840 1401 Cain
901 1343 1156 1399 dicitur:
1212 1340 1449 1412 Sanguis
1502 1340 1701 1410 fratris
1757 1342 1845 1396 tui
1891 1340 1964 1396 ad
2071 1340 2416 1396 manebimus
2447 1340 2603 1412 (Ibid.
2637 1342 2711 1412 2).
2746 1340 3202 1400 Commendatur
3232 1346 3328 1403 hic
3385 1350 3532 1421 justi
3589 1366 3725 1409 san-

334 1456 396 1495 mr:
427 1438 614 1493 clamat
664 1434 816 1500 (Gen.
871 1451 948 1503 iv,
1012 1433 1121 1503 10),
1181 1431 1291 1485 hoc
1345 1432 1437 1484 est
1487 1444 1604 1484 non
1660 1428 1823 1498 latet,
1858 1428 1960 1485 sed
2071 1428 2241 1485 ctitas
2272 1434 2328 1484 et
2358 1427 2703 1501 angelorum
2735 1429 2945 1502 gratia.
2986 1430 3074 1486 Illi
3108 1432 3382 1492 nolebant
3411 1439 3727 1495 adventum

333 1527 505 1583 clamat
535 1522 919 1598 parricidium
953 1526 1143 1575 tuum.
1194 1520 1396 1591 Itaque
1452 1515 1613 1571 velut
1669 1518 1961 1573 excitatur
2072 1533 2245 1571 suum
2288 1517 2506 1589 hospiti
2533 1517 2858 1589 graviorem
2891 1519 3110 1576 videri:
3154 1521 3249 1577 ille
3279 1526 3515 1595 quidem
3575 1514 3731 1583 inter

334 1617 454 1672 Deus
481 1612 834 1686 ﬂagitiorum
898 1614 1232 1665 nostrorum
1292 1606 1677 1673 clamoribus,
1737 1611 1794 1663 et
1851 1606 1958 1661 ali-
1995 1650 2041 1714 Β
2072 1622 2218 1677 quos
2248 1605 2564 1672 habitaret,
2598 1606 2852 1675 sciebat;
2885 1611 3084 1663 tamen
3115 1610 3226 1681 (47)
3258 1613 3500 1671 domum
3557 1629 3729 1673 suam

332 1703 529 1777 quando
559 1700 829 1763 vindicet,
854 1697 954 1771 qui
990 1698 1239 1753 libenter
1259 1694 1512 1770 ignoscit
1540 1695 1678 1767 (b6).
1995 1693 2041 1714 ”
2075 1694 2353 1749 offerebat
2381 1693 2682 1766 periculis,
2708 1694 2925 1766 quibus
2958 1697 3211 1753 auferret
3250 1698 3532 1773 hospites.
3564 1704 3733 1758 Certe

384 1793 458 1848 48.
488 1790 745 1862 Denique
783 1787 1033 1843 Abrahae
1066 1786 1283 1859 petenti
1333 1800 1406 1839 ne
1458 1782 1634 1839 simul
1696 1782 1966 1857 perderet
2075 1798 2189 1855 quo
2222 1781 2449 1836 tardius
2473 1782 2943 1854 acquiesccbant,
2995 1784 3217 1842 diutius
3247 1790 3546 1856 tentando,
3604 1788 3731 1862 ple-

320 1883 485 1953 justos
509 1885 788 1949 tanquam
824 1875 1085 1948 iniquos,
1109 1878 1165 1930 et
1186 1871 1596 1945 interroganti.
1632 1872 1696 1928 Si
1745 1870 1965 1944 fuerint
2075 1870 2212 1925 nius
2243 1868 2726 1941 comprobabant.

329 1968 698 2042 quinquaginta
719 1967 866 2038 justi
898 1967 955 2020 in
989 1965 1227 2033 civitate,
1256 1962 1450 2035 perdes
1470 1960 1594 2016 illos
1621 1960 1772 2032 (Gen.
1797 1975 1961 2025 xvm,
2142 1961 2233 2014 22.
2276 1960 2589 2014 Viriautem
2611 1961 2851 2016 civitatis
2869 1960 3225 2018 Sodomorum
3249 1964 3730 2022 circumdederunt

322 2059 416 2114 2t?
444 2057 594 2114 299
645 2054 951 2127 respondit
984 2069 995 2108 :
1031 2054 1145 2108 Non
1174 2053 1405 2123 perdam
1435 2051 1735 2118 civitatem,
1765 2050 1819 2105 si
1846 2050 1964 2120 [ue-
2075 2048 2301 2103 domum
2331 2048 2400 2102 ab
2458 2049 2671 2118 infante
2712 2065 2881 2120 usque
2930 2050 3002 2106 ad
3041 2068 3243 2118 senem,
3301 2063 3446 2110 totus
3495 2056 3730 2127 populus

320 2150 415 2203 rint
442 2165 502 2202 in
551 2162 615 2201 ea
643 2142 1049 2217 quinquaginta
1073 2142 1233 2215 justi,
1285 2151 1336 2197 et
1369 2144 1542 2196 totum
1572 2140 1748 2193 locum
1775 2154 1964 2193 serva-

2083 2134 2503 2203 mtriter(lbi(l.,
2536 2137 2593 2205 li)
2626 2136 2999 2194 Prrestruitur
3040 2141 3249 2211 judicii
3307 2143 3491 2199 divini
3549 2144 3728 2216 aequi-

320 2240 371 2293 bo
412 2234 568 2306 (Ibid.
618 2234 729 2305 26).
790 2233 865 2288 Et
919 2231 1005 2287 sic
1062 2247 1164 2302 per
1219 2230 1487 2285 ordinem
1547 2225 1964 2300 interrogatio-
2080 2229 2186 2293 tas,
2216 2240 2288 2279 ne
2321 2223 2466 2279 forte
2490 2225 2623 2296 quis
2645 2225 2898 2282 diceret:
2929 2228 3076 2295 Quid
3100 2236 3487 2302 peccaverunt
3538 2233 3727 2304 pueri,

317 2343 443 2382 num
465 2329 522 2381 et
550 2321 997 2396 responsionum
1021 2319 1229 2391 vicem,
1257 2318 1433 2375 etiam
1459 2316 1509 2371 si
1541 2317 1738 2373 decem
1762 2316 1965 2388 justos
2076 2317 2144 2368 ut
2186 2328 2390 2368 omnes
2438 2312 2662 2369 excidio
2712 2315 3180 2373 involverentur?
3226 2324 3312 2375 Ita
3360 2319 3559 2376 nullus
3608 2320 3728 2377 illic

316 2413 586 2471 invenerit
616 2412 671 2468 in
702 2410 963 2477 civitate,
998 2412 1198 2463 tamen
1231 2413 1470 2481 prepter
1512 2422 1830 2478 paucorum
1859 2404 1964 2475 ju-
2069 2402 2293 2472 justus,
2329 2400 2526 2457 nullus
2556 2403 2839 2461 innocens
2870 2405 2999 2461 fuit.
3032 2408 3178 2462 Audi
3237 2409 3599 2481 Scripturam
3648 2413 3731 2467 te-

313 2503 538 2559 stitiam
571 2501 985 2573 impunitatem
1018 2497 1123 2553 toti
1165 2496 1380 2570 pepqu
1431 2493 1737 2568 promittit.
1798 2492 1967 2548 Unde
2076 2490 2428 2545 stiﬁcantem
2461 2491 2601 2561 quia
2624 2492 3099 2551 circumdederunt
3124 2496 3344 2553 domum
3401 2498 3468 2552 ab
3514 2500 3731 2571 infante

311 2590 591 2647 discimus
630 2592 887 2661 quantus
942 2603 1150 2642 murus
1207 2587 1286 2641 sit
1343 2583 1544 2657 patriai
1600 2582 1689 2636 vir
1736 2583 1964 2652 justus,
2078 2596 2252 2650 usque
2282 2580 2351 2633 ab
2383 2595 2593 2648 senem,
2649 2585 2790 2637 totus
2814 2585 3050 2655 populus
3083 2586 3313 2656 pari/er.
3362 2585 3535 2642 Nulla
3591 2592 3732 2645 aetas

310 2668 1960 2752 quomadmodum'nondebeamusinvidcrevirissanctis,
2078 2671 2203 2722 erat
2233 2666 2416 2739 culpa}
2461 2667 2766 2737 immunis,
2796 2671 2924 2727 ideo
2988 2672 3187 2729 nullus
3235 2676 3389 2731 800
3445 2675 3731 2733 immunis

309 2785 416 2824 nec
476 2773 689 2824 temere
745 2767 1047 2839 derogare.
1107 2762 1342 2820 Illorum
1386 2761 1599 2818 etenim
1656 2777 1762 2816 nos
1823 2758 1968 2813 ﬁdes
2078 2756 2239 2811 exitii
2274 2757 2400 2811 fuit.
2435 2757 2504 2811 Et
2556 2758 2654 2829 qui
2713 2760 3161 2831 possibilitatem
3220 2763 3560 2835 penetrandi
3619 2766 3730 2821 cri-

302 2861 521 2927 servat,
555 2856 782 2912 illorum
806 2854 1044 2926 justitia
1067 2853 1138 2909 ab
1161 2852 1386 2909 excidio
1409 2850 1688 2906 defendit.
1715 2848 1972 2903 Sodoma
2086 2845 2264 2901 minis
2295 2861 2409 2899 non
2442 2844 2671 2912 habuit,
2714 2847 2923 2903 habuit
2978 2850 3270 2906 allectum.
3329 2851 3522 2908 Etl'etaa
3577 2853 3730 2911 vires

300 2962 544 3019 quoque
570 2944 616 3000 si
648 2944 956 3000 habuisset
985 2942 1140 2998 viros
1161 2943 1359 2998 decem
1377 2941 1595 3012 justos,
1632 2936 1820 3010 potuit
1850 2950 1967 2990 non
2008 3018 2019 3019 ί
2080 2950 2313 3005 senum,
2348 2933 2447 2989 sed
2480 2951 2648 2991 mons
2669 2934 2841 3006 plena
2868 2937 3155 2995 libidinis.
3196 2939 3484 2997 Oﬂ‘erebat
3510 2941 3620 3014 (32,
3666 2958 3724 3015 q.

299 3034 521 3107 perire.
1993 3018 2034 3083 C
2073 3032 2127 3095 7,
2161 3048 2288 3105 cap.
2330 3031 2613 3103 offerebat)
2668 3040 2903 3090 sanctus
2960 3036 3063 3091 Lot
3119 3036 3372 3094 ﬁliarum
3420 3040 3724 3111 pudorem.

375 3121 471 3177 49-
498 3121 644 3187 QUid
676 3120 788 3176 sibi
820 3123 1021 3174 autem
1047 3118 1170 3173 vult
1200 3118 1353 3191 quod
1386 3116 1468 3172 illi
1502 3115 1601 3188 qui
1648 3114 1720 3170 ab
1777 3114 1962 3168 Abra-
2072 3118 2219 3176 Nam
2248 3121 2355 3176 etsi
2408 3120 2508 3175 illa
2566 3138 2798 3194 quoque
2855 3125 3142 3197 ﬂagitiosa
3196 3126 3508 3200 impuritas
3562 3133 3724 3197 erat;

299 3212 445 3267 ham
480 3209 655 3266 simul
677 3227 809 3265 cum
842 3207 1090 3264 Domino
1112 3212 1404 3270 venerant,
1437 3206 1751 3262 Sodomam
1786 3200 1965 3290 petief
2074 3211 2271 3264 tamen
2303 3209 2501 3264 minus
2533 3213 2657 3264 erat
2686 3214 3010 3269 secundum
3044 3218 3314 3272 naturam
3340 3215 3512 3284 coire,
3545 3233 3725 3290 quam

302 3304 453 3356 runt
480 3298 607 3367 viri,
640 3298 751 3353 nisi
811 3301 877 3352 ut
933 3297 1303 3353 acerbarctur
1353 3295 1574 3350 crimen
1629 3307 1857 3356 eorum,
1917 3306 1946 3344 s

2081 3296 2391 3352 adversum
2424 3300 2694 3353 naturam
2727 3299 3080 3373 delinquere.
3117 3302 3463 3363 Praeferebat
3513 3287 3726 3364 domus

305 3406 463 3460 quos
505 3390 708 3459 justus
766 3386 1172 3449 honoraverat,
1225 3385 1319 3440 his
1380 3385 1604 3452 majore
1663 3377 1971 3470 sacrilegio
2080 3400 2201 3440 suae
2231 3386 2591 3441 verecundia:
2622 3385 2973 3459 hospitalem
3022 3392 3296 3464 gratiam,
3353 3395 3528 3452 etiam
3579 3398 3733 3470 apud

309 3476 487 3548 impii
517 3476 630 3531 vim
677 3477 1032 3531 conarentur
1086 3473 1338 3528 inferre?
1396 3472 1539 3527 Nam
1601 3469 1754 3559 quod
1816 3467 1972 3559 viros
2080 3473 2361 3530 barbaras
2393 3478 2596 3546 gentes
2628 3474 3046 3535 inviolabilem.
3083 3482 3339 3554 Denique
3358 3484 3473 3542 illic
3504 3467 3735 3559 quoque

312 3564 501 3632 dixit;
514 3564 748 3620 evidens
778 3567 869 3619 est
898 3561 1077 3617 ratio:
1114 3561 1254 3633 quia
1284 3561 1536 3634 speciem
1590 3556 1975 3631 praeferebant
2083 3562 2373 3617 inoffensa
2399 3560 2775 3633 hospitalitas
2797 3570 2905 3636 est,
2939 3567 3037 3623 ubi
3069 3585 3173 3624 nec
3202 3556 3557 3643 germanitas
3593 3556 3738 3632 satis

319 3654 604 3708 virorum.
2087 3656 2216 3706 tuta
2246 3655 2355 3707 est.

386 3743 477 3797 50.
537 3741 852 3797 Sodomam
906 3744 1189 3795 venerunt
1255 3755 1515 3810 vespere,
1603 3733 1847 3791 meridie
1904 3731 1976 3787 ad
2157 3740 2251 3795 53.
2286 3740 2707 3796 Percusserunt
2738 3745 2932 3797 autem
2959 3742 3090 3799 illos
3121 3746 3309 3819 angeli
3342 3750 3614 3818 caecitate,
3675 3756 3742 3807 ut

323 3830 622 3885 Abraham
646 3846 657 3885 :
690 3829 828 3902 quia
846 3830 1010 3899 justo
1036 3827 1277 3900 refulget
1300 3825 1637 3898 angelorum
1670 3819 1980 3911 praesentia
2088 3833 2145 3884 et
2177 3828 2395 3885 ostium
2429 3828 2639 3883 domus
2666 3831 2820 3900 quod
2843 3831 3066 3888 aderire
3087 3834 3419 3905 cupiebant,
3446 3855 3559 3893 non
3583 3855 3740 3911 repe-

331 3918 534 3991 impiis
565 3918 839 3974 tenebras
869 3917 1056 3972 atl‘ert.
1099 3911 1318 3972 Tamen
1352 3920 1541 3988 potest
1571 3912 1773 3969 referri
1804 3908 1979 3966 etiam
2092 3917 2291 3974 rirent.
2327 3917 2428 3973 Hic
2456 3915 2744 3974 mirabilis
2775 3918 3012 3990 quidem
3043 3921 3383 3992 angelorum
3414 3908 3743 3983 declaratur

320 4008 392 4061 ad
433 4013 665 4079 tempus
687 4005 1002 4062 Dominicae
1036 4004 1351 4073 Passionis,
1387 4004 1541 4076 quod
1573 4000 1795 4075 vesperi
1819 4014 1985 4054 vene-
2094 4010 2388 4080 potestas;
2426 4011 2509 4072 ut,
2544 4006 2729 4062 offusa
2758 4006 3005 4080 impuris
3034 4011 3306 4080 caecitate,
3359 4031 3475 4071 non
3524 4016 3740 4088 reperi-

316 4097 539 4152 runlad
554 4096 819 4168 eum,qui
835 4093 1795 4163 aSodomilanis,contagionibuset
1807 4088 1987 4145 totius
2096 4100 2300 4152 rentur
2315 4096 2526 4153 domus
2545 4096 2712 4150 ostia.
2733 4095 2844 4153 Sed
2869 4097 3043 4153 etiam
3068 4098 3209 4156 illud
3232 4105 3579 4173 ostenditur,
3604 4105 3744 4177 quia

316 4186 486 4240 urbis
519 4185 741 4241 excidio
763 4187 889 4240 erat
908 4182 1269 4240 liberandus.
1290 4183 1643 4256 Vespererat
1670 4182 1984 4251 antequam
2095 4201 2245 4240 caeca
2274 4188 2363 4240 est
2390 4183 2582 4248 omnis
2612 4183 2814 4251 libido,
2841 4191 2898 4242 et
2927 4192 3061 4243 ante
3089 4206 3151 4245 se
3183 4208 3297 4247 non
3348 4194 3522 4250 videt.
3580 4194 3744 4259 Quod

314 4272 594 4330 Christus
608 4272 848 4329 veniret:
876 4271 1015 4344 quia
1033 4276 1193 4329 totus
1215 4276 1339 4328 erat
1361 4268 1688 4327 mundusin
1704 4265 1983 4323 tenebris.
2094 4290 2231 4329 vero
2262 4272 2559 4344 hospitum
2594 4272 2866 4329 manibus
2890 4281 3192 4334 ι’ϐνοοιιῐυε
3220 4284 3311 4336 est
3366 4288 3608 4342 sanctus
3639 4286 3748 4345 Ῑιοι

316 4361 544 4436 Vesper
572 4366 698 4419 erat
726 4361 1002 4417 omnibus
1033 4378 1181 4433 quos
1224 4360 1574 4416 immanium
1637 4356 1982 4413 delictorum
2016 4385 2064 4450 Β
2099 4362 2159 4417 in
2178 4360 3218 4428 domum,demonstraturimmemor
3238 4370 3500 4441 periculi,
3517 4391 3746 4433 memor

322 4451 573 4523 squalor
601 4451 951 4507 tenebrosus
978 4450 1242 4523 urgebat.
1275 4449 1447 4505 Venit
1476 4446 1760 4503 Dominus
1788 4447 1985 4513 Jesus,
2016 4446 2051 4450 ⁷
2098 4451 2253 4518 ﬁdei,
2288 4467 2404 4505 non
2437 4449 2724 4520 eripuisse
2756 4467 2817 4507 se
2847 4452 3236 4523 periculo,sed
3260 4459 3565 4518 obtulisse.

318 4540 576 4596 redemit
593 4539 880 4612 sanguine
894 4555 1001 4594 suo
1017 4538 1329 4602 mundum,
1360 4536 1551 4592 lucem
1573 4535 1787 4591 attulit.
1818 4537 1986 4593 Vene-
2166 4540 2254 4595 54.
2289 4538 2545 4593 Ponatur
2573 4538 2809 4610 pietatis
2837 4539 3001 4599 locus
3028 4543 3162 4614 (48),
3185 4548 3342 4618 quod
3374 4552 3748 4608 manifestata

319 4637 463 4684 runt
491 4637 676 4685 autem
694 4629 882 4698 angeli
909 4628 1015 4683 duo
1047 4629 1107 4683 in
1136 4626 1422 4682 Sodomam
1437 4626 1508 4681 ad
1523 4641 1803 4697 vesperam
1833 4624 1984 4696 (Gen.
2098 4627 2209 4683 sibi
2245 4644 2346 4701 per
2375 4626 2610 4698 angelos
2638 4627 2820 4683 totius
2849 4630 3105 4703 regionis
3133 4636 3450 4705 eversione,
3487 4645 3543 4695 et
3572 4656 3746 4711 gene-

406 4826 525 4902 (46)
557 4824 659 4880 Hic
694 4822 857 4902 locus
888 4823 952 4902 in.
978 4824 1115 4902 edit.
1150 4823 1327 4902 Rom;
1351 4821 1430 4877 ita
1458 4821 1868 4902 luxatuserat,
1927 4825 1994 4877 ut
2103 4824 2385 4902 ris_notte.
2434 4822 2547 4902 A_li_i
2593 4840 2725 4902 vero
2774 4828 3123 4902 praeferunt:
3174 4831 3269 4902 itte
3306 4832 3403 4900 qui
3447 4832 3592 4902 inter
3617 4846 3749 4902 quos

328 4892 476 4964 post
503 4892 704 4970 vocem
738 4893 1370 4970 ignoscit,_inte_rp_osito
1404 4892 1992 4970 _s_equenti_Geneseos
2105 4894 2393 4970 habitaret
2401 4894 2623 4970 sciebat,
2647 4892 2907 4970 tnta-men
2948 4900 3238 4970 (nonnulli
3281 4892 3479 4969 tutam)
3528 4892 3749 4957 (tornum

330 4963 552 5042 versu:
598 4969 666 5022 Et
692 4963 919 5042 prbfeeti
964 4967 1076 5021 viri
1131 4963 1298 5042 inde,‘
1328 4963 1601 5042 petierunt
1667 4964 1990 5042 Sodomam:
2102 4963 2587 5042 suam_o)1'erebat,
2647 4968 2785 5024 Utra
2844 4963 3013 5025 lectio
3070 4971 3277 5042 potiar,
3333 4963 3567 5027 lectoris
3624 4976 3748 5029 esto

328 5035 798 5094 continuaretur
833 5037 944 5093 hoc
998 5042 1199 5109 pacto:
1262 5035 1401 5103 Quid
1452 5040 1635 5090 autem
1689 5038 1802 5091 sibi
1855 5036 1994 5103 vult,
2099 5035 2411 5109 judicium.

327 5114 479 5171 etc.,
514 5125 703 5183 usque
733 5109 828 5176 ad,
856 5107 1533 5183 praferebuntvirorum:
1582 5111 1787 5178 postea
1832 5123 1993 5183 resuf
2108 5107 2116 5109 ⁷
2158 5107 2409 5183 ,μω-ιαμ
2465 5123 2566 5162 sex
2600 5126 2766 5183 imss.
2831 5108 2940 5183 Alii
2990 5127 3122 5183 vero
3180 5117 3236 5166 et
3283 5112 3447 5183 edit.,
3506 5114 3753 5170 Munitur

330 5178 648 5236 merentur
678 5181 823 5235 ista:
857 5178 1122 5251 Denique
1171 5178 1426 5241 Abrahw,
1485 5181 1996 5251 e_tc._,_usqueﬂad
2108 5180 2329 5251 pietatis
2378 5180 2541 5251 locus.
2586 5182 2718 5244 Qua:
2783 5181 2957 5234 verba
3022 5181 3188 5237 Rom.
3245 5182 3383 5238 edit.
3433 5178 3753 5242 duodecim

320 5254 523 5322 potuit
550 5268 662 5306 non
684 5253 890 5323 perire,
917 5246 1145 5323 quibus
1160 5253 1339 5323 caput
1362 5246 1847 5323 concludebatur.
1883 5249 2000 5323 Nos
2108 5246 2264 5323 retro
2296 5249 2466 5323 lineis
2496 5254 2832 5314 retraxerat,
2863 5255 2921 5304 et
2979 5252 3275 5308 nonnullis
3307 5256 3552 5310 mutatis
3599 5257 3753 5313 hanc

327 5317 548 5398 omnia
575 5339 644 5378 ex
675 5317 818 5378 mss.
851 5327 908 5378 et
928 5317 1048 5378 ant.
1081 5317 1513 5391 edit—pristinas
1533 5317 1851 5390 integritati
1878 5320 2003 5376 red-
2115 5321 2323 5398 seriem
2354 5320 2893 5398 ibiucontexuerat;
2943 5323 3184 5379 Munitus
3217 5326 3438 5398 pietatis
3486 5327 3653 5393 locus,
3694 5333 3757 5384 ut

330 5393 632 5470 uidimus.
1258 5390 1303 5470 λ
1351 5459 1383 5470 η
1813 5461 1826 5470 _
1893 5462 1929 5470 __
2114 5392 2379 5470 inoffensa
2435 5390 2570 5470 illic.
2604 5390 2954 5470 hospitalitas
3003 5390 3234 5470 quoque'
3254 5395 3417 5470 foret,
3449 5402 3558 5455 etc.
3591 5390 3758 5456 Hunc

416 5466 535 5540 (47)
566 5464 663 5527 Sic
712 5480 919 5523 omnes
951 5464 1087 5523 edit.
1123 5478 1257 5522 cum
1291 5459 1481 5519 tribus
1510 5475 1653 5520 mss.
1703 5461 2003 5539 probatio-
2114 5459 2249 5525 vero
2291 5463 2486 5523 locum
2533 5461 2613 5521 ita
2660 5459 3135 5529 consarcinai‘ati
3186 5459 3338 5546 Qu'od
3390 5459 3617 5545 generos
3662 5473 3761 5537 Lat
