4026 6186
265 402 369 483 465

1537 408 1639 472 ne
1681 364 2069 487 assessu
2110 408 2262 477 LIB.
2306 409 2357 478 ι.

264 552 381 595 cum
409 535 601 595 aliena
632 553 871 613 peccare
901 540 1169 617 conjuge,
1213 542 1312 598 sed
1368 558 1539 599 omne
1588 545 1739 616 quod
1773 560 1885 599 non
1918 545 1969 610 Α
2000 544 2216 601 lectum
2246 548 2353 615 est,
2386 546 2612 617 Latere,
2644 547 2865 617 sterilis,
2895 562 3016 623 qua
3043 562 3148 606 non
3181 563 3375 623 paris:
3417 562 3641 622 erumpe

264 627 416 684 habet
439 632 787 701 potestatem
819 631 1107 702 conjugii:
1142 636 1336 687 tamen
1381 633 1543 689 locus
1580 635 1691 689 iste
1720 635 1888 689 docet

260 717 476 789 gravius
520 717 738 774 crimen
787 734 937 785 esse,
989 719 1088 774 ubi
1141 720 1414 776 celebrati
1467 722 1722 794 coniugii
1748 723 1887 793 jura

259 809 619 873 temerantur,
643 811 700 862 et
720 807 960 863 uxorius
982 809 1171 880 pudor
1186 808 1447 865 solvitur.
1474 811 1724 883 Ideoque
1750 828 1883 867 cum

261 895 619 967 praetenderet
646 896 979 952 Abimelech
1011 898 1166 968 quod
1198 914 1432 954 uxorem
1466 899 1716 955 alienam
1757 917 1883 956 esse

259 984 613 1057 ignoraverit,
647 1001 825 1055 quam
858 1001 1115 1041 sororem
1147 1002 1274 1042 esse
1304 988 1391 1042 vir
1420 987 1545 1060 ipse
1587 1006 1756 1044 suam
1790 991 1882 1044 di-

257 1072 401 1139 xerit,
435 1073 736 1145 respondit
780 1074 832 1129 ei
883 1075 1200 1131 Dominus:
1250 1077 1313 1131 Et
1361 1093 1457 1145 ego
1495 1080 1718 1148 cognovi
1751 1095 1881 1149 quo-

255 1164 393 1216 niam
415 1179 556 1233 puro
584 1162 740 1218 corde
765 1164 948 1234 fecisti
987 1163 1103 1229 hoc,
1143 1169 1193 1219 et
1237 1167 1455 1236 peperci
1499 1166 1625 1230 tibi,
1678 1171 1737 1220 ut
1771 1183 1881 1221 non

250 1266 482 1321 peccares
511 1253 567 1305 in
600 1267 719 1305 me:
746 1260 971 1322 propter
1000 1253 1098 1308 hoc
1126 1269 1236 1309 non
1274 1270 1397 1308 sum
1437 1271 1629 1325 passus
1676 1264 1725 1309 te
1757 1259 1879 1310 tan-

251 1355 359 1409 gere
387 1340 546 1395 illam
574 1339 733 1408 (Ibid.
784 1341 861 1411 6).
910 1339 1328 1412 Cognoscimus
1376 1342 1529 1397 velut
1571 1343 1878 1415 prasulem

254 1430 660 1499 custodemque
690 1429 947 1503 conjugii
978 1446 1106 1485 esse
1138 1431 1342 1496 Deum,
1376 1432 1471 1503 qui
1493 1448 1605 1486 non
1626 1433 1881 1504 patiatur

250 1516 495 1572 alienum
525 1519 765 1573 thorum
797 1516 1015 1590 pollui:
1077 1524 1137 1573 et
1161 1518 1209 1575 si
1243 1521 1341 1591 qui
1376 1520 1593 1581 fecerit.
1643 1537 1879 1591 peccare

246 1622 366 1661 eum
395 1606 458 1661 in
490 1606 695 1671 Deum,
721 1608 890 1677 cujus
923 1606 1110 1679 legem
1139 1607 1333 1673 violet,
1387 1608 1636 1679 gratiam
1670 1609 1873 1664 solvat.

244 1695 307 1749 Et
333 1695 462 1750 ideo
493 1694 629 1766 quia
659 1695 715 1749 in
751 1696 933 1751 Deum
968 1699 1188 1767 peccat,
1224 1696 1571 1752 sacramenti
1625 1697 1879 1754 caelestis

248 1783 458 1838 amittit
487 1783 869 1838 consortium.

304 1872 395 1927 60.
430 1873 699 1927 Fortasse
728 1876 785 1927 te
817 1878 1043 1928 moveat
1073 1889 1190 1945 qua
1218 1875 1441 1929 ratione
1470 1874 1691 1929 Pharao
1723 1891 1877 1946 qua-

241 1960 664 2025 stionibus(51l
719 1962 790 2016 ab
841 1961 1237 2033 omnipotente
1287 1962 1401 2018 Deo
1453 1964 1704 2031 graviter
1732 1963 1878 2018 afﬂi-

240 2056 364 2105 ctus
394 2051 491 2117 sit,
522 2054 588 2104 ut
616 2065 796 2120 supra
825 2048 1099 2121 legimus,
1133 2067 1266 2106 cum
1299 2055 1356 2107 et
1386 2052 1510 2125 ipsc
1530 2051 1884 2124 ignoraverit

238 2155 473 2194 uxorem
505 2155 632 2193 esse
660 2138 902 2193 Abraha
936 2139 1163 2205 Saram,
1196 2157 1371 2211 quam
1396 2158 1657 2197 sororem
1686 2141 1883 2197 audie-

250 2232 336 2283 rat
361 2227 511 2298 (Gen.
542 2244 644 2293 χιι,
672 2228 761 2295 ¹17)
788 2244 800 2281 :
824 2227 1157 2283 Abimelech
1180 2234 1374 2285 autem
1400 2230 1618 2285 nullam
1649 2247 1878 2304 poenam

240 2317 555 2389 exceperit.
593 2316 813 2371 Verum
860 2317 1086 2390 Egypti
1136 2335 1331 2390 regem
1394 2319 1623 2374 noveris
1672 2320 1878 2375 ducem

236 2406 418 2462 fuisse
446 2404 744 2469 vitiorum,
777 2405 876 2475 qui
910 2422 1024 2476 quo
1054 2405 1190 2476 plus
1222 2406 1492 2463 habuerit
1516 2406 1783 2473 licentia,
1814 2426 1878 2463 eo

175 2480 189 2489 ’
234 2494 367 2567 plus
413 2493 614 2566 ﬂagitii
664 2494 1068 2549 commiserit:
1116 2494 1450 2551 Abimelech
1507 2500 1703 2551 autem
1736 2497 1879 2552 adeo

233 2581 422 2638 ﬁdelis
447 2582 770 2637 astimatus
803 2582 879 2638 sit
921 2581 1057 2651 Deo,
1110 2588 1173 2637 ut
1217 2583 1494 2638 meruerit
1542 2585 1778 2639 audire:
1818 2590 1879 2640 Et

238 2688 331 2743 ego
360 2673 589 2740 cognovi
618 2673 881 2743 quoniam
907 2688 1047 2742 puro
1076 2673 1234 2727 corde
1262 2674 1443 2742 fecisti
1474 2673 1592 2740 hoc,
1625 2691 1722 2728 rex
1762 2692 1877 2730 non

234 2760 592 2827 amictionis,
623 2765 686 2815 ut
721 2760 1033 2832 Egyptius,
1077 2762 1175 2815 sed
1212 2761 1575 2825 munitionis,
1602 2763 1755 2833 quod
1779 2763 1881 2818 Ge-

239 2866 436 2905 rarum
488 2849 599 2919 (52)
649 2848 864 2919 quibus
917 2854 1180 2920 praerat,
1231 2850 1399 2905 docet
1458 2851 1875 2921 interpretatio.

232 2937 359 2993 Non
388 2953 523 3008 ergo
554 2941 645 2992 est
689 2936 933 2992 dubium
986 2936 1210 2992 cateris
1253 2937 1527 3010 Operibus
1569 2940 1697 3009 ejus
1730 2940 1877 2994 indi-

238 3027 575 3099 gnationem
607 3025 838 3082 Domini
872 3042 998 3081 esse
1028 3031 1377 3094 revocatum,
1411 3027 1510 3099 qui
1564 3045 1693 3084 vere
1732 3029 1876 3083 inte-

235 3117 409 3171 rioris
440 3116 658 3170 arbiter
686 3120 774 3170 est
803 3114 1186 3180 conscientia,
1221 3119 1279 3171 et
1330 3116 1509 3171 animi
1561 3133 1627 3172 ac
1668 3117 1878 3172 mentis

234 3203 543 3276 interpres.
578 3203 837 3274 Denique
870 3220 983 3258 non
1017 3208 1081 3258 ut
1113 3202 1332 3259 Pharao
1363 3203 1461 3259 ille
1488 3210 1805 3261 conventus
1846 3222 1879 3259 a

1995 639 2047 690 et
2088 637 2357 701 exclama,
2402 652 2524 710 qua
2578 653 2687 692 non
2725 639 3011 708 parturis:
3057 640 3317 711 quoniam
3358 637 3541 711 plures
3570 638 3639 709 ﬁ-

1995 722 2062 778 lii
2090 724 2316 782 desertae
2344 727 2519 794 magis
2549 742 2712 797 quam
2741 726 2856 796 ejus
2909 742 3033 797 quae
3075 726 3231 782 habet
3284 729 3463 782 virum
3493 727 3627 798 (lsa.

1994 829 2106 879 LIV,
2141 813 2214 885 1).

2065 903 2215 958 808
2247 902 2336 956 62.
2386 900 2603 958 Genitus
2648 907 2726 958 est
2768 912 2951 959 autem
3000 904 3234 961 Abrahae
3278 904 3427 973 ﬁlius
3459 908 3633 972 Isaac,

1991 1006 2115 1044 cum
2142 995 2275 1047 esset
2304 1008 2576 1047 annorum
2603 1000 2817 1047 centum
2875 991 3026 1063 (Gen.
3077 1009 3193 1059 xm,
3242 993 3319 1062 5).
3375 996 3443 1047 Et
3492 996 3552 1048 tu
3587 994 3635 1049 si

1992 1082 2283 1151 perfectus
2316 1080 2517 1147 fueris,
2565 1079 2809 1136 habebis
2855 1081 3252 1153 posteritatem
3302 1080 3536 1147 latitia,
3580 1086 3638 1136 et

1990 1169 2395 1225 exsultationis
2442 1169 2859 1224 bareditatem.
2911 1170 3063 1224 Dixit
3108 1173 3160 1225 et
3210 1169 3385 1224 Sara:
3447 1170 3637 1225 Risum

1988 1256 2129 1313 mihi
2150 1261 2278 1328 fecit
2317 1259 2611 1313 Dominus:
2661 1260 2972 1329 quicunque
3017 1260 3165 1313 enim
3215 1258 3474 1323 audierit,
3506 1274 3634 1313 con-

1988 1348 2358 1415 gratutabitur
2385 1348 2527 1401 mihi
2557 1348 2719 1417 (Ibid.
2767 1347 2978 1417 6).Non
3030 1347 3235 1418 utique
3273 1346 3383 1402 hoc
3431 1347 3504 1402 de
3535 1363 3633 1419 ge-

1990 1436 2288 1492 neratione
2318 1435 2425 1490 hac
2475 1435 2818 1507 intelligitur
2865 1452 2990 1506 qua
3042 1435 3274 1490 casibus
3342 1435 3635 1507 plerisque

1988 1520 2236 1578 obnox'ia
2278 1528 2386 1589 est,
2438 1528 2502 1578 ut
2556 1524 2853 1579 interdum
2902 1540 3017 1578 non
3064 1539 3374 1595 generasse
3423 1523 3634 1578 melius

1988 1610 2198 1665 fuerit:
2234 1612 2335 1667 sed
2368 1612 2439 1667 de
2469 1613 2839 1684 generatione
2862 1629 2977 1683 qua
2996 1611 3408 1683 unusquisque
3440 1628 3634 1683 pecca-

1984 1703 2077 1753 tor
2100 1715 2279 1771 agens
2301 1699 2721 1771 panitentiam,
2742 1716 2876 1755 cum
2899 1700 3207 1755 redimitur
3243 1716 3277 1754 a
3302 1704 3509 1763 morte,
3531 1716 3626 1755 an-

1986 1786 2134 1858 gelis
2163 1786 2312 1843 solet
2341 1788 2610 1843 exhibere
2640 1788 2921 1843 laetitiam.

2054 1877 2151 1931 63.
2185 1878 2250 1931 Et
2272 1877 2414 1932 dixit
2445 1877 2613 1932 Sara:
2654 1878 2786 1945 Quis
2830 1877 3191 1932 annuutiabit
3232 1877 3471 1932 Abrahae
3501 1891 3631 1945 quo-

1988 1967 2144 2021 niam
2174 1967 2333 2021 lactet
2361 1967 2631 2037 infantem
2663 1965 2803 2021 Sara
2833 1965 2987 2035 (Ibid.
3032 1968 3087 2035 7‘)
3108 1966 3135 2019 ?
3183 1963 3419 2020 Muralis
3446 1963 3630 2020 locus.

1990 2054 2382 2110 Provocantur
2410 2054 2641 2110 femina
2685 2053 3026 2109 meminisse
3073 2052 3377 2125 dignitatis
3426 2069 3544 2109 sua
3576 2057 3633 2109 et

1991 2143 2206 2199 lactare
2235 2143 2386 2198 ﬁlios
2418 2160 2577 2199 suos.
2610 2147 2741 2197 Hac
2780 2142 2938 2196 enim
2988 2146 3245 2197 matrum
3296 2142 3502 2214 gratia,
3537 2140 3631 2196 hic

1991 2231 2196 2299 honos,
2229 2249 2343 2303 quo
2373 2231 2523 2286 filios
2568 2230 2820 2303 propriis
2869 2231 3282 2285 commendent
3323 2230 3464 2285 viris
3495 2230 3626 2301 (55).

1990 2320 2248 2389 Denique
2277 2337 2375 2374 eos
2426 2320 2557 2391 plus
2612 2335 2809 2374 amare
2862 2318 3013 2374 filios
3063 2318 3274 2393 solent,
3326 2335 3474 2390 quos
3504 2318 3629 2391 ipse

1990 2413 2205 2462 matres
2234 2407 2573 2463 lactaverint
2598 2407 2881 2463 uberibus
2913 2407 3058 2462 suis.

2058 2498 2144 2551 64.
2200 2498 2339 2552 Fecit
2386 2503 2568 2550 autem
2612 2494 2889 2549 Abraham
2932 2511 3139 2549 ranam
3194 2479 3486 2566 magnam;
3524 2512 3633 2566 qua

1987 2585 2077 2639 die
2124 2586 2426 2639 obluctatus
2472 2588 2548 2638 est
2598 2586 2748 2638 Isaac
2793 2584 2945 2653 ﬁlius
2989 2584 3106 2653 ejus
3156 2583 3343 2655 (lbid.,
3394 2584 3467 2654 8).
3503 2584 3629 2638 Non

1988 2673 2277 2729 mediocre
2309 2673 2462 2728 istud
2497 2688 2600 2728 nec
2631 2671 2933 2728 usitatum.
2966 2674 3091 2726 Non
3115 2671 3271 2726 enim
3295 2671 3434 2743 quia
3464 2688 3497 2725 a
3527 2688 3630 2725 nu-

1987 2761 2146 2817 tricis
2180 2762 2327 2817 lacte
2357 2762 2681 2816 subductus
2702 2764 2789 2815 est
2812 2777 2972 2832 puer,
2999 2777 3279 2832 magnum
3302 2758 3627 2814 convivium

1987 2851 2247 2906 exhibuit
2285 2851 2596 2914 Abraham,
2651 2849 2750 2904 sed
2798 2850 2939 2920 quia
2985 2849 3230 2904 idoneus
3275 2846 3511 2903 habitus
3542 2852 3630 2903 est

1987 2944 2148 2995 Isaac
2196 2938 2449 2994 fortioris
2499 2938 2697 3010 gratia
2748 2937 2876 2992 cibo
2927 2941 2983 2992 et
3046 2936 3278 2992 virtutis
3328 2935 3626 3000 alimento,

1988 3045 2102 3083 non
2152 3029 2362 3095 adhuc,
2415 3032 2481 3082 ut
2527 3025 2886 3092 Corinthius,
2944 3025 3094 3080 lacte
3162 3023 3478 3096 potandus,
3528 3023 3627 3080 sed

1987 3116 2175 3189 epulis
2202 3116 2577 3171 solidioribus
2609 3115 3021 3169 mandatorum
3043 3112 3365 3170 calestium
3415 3111 3628 3169 mentis

1988 3223 2106 3261 sua
2141 3205 2385 3261 lacertos
2417 3204 2681 3259 ﬁrmans.

238 3270 453 3363 Moyse,
487 3270 775 3346 recusavit
821 3295 877 3345 et
919 3292 1135 3362 sprevit
1182 3293 1526 3347 mandatum
1589 3293 1702 3365 (53)
1752 3295 1871 3361 Dei,
1901 3270 1950 3346 α
2053 3295 2142 3349 65.
2173 3292 2618 3365 Prosperitatem
2651 3294 2764 3347 cito
2793 3290 3061 3362 sequitur
3109 3288 3342 3344 invidia.
3379 3288 3619 3361 Pepare-

240 3397 340 3435 nec
407 3380 757 3450 obsequium
823 3377 1093 3433 distulit:
1183 3379 1282 3434 sed
1365 3381 1559 3436 statim
1652 3384 1875 3438 vocavit

241 3468 545 3536 Abraham,
578 3483 818 3523 uxorem
850 3484 1019 3522 suam
1051 3467 1100 3523 ei
1134 3468 1408 3538 reddidit,
1443 3472 1624 3540 pretio
1656 3487 1718 3527 se
1750 3471 1874 3543 ipse

244 3556 536 3612 mulctavit
578 3556 736 3628 quod
783 3555 1025 3612 vidisset
1072 3555 1343 3623 alienam,
1400 3559 1592 3612 dotem
1632 3559 1873 3630 pudoris

245 3644 492 3700 exsolvit.

308 3734 392 3790 61.
433 3733 575 3787 Hinc
604 3749 837 3805 quoque
866 3732 1057 3804 colligi
1092 3736 1284 3804 potest
1313 3733 1645 3790 Abimelech
1678 3753 1871 3808 regem

248 3821 607 3878 clementiora
634 3823 937 3889 meruisse,
972 3822 1127 3893 quod
1178 3822 1473 3877 Abraham
1527 3840 1630 3895 pro
1679 3841 1745 3879 eo
1777 3842 1872 3880 ro-

249 3912 394 3981 gavit
419 3915 473 3966 et
502 3909 852 3982 impetravit.
886 3910 1116 3981 Peperit
1146 3911 1301 3965 enim
1342 3915 1399 3966 et
1447 3928 1591 3967 uxor
1640 3913 1787 3983 ejus,
1818 3918 1874 3969 et

249 3998 443 4055 ancilla
469 4001 618 4068 ejus,
670 4015 817 4071 quas
862 4004 994 4053 ante
1038 3998 1405 4054 concluserat
1450 4002 1597 4056 Deus
1638 4006 1875 4073 preptcr

248 4085 435 4143 Seram
476 4103 716 4143 uxorem
764 4086 1047 4141 Abraha:
1094 4088 1246 4158 quod
1300 4104 1461 4159 aque
1526 4090 1595 4144 ad
1646 4106 1871 4146 acono-

248 4175 416 4231 miam
445 4177 552 4247 (54(
587 4176 857 4247 pertinet,
908 4180 973 4230 ut
1018 4176 1169 4230 Sara
1220 4181 1441 4246 partus,
1495 4176 1592 4233 Dei
1625 4179 1875 4235 donatus

248 4264 641 4330 promissione,
672 4262 849 4317 etiam
866 4261 977 4318 hoc
1000 4261 1307 4317 fulciretur
1333 4264 1667 4321 testimonio
1692 4284 1703 4322 :
1738 4283 1873 4322 cum

245 4351 497 4408 advertas
528 4353 630 4407 Dei
656 4350 975 4407 offensione
1001 4355 1057 4405 et
1083 4351 1363 4406 fecundas
1396 4353 1777 4420 sterilescere,
1821 4361 1875 4411 et

246 4455 469 4496 rursum
505 4440 733 4496 Domini
756 4439 1053 4495 voluntate
1084 4439 1310 4495 steriles
1345 4440 1662 4507 fecundari,
1706 4445 1877 4513 juxta

244 4528 392 4597 quod
424 4529 707 4600 scriptum
764 4532 872 4594 est,
933 4529 1120 4583 Nonne
1174 4529 1416 4584 sterilem
1471 4538 1521 4585 et
1570 4533 1875 4600 parientem

1984 3387 2073 3437 rat
2100 3382 2261 3446 Sara,
2298 3381 2686 3437 ablactaverat
2728 3378 2954 3434 lilium:
3013 3376 3153 3433 Vidit
3197 3376 3414 3432 ancillae
3444 3378 3623 3447 ﬁlium

1984 3471 2259 3525 ludentem
2305 3485 2427 3523 cum
2456 3469 2573 3538 ﬁlio
2601 3484 2697 3523 suo
2746 3470 2919 3534 Isaac,
2952 3474 3002 3521 et
3029 3465 3173 3520 dicit
3214 3464 3284 3520 ad
3312 3464 3625 3520 Abraham:

1982 3561 2131 3631 Ejice
2158 3558 2421 3612 ancillam
2449 3560 2502 3610 et
2545 3556 2723 3626 ﬁlium
2767 3557 2920 3627 ejus;
2971 3571 3083 3610 non
3128 3555 3278 3610 enim
3308 3556 3482 3611 haeres
3519 3556 3627 3610 erit

1984 3648 2131 3717 ﬁlius
2179 3646 2404 3701 ancillae
2459 3661 2583 3699 cum
2631 3645 2746 3713 filio
2777 3660 2891 3698 meo
2948 3646 3100 3699 Isaac
3128 3643 3289 3715 (Ibid.
3355 3641 3391 3696 9
3420 3650 3470 3698 et
3509 3642 3620 3714 40).

1982 3737 2206 3791 Durum
2238 3734 2347 3789 hoc
2376 3733 2568 3788 visum
2596 3732 2838 3787 Abraha
2869 3737 3012 3797 erat,
3049 3736 3111 3787 ut
3165 3731 3402 3801 ejiceret
3439 3730 3623 3786 filium

1982 3841 2177 3889 suum,
2208 3823 2345 3878 licet
2372 3838 2506 3877 eum
2538 3837 2712 3892 quem
2745 3823 3084 3892 susceperat
3101 3837 3170 3874 ex
3192 3818 3521 3874 vernacula.
3557 3819 3627 3873 Et

1981 3916 2042 3966 tu
2075 3910 2189 3966 noli
2218 3915 2273 3966 te
2305 3910 2549 3964 miscere
2580 3908 2820 3978 ancilla,
2876 3924 2946 3962 ne
2993 3906 3284 3978 suscipias
3330 3923 3399 3961 ex
3429 3905 3528 3960 illa
3557 3906 3625 3960 Ii-

1982 4000 2150 4064 lium,
2182 4002 2239 4052 et
2267 4014 2411 4052 uxor
2438 4002 2538 4051 tua
2589 4014 2703 4052 non
2756 3996 3012 4068 patiatur
3054 3994 3411 4051 coharedem
3456 3992 3623 4048 illum

1982 4088 2103 4143 ﬁlio
2136 4104 2243 4142 suo
2272 4086 2419 4140 fieri.
2452 4086 2628 4140 Vides
2658 4085 2813 4139 enim
2845 4083 2980 4138 hinc
3025 4082 3167 4138 solvi
3212 4081 3460 4154 gratiam
3493 4097 3622 4136 ma-

1982 4175 2261 4231 trimonii.
2290 4169 2455 4230 Certe
2486 4175 2535 4228 si
2576 4174 2852 4238 incidisti,
2904 4176 2961 4226 et
3010 4171 3190 4226 habes
3241 4168 3449 4235 ﬁlium,
3481 4169 3624 4240 ejice

1983 4264 2255 4319 ancillam
2290 4267 2347 4317 et
2371 4262 2556 4317 filium
2590 4264 2737 4332 ejus.
2773 4261 2981 4316 Melius
3012 4264 3100 4315 est
3122 4258 3276 4315 enim
3310 4262 3375 4313 ut
3410 4256 3626 4314 ancilla

1984 4370 2161 4426 quam
2196 4368 2337 4407 uxor
2350 4350 2596 4417 recedat‘,
2626 4354 2683 4404 et
2703 4349 2858 4404 {ilius
2882 4347 3102 4404 ancilla
3125 4363 3303 4418 quam
3324 4346 3625 4419 legitimus

1985 4441 2268 4514 ejiciatur.
2303 4439 2463 4503 Quod
2499 4438 2546 4493 si
2580 4438 2957 4501 dubitaveris,
2987 4438 3033 4492 si
3057 4435 3476 4507 contempseris
3495 4451 3629 4490 uxo-

1986 4531 2066 4586 ris
2110 4534 2221 4584 tua
2269 4527 2617 4583 sententiam
2671 4531 2727 4581 et
2775 4526 2990 4580 durum
3034 4523 3140 4580 tibi
3188 4523 3377 4580 visum
3430 4522 3624 4588 fuerit,

244 4630 333 4683 ego
385 4619 506 4687 feci,
556 4617 691 4672 dicit
746 4617 1006 4672 Dominus
1060 4616 1191 4686 (lsa,
1234 4634 1378 4684 var,
1439 4617 1542 4687 9)?
1604 4617 2124 4697 Quamvisndicit
2172 4615 2276 4673 tibi
2324 4616 2478 4671 Deus
2523 4615 2677 4685 quod
2728 4613 2874 4668 dixit
2918 4615 2974 4669 et
3004 4612 3286 4681 Abraha;
3350 4611 3505 4683 quod
3544 4608 3626 4665 illi

244 4702 316 4757 ad
344 4705 656 4779 Synagoga
687 4704 833 4759 illud
868 4709 924 4760 et
951 4704 1217 4760 Ecclesia
1274 4707 1617 4777 mysterium
1658 4707 1877 4765 dictum
1987 4709 2143 4764 enim
2174 4704 2337 4769 dixit,
2369 4704 2475 4759 tibi
2518 4704 2680 4769 dicit,
2744 4707 2802 4758 et
2860 4701 3135 4757 omnibus
3197 4700 3374 4756 dicit:
3407 4700 3523 4754 Non
3555 4698 3626 4750 sit

242 4792 556 4865 accipiatur
578 4812 593 4860 ;
628 4794 765 4865 quia
787 4798 842 4848 et
862 4794 1169 4865 Synagoga
1190 4799 1390 4865 partus
1412 4794 1625 4859 habere
1648 4797 1875 4867 desivit,

242 4895 367 4949 qua
399 4882 787 4938 successionis
818 4882 1089 4937 fraudata
1119 4886 1208 4937 est
1258 4883 1605 4953 posteritate,
1656 4889 1713 4939 et
1743 4903 1877 4941 cou-

237 4972 494 5041 gregatio
552 4970 858 5025 nationum
916 4986 1043 5040 qua
1103 4969 1320 5024 sterilis
1369 4974 1492 5025 erat
1539 4987 1672 5027 cum
1696 4973 1878 5028 Deum

240 5055 550 5125 ignoraret,
603 5064 805 5130 partus
859 5058 1073 5113 habere
1118 5058 1354 5129 coeperit
1403 5064 1666 5115 aternos.
1720 5060 1881 5117 Unde

313 5202 429 5271 2:51)
483 5201 600 5255 Hoc
649 5197 1167 5273 est,_¢l‘l10i3lvib“$
1197 5215 1298 5273 se“
1364 5203 1700 5273 tormentis;
1732 5218 1881 5273 Qua}

242 5268 374 5326 ideo
410 5268 733 5344 quastiones
764 5270 1209 5344 dicuntur,quia
1230 5270 1287 5326 in
1317 5272 1508 5325 causis
1538 5268 1883 5344 capitalibus

236 5358 342 5412 per
371 5340 444 5399 ea
472 5344 684 5398 veritas
716 5343 923 5413 quarit
952 5340 1120 5396 solet.

307 5414 429 5484 (52)
474 5413 642 5484 Rom.
712 5410 849 5468 edit.
929 5428 1062 5484 cum
1126 5410 1316 5465 tribus
1382 5427 1550 5484 mss,
1620 5416 1881 5469 monitio-

230 5486 340 5549 nis,
364 5481 510 5557 quod
536 5483 822 5557 Ger-arum,
858 5490 965 5538 etc.
1000 5483 1143 5557 Vet._
1174 5496 1309 5557 cum
1357 5481 1508 5545 aliis,
1562 5484 1652 5537 sed
1691 5489 1881 5540 muni-

229 5551 425 5621 tionis,
458 5560 569 5610 etc.
605 5554 851 5626 Melius;
886 5570 998 5609 non
1053 5552 1210 5626 enim
1259 5551 1575 5626 obscurum
1614 5562 1703 5609 est
1742 5557 1883 5626 quin

228 5626 285 5681 8.
322 5628 420 5681 vir
468 5627 714 5681 Gerares
762 5624 899 5681 velit
945 5624 1181 5696 eosdem
1230 5638 1380 5687 esse,
1431 5639 1497 5677 ac
1537 5623 1882 5696 Gerasenos,

226 5714 389 5771 quos
422 5704 624 5770 septas
650 5696 738 5752 vel
764 5700 1026 5753 muratos
1052 5695 1527 5765 interpretantur.

1987 4798 2188 4852 durum
2215 4797 2341 4848 ante
2365 4800 2414 4847 te
2444 4792 2518 4847 de
2545 4807 2714 4859 puero
2765 4794 2815 4846 et
2861 4790 2926 4846 de
2966 4790 3194 4845 ancilla.
3244 4787 3437 4844 Omnia
3475 4800 3621 4855 qua-

1987 4899 2198 4955 cunque
2225 4881 2430 4935 (tixerit
2459 4879 2564 4934 tibi
2593 4879 2750 4946 Sara,
2790 4879 2924 4933 audi
2964 4894 3139 4933 vocem
3185 4876 3300 4945 ejus
3320 4891 3341 4935 ;
3368 4872 3630 4942 quoniam

1990 4977 2049 5029 in
2080 4975 2230 5027 Isaac
2278 4968 2553 5024 vocabitur
2597 4968 2698 5023 tibi
2742 4983 2925 5022 semen
2968 4964 3126 5036 (Ibid.
3182 4966 3289 5030 12).
3323 4960 3624 5029 Nusquam

1990 5058 2125 5115 alibi
2158 5057 2339 5114 dixit:
2373 5056 2520 5111 Audi
2574 5072 2771 5111 vocem
2824 5053 3019 5110 uxoris
3068 5056 3201 5116 tua,
3251 5047 3365 5103 nisi
3415 5045 3530 5112 hic,
3570 5045 3630 5100 id

2065 5201 2173 5282 (53)
2218 5202 2346 5254 Vat.
2381 5198 2509 5253 cod.
2558 5197 2849 5260 recusavit,
2897 5202 2955 5249 ut
3015 5190 3264 5261 impleret
3307 5184 3631 5242 mandatum

1994 5274 2175 5466 D7543
2207 5341 2531 5395 OEconomia
2560 5336 2654 5391 hic
2684 5337 2836 5390 idem
2886 5337 2994 5398 est,
3047 5333 3221 5402 atque
3268 5327 3448 5385 divini
3493 5342 3629 5383 con-

1996 5412 2109 5466 silii
2184 5409 2466 5466 isnositio.

1996 5426 2109 5467 51m
2142 5426 2231 5467 (11$
2276 5426 2466 5464 osmo.

2068 5484 2177 5552 (55)
2238 5429 2366 5535 Edit
2414 5493 2620 5552 omnes
2637 5493 2652 5552 _:
2713 5472 3036 5552 ΗίςΜΙιοηρδ
3084 5486 3206 5552 θυι)
3275 5485 3332 5526 se
3364 5470 3636 5552 ‘pro'priis

1992 5539 2360 5611 commendent
2404 5549 2557 5601 viris.
2602 5546 2741 5599 Mss.
2795 5542 3038 5609 Theod.,
3084 5539 3256 5597 Turn.
3326 5539 3409 5595 et_
3447 5539 3633 5605 Vala,

1997 5632 2112 5682 Hoc
2160 5626 2357 5678 bonum
2402 5634 2504 5689 quo
2555 5633 2629 5688 se,
2678 5621 2786 5673 etc.
2829 5614 2939 5670 Alii
2975 5613 3254 5688 quinque,
3298 5617 3364 5668 ut
3410 5611 3468 5666 in
3499 5626 3636 5669 con-

2002 5701 2160 5753 textu
2172 5735 2184 5747 .
