4166 6154
329 421 435 490 469

1639 417 1742 483 DE
1784 413 2179 483 ABRAHAM
2223 417 2372 480 LIB.
2422 414 2472 479 1.

3656 412 3775 474 4'10

329 580 437 635 vm,
470 563 582 636 27).
614 563 683 621 Et
734 566 887 620 recte
933 559 1110 619 tertio
1159 557 1255 616 die
1303 554 1649 614 celebratur
1694 552 1997 609 Trinitatis
2028 549 2081 617 Α
2111 550 2297 605 Pater.
2335 550 2440 619 Qui
2486 552 2630 610 dixit
2661 574 2679 610 .·
2712 556 2854 626 Quid
2900 559 3000 626 vis,
3028 558 3125 630 ﬁli
3149 555 3304 633 (Gen.
3341 570 3477 621 xxxx,
3510 544 3609 621 7)?
3636 544 3775 636 Bul-

337 654 699 711 sacriﬁcium.

391 745 479 798 70.
514 745 575 799 Et
625 742 918 814 respiciens
966 740 1248 796 Abraham
1301 734 1496 792 oculis
1552 732 1693 789 vidit
1753 733 1930 788 locum
1975 746 2011 783 a

2121 643 2288 696 satur
2319 640 2551 712 pietatis
2571 646 2867 703 vocabulis
2890 650 3113 720 patrius
3135 648 3399 712 allectus,
3424 647 3480 699 et
3502 635 3778 694 ﬂuctibus

2122 729 2480 801 quibusdam
2511 731 2646 788 hinc
2677 739 2853 807 atque
2894 738 3027 794 inde
3073 738 3366 793 tunditur.
3403 730 3583 788 Filius
3611 725 3781 780 vocat

329 834 476 902 longe
507 833 657 902 (Gen.
692 847 832 897 xvu,
864 830 942 899 4).
977 827 1233 885 Sollicita
1281 821 1564 894 explorat
1595 821 1695 893 qui
1737 835 2014 906 properat
2121 822 2348 890 patrem
2383 836 2395 873 :
2431 823 2595 891 pater
2641 822 2802 891 dicit,
2834 828 2961 891 Fili,
2997 832 3060 883 ut
3101 828 3229 900 ipso
3273 823 3587 880 verborum
3639 827 3781 906 sono

331 921 586 995 implere.
617 918 894 985 Quamvis
918 916 1165 973 senilem
1193 912 1405 972 studio
1429 910 1712 965 celeraret
1732 911 2003 994 gradum,

329 1016 516 1068 tamen
546 1010 655 1065 hoc
681 1023 880 1064 serum
915 1011 1135 1079 putans
1165 1000 1546 1076 praecedebat
1578 1000 1762 1056 oculis
1798 1019 1809 1056 :
1848 1000 2005 1069 vige-

333 1102 465 1158 bant
513 1096 880 1172 singulorum
913 1094 1117 1149 ofﬁcia
1162 1091 1599 1159 membrorum,
1630 1088 1767 1144 licet
1797 1087 2009 1145 senilia

334 1189 595 1246 membra
642 1203 750 1242 non
798 1186 1056 1256 possent
1086 1181 1298 1254 vigere.
1333 1176 1500 1233 Solet
1552 1178 1811 1234 hebetari
1842 1177 2004 1232 visus

330 1294 554 1345 senum,
585 1280 649 1331 ut
677 1275 849 1331 etiam
881 1271 1226 1346 propinqua
1257 1286 1377 1324 non
1411 1268 1581 1324 facile
1613 1266 1999 1339 conspiciant.

328 1368 423 1425 Hic
457 1383 572 1423 non
606 1364 789 1421 solum
810 1362 955 1418 vidit
982 1360 1213 1425 locum,
1239 1358 1342 1413 sed
1369 1357 1546 1413 etiam
1575 1355 1749 1429 longe
1776 1356 2003 1428 positus

338 1456 578 1529 aspexit.

389 1547 480 1601 71.
517 1544 636 1599 Nec
674 1540 958 1598 dubitavit
992 1536 1244 1601 vidisse,
1285 1535 1385 1590 sed
1437 1535 1518 1589 ait
1567 1534 1768 1607 pueris
1826 1532 1950 1588 suis
1985 1550 1996 1587 :

339 1635 519 1693 Sedete
551 1633 641 1688 hic
667 1648 785 1688 cum
829 1632 993 1686 asina
1030 1646 1050 1682 :
1082 1641 1179 1697 ego
1209 1632 1391 1679 autem
1419 1632 1473 1679 et
1512 1640 1655 1695 puer
1698 1623 2003 1694 pertransi-

326 1727 512 1782 bimus
546 1738 717 1793 usque
744 1722 903 1780 illuc;
936 1727 994 1773 et
1030 1732 1155 1771 cum
1201 1713 1632 1783 adoraverimus,
1668 1719 2006 1766 revertemur

336 1815 400 1871 ad
427 1830 523 1869 vos
555 1810 715 1879 (Ibid.
752 1810 827 1881 5).
852 1807 1069 1863 Merito
1112 1807 1291 1876 typus
1318 1801 1376 1856 in
1410 1802 1594 1866 asina,
1627 1800 1768 1872 quia
1815 1803 1871 1855 et
1915 1815 2005 1854 ve-

322 1905 460 1960 ritas
494 1901 556 1956 in
602 1899 761 1972 pullo
809 1897 1011 1953 asinae.
1051 1895 1116 1948 In
1148 1892 1261 1948 hoc
1310 1891 1465 1946 enim
1514 1890 1812 1945 animante
1840 1889 1999 1961 ﬁgu-
2034 1914 2082 1979 Β

331 1997 496 2049 ratur
511 1987 773 2063 populus
794 1983 1133 2049 gentilium,
1162 1983 1297 2036 ante
1318 1979 1475 2035 oneri
1499 1979 1821 2049 subjectus,
1848 1992 2003 2031 nunc

328 2081 563 2139 Christo
589 2075 884 2132 subditus.
912 2074 1080 2128 Isaac
1114 2085 1255 2141 ergo
1288 2067 1500 2124 Christi
1530 2066 1762 2138 passuri
1795 2069 1886 2120 est
1915 2069 2001 2136 ty-

318 2187 445 2244 pus.
488 2163 778 2221 Venit-in
825 2162 1009 2225 asina,
1038 2163 1101 2214 ut
1133 2156 1467 2213 crediturus
1518 2154 1770 2228 populus
1819 2154 2003 2209 natio-

318 2275 460 2316 num
515 2253 974 2325 signiﬁcaretur.
1008 2249 1268 2318 Ideoque
1301 2250 1357 2300 et
1405 2244 1689 2300 Dominus
1740 2260 1872 2298 cum
1925 2244 1995 2298 ad

322 2343 703 2405 subeundam
740 2355 841 2411 pro
886 2336 1057 2393 nobis
1106 2332 1449 2408 passionem
1493 2332 1734 2395 veniret,
1769 2331 1998 2403 pullum

325 2436 506 2493 asinae
541 2430 736 2495 solvit,
760 2444 931 2498 quem
980 2426 1107 2497 ipse
1140 2422 1409 2479 consedit
1456 2421 1630 2476 etiam
1677 2420 1878 2475 mitem
1910 2427 1995 2476 at-

326 2540 440 2597 que
486 2519 875 2577 mansuetum
908 2514 1044 2586 (58),
1071 2514 1205 2586 jam
1252 2509 1479 2566 Christo
1512 2526 1620 2564 sua
1650 2513 1813 2580 terga
1841 2510 1997 2566 800

322 2612 698 2669 credentem.
732 2603 890 2669 Quod
921 2607 1118 2659 autem
1153 2600 1238 2656 ait
1271 2617 1283 2654 :
1318 2600 1425 2667 Ego
1454 2602 1503 2654 et
1539 2614 1678 2670 puer
1717 2606 1994 2668 pertrans~

317 2703 537 2758 ibimus
599 2696 769 2755 viam,
802 2692 1167 2746 demonstrat
1221 2688 1375 2759 quod
1434 2703 1548 2741 non
1606 2686 1875 2741 deﬁceret
1933 2687 1992 2743 in

312 2793 490 2846 tanto
525 2784 819 2856 apparatu
850 2783 1034 2850 pater,
1067 2793 1187 2831 non
1232 2776 1459 2831 cederet
1485 2773 1641 2829 ﬁlius
1676 2792 1688 2829 :
1723 2778 1823 2829 aut
1855 2776 1994 2846 quia

315 2872 765 2952 pertransirent
794 2867 1023 2939 pietatis
1050 2864 1310 2921 remedio
1331 2864 1479 2919 tanti
1508 2863 1780 2919 facinoris
1806 2868 1995 2919 auste-

318 2951 593 3023 ritatem.
641 2956 923 3013 Addidit:
959 2955 1034 3011 Ad
1078 2970 1176 3010 vos
1228 2960 1574 3009 revertemur.
1622 2951 1995 3023 Prophetavit

315 3052 482 3126 quod
518 3046 838 3121 ignorabat
866 3044 977 3115 (22,
1008 3060 1063 3115 q.
1086 3045 1141 3107 2,
1167 3058 1293 3113 cap.
1318 3043 1380 3098 Si
1407 3041 1666 3113 quaelibet
1694 3040 1723 3113 ξ
1757 3042 1990 3112 Ρνοριιε-

314 3141 509 3207 tavit).
537 3139 674 3209 Ipse
706 3132 866 3189 solus
897 3130 1245 3202 disponebat
1274 3129 1482 3193 redire,
1505 3128 1804 3184 immolato
1836 3129 1987 3185 ﬁlio:

315 3229 425 3286 sed
461 3223 761 3283 Dominus
791 3237 965 3292 super
1006 3237 1073 3275 os
1102 3220 1231 3289 ejus
1275 3218 1504 3273 locutus
1535 3222 1624 3273 est
1654 3218 1809 3289 quod
1842 3235 1988 3289 prm-

317 3316 598 3390 parabat.
633 3309 901 3380 Captiose
933 3309 1044 3378 (59)
1076 3311 1272 3362 autem
1321 3306 1668 3377 loquebatur
1698 3322 1829 3359 cum
1863 3324 1988 3361 ser-

318 3404 504 3470 vulis,
548 3416 650 3465 ne,
682 3397 912 3469 cognito
965 3395 1217 3467 negotio,
1268 3394 1576 3466 impediret
1626 3394 1858 3465 aliquis,
1892 3402 1992 3451 aut

325 3492 555 3565 gemitu
590 3488 975 3557 obstreperet,
1009 3488 1113 3539 aut
1143 3483 1300 3539 ﬂetu.

396 3584 493 3635 72.
528 3576 745 3646 Accepit
800 3581 979 3629 autem
1041 3573 1195 3640 ligna
1251 3573 1572 3639 holocausti,
1627 3575 1677 3625 et
1734 3574 1996 3643 imposuit

324 3671 487 3724 Isaac
533 3667 656 3735 ﬁlio
715 3678 810 3717 suo
839 3679 856 3715 :
889 3663 1094 3732 accepit
1124 3669 1174 3715 et
1223 3663 1403 3730 ignem
1462 3662 1574 3730 ipse
1632 3661 1689 3713 in.
1744 3676 1914 3714 manu
1944 3666 1992 3715 et

325 3756 674 3812 machaeram
723 3750 874 3819 (Gen.
927 3766 1070 3815 xxii,
1100 3750 1176 3817 6).
1226 3748 1611 3804 Consecratur
1656 3746 1839 3802 sacris
1882 3747 1990 3802 ho-

329 3845 453 3899 stia
483 3838 852 3905 ministeriis,
892 3843 949 3893 et
979 3837 1424 3892 commendatur
1466 3835 1662 3891 futura
1691 3836 1823 3906 (60).
1858 3836 1991 3899 Quae

330 3932 574 4003 pietatis
633 3928 827 3984 hostia
884 3926 965 3998 pii
1026 3930 1160 3981 ante
1228 3924 1536 3980 ministerii
1596 3928 1827 3978 vectura
1882 3930 1989 3979 est.

332 4019 522 4091 Ligna
577 4019 741 4073 Isaac
800 4014 909 4070 sibi
960 4014 1134 4079 vexit,
1167 4013 1433 4069 Christus
1494 4012 1605 4068 sibi
1662 4011 1992 4084 patibulum

332 4108 529 4163 crucis
559 4104 833 4178 portavit.
866 4102 1161 4157 Abraham
1205 4102 1596 4157 comitabatur
1642 4100 1851 4166 ﬁlium,
1886 4100 1992 4155 Pa-

336 4198 434 4250 ter
461 4194 778 4251 Christum.
803 4191 916 4245 Nec
948 4190 1107 4245 Isaac
1139 4188 1322 4255 solus,
1353 4205 1458 4244 nec
1488 4188 1661 4243 Jcsus
1690 4189 1867 4244 solus.
1894 4189 1995 4244 De-

339 4282 520 4354 nique
552 4282 635 4336 ait
670 4297 681 4334 :
718 4279 909 4334 Solum
936 4294 1023 4333 me
1069 4278 1411 4348 relinquetis,
1444 4281 1494 4331 et
1524 4293 1628 4332 non
1661 4293 1783 4331 sum
1829 4278 1994 4341 solus,

338 4372 478 4440 quia
508 4372 668 4424 Pater
696 4383 912 4422 mecum
940 4370 1015 4422 est
1048 4367 1225 4435 (Joan.
1259 4383 1371 4429 xw,
1404 4365 1512 4435 3'2).

409 4461 500 4513 73.
535 4458 689 4513 Dicit
723 4458 907 4510 autem
955 4456 1105 4509 Isaac
1132 4454 1202 4508 ad
1232 4455 1503 4509 Abraham
1550 4461 1761 4524 patrem
1789 4469 1949 4507 suum
1980 4486 1997 4521 ,-

410 4579 520 4649 (58)
552 4578 770 4635 Omnes
830 4577 995 4639 edit.,
1041 4593 1197 4649 quem
1258 4579 1370 4646 ipse
1423 4578 1753 4631 conscientia
1805 4578 1996 4649 mitem

335 4632 519 4719 atcue]
545 4632 897 4705 mansuetum
936 4632 1063 4719 jani
1092 4632 1300 4702 Christb
1347 4665 1445 4701 sua
1496 4656 1666 4719 terga
1691 4646 1997 4702 credentem
2024 4632 2074 4698 D

332 4717 670 4777 ascenderat.
726 4720 829 4775 His
880 4717 1162 4773 accedunt
1208 4719 1427 4773 Thcod.
1466 4722 1522 4772 et
1571 4717 1725 4772 Vale.
1760 4723 1993 4788 excepto

336 4793 497 4861 quod
531 4810 630 4863 pro
674 4792 983 4863 credentem
1031 4789 1368 4863 ascenderat,
1402 4789 1496 4863 hic
1530 4788 1687 4863 legit,
1721 4789 1995 4863 cedentem

331 4860 596 4933 consedit,
631 4862 749 4925 ille,
798 4862 1299 4933 prazbentemfecit.
1336 4860 1397 4913 In
1451 4860 1559 4933 hoc
1608 4862 1657 4933 ei
1709 4862 1997 4933 consentit

336 4931 523 5004 Long.
549 4934 651 5004 qui
683 4930 891 4989 caetera
922 4948 1050 4987 cum
1085 4930 1213 4986 aliis
1241 4936 1493 5001 quatuor
1524 4931 1753 4985 lectioni
1784 4936 1993 4985 nostrai

336 5004 722 5074 astipulatur.

413 5071 526 5145 (59)
573 5075 845 5144 Captiose,
898 5073 955 5127 id
1011 5077 1123 5145 est,
1170 5077 1233 5125 ut
1283 5076 1451 5145 notat
1502 5071 1699 5145 glossa
1750 5072 1993 5145 decreti.

334 5143 516 5211 caute,
563 5143 850 5200 nimirum
912 5160 981 5196 ne
1037 5143 1300 5197 videatur
1329 5143 1677 5198 Ambrosius
1730 5144 1998 5198 docuisse

331 5217 638 5271 Abraham
674 5213 951 5271 simulate
983 5219 1082 5268 aut
1120 5214 1475 5268 mendaciter
1506 5215 1785 5267 locutum.
1818 5214 1996 5268 Fcere

334 5287 639 5359 siquidem
675 5288 774 5358 qui
811 5284 953 5359 nihil
984 5285 1142 5338 aliud
1187 5284 1278 5359 his
1308 5284 1566 5359 rotoris
1594 5285 1997 5359 nostriverbis

331 5354 671 5431 signiﬁcari
696 5354 1138 5431 contenderent,
1171 5354 1285 5431 nisi
1314 5356 1373 5410 S.
1409 5354 1995 5431 p_atri_arcl_iam__men-

332 5425 517 5485 tit—um
554 5428 868 5498 esse,quod
904 5431 1101 5498 contra
1135 5429 1390 5480 mentem
1417 5425 1832 5480 dissimulandi
1869 5444 2001 5481 cau-

324 5520 402 5559 sa
464 5500 546 5556 sit
609 5496 840 5555 locu—tus
874 5513 886 5549 :
922 5496 1312 5569 prephagtasse
1339 5499 1754 5569 _a_u_tem,iquod
1798 5513 1997 5569 verum

320 5571 554 5629 dixerit
602 5570 737 5625 licet
789 5564 1069 5623 nesciens.
1104 5566 1204 5621 His
1246 5564 1522 5621 Melchior
1570 5564 1785 5629 canus,
1819 5567 1922 5623 lib.
1959 5587 1995 5623 ιι

317 5646 406 5701 De
460 5644 569 5698 lor.
614 5640 803 5705 theol.,
853 5656 901 5710 c.
955 5639 1011 5710 4,
1055 5636 1387 5710 subscribit.
1423 5637 1535 5710 Nec
1579 5643 1777 5710 tamen
1828 5645 1999 5710 putes

316 5716 475 5774 hinc
511 5711 766 5771 Abrahae
818 5709 1015 5781 pietati
1048 5708 1359 5781 quicquam
1409 5708 1672 5777 detrahi;
1721 5708 1854 5765 cum
1904 5728 1997 5767 ve-

2120 924 2186 963 se
2218 913 2595 981 recognoscat
2627 916 2790 983 pater
2820 932 2833 970 :
2866 932 3042 987 quam
3088 910 3461 987 impossibile
3490 909 3578 961 est
3608 907 3673 959 ut
3704 902 3782 957 fe-

2119 997 2234 1053 Γίτθ
2266 998 2469 1069 Ροεεῖΐ,
2496 1001 2665 1071 CUjus
2698 1019 2760 1058 se
2788 1005 3009 1060 vulneri
3043 1004 3339 1076 subjicere
3370 998 3619 1069 optaret.
3652 993 3785 1047 Haec

2116 1086 2359 1143 nomina
2388 1087 2514 1143 vitae
2546 1088 2737 1146 solent
2783 1094 3007 1165 operari
3037 1094 3316 1166 gratiam,
3352 1104 3470 1143 non
3520 1082 3785 1138 ministe-

2116 1175 2269 1230 rium
2319 1178 2477 1231 necis
2512 1194 2524 1231 :
2559 1178 2681 1233 haec
2729 1182 3013 1238 vocabula
3056 1182 3303 1237 incitare
3354 1175 3430 1231 ad
3483 1172 3783 1244 pietatem,

2114 1281 2231 1321 non
2265 1266 2337 1320 ad
2370 1269 2617 1321 mortem
2650 1268 2856 1325 solent.

2185 1356 2274 1409 74.
2309 1355 2548 1410 Addidit
2579 1357 2743 1413 Isaac
2788 1359 2987 1414 dicens
3020 1378 3032 1414 :
3066 1358 3198 1415 Ecce
3227 1359 3411 1427 ligna,
3445 1349 3543 1405 ubi
3570 1356 3647 1404 est
3673 1350 3786 1405 ovis

2114 1444 2174 1497 in
2205 1443 2580 1498 holocaustum
2610 1446 2792 1517 (lbid.)
2815 1452 2839 1501 ?
2880 1449 2949 1502 Et
2992 1448 3088 1502 hic
3136 1443 3462 1518 prophetat
3489 1455 3783 1508 sermone,

2113 1548 2229 1587 non
2288 1532 2553 1599 scientia,
2614 1533 2749 1589 Ovis
2806 1536 2962 1590 enim
3022 1554 3055 1590 a
3112 1534 3365 1592 Domino
3424 1529 3501 1585 ad
3561 1527 3788 1585 sacriﬁ-

2114 1622 2271 1677 cium
2329 1621 2668 1694 parabatur.
2730 1624 3050 1695 Respondit
3101 1623 3361 1694 denique
3423 1615 3704 1673 similiter
3733 1624 3789 1675 et

2111 1709 2408 1765 Abraham
2460 1727 2473 1764 :
2513 1711 2656 1765 Deus
2701 1712 3001 1782 providebit
3045 1711 3155 1766 sibi
3201 1727 3357 1766 ovem
3407 1706 3483 1762 ad
3530 1707 3787 1763 holocau-

2112 1803 2274 1866 stum,
2334 1799 2421 1868 ﬁli
2460 1798 2644 1871 (lbid.)
2701 1799 3043 1855 Inﬂexibilis
3102 1817 3136 1854 a
3193 1799 3393 1854 studio
3455 1794 3787 1854 devotionis

2116 1889 2387 1943 minister
2422 1903 2625 1944 vocare
2671 1888 2859 1945 ﬁlium
2914 1888 3247 1960 frequenter
3295 1905 3413 1943 non
3466 1884 3674 1952 timet;
3707 1886 3787 1943 ita

2114 1981 2239 2033 erat
2268 1976 2612 2033 intentionis
2644 1977 2939 2033 soliditate
2970 1978 3250 2034 fundatus
3285 1996 3296 2033 :
3323 1981 3390 2042 et
3424 1976 3542 2030 hoc
3575 1990 3639 2031 se
3670 1992 3787 2032 me-

2113 2065 2316 2122 liorem
2348 2072 2574 2137 patrem
2626 2067 2892 2139 putabat,
2924 2066 3031 2120 hoc
3061 2066 3171 2122 sibi
3204 2066 3262 2121 in
3306 2080 3570 2139 perenne
3617 2081 3781 2121 man-

2112 2154 2671 2225 surumjudicabat
2721 2154 2935 2221 ﬁlium,
2968 2154 3013 2210 si
3063 2172 3195 2211 eum
3249 2154 3595 2211 immolaret
3642 2154 3778 2211 Deo.

2112 2247 2235 2298 Non
2273 2242 2463 2298 solum
2498 2247 2691 2299 autem
2724 2244 2837 2298 hoc
2867 2245 3245 2317 prophetavit,
3274 2246 3430 2317 quod
3463 2243 3671 2300 statim
3694 2262 3780 2301 ac-

2111 2331 2271 2398 cidit,
2305 2331 2442 2402 quia
2474 2332 2627 2387 lleus
2658 2332 2916 2403 providit
2946 2333 3057 2388 sibi
3086 2351 3188 2406 pro
3218 2334 3379 2390 Isaac
3410 2334 3699 2401 hostiam,
3726 2340 3782 2390 et

2109 2419 2365 2474 reddidit
2412 2420 2561 2490 patri
2612 2421 2806 2475 ﬁlium
2861 2438 2872 2474 :
2922 2439 3121 2478 verum
3170 2423 3315 2479 illud
3365 2425 3590 2497 magis,
3624 2424 3778 2498 quod

2107 2524 2223 2562 non
2256 2506 2374 2560 haec
2408 2507 2600 2562 hostia
2630 2508 2844 2563 divinze
2890 2514 3044 2564 esset
3073 2510 3500 2582 dispositionis,
3529 2515 3635 2570 sed
3668 2513 3781 2569 alia

2106 2596 2264 2649 esset
2294 2592 2488 2648 hostia
2517 2611 2696 2665 quam
2730 2596 2886 2651 Deus
2930 2595 3041 2651 sibi
3074 2603 3324 2669 pararet,
3359 2603 3427 2673 pt
3458 2602 3781 2657 mundaret

2106 2681 2305 2737 orbem
2366 2685 2703 2738 terrarum:
2760 2684 2861 2740 illa
2912 2690 3067 2742 esset
3120 2688 3397 2744 omnibus
3454 2691 3774 2763 acceptior,

2105 2773 2341 2843 propter
2372 2788 2549 2842 quam
2582 2772 2751 2828 multi
2796 2777 2989 2845 patres
3036 2776 3308 2831 oIl‘errent
3358 2776 3513 2833 ﬁlios
3547 2796 3690 2836 suos
3720 2795 3778 2849 et

2104 2859 2363 2933 separari
2395 2859 2450 2914 in
2486 2861 2597 2916 hoc
2640 2862 2851 2917 saeculo
2882 2879 2916 2915 a
2948 2860 3083 2918 ﬁliis
3131 2881 3245 2919 non
3280 2865 3587 2923 timerent.
3622 2870 3771 2934 Quo-

2104 2949 2250 3005 tidie
2299 2950 2551 3005 oll'erunt
2597 2955 2791 3022 patres
2822 2949 2973 3005 ﬁlios
3012 2969 3173 3019 suos,
3210 2958 3275 3009 ut
3326 2955 3667 3014 moriantur
3714 2960 3769 3015 in

2104 3037 2354 3106 Christo,
2388 3042 2444 3092 et
2491 3038 2960 3111 consepeliantur
2991 3039 3047 3094 in
3098 3041 3367 3096 Domino.
3400 3044 3620 3109 Quanti
3668 3066 3767 3120 pa-

2104 3132 2246 3192 tres,
2274 3126 2481 3183 occisis
2531 3128 2807 3200 martyrio
2840 3127 3000 3196 ﬁliis,
3030 3128 3278 3185 laetiores
3325 3130 3397 3185 ab
3427 3147 3636 3190 eorum
3669 3142 3763 3192 tu-

2104 3215 2264 3272 mulo
2296 3221 2653 3271 reverterunt
2672 3218 2683 3272 l
3620 3219 3633 3235 ⁸

2173 3305 2262 3358 75.
2295 3303 2467 3357 Venit
2496 3306 2787 3360 Abraham
2823 3306 2891 3360 ad
2926 3305 3120 3364 locum
3152 3307 3436 3364 sacriﬁcio
3464 3312 3764 3381 praedesti-

2101 3396 2335 3457 natum;
2387 3394 2447 3445 Et
2494 3394 2792 3463 aediﬁcavit
2841 3395 2919 3448 ibi
2965 3415 3144 3464 aram,
3195 3406 3247 3453 et
3298 3398 3560 3469 imposuit
3609 3403 3763 3473 ligna

2102 3481 2258 3551 (Ibid.
2291 3480 2369 3533 9".
2395 3482 2620 3543 Quanta
2666 3482 2972 3538 molimina
3010 3485 3391 3552 immolaturi,
3436 3504 3508 3543 ne
3556 3496 3760 3563 raptus

2102 3570 2247 3625 301
2288 3567 2481 3623 subito
2513 3569 2582 3622 ad
2617 3569 3047 3629 immolandum
3090 3576 3519 3631 aestimaretur?
3549 3581 3624 3633 Et
3648 3581 3757 3633 col-

2102 3656 2284 3727 ligatis
2334 3656 2587 3710 manibus
2618 3674 2681 3711 ac
2720 3657 2944 3729 pedibus
2996 3664 3146 3717 Isaac
3197 3664 3308 3731 ﬁlii
3351 3666 3457 3726 sui,
3498 3666 3757 3737 imposuit

2101 3762 2224 3801 eum
2251 3745 2309 3797 in
2340 3759 2493 3798 aram
2545 3762 2713 3817 super
2765 3748 2913 3817 ligna
2948 3748 3151 3820 (Ibid).
3182 3749 3370 3804 Nectit
3402 3749 3519 3804 ﬁlio
3572 3754 3755 3807 mani-

2102 3834 2212 3888 bus
2245 3832 2369 3886 suis
2417 3833 2652 3888 vincula
2690 3838 2880 3906 pater;
2918 3853 2989 3890 ne
3038 3837 3380 3909 refugiendo
3432 3837 3587 3893 ﬁlius
3617 3845 3674 3893 et
3702 3841 3755 3893 vi

2102 3921 2256 3994 ignis
2287 3920 2509 3977 excitus
2540 3928 2844 3994 peccatum
2876 3923 3218 3980 incurreret.

2172 4012 2260 4065 76.
2296 4012 2355 4064 Et
2400 4010 2547 4065 dixit
2594 4013 2822 4082 angelus
2853 4031 2871 4065 :
2920 4014 3217 4079 Abraham,
3268 4013 3543 4068 Abraham
3593 4015 3750 4084 (Ibid.

2105 4098 2213 4169 11).
2247 4096 2459 4153 'I‘cnuit
2487 4099 2920 4169 quodammodo
2954 4117 3194 4156 manum
3239 4102 3367 4170 ejus
3400 4099 3597 4155 divina
3628 4118 3753 4168 vox,

2104 4190 2161 4241 et
2217 4185 2394 4240 ictum
2443 4185 2729 4241 vibrantis
2772 4192 3080 4260 occupavit
3132 4190 3397 4246 dexterae.
3431 4189 3543 4244 Nec
3576 4190 3757 4245 semel

2104 4274 2355 4339 vocavit;
2392 4291 2462 4329 ne
2510 4280 2613 4329 aut
2645 4274 2815 4346 plane
2863 4294 2977 4331 non
3029 4278 3277 4343 audiret,
3312 4284 3414 4333 aut
3456 4277 3756 4333 fortuitam

2107 4379 2303 4418 vocem
2337 4368 2585 4432 putaret.
2626 4363 2718 4418 Sic
2769 4366 3071 4433 revocavit,
3096 4365 3593 4438 quemadmodum
3642 4366 3759 4422 im-

2110 4451 2349 4520 peravit.
2372 4450 2659 4521 llepctivit
2690 4467 2906 4519 vocem,
2933 4457 3213 4525 tanquam
3252 4455 3473 4509 veritus
3508 4471 3577 4510 ne
3608 4473 3757 4528 pra:-

2108 4578 2297 4651 tcrum
2329 4574 2564 4651 Patrum
2597 4576 2898 4651 usquead
2922 4578 3251 4651 Augustini
3303 4584 3568 4651 tempora
3597 4598 3760 4636 eom-

2106 4647 2303 4701 munis
2336 4648 2515 4719 ferme
2547 4646 2741 4717 Opinio
2789 4648 2981 4711 fuerit,
3018 4646 3148 4704 boni
3183 4646 3443 4719 alicujus.
3464 4651 3548 4706 vel
3583 4653 3757 4704 oilicii

2104 4734 2241 4789 ergo
2275 4717 2507 4789 mentiri
2560 4723 2861 4789 peccatum
2913 4737 3026 4775 non
3077 4739 3224 4777 esse.
3260 4717 3475 4776 Verum
3525 4728 3760 4776 senten-

2105 4787 2246 4842 tiam
2280 4787 2725 4863 hanc_l'unditus
2756 4790 2961 4844 evertit
3000 4792 3385 4863 Augustinus,
3422 4793 3511 4846 cui
3553 4808 3760 4863 omnes

2107 4864 2307 4930 postea
2349 4859 2653 4931 sull‘i'agati
2686 4866 2841 4915 sunt.
2878 4859 3516 4917 TamenAmbrosium
3549 4861 3604 4914 in
3639 4862 3756 4931 pri-

2107 4929 2203 4984 ma
2235 4947 2359 5002 non,
2382 4929 2560 5002 fuisse
2592 4931 2864 5002 opinione
2912 4932 3066 4989 haud
3102 4934 3393 4988 illibenter
3422 4929 3753 4998 credimus;

2105 5006 2232 5075 tum
2264 5000 2401 5075 quia
2432 5001 2490 5054 id
2518 5000 2661 5075 satis
2692 5003 2912 5057 indicat
2936 5004 3305 5075 Augustinus,
3323 5002 3492 5075 epist.
3514 5002 3755 5075 A82,Atum

2108 5072 2541 5145 quidSanctus
2600 5074 2724 5145 ipse
2782 5072 3661 5145 nosterbmnesimulationis
3692 5089 3757 5129 ac

2108 5144 2391 5217 mendacii
2427 5144 3074 5217 genus’proscribitlib.
3102 5144 3537 5217 v11,__i_n_cap.xu
3568 5145 3755 5217 Lucae,

2106 5220 2163 5287 et
2348 5232 2407 5269 ιιι
2439 5213 2659 5281 Οί“ίὶρ.,’
2688 5234 2813 5287 cap.
2848 5216 2901 5270 9.
2934 5221 3107 5287 atque
3163 5213 3322 5287 alibi.
3357 5213 3521 5287 Unde
3579 5215 3757 5287 etiam

2109 5285 2168 5340 Β.
2204 5285 2312 5340 Th.
2347 5288 2463 5351 2-2,
2497 5304 2553 5357 q.
2594 5288 2711 5353 111,
2745 5285 2853 5340 art.
2902 5288 2949 5349 1,
2992 5285 3160 5339 docet
3202 5285 3575 5341 Ambrosium
3626 5286 3757 5342 istic

2108 5357 2451 5437 mysterium
2486 5366 2538 5437 et
2584 5357 2946 5437 prophetiam
2981 5372 3316 5427 agnoscere,
3349 5373 3465 5411 non
3514 5359 3755 5413 menda-

2108 5429 2286 5493 cium,
2323 5437 2424 5483 aut
2459 5427 2914 5482 simulationem.

2178 5501 2290 5569 (GU)
2327 5500 2464 5554 Mss.
2496 5498 2713 5553 'l‘heorl.
2762 5502 2830 5570 ct
2857 5498 3040 5564 \‘alc.,
3070 5498 3369 5570 mysteriis,
3402 5503 3451 5552 et
3480 5516 3755 5555 commcn-

2106 5570 2272 5624 datur
2307 5573 2501 5641 ['ntiu'a
2542 5570 2765 5641 pictatis
2814 5568 2989 5626 hostia
3033 5568 3293 5642 pii'ante
3340 5572 3641 5627 ministerii
3669 5587 3755 5625 ve-

2106 5645 2257 5696 ctura
2269 5684 2278 5696 .
