4166 6154
315 336 419 413 413

1621 332 1726 395 ea
1768 335 2169 405 ABRAHAM
2214 340 2367 403 LIB.
2412 292 2499 404 Ι..

3640 348 3759 421 47.4

312 475 416 541 tur,
443 470 566 544 ipse
593 468 701 537 hoc
728 470 976 545 reperit:
1002 468 1129 527 sive
1164 469 1241 526 de
1272 466 1503 535 nostris
1554 466 1679 540 ipse
1711 472 1974 526 transtu-
2009 473 2066 551 Α
2167 475 2256 531 85.
2290 477 2361 533 Et
2384 479 2449 533 tu
2480 477 2804 552 proximam
2837 493 3049 551 quaere.
3081 479 3223 546 Quis
3263 484 3352 538 est
3409 481 3760 555 proximus?

313 560 410 624 lit:
441 560 559 625 sive
579 560 930 616 translatum
963 559 1205 615 invenit
1233 576 1246 615 :

407 712 606 763 Pascite
629 715 689 763 ut
714 717 836 763 ante
860 713 1045 775 boves,
1080 711 1255 776 pueri,
1293 707 1610 759 submittite
1640 709 1850 759 tauros.

1355 770 1536 837 (Virg.
1569 769 1676 820 Ecl.
1710 774 1768 833 I.)

379 918 514 974 Inde
544 920 601 973 et
629 932 839 989 pueros
868 916 1139 984 dicimus,
1173 912 1428 987 quando
1487 912 1750 969 servulos
1794 911 1991 983 signi-

315 1008 575 1072 ﬁcamus,
608 1023 722 1062 non
774 1010 998 1069 aetatem
1055 1004 1491 1077 exprimentes,
1548 1002 1648 1059 sed
1706 998 1991 1058 conditio-

317 1113 442 1153 nem
453 1138 464 1150 .

381 1186 467 1242 83.
500 1184 744 1249 Adverte
783 1199 938 1239 nunc
995 1182 1237 1237 virtutes
1302 1178 1447 1234 boni
1514 1177 1984 1251 patrisfamilias,

317 1279 370 1334 et
396 1274 704 1332 considera
731 1272 1009 1346 primum,
1035 1270 1192 1344 quod
1214 1284 1467 1334 munus,
1507 1273 1565 1323 et
1593 1269 1684 1324 cui
1720 1268 1982 1324 mandet:

317 1369 378 1422 ut
406 1369 461 1425 et
482 1368 547 1419 tu
577 1363 660 1418 ita
688 1362 964 1417 instituas
992 1358 1274 1423 servulos,
1308 1361 1375 1412 ut
1433 1355 1642 1413 liberis
1701 1358 1821 1413 tuis
1881 1374 1984 1429 pa-

315 1452 547 1513 ternum
581 1453 857 1508 allectum
891 1450 1175 1518 deferant,
1208 1451 1264 1502 et
1302 1446 1508 1503 ofﬁcia
1567 1450 1983 1520 exsequantur.

314 1541 466 1601 809
500 1543 777 1598 Inventus
809 1543 898 1596 est
918 1540 989 1595 de
1032 1535 1301 1603 servulis,
1363 1535 1571 1591 senior
1624 1539 1822 1591 tamen
1880 1536 1982 1607 qui

316 1633 386 1689 ad
412 1647 655 1687 uxorem
698 1627 1117 1707 providendam
1169 1625 1408 1680 domino
1455 1625 1684 1696 juniuri
1742 1623 1984 1697 eligere-

312 1726 429 1788 tur,
461 1724 520 1776 et
550 1718 911 1776 constrictus
941 1720 1007 1772 ut
1019 1715 1264 1786 juraret,
1289 1713 1557 1770 mitteret
1596 1731 1838 1769 manum
1871 1714 1983 1770 sub

311 1812 509 1868 femur
527 1806 756 1873 domini
790 1806 905 1861 sui.
940 1805 1046 1860 Per
1078 1803 1265 1858 femur
1320 1802 1764 1873 generationem
1818 1802 1985 1859 intel-

310 1872 598 1972 ligimus:
633 1893 935 1972 generatio
996 1895 1187 1947 autem
1248 1872 1496 1944 Abrahae
1555 1890 1822 1947 Christus
1875 1896 1983 1948 est.

315 1988 483 2045 Unde
514 1983 838 2058 Apostolus
871 1982 984 2037 ait:
1018 1980 1243 2035 Abrahae
1285 1979 1455 2035 dictae
1483 1984 1611 2034 sunt
1663 1982 1986 2051 promissio-

314 2092 413 2133 nes
444 2079 499 2131 et
549 2074 754 2128 semini
778 2072 918 2143 ejus.
976 2070 1092 2125 Non
1148 2066 1300 2132 dicit,
1358 2073 1409 2121 et
1450 2068 1775 2132 seminibus,
1829 2072 1991 2141 quasi

421 2172 619 2229 multis
644 2189 663 2225 :
690 2169 782 2226 sed
812 2170 957 2224 sicut
988 2167 1048 2220 in
1078 2181 1205 2229 uno,
1237 2168 1290 2217 et
1321 2165 1520 2219 semini
1548 2169 1661 2229 tuo,
1717 2165 1859 2235 quod
1915 2172 1993 2222 est

323 2261 582 2319 Christus
613 2257 815 2331 (Galat.
849 2273 938 2324 in,
973 2254 1097 2326 16);
1132 2252 1445 2309 ostendens
1476 2252 1794 2323 peripsum
1820 2254 1990 2311 nobis

323 2352 603 2419 sanctum
635 2348 1104 2408 sacramentum,
1138 2357 1241 2414 per
1261 2341 1455 2413 ipsum
1484 2343 1677 2395 tutum
1708 2339 1988 2399 auxilium

336 2438 483 2494 fore.

397 2527 493 2582 84.
525 2522 897 2580 Constrinxit
927 2525 1126 2576 autem
1158 2535 1293 2574 eum
1312 2533 1384 2572 ne
1416 2517 1485 2573 de
1518 2518 1739 2573 semine
1769 2518 1991 2574 Chana-

326 2630 597 2672 nzeorum
631 2627 876 2667 uxorem
921 2609 1233 2673 arcessiret
1263 2606 1499 2675 domino
1553 2623 1679 2676 suo,
1743 2624 1994 2678 quorum

320 2703 563 2778 generis
594 2706 804 2759 auctor
844 2700 1070 2775 patrem
1124 2713 1238 2753 non
1298 2695 1705 2760 honoraverat,
1754 2700 1811 2751 et
1864 2696 1994 2752 ideo

318 2788 769 2849 maledictionis
800 2785 1204 2845 hasreditatem
1238 2783 1571 2840 transmisit
1611 2784 1667 2838 in
1719 2800 1895 2838 suos:
1933 2789 1997 2840 ut

316 2895 763 2954 cognoscamus
795 2876 995 2939 fidem,
1026 2876 1083 2929 et
1114 2873 1433 2946 quamdam
1472 2871 1871 2928 haereditatem
1924 2874 1995 2930 de

311 2967 584 3025 auctoris
616 2965 897 3039 prosapia
954 2962 1014 3017 in
1046 2962 1119 3018 iis
1151 2960 1584 3034 requirendam,
1645 2977 1793 3031 quos
1826 2960 1993 3017 nobis

308 3055 606 3115 volumus
638 3054 982 3126 adjungere.
1020 3051 1164 3106 Cum
1190 3054 1393 3104 sancto
1415 3049 1570 3104 enim
1593 3052 1830 3104 sanctus
1852 3049 1990 3117 eris,

310 3151 373 3202 et
402 3162 545 3202 cum
581 3158 857 3216 perverso
891 3137 1257 3212 perverteris.
1282 3135 1341 3192 Si
1373 3136 1480 3192 hoc
1513 3137 1572 3191 in
1597 3135 1749 3204 aliis,
1772 3141 1988 3208 quanto

2116 563 2223 631 Qui
2248 567 2399 636 fecit,
2433 565 2644 639 inquit,
2700 568 3140 624 miscricordiam
3194 571 3340 642 (Luc.
3401 589 3458 640 x,
3515 571 3632 643 37).
3696 573 3755 626 in

2112 652 2425 727 Evangelio
2456 655 2564 711 hoc
2595 656 2739 711 dixit
2766 655 3049 713 Dominus
3099 658 3289 715 Jesus.
3346 662 3415 716 Et
3443 664 3507 716 tu
3564 659 3753 733 proxi-

2113 758 2273 799 mam
2350 744 2595 801 seminis
2647 744 2887 799 Abrahae
2945 746 3194 817 require,
3252 752 3309 804 et
3364 748 3753 822 propinquam

2110 833 2361 902 proximi
2392 835 2499 890 tui.
2533 839 2739 890 Semen
2772 833 3014 890 Abrahae
3044 835 3313 894 Christus
3344 843 3451 906 est,
3484 839 3609 910 ipse
3667 845 3758 895 est

2108 923 2415 993 proximus
2446 923 2732 990 omnium,
2766 923 2866 995 qui
2897 940 3073 996 super
3109 942 3310 982 omnes
3344 927 3479 982 fecit
3526 927 3755 983 miseri-

2106 1012 2394 1082 cordiam,
2455 1011 2665 1068 tollens
2724 1015 3022 1084 peccatum
3082 1016 3307 1071 mundi.
3348 1016 3513 1071 Disce
3547 1008 3799 1073 deinde'

2106 1100 2251 1167 quid
2286 1104 2341 1156 in
2377 1117 2551 1161 uxore
2584 1105 2909 1172 quaeratur:
2945 1120 3059 1158 non
3092 1121 3321 1172 aurum,
3370 1121 3486 1160 non
3546 1121 3760 1177 argen-

2101 1189 2235 1245 tum
2267 1190 2533 1264 quesivit
2559 1189 2873 1255 Abraham,
2904 1209 3016 1247 non
3048 1194 3470 1265 possessiones,
3495 1195 3595 1249 sed
3620 1211 3760 1267 gra-

2101 1275 2248 1333 tiam
2282 1280 2446 1335 bonae
2486 1278 2719 1335 indolis.

2174 1368 2262 1421 86.
2298 1368 2515 1424 Deinde
2545 1368 2935 1440 interrogatus
2965 1371 3012 1427 si
3046 1371 3223 1427 nollet
3266 1373 3462 1427 venire
3520 1372 3758 1438 mulier,

2099 1458 2450 1531 utrumnam
2481 1472 2546 1511 eo
2577 1455 2766 1512 tilium
2811 1459 3031 1515 domini
3072 1461 3163 1516 sui
3216 1462 3491 1516 duceret:
3534 1461 3762 1518 Attende

2095 1543 2219 1608 tibi,
2257 1543 2473 1615 inquit,
2506 1560 2574 1599 ne
2606 1561 2813 1601 revoces
2870 1548 3050 1617 ﬁlium
3095 1566 3277 1605 meum
3317 1549 3436 1605 illo.
3492 1552 3760 1607 Dominus

2094 1631 2239 1686 Deus
2272 1632 2399 1687 caeli
2429 1636 2479 1687 ct
2510 1633 2647 1688 Deus
2678 1637 2836 1690 terra:
2866 1640 3068 1709 accepit
3126 1655 3211 1693 me
3255 1638 3321 1693 de
3368 1639 3526 1695 domo
3573 1641 3757 1712 patris

2092 1720 2227 1785 mei,
2265 1718 2414 1775 etde
2445 1721 2681 1775 terrain
2719 1740 2826 1793 qua
2876 1733 3048 1793 natus,
3097 1744 3238 1797 sum,
3289 1729 3386 1798 qui
3428 1728 3635 1785 locutus
3680 1730 3762 1783 est

2093 1808 2243 1861 mihi
2275 1816 2330 1864 et
2352 1810 2588 1881 juravit,
2636 1811 2847 1868 dicens:
2913 1814 3031 1870 Tibi
3084 1815 3219 1871 dabo
3264 1820 3468 1872 terram
3523 1817 3664 1873 hanc
3711 1825 3762 1872 et

2096 1898 2314 1952 semini
2343 1907 2479 1961 tuo;
2509 1900 2620 1969 ipse
2671 1904 2846 1958 mittet
2874 1904 3129 1975 angelum
3185 1922 3349 1960 suum
3403 1914 3528 1962 ante
3582 1910 3654 1973 te,
3709 1914 3763 1961 et

2097 1988 2342 2059 accipies
2370 1989 2531 2045 3η)
2558 1990 2674 2060 ﬁlio
2706 2009 2822 2048 meo
2878 2010 3106 2050 uxorem
3156 1996 3303 2051 inde.
3364 1997 3512 2066 Quod
3563 1999 3616 2053 si
3662 2013 3761 2054 no-

2099 2079 2281 2133 tuerit
2309 2081 2493 2133 tecum
2538 2083 2723 2137 venire
2772 2084 2976 2139 mulier
3030 2088 3091 2139 in
3135 2088 3342 2140 terram
3391 2086 3551 2150 hanc,
3588 2104 3765 2158 purus

2097 2167 2210 2220 eris
2245 2168 2621 2235 ajm'amento
2652 2176 2747 2226 hoc
2780 2170 2930 2237 (Gen.
2965 2190 3116 2235 xxxv,
3159 2175 3299 2245 6-8).
3332 2175 3454 2238 Quo
3497 2177 3767 2248 proficiat

2099 2254 2212 2309 hoc
2245 2255 2563 2319 considera
2593 2259 2954 2330 diligentius.
2988 2263 3111 2316 Non
3160 2262 3294 2319 licet
3337 2264 3443 2320 tibi
3503 2265 3765 2339 accipere

2100 2342 2525 2415 alienigenam.
2570 2348 2719 2404 Sane
2750 2350 2797 2405 si
2849 2349 3238 2407 Christianam
3288 2370 3351 2409 se
3400 2353 3591 2425 faciat,
3645 2355 3767 2413 lau-

2101 2431 2237 2488 dem
2271 2433 2521 2490 habebis
2549 2453 2618 2492 ex
2648 2454 2716 2492 ea
2748 2482 2759 2493 .
2796 2439 2875 2493 Ne
2907 2443 2963 2494 te
3014 2457 3246 2511 quoque
3304 2443 3353 2497 si
3413 2445 3767 2501 recusaverit

2100 2520 2439 2577 Christiana
2463 2524 2605 2590 ﬁeri,
2630 2527 2893 2582 studium
2920 2528 3258 2600 nuptiarum
3280 2549 3313 2586 a
3335 2532 3446 2588 fide
3471 2533 3764 2602 deﬂectat,

2104 2608 2346 2665 instruit
2396 2609 2584 2668 lectio.
2658 2614 2954 2681 Abraham
3003 2622 3345 2689 sequentem
3401 2620 3611 2677 deduci
3661 2624 3764 2680 ad-

2105 2698 2353 2765 monuit,
2431 2701 2781 2759 residentem
2852 2720 2967 2759 non
3026 2706 3234 2776 expeti,
3287 2725 3389 2764 nec
3446 2726 3511 2765 eo
3572 2710 3763 2768 ﬁlium

2106 2802 2280 2841 suum
2313 2805 2576 2859 pergere.
2608 2790 2761 2847 Sane
2783 2792 3015 2847 Domini
3047 2793 3136 2847 sui
3169 2796 3271 2865 qui
3294 2814 3357 2852 se
3387 2798 3457 2853 ab
3504 2797 3762 2857 incolatu

2103 2877 2267 2929 terrae
2299 2875 2358 2929 in
2390 2893 2506 2948 qua
2536 2878 2862 2945 habitabat,
2896 2880 3237 2949 abduxerat,
3271 2900 3386 2939 non
3422 2886 3762 2946 defuturam

2105 2962 2589 3033 misericordiam,
2664 2972 2730 3021 ut
2803 2968 3034 3039 przeiret
3101 2971 3296 3028 studio
3350 2973 3637 3045 petitoris,
3706 2982 3766 3034 et

2104 3050 2306 3122 puellae
2337 3052 2642 3109 inclinaret
2665 3054 2952 3111 animum.
2974 3058 3150 3123 Quasi
3184 3061 3465 3132 propheta
3485 3062 3596 3118 hoc
3616 3066 3765 3125 dixit

2102 3140 2159 3193 in
2194 3156 2370 3193 causa
2402 3140 2525 3205 lilii,
2546 3146 2604 3197 et
2624 3144 2790 3214 quasi
2814 3145 3055 3201 moralis
3091 3146 3293 3203 doctor
3313 3149 3762 3224 docuitsperare

321 3201 334 3202 κ
415 3201 418 3202 ν
892 3201 909 3212 ,
1737 3201 1744 3204 .
1791 3201 1806 3208 -
2512 3201 2520 3205 .
2641 3201 2658 3214 ,
3237 3201 3280 3203 ρ
3320 3201 3758 3224 η-νη-η.ν......

312 3234 519 3307 magis
550 3201 613 3287 in
648 3229 946 3303 conjugio,
975 3226 1074 3282 ubi
1106 3242 1226 3280 una
1254 3240 1385 3279 caro
1425 3229 1482 3279 et
1535 3242 1687 3280 unus
1746 3223 1988 3297 spiritus
2021 3201 2063 3268 (ἶ
2101 3226 2170 3281 de
2201 3227 2466 3293 Domino,
2502 3231 2655 3303 quod
2681 3231 2892 3302 juvare
2921 3232 3197 3307 dignetur
3222 3236 3586 3295 incrementa
3624 3244 3758 3299 ﬁdei

310 3326 409 3378 est
434 3321 448 3376 l
480 3318 796 3387 Quomodo
822 3320 1021 3372 autem
1052 3316 1243 3387 potest
1264 3328 1583 3385 congruere
1612 3311 1887 3378 cbaritas,
1938 3314 1987 3368 si

308 3410 623 3483 discrepet
656 3405 936 3461 ﬁdes?Et
984 3403 1114 3458 ideo
1159 3417 1315 3468 cave,
1375 3400 1721 3469 Christiane,
1782 3402 1983 3473 gentili

306 3504 419 3554 aut
435 3497 649 3554 Judan
683 3494 865 3549 filiam
886 3496 1050 3548 tuam
1069 3490 1299 3546 tradere
1321 3489 1456 3561 (28),
1486 3506 1540 3561 q.
1564 3492 1613 3556 1,
1647 3506 1770 3562 cap.
1797 3490 1982 3563 Cave),

306 3587 490 3653 Cave,
522 3585 798 3656 inquam,
832 3580 1112 3655 gentilem
1142 3585 1242 3634 aut
1271 3577 1530 3633 Judmam
1565 3582 1736 3650 atque
1783 3578 1984 3634 alieni-

307 3691 561 3747 genam,
595 3673 706 3728 hoc
738 3675 846 3738 est,
878 3668 1216 3725 haereticam
1257 3670 1314 3723 et
1368 3683 1599 3722 omnem
1660 3665 1906 3722 alienam
1951 3685 1985 3722 a

308 3760 433 3819 ﬁde
467 3768 574 3818 tua
606 3776 848 3816 uxorem
881 3774 1148 3814 arcessas
1173 3754 1300 3810 tibi.
1326 3755 1521 3811 Prima
1549 3754 1805 3827 conjugii
1837 3755 1983 3811 ﬁdes

307 3851 617 3909 castitatis
646 3848 838 3922 gratia
867 3851 975 3903 est.
1008 3845 1066 3902 Si
1101 3844 1258 3900 idola
1290 3842 1437 3898 colat
1476 3860 1724 3916 quorum
1776 3844 1981 3915 pradi-

309 3945 537 3995 cantur
569 3936 879 3997 adulteria.
914 3935 962 3990 si
995 3933 1301 3991 Christum
1333 3937 1502 4004 neget
1532 3932 1630 4002 qui
1666 3936 1983 4004 prmeeptor

312 4032 381 4094 et.
398 4030 813 4085 remunerator
858 4026 947 4079 est
978 4019 1294 4094 pudicitiae,
1327 4020 1614 4091 quomodo
1641 4023 1831 4091 potest
1856 4019 1985 4075 dili-

314 4133 462 4190 gere
494 4114 846 4190 pudicitiam
872 4113 899 4167 ?
938 4112 995 4167 Si
1032 4109 1363 4166 Christiana
1392 4110 1487 4177 sit,
1534 4125 1648 4164 non
1681 4112 1768 4163 est
1815 4109 1979 4176 satis,

318 4204 441 4259 nisi
473 4204 650 4259 ambo
703 4200 916 4271 initiati
970 4198 1103 4255 sitis
1163 4200 1528 4252 sacramento
1585 4195 1979 4269 baptismatis.

318 4290 519 4347 Simul
557 4292 630 4351 ad
682 4289 1003 4345 orationem
1048 4289 1218 4342 nocte
1264 4284 1424 4340 vobis
1465 4284 1824 4358 surgendum
1872 4290 1979 4354 est,

320 4384 387 4434 et
414 4379 751 4452 conjunctis
784 4377 1051 4449 precibus
1081 4375 1477 4430 obsecrandus
1519 4373 1693 4429 Deus.
1748 4374 1985 4430 Accedit

2097 3320 2477 3386 quaerentem.

2164 3405 2254 3457 87.
2289 3405 2351 3463 Et
2378 3422 2608 3477 surgens
2632 3423 2774 3476 puer
2790 3412 3067 3481 profectus
3095 3424 3174 3469 est
3203 3417 3263 3471 in
3306 3420 3759 3487 Mesopotamiam

2093 3490 2252 3559 (Ibid.
2290 3492 2377 3563 10)
2409 3510 2421 3548 :
2455 3498 2513 3549 et
2536 3495 2707 3564 juxta
2734 3498 2850 3552 voti
2884 3500 3095 3557 seriem
3164 3505 3319 3575 quod
3380 3506 3758 3575 proﬁciscens

2091 3579 2358 3636 servulus
2388 3588 2637 3650 voverat,
2671 3587 2910 3640 occurrit
2939 3590 2992 3642 ei
3014 3590 3258 3660 Rebecca,
3276 3594 3476 3649 habens
3500 3595 3759 3665 hydriam

2089 3684 2251 3740 super
2276 3668 2587 3739 humerum,
2618 3674 2771 3742 virgo
2800 3677 3041 3745 speciosa
3071 3681 3246 3745 valde,
3279 3699 3440 3751 quam
3500 3685 3589 3736 vir
3643 3702 3755 3741 non

2089 3763 2427 3828 cognoverat.
2463 3762 2745 3817 Descendit
2776 3770 2959 3817 autem
3016 3767 3088 3820 ad.
3133 3771 3361 3838 fontem,
3408 3776 3459 3823 et
3506 3771 3757 3840 implevit

2092 3844 2372 3915 hydriam,
2400 3848 2556 3903 dedit
2582 3865 2756 3920 puero
2790 3850 2992 3920 bibere,
3023 3853 3328 3925 adaquarit
3357 3872 3540 3911 omnes
3570 3874 3752 3915 came-

2092 3935 2169 3988 los
2197 3937 2319 3996 eius
2349 3936 2509 4006 (Ibid.
2566 3937 2653 4005 45,
2688 3938 2799 4011 46).
2831 3938 2994 3995 Unde
3044 3959 3189 4013 puer
3227 3943 3475 3999 Abrahae
3530 3947 3753 4018 accepit

2092 4023 2327 4077 inaures
2381 4041 2585 4080 aureas
2617 4025 2981 4099 singularum
3017 4030 3454 4099 drachmarur”,
3515 4038 3571 4087 et
3601 4034 3750 4090 duas

2092 4110 2265 4165 virias
2324 4112 2484 4168 dedit
2543 4114 2603 4169 in
2663 4131 2875 4171 manus
2933 4118 3083 4188 ejus,
3147 4121 3345 4177 decem
3434 4137 3745 4178 aureorum

2091 4200 2322 4272 pondus
2355 4217 2580 4271 earum,
2632 4209 2691 4259 et
2718 4206 2986 4276 quaesivit
3029 4208 3100 4262 ab
3153 4226 3221 4264 ea
3276 4210 3325 4264 si
3378 4209 3543 4265 locus
3590 4218 3748 4268 esset

2091 4288 2365 4360 hospitio,
2399 4296 2456 4346 et
2495 4292 2668 4363 cujus
2698 4298 2853 4348 esset
2891 4294 3029 4350 tilia.
3089 4297 3448 4369 Simplicitas
3506 4299 3743 4370 quidem

2093 4376 2330 4432 moralis
2360 4380 2725 4451 exprimitur,
2757 4383 2909 4453 quod
2946 4383 3145 4440 nullus
3179 4386 3351 4441 fuerit
3379 4388 3464 4442 vel
3513 4387 3571 4442 in
3606 4405 3743 4444 con-

323 4466 489 4523 aliud
513 4468 745 4541 insigne
775 4465 1154 4530 castimoniae,
1189 4462 1237 4517 si
1269 4462 1470 4518 credas
1520 4480 1552 4517 a
1582 4462 1697 4518 Deo
1747 4466 1846 4519 tuo
1878 4464 1981 4519 tibi
2086 4465 2236 4538 ju‘gii
2294 4467 2573 4538 petitione
2659 4469 2963 4525 ambitioni
3042 4472 3225 4539 locus,
3286 4476 3387 4531 sed
3458 4475 3744 4535 Dominus

327 4558 486 4626 quod
519 4557 763 4613 sortitus
782 4572 863 4620 es,
896 4550 1235 4625 conjugium
1268 4550 1493 4606 datum.
1529 4549 1692 4605 Unde
1723 4556 1780 4605 et
1828 4552 1986 4609 Salo-
2012 4569 2060 4636 Ι)
2095 4554 2305 4628 praesul
2369 4557 2625 4629 conjugii
2685 4558 3024 4629 petitionem
3094 4560 3439 4634 impleverit.
3520 4566 3740 4621 Tamen

332 4659 469 4700 mon
513 4646 632 4701 ait:
674 4645 707 4699 ,4
753 4644 876 4710 Deo,
937 4640 1150 4713 inquit,
1204 4641 1621 4711 prmparabitur
1664 4641 1781 4695 viro
1840 4658 1983 4697 uxor

330 4729 515 4797 (Prov.
571 4749 687 4798 xxx,
766 4732 868 4797 Li).
911 4730 1033 4784 Non
1084 4732 1331 4799 possunt
1377 4727 1486 4784 hoc
1542 4729 1807 4800 dispares
1867 4731 1980 4787 fide

334 4819 586 4887 credere,
622 4824 689 4876 ut
718 4820 791 4874 ab
825 4834 891 4874 eo
923 4834 1096 4891 quem
1129 4833 1242 4871 non
1276 4816 1429 4884 colit,
1464 4821 1628 4889 putet
1670 4817 1782 4872 sibi
1842 4834 1976 4874 con-

333 4908 498 4963 nubii
532 4908 889 4982 impartitam
914 4906 1181 4979 gratiam.
1202 4904 1367 4961 Ratio
1390 4906 1575 4977 docet,
1599 4906 1698 4961 sed
1724 4908 1977 4979 amplius

332 4996 599 5069 exempla
626 4999 1021 5066 commonent.
1053 4995 1212 5065 Saepe
1243 4992 1513 5050 illecebra
1543 4994 1848 5051 muliebris
1879 4997 1974 5053 de-

336 5084 488 5156 cepit
512 5086 687 5154 etiam
720 5084 983 5139 fortiores
1030 5082 1290 5147 maritos,
1323 5086 1381 5136 et
1425 5098 1459 5135 a
1508 5081 1788 5154 religione
1842 5085 1977 5140 fecit

338 5171 630 5230 discedere
661 5173 761 5244 (II!
789 5174 908 5244 Reg.
966 5190 1041 5239 xx,
1103 5171 1176 5243 4).
1247 5171 1313 5225 Et
1362 5169 1491 5226 ideo
1522 5175 1586 5225 tu
1647 5169 1730 5226 vel
1790 5175 1973 5230 amori

339 5262 593 5328 consule,
628 5262 716 5319 vel
746 5277 995 5331 errorem
1025 5276 1179 5316 cave.
1215 5258 1474 5314 Primum
1525 5274 1661 5331 ergo
1719 5257 1775 5313 in
1837 5278 1973 5317 con-

2093 4649 2353 4714 spectare
2415 4643 2549 4699 licet
2602 4644 2868 4701 Ecclesiae
2918 4652 3215 4718 mysteria.
3269 4650 3375 4706 Ubi
3449 4652 3743 4707 invenitur

2089 4732 2368 4797 Ecclesia,
2433 4733 2543 4787 nisi
2614 4735 2672 4789 in
2733 4735 3200 4807 Mesopotamia?
3275 4740 3358 4794 lbi
3435 4740 3735 4810 quaeritur;

2089 4821 2223 4877 inde
2255 4821 2589 4888 arcessitur,
2632 4822 2712 4878 ibi
2769 4826 2999 4881 duobus
3060 4827 3311 4898 stipatur
3369 4825 3735 4892 fluminibus,

2087 4909 2314 4965 lavacro
2353 4911 2552 4973 gratia
2605 4917 2661 4967 et
2704 4914 2841 4968 fletu
2914 4914 3280 4985 paenitentiae.
3334 4914 3561 4968 Etenim
3622 4914 3735 4969 nisi

2089 5004 2323 5069 peccata
2354 5000 2590 5070 propria
2647 5000 2971 5067 deﬂeveris,
3028 5002 3141 5057 nisi
3202 5001 3453 5073 gratiam
3513 5002 3733 5073 baptis-

2090 5088 2263 5142 matis
2295 5087 2611 5159 acceperis,
2639 5106 2753 5144 non
2784 5088 2889 5144 tibi
2920 5088 3240 5159 acquiritur
3268 5087 3535 5145 Ecclesiae
3563 5089 3728 5160 ﬁdes,

2087 5181 2142 5229 et
2172 5175 2438 5247 quzedam
2470 5177 2796 5249 conjugalis
2827 5175 3031 5248 copula
3090 5177 3221 5246 (66).
3281 5176 3554 5233 Muniunt
3600 5196 3730 5235 eam

2083 5263 2296 5336 Tigris,
2327 5262 2436 5319 hoc
2467 5267 2555 5319 cst
2587 5263 2916 5335 prudentia,
2962 5266 3017 5319 et
3076 5262 3418 5336 Euphrates,
3475 5266 3583 5323 hoc
3643 5272 3734 5324 est

328 5348 492 5421 jugio
514 5350 714 5423 religio
764 5350 1061 5421 queritur.
1122 5348 1250 5403 Ideo
1299 5346 1597 5403 Abraham
1650 5348 1971 5417 proximam
2073 5352 2329 5422 justitia,
2363 5359 2421 5408 et
2452 5351 2801 5408 illuminatio
2827 5353 3145 5421 fructuosa,
3179 5371 3212 5408 a
3241 5354 3506 5412 barbaris
3563 5373 3728 5430 sepa-

337 5439 598 5508 qnaasivit
626 5438 765 5494 dare
797 5437 915 5493 {ilio
948 5453 1071 5493 suo.

2084 5456 2222 5496 rans
2250 5440 2541 5512 gentibus.

406 5563 515 5641 (6_6)
545 5563 686 5641 Mss.
729 5566 994 5641 quatuor.
1042 5557 1341 5629 Quamdam
1376 5558 1657 5629 conjugali
1694 5563 1892 5631 copula
1929 5566 2185 5621 muniunt
2229 5579 2373 5630 eam,
2407 5566 2514 5618 etc.
2560 5561 2639 5617 Ex
2697 5563 2914 5635 quibus
2962 5570 3158 5624 tamen
3206 5567 3366 5625 Vale.
3406 5571 3725 5641 praefert...-

343 5635 492 5704 copia
516 5636 794 5701 muniunt,
827 5638 933 5690 etc.
