4026 6186
450 392 568 456 475

1909 392 1973 456 8.
2018 387 2391 457 AMBROSII

3685 400 3783 468 ιτα

531 533 619 587 88.
660 534 821 605 Virgo
854 539 1033 588 autem
1072 532 1313 602 speciosa
1348 525 1516 584 valde
1573 524 1730 600 (Ibid.
1784 525 1894 598 16),
1930 525 2098 597 cujus
2128 526 2178 593 Α
2208 525 2585 582 manducavit
2638 543 2781 600 puer
2825 525 3067 586 Abrahae
3111 526 3438 602 appositum
3467 528 3776 605 sibipanem,

450 633 715 691 decorem
750 627 911 686 nulla
940 621 1198 693 corrupit
1227 624 1384 675 aetas.
1414 617 1688 690 Speciosa
1737 614 1919 680 valde,
1954 614 2093 687 quia

449 724 751 798 speciosus
808 723 865 775 et
916 715 1011 771 ille
1058 729 1169 785 prae
1230 708 1367 764 ﬁliis
1417 705 1746 791 hqminum,
1807 704 1906 776 qui
1962 720 2088 759 eam

452 792 764 886 acquisivit
802 807 932 863 sibi.
989 805 1162 871 Quam
1214 800 1295 853 uir
1340 813 1446 851 non
1496 798 1815 865 cognoverat
1864 792 2086 864 (Ibid):

449 880 595 959 nulli
627 900 783 956 enim
813 896 936 949 viro
998 894 1121 946 erat
1178 887 1388 958 copula
1442 886 1569 954 ejus
1627 885 1759 955 (67),
1821 883 1919 937 sed
1979 880 2083 937 soli

448 992 674 1047 Christo
727 984 938 1042 debita.
1001 980 1267 1051 Ilydriam
1335 975 1536 1030 habens
1583 989 1747 1044 super
1801 972 2090 1025 humerum

447 1077 630 1149 (Ibid)
665 1119 678 1143 ,
712 1090 829 1145 qua
856 1071 1012 1127 lavat
1041 1072 1204 1123 actus
1235 1064 1561 1120 hominum.
1597 1064 1664 1117 Et
1691 1060 1827 1132 quia
1856 1075 1922 1114 ex
1953 1075 2086 1114 con-

446 1148 783 1241 gregatione
814 1159 1120 1234 gentilium
1155 1157 1398 1215 constat,
1434 1169 1549 1222 qua
1582 1167 1719 1205 suos
1742 1148 1898 1214 lavit,
1962 1148 2088 1201 ideo

445 1236 591 1329 legis
625 1253 761 1327 quia
788 1249 1061 1306 descendit
1090 1245 1159 1300 ad
1187 1247 1409 1315 fontem,
1444 1245 1494 1296 et
1532 1241 1772 1312 implevit
1834 1236 2091 1307 hydriam

2202 631 2380 686 quam
2413 616 2758 672 mandatum
2791 616 3016 673 Domini
3048 623 3471 690 exsequeretur.
3504 622 3611 686 Quo
3637 622 3779 695 impe-

2201 708 2373 771 trato,
2393 722 2532 761 vasa
2554 722 2731 761 aurea
2749 710 2799 761 et
2827 711 3101 779 argentea
3121 711 3177 763 et
3200 710 3413 763 vestem
3435 708 3583 764 dedit
3605 710 3782 766 Rebec-

2200 808 2299 847 cae.
2331 792 2438 849 Ubi
2469 798 2746 865 sponsata
2775 800 2864 851 est
2894 795 3168 864 Ecclesia,
3216 796 3430 869 accepit
3477 814 3603 852 vasa
3645 816 3786 855 aurea

2197 885 2254 935 et
2284 887 2556 953 argentea
2588 883 2665 952 ,in
2692 883 2906 955 quibus
2938 889 3092 940 esset
3146 883 3453 940 thesaurus
3482 884 3636 952 ﬁdei;
3667 891 3781 941 sunt

2197 969 2412 1025 etenim
2444 988 2582 1026 vasa
2606 972 2662 1026 in
2696 972 2999 1041 honorem,
3031 977 3169 1028 sunt
3198 976 3256 1028 et
3286 972 3343 1027 in
3396 973 3781 1030 contumeliam.

2198 1057 2331 1120 Quae
2386 1058 2506 1115 sint
2552 1077 2619 1115 ea
2651 1077 2789 1116 vasa
2834 1060 3011 1117 audi:
3066 1061 3331 1116 Habemus
3393 1065 3681 1116 thesaurum
3743 1065 3790 1116 in

2194 1148 2338 1201 vasis
2374 1147 2633 1216 ﬁctilibus
2664 1150 2739 1221 (II
2768 1149 2888 1205 Cor.
2941 1167 3020 1218 IV,
3064 1149 3143 1222 7).
3171 1149 3325 1205 Vasa
3372 1149 3559 1205 ﬁctilia
3588 1166 3792 1221 corpora

2195 1237 2394 1290 nostra
2422 1242 2560 1292 sunt
2592 1254 2603 1293 :
2640 1238 2781 1295 ﬁdes
2814 1242 3013 1295 nostra
3031 1238 3345 1294 thesaurus
3364 1242 3465 1294 est.
3490 1239 3554 1293 Et
3582 1237 3790 1293 fortasse

446 1323 793 1403 etlascendit
839 1340 1018 1411 (Ibid,
1078 1335 1184 1405 16).
1236 1332 1605 1388 Samaritana
1654 1327 1752 1383 illa
1807 1325 1965 1381 venit
2015 1323 2086 1378 ad
2187 1323 2315 1411 jam
2382 1325 2558 1381 etiam
2622 1326 2751 1399 ipsa
2785 1344 3025 1399 corpora
3075 1332 3277 1382 nostra
3322 1343 3445 1398 quis
3492 1325 3792 1381 thesaurum

446 1437 685 1498 fontem,
720 1431 872 1487 sicut
926 1428 979 1481 in
1015 1421 1322 1496 Evangelio
1352 1421 1637 1491 scriptum
1684 1420 1770 1471 est
1798 1417 1975 1483 (Joan.
2011 1429 2088 1479 1v,

443 1527 521 1597 7),
554 1523 655 1579 sed
707 1538 821 1575 non
870 1512 1205 1571 descendit:
1260 1513 1469 1581 puteus
1517 1507 1568 1562 ei
1612 1505 1935 1570 videbatur,
1985 1518 2089 1556 nec

445 1592 709 1685 implevit
726 1606 1015 1680 hydriam.
1039 1600 1297 1672 Denique
1319 1598 1435 1675 ait:
1460 1595 1733 1685 Hydriam
1750 1611 1865 1647 non
1878 1592 2084 1646 habeo.

444 1680 571 1759 Non
603 1699 858 1756 habebat
887 1694 1042 1749 unde
1100 1694 1267 1745 actus
1323 1703 1462 1741 suos
1518 1682 1897 1750 1avaret(68).
1959 1680 2089 1734 Ilaec

446 1791 572 1848 sola
601 1783 918 1848 descendit,
970 1781 1091 1835 haec
1120 1777 1245 1833 sola
1275 1774 1544 1847 cognovit
1595 1773 1809 1826 fontem
1865 1785 2082 1833 verum,

443 1880 553 1935 hoc
584 1880 693 1942 est,
725 1891 838 1929 non
872 1887 1033 1942 aqua:
1058 1868 1295 1932 fontem,
1329 1865 1427 1920 sed
1460 1862 1583 1916 vitae
1630 1864 1874 1926 aeternae,
1938 1857 2091 1912 sicut
2122 1892 2167 1956 Β

447 1967 594 2024 dixit
624 1963 802 2020 David
828 1979 840 2016 :
881 1959 1149 2027 Quoniam
1179 1953 1325 2025 apud
1356 1962 1405 2009 te
1437 1955 1512 2007 est
1540 1953 1663 2021 fons
1720 1949 1870 2014 vitae,
1929 1954 1981 2001 et
2034 1947 2089 1999 in

441 2057 652 2113 lumine
679 2056 770 2107 tuo
805 2049 1107 2105 videbimus
1140 2046 1325 2100 lumen
1353 2041 1522 2112 (Psal.
1558 2056 1722 2103 xxxv,
1762 2037 1870 2096 10).
1924 2036 2089 2089 Ideo-

442 2162 558 2221 que
587 2142 793 2199 habuit
821 2137 974 2211 quod
1007 2137 1169 2191 daret
1211 2130 1567 2192 sitientibus,
1628 2126 1767 2198 quia
1822 2124 2090 2186 credidit,

442 2211 588 2289 ﬁam
621 2248 748 2303 quae
779 2245 891 2283 non
925 2224 1213 2289 credebat,
1247 2221 1329 2275 ait
1361 2218 1503 2273 tonti
1531 2215 1668 2271 huic
1712 2212 1922 2270 volenti
1979 2211 2088 2265 sibi

445 2326 650 2395 potum
708 2320 847 2374 dare
893 2315 1041 2385 (69):
1107 2311 1254 2369 Unde
1291 2310 1430 2363 mihi
1479 2307 1647 2363 habes
1712 2305 1843 2359 dare
1888 2319 2090 2373 aquam

442 2393 627 2468 uiuam
657 2408 833 2482 (Joan.
866 2423 942 2471 ιν,
976 2401 1106 2469 ll)?
1138 2400 1265 2455 Hmc
1298 2402 1492 2453 autem
1525 2393 1730 2450 habuit
1760 2393 1913 2447 unde
1974 2407 2087 2446 non

442 2499 635 2556 solum
667 2511 935 2569 puerum,
960 2492 1061 2548 sed
1094 2490 1269 2545 etiam
1294 2485 1546 2542 camelos
1562 2484 1900 2555 adaquaret,
1934 2482 2080 2537 3M

442 2606 569 2662 quae
593 2604 707 2643 non
739 2584 928 2640 solum
952 2582 1149 2653 justos
1179 2577 1367 2649 rigare
1399 2572 1720 2639 consuevit,
1765 2571 1866 2626 sed
1911 2569 2086 2625 etiam

439 2678 693 2750 injustos
720 2672 984 2746 implere.
1023 2670 1171 2728 .Ideo
1219 2663 1441 2736 accepit
1488 2663 1723 2717 inaures
1771 2675 1978 2714 aureas
2034 2662 2091 2713 et

437 2744 615 2823 virias
645 2765 758 2834 (70)
789 2744 938 2834 quas
977 2756 1142 2813 misit
1197 2752 1511 2813 Abraham,
1571 2753 1852 2819 tanquam
1914 2744 2085 2801 meri-

438 2859 634 2911 torum
664 2867 905 2909 suorum
936 2844 1195 2919 przemia.

509 2942 597 2997 89.
635 2942 900 2995 Fortasse
930 2935 1235 2990 audientes
1267 2930 1406 2994 haec,
1442 2926 1593 2991 ﬁliae,
1647 2942 1773 2997 quae
1824 2923 1894 2978 ad
1953 2938 2083 2995 gra-

438 3031 582 3087 tiam
613 3025 845 3085 Domini
874 3020 1136 3088 tenditis,
1168 3023 1223 3074 et
1252 3034 1353 3072 vos
1387 3013 1774 3086 provocemini
1797 3016 1854 3067 ut
1880 3011 2086 3066 habea-

437 3120 516 3176 tis
545 3119 780 3173 inaures
810 3118 868 3170 et
897 3111 1094 3178 virias,
1123 3112 1181 3163 et
1209 3105 1414 3162 dicatis
1440 3121 1453 3158 :
1487 3103 1787 3169 Quomodo
1808 3099 2083 3173 prohibes

437 3208 568 3275 hoc,
601 3206 890 3278 episcope,
923 3205 990 3256 ut
1036 3198 1183 3253 habe
1200 3212 1359 3251 imus
1390 3193 1543 3264 quod
1580 3192 1835 3248 Rebecca
1864 3187 2085 3260 accepit

2197 1410 2375 1466 istum
2408 1413 2644 1482 habent,
2680 1432 2857 1470 aurea
2886 1419 3024 1471 sunt
3052 1415 3191 1488 quia
3220 1418 3360 1470 sunt
3391 1413 3554 1485 plena
3581 1413 3796 1485 pruden-

2195 1502 2288 1558 tia:
2324 1521 2335 1559 :
2372 1509 2430 1558 et
2461 1508 2735 1576 argentea
2764 1521 2901 1559 vasa
2933 1508 3094 1571 sunt,
3128 1519 3256 1575 quas
3304 1501 3566 1557 videntur
3592 1501 3799 1555 manda-

2197 1592 2242 1648 ti
2272 1592 2522 1648 cmlestis
2552 1592 2827 1664 alloquiis
2858 1591 3165 1664 refulgere.
3193 1591 3559 1646 Honorantur
3572 1594 3742 1644 autem
3757 1593 3801 1643 et

2198 1686 2468 1754 parentes
2497 1681 2841 1737 muneribus
2872 1681 2983 1751 (32,
3017 1696 3073 1751 q.
3108 1683 3162 1746 2,
3197 1696 3247 1734 c.
3276 1677 3652 1747 Honorantur).

2267 1771 2356 1824 91.
2390 1768 2727 1825 Consulitur
2761 1767 2956 1840 puella
2988 1785 3102 1823 non
3136 1768 3205 1824 de
3235 1765 3637 1839 sponsalibus;
3691 1781 3803 1820 nam

2196 1857 2296 1914 illa
2317 1857 2611 1929 judicium
2655 1860 2946 1929 exspectat
2996 1859 3332 1928 parentum,
3383 1872 3496 1910 non
3542 1858 3625 1909 est
3674 1852 3800 1908 enim

2200 1946 2503 2021 virginalis
2568 1945 2809 2018 pudoris
2895 1944 3107 2018 eligere
3164 1943 3492 1999 maritum:
3560 1943 3650 1997 sed
3706 1942 3806 2011 jam

2201 2037 2551 2109 desponsata
2583 2035 2702 2090 viro
2732 2036 2804 2089 de
2837 2033 3207 2107 profectionis
3238 2031 3563 2089 consulitur
3585 2030 3685 2085 die.
3714 2030 3805 2084 Nec

2199 2123 2494 2179 immerito
2574 2121 2915 2177 dilationem
2994 2137 3108 2175 non
3157 2119 3396 2185 attulit;
3450 2120 3580 2190 jure
3625 2116 3807 2172 etenim

2200 2227 2509 2284 properare
2538 2210 2739 2266 debuit
2768 2209 2839 2264 ad
2873 2208 3169 2263 maritum.
3205 2208 3370 2264 Unde
3407 2206 3549 2262 illud
3606 2203 3806 2276 Euripi-

2199 2301 2371 2356 deum
2406 2299 2561 2371 quod
2587 2299 2878 2353 mirantur
2906 2296 3190 2370 plerique,
3227 2297 3384 2352 unde
3410 2291 3809 2350 translatumsit

2200 2389 2577 2444 manifestum
2607 2392 2713 2442 est.
2752 2386 2840 2442 Ait
2870 2385 3023 2441 enim
3058 2386 3115 2440 in
3152 2401 3406 2458 persona
3427 2382 3807 2453 mulierisque:

2196 2482 2390 2533 tamen
2421 2475 2697 2532 maritum
2726 2474 2953 2531 volebat
2982 2473 3334 2547 relinquere,
3367 2478 3424 2529 et
3453 2473 3523 2528 ad
3567 2469 3699 2527 alias
3725 2486 3807 2542 pe-

2197 2566 2430 2622 tebatur
2461 2564 2726 2637 nuptias:

2478 2671 2845 2734 Νυμφευμάτων
2876 2673 2964 2733 μὲν
2991 2670 3088 2734 τῶν
3119 2667 3250 2732 ἐμῶν
3280 2672 3444 2734 statin?
3475 2667 3582 2734 ipsi;

2476 2731 2722 2797 Μέριμνάν
2753 2733 2860 2792 ἔξει,
2880 2731 2937 2780 ’δι’
2966 2732 3057 2780 οὑν.
3087 2731 3216 2794 ἐμῶν
3245 2731 3431 2796 apem
3458 2731 3590 2778 τάδε.

2787 2812 3105 2876 (Eurupides
3134 2812 3189 2862 in
3219 2810 3627 2870 Andromacha.)

2194 2921 2349 2978 812
2380 2920 2495 2975 Hoc
2525 2923 2635 2987 est,
2667 2918 3041 2991 Sponsalium
3079 2917 3322 2989 quidem
3370 2933 3630 2973 meorum
3679 2916 3819 2984 pater

2195 3025 2361 3064 meus
2394 3023 2597 3064 curam
2626 3006 2881 3063 subibit:
2928 3005 3037 3062 hoc
3095 3005 3262 3070 enim
3316 3023 3433 3062 non
3492 3007 3578 3059 est
3622 3015 3813 3057 meum.

2194 3097 2339 3170 Ergo
2370 3096 2523 3168 quod
2555 3101 2611 3151 et
2640 3094 2749 3167 ipsi
2774 3093 3107 3167 philosophi
3166 3093 3369 3150 mirati
3417 3098 3555 3149 sunt
3600 3092 3815 3150 servate,

2192 3184 2466 3259 virgines.
2500 3184 2608 3240 Sed
2641 3183 2840 3249 etiam,
2874 3182 3169 3251 mulieres,
3204 3182 3254 3238 si
3290 3200 3411 3255 qua
3448 3182 3580 3253 (72),
3629 3176 3817 3234 amisso

438 3255 568 3275 --νη
604 3255 629 3262 -
678 3255 788 3261 η--
847 3255 890 3269 -,
1406 3255 1423 3264 ,
2000 3255 2017 3260 _
2288 3255 2313 3259 _

436 3314 540 3371 pro
574 3255 833 3359 mtrmerer,
867 3295 922 3346 et
943 3286 1195 3343 hortaris
1226 3287 1292 3338 ut
1320 3282 1545 3337 similes
1575 3280 1762 3336 simus
1784 3277 2084 3333 Rebeccae?
2114 3255 2156 3321 C
2194 3275 2305 3331 cito
2355 3272 2583 3340 marito,
2648 3270 3080 3328 adulescentula
3143 3270 3431 3343 laqueum
3492 3263 3821 3325 inﬁrmitatis

436 3366 548 3442 Sed
581 3400 692 3439 non
721 3382 830 3436 has
868 3378 1107 3432 inaures
1163 3373 1421 3428 Rebecca
1464 3370 1715 3425 habebat
1770 3371 1827 3424 et
1880 3366 2077 3434 virias,

437 3491 565 3548 quae
599 3472 730 3527 lites
763 3470 818 3523 in
852 3464 1108 3523 Ecclesia
1138 3478 1329 3518 serere
1360 3459 1568 3525 solent,
1611 3474 1737 3529 quae
1797 3455 2081 3510 labuntur

439 3542 769 3633 f-requenter
801 3575 813 3613 :
850 3556 997 3611 alias
1054 3553 1289 3607 inaures
1328 3548 1597 3613 habebat,
1649 3562 1796 3617 quas
1854 3542 2079 3599 utinam

434 3631 874 3707 vos—habeatis!
912 3642 1073 3697 Alias
1101 3639 1549 3695 virias.lnaures
1581 3634 1848 3689 Rebeccae
1882 3631 1959 3704 pii
1984 3649 2081 3685 au-

435 3738 592 3794 ditus
616 3735 889 3807 insignia,
928 3737 985 3787 ct
1014 3729 1169 3784 viriae
1205 3727 1467 3782 Rebeccae
1507 3724 1849 3778 ornamenta
1901 3720 2079 3774 facto-

434 3844 566 3883 rum
599 3829 756 3882 sunt.
791 3824 907 3878 Has
931 3822 1163 3875 inaures
1186 3815 1457 3880 habebat,
1483 3829 1608 3883 quae
1630 3827 1746 3866 non
1773 3811 2081 3881 gravarent

434 3932 657 3981 aurem,
690 3914 789 3970 sed
817 3908 1242 3966 demulcerent:
1279 3903 1385 3958 has
1415 3901 1612 3967 virias,
1664 3916 1789 3970 quae
1840 3913 2077 3952 manum

436 4021 552 4060 non
612 3999 899 4058 materiali
933 4013 1073 4052 auro
1114 3997 1439 4058 onerarent,
1497 3989 1595 4043 sed
1650 3985 1895 4058 spiritali
1947 3988 2076 4040 actu

433 4094 709 4149 levarent.
747 4090 877 4145 ldeo
907 4092 962 4142 et
992 4084 1153 4140 fratri
1184 4088 1239 4137 et
1270 4078 1611 4152 parentibus
1642 4075 1701 4131 in
1732 4075 1840 4130 hoc
1862 4073 2081 4146 placuit

435 4186 665 4239 ornatu.
695 4180 765 4233 Et
794 4183 856 4232 tu
890 4191 1056 4231 sume
1087 4172 1325 4227 inaures
1353 4184 1499 4240 quas
1533 4165 1636 4221 tibi
1667 4164 1959 4219 Abraham
1992 4180 2078 4218 re-

434 4269 643 4341 liquit:
679 4282 847 4323 sume
896 4279 1043 4336 quas
1089 4258 1417 4316 transmisit
1458 4255 1655 4310 virias.
1709 4253 1857 4308 Audi
1907 4251 2082 4306 verba

437 4358 669 4415 Domini
734 4355 833 4411 Dei
878 4353 982 4419 tui,
1024 4351 1177 4407 sicut
1225 4349 1349 4420 ipse
1398 4345 1708 4401 audiebat:
1768 4358 2082 4413 exsequere

429 4447 622 4517 jussa,
656 4444 806 4499 sicut
832 4443 954 4513 ipse
990 4436 1315 4511 properavit
1347 4432 1586 4505 implere
1616 4431 1749 4503 (71).

507 4534 596 4587 90.
644 4530 1079 4586 Pulcherrimus
1128 4531 1322 4580 autem
1374 4522 1537 4576 locus
1585 4520 1655 4574 ad
1706 4518 2080 4573 instruendos

2190 3381 2306 3421 suae
2337 3363 2503 3417 timet
2535 3360 2808 3427 incidere,
2833 3364 2898 3415 ut
2927 3360 2977 3416 si
3016 3359 3140 3415 vult
3187 3361 3434 3423 nubere,
3490 3358 3667 3414 nubat
3716 3359 3821 3408 tan-

2187 3458 2312 3508 tum
2346 3451 2406 3506 in
2432 3450 2699 3517 Domino,
2743 3452 2808 3503 ut
2871 3448 3212 3505 electionem
3269 3449 3469 3504 mariti
3507 3443 3820 3519 parentibus

2189 3539 2450 3598 deferat!
2488 3556 2559 3594 ne
2605 3536 2946 3610 appetentis:
2995 3537 3352 3611 procacioris
3410 3537 3738 3601 aestimetur,
3780 3529 3820 3583 si

2190 3631 2317 3703 ipsa
2347 3629 2417 3685 de
2449 3626 2670 3699 nuptiis
2701 3626 2824 3682 suis
2863 3624 3203 3682 electionem
3252 3627 3370 3682 sibi
3411 3625 3679 3681 vindicet.
3735 3620 3821 3674 Ex-

2190 3718 2370 3792 petita
2396 3716 2582 3789 magis
2612 3713 2781 3770 debet
2810 3713 2992 3769 videri
3023 3731 3055 3769 a
3084 3713 3225 3780 viro,
3264 3732 3449 3786 quam
3484 3714 3610 3784 ipsa
3650 3710 3815 3763 virum

2188 3807 2490 3880 expetisse.
2525 3802 2951 3859 Verecundiam
2984 3801 3325 3874 przemittat,
3371 3806 3683 3872 antequam
3734 3811 3822 3851 nu-

2188 3896 2306 3964 bat,
2343 3893 2496 3967 quod
2529 3894 2724 3966 ipsum
2756 3891 3095 3964 conjugium
3128 3890 3264 3964 plus
3297 3890 3665 3949 commendet
3692 3900 3826 3941 vere-

2189 3982 2421 4041 cundia.
2466 3982 2577 4037 Sed
2632 3980 2717 4035 illi
2776 3980 2950 4037 verba
3007 3979 3340 4047 imitantur,
3397 3995 3575 4052 opera
3627 3970 3824 4031 imitari

2191 4074 2510 4144 nequeunt.
3781 4068 3790 4081 ν

2259 4160 2348 4214 92.
2408 4159 2604 4215 Inesse
2662 4172 2894 4229 quoque
2953 4156 3013 4211 in
3068 4172 3135 4212 eo
3191 4157 3544 4229 praeciarum
3587 4148 3831 4210 Ecclesiae

2191 4248 2533 4321 mysterium
2563 4245 2769 4319 liquet,
2796 4261 2862 4301 eo
2901 4244 3056 4316 quod
3107 4261 3279 4300 nemo
3343 4262 3530 4301 ausus
3591 4243 3664 4298 sit
3717 4253 3831 4293 eam

2190 4342 2325 4394 ante
2354 4336 2651 4392 Christum
2682 4350 2917 4390 vocare:
2952 4332 3060 4389 soli
3092 4333 3248 4389 enim
3284 4334 3521 4390 Christo
3554 4332 3671 4386 hmo
3725 4328 3833 4382 erat

2189 4426 2580 4482 vocandarum
2605 4422 2911 4479 nationum
2929 4421 3182 4494 reposita
3204 4421 3614 4495 prmrogativa.
3638 4420 3834 4473 Vocata

2190 4519 2385 4571 autem
2417 4530 2533 4569 non
2560 4512 2696 4568 fecit
2726 4528 2971 4578 moram,
3005 4515 3063 4566 et
3090 4510 3220 4567 ideo
3251 4511 3555 4583 acceptior
3584 4505 3829 4564 Domino;

435 4639 535 4680 eos
584 4619 798 4693 quibus
843 4616 1060 4687 aliquid
1120 4612 1472 4683 injungitur,
1539 4608 1694 4680 quod
1750 4624 1862 4661 non
1916 4606 2080 4678 prius
2112 4623 2156 4688 Β
2188 4604 2328 4677 quia
2356 4601 2606 4675 populus
2634 4600 2971 4656 Judaaorum
3006 4600 3107 4671 qui
3138 4603 3263 4655 erat
3296 4601 3369 4656 ad
3407 4615 3637 4656 scenam
3684 4608 3834 4648 voca—

508 4811 619 4881 (67)
679 4807 921 4881 Cunctae
968 4802 1130 4866 edit.,
1185 4798 1396 4880 copulae
1628 4795 1829 4881 Guncrt‘i
1890 4810 2086 4881 ‘mss.,

436 4866 634 4955 copula
687 4881 824 4951 ejus.
896 4878 1165 4931 Attamen
1212 4866 1293 4955 ita
1342 4866 1620 4955 scribitur
1667 4867 1726 4921 in
1778 4866 1946 4920 Corb.
2028 4871 2091 4920 ut

437 4940 754 5025 utrumque
785 4963 1026 5025 peneex
1058 4958 1222 5025 aequo
1250 4941 1370 5025 legi.
1394 4940 1597 5025 possit.

510 5007 618 5149 $68)
654 5007 819 5076 Roni.
869 5019 1009 5073 edit.
1057 5007 1200 5080 sola,
1265 5007 1489 5082 reliquit
1540 5007 1800 5079 hydri':m
1864 5008 2084 5062 mulier.

537 5095 701 5149 iuuit.
780 5092 924 5145 unde
999 5105 1111 5143 non
1168 5085 1380 5145 habuit,
1416 5097 1519 5149 quo
1582 5082 1734 5133 actus
1784 5095 1927 5144 suos,
1972 5084 2084 5133 etc.

436 5082 701 5166 Reliquit,
780 5092 924 5145 unde
967 5105 1111 5166 mon
1168 5085 1380 5165 habuit,
1416 5097 1519 5152 quo
1582 5082 1734 5166 actus
1784 5084 2086 5166 suos,.‘et‘e.

435 5149 868 5221 venimtamem
894 5161 1129 5215 evidens
1160 5162 1248 5211 est
1277 5149 1463 5207 virum
1496 5154 1764 5203 sanctum
1798 5167 1910 5203 non
1945 5149 2090 5203 indi-

437 5253 569 5313 care
591 5235 1015 5313 illa_8criptura3
1035 5231 1227 5313 verba,
1253 5227 1491 5296 Reliquit
1511 5237 1633 5303 ergo
1648 5221 1926 5313 hydriazn,
1952 5227 2084 5303 etc.,

440 5308 540 5363 sed
591 5306 782 5376 potius
839 5294 975 5357 ista.
1049 5301 1293 5376 Domine,
1338 5294 1511 5376 neque
1561 5295 1773 5376 ianque
1838 5294 2084 5359 haurias,

441 5363 626 5440 habes,
661 5376 869 5447 legisse
909 5383 1097 5447 autem
1134 5363 1395 5447 ipsorum
1420 5363 1857 5447 Ἰοοοηιὶθηξξγξςῆ,
1913 5379 2091 5447 neque

442 5452 502 5503 in.
531 5432 633 5518 quo
664 5432 938 5509 hdilriam,
974 5432 1342 5505 habenfomm
1377 5444 1573 5492 tamen
1602 5435 1658 5488 in
1684 5432 1886 5488 Bibliis
1910 5432 2088 5488 nullis

444 5517 579 5589 rep'e
588 5517 630 5570 ri
639 5534 706 5589 re
739 5534 815 5565 ρίςι
834 5557 843 5567 .

514 5574 625 5659 (69)
661 5587 798 5639 Mss.
849 5587 1042 5659 (ᾳίιώη
1079 5584 1304 5659 _l.n_n_..r..
1337 5578 1539 5659 Colla,
1599 5577 1742 5630 Maz.
1794 5580 1851 5629 et
1898 5574 2089 5657 prima

443 5648 619 5716 manu
653 5660 853 5721 'l‘orn.,
889 5657 1085 5710 volenti
1114 5654 1227 5707 sibi
1255 5655 1445 5722 polum
1470 5648 1608 5722 dare
1637 5663 1837 5722 aquam
1884 5648 2083 5701 vivam.

446 5736 570 5790 Haec
599 5739 797 5797 autem,
834 5718 945 5783 etc.
998 5726 1165 5781 Forte
1197 5718 1311 5777 non
1373 5718 1543 5787 male,
1609 5718 1652 5773 si
1691 5723 1822 5789 post
1885 5733 2087 5789 aquam

2196 4793 2397 4856 vivam,
2429 4793 2621 4860 mente
2652 4786 3217 4860 suppleamusquod
3240 4805 3431 4859 supra
3487 4783 3840 4860 exprimitur.

2198 4851 2427 4931 nempe,
2485 4851 3147 4931 hydriam'nonhhabeo,
3206 4851 3369 4930 quod
3443 4851 3588 4914 sane
3661 4851 3838 4925 aptius

2196 4929 2469 5005 quadrat
2488 4929 2556 5005 ciu
2566 4947 2638 5005 m_
2656 4929 3062 5005 sequentibus.

2269 5004 2378 5075 (70)
2414 5004 2579 5075 Viris?
2622 4999 2777 5075 idem
2809 5000 3145 5074 signiﬁcant
3195 5005 3378 5071 atque
3409 4999 3638 5063 annuli,
3672 5000 3734 5052 ut
3783 5007 3842 5047 ex

2197 5072 2581 5145 sequentibus
2610 5072 2889 5145 colligere
2910 5078 3017 5145 est.
3183 5142 3213 5145 _
3626 5138 3636 5145 _
3692 5141 3700 5145 _
3810 5131 3819 5141 υ

2288 5135 2379 5217 Ἦ)
2421 5144 2554 5217 Post
2592 5135 2829 5217 ivocé’m
2876 5143 3134 5217 implere,
3182 5142 3356 5217 Rom.
3419 5140 3562 5217 edit.
3625 5135 3848 5217 inti-usit

2197 5202 2542 5289 sequentia:
2582 5216 2766 5297 Inquit
2790 5202 2973 5297 enim;
2994 5217 3045 5269 et
3082 5202 3343 5284 apposuit
3402 5214 3524 5268 illis
3559 5224 3726 5283 panes
3783 5202 3843 5258 ad

2193 5286 2604 5349 comedendum,
2633 5302 2728 5357 qui
2756 5285 2899 5341 dixit
2918 5302 2936 5339 :
2967 5286 3087 5341 Non
3114 5285 3399 5340 comedam
3440 5284 3613 5339 donec
3662 5281 3844 5348 loquar

2194 5376 2296 5433 ego
2325 5361 2491 5433 uerba
2519 5374 2660 5412 mea.

2267 5431 2382 5502 (72)
2414 5426 3132 5502 Ita‘mss._Edit_._autem,
3172 5426 3384 5502 mulier
3409 5427 3606 5492 etiam,

2195 5487 2427 5574 Et‘polst
2457 5499 2570 5555 tria
2596 5487 3146 5574 verba_ubi__ezedem
3178 5495 3321 5574 edit.
3351 5513 3493 5574 cum
3529 5487 3844 5574 praecipuis

2196 5566 2652 5643 mss.,laqueum
2691 5569 3035 5643 inﬁrmitatis
3062 5583 3183 5626 suae
3209 5568 3373 5643 timet
3395 5566 3684 5643 incidere,
3737 5566 3846 5615 tres

2197 5640 2594 5715 mss.‘legunt,
2625 5640 2942 5711 inﬁrmitati
2966 5655 3085 5697 suae
3113 5642 3269 5695 timet
3317 5640 3569 5710 injicere.
