4166 6154
529 314 646 378 479

1977 313 2043 379 S.
2094 311 2471 380 AMBROSII

3768 327 3867 401 480

530 453 735 505 testate
769 449 939 506 habet
970 451 1464 523 quemadmodum
1498 452 1658 524 regat
1685 449 1925 507 domum
1958 466 2124 506 suam
2153 466 2165 505 :
2199 452 2252 518 Α
2353 452 2412 526 ut
2440 465 2591 506 mens
2635 457 2822 526 nostra
2875 447 2995 522 ejus
3048 450 3292 526 exemplo
3347 451 3669 523 reformatur.
3712 457 3864 526 Quare

530 538 610 594 ita
640 541 816 595 etiam
852 557 1018 597 mens
1049 542 1107 597 in
1146 540 1519 598 sermonibus
1550 540 1766 596 nostris
1816 540 2065 610 habitat,
2119 545 2175 595 et

526 629 816 700 gubernat
845 632 1019 685 verba
1051 635 1267 693 nostra,
1302 633 1358 684 et
1388 630 1473 685 vis
1499 630 1627 699 ejus
1661 646 1724 684 ac
1773 628 2082 701 disciplina
2112 628 2172 682 in

527 734 797 775 sermone
823 719 1033 775 elucet.
1064 720 1132 774 Ut
1163 719 1351 773 bonus
1413 718 1831 790 paterfamilias
1891 735 1924 772 a
1984 718 2172 790 primo

526 805 816 863 vestibulo
839 809 1051 863 domus
1082 806 1428 873 aestimatur,
1459 807 1540 862 ita
1571 808 1749 863 etiam
1781 808 1850 861 de
1888 807 2172 862 sermoni-

526 895 641 950 bus
691 896 906 950 nostris
966 912 1135 950 mens
1192 900 1393 950 nostra
1452 895 1851 968 perpenditur.
1911 895 2174 967 Denique

532 983 705 1037 etiam
742 982 996 1038 modulis
1028 983 1182 1038 vocis
1216 983 1410 1056 pulsat
1438 990 1493 1038 et
1525 988 1752 1039 revocat
1782 986 1914 1054 (78).

595 1073 649 1126 3.
684 1073 830 1143 Ergo
862 1073 961 1144 qui
986 1072 1109 1127 vult
1143 1074 1453 1145 perfectam
1506 1073 1918 1145 purgationem
1970 1089 2172 1128 conse-

524 1161 649 1232 qui,
687 1162 987 1233 disiungat
1016 1179 1077 1216 se
1109 1163 1179 1217 ab
1214 1162 1304 1216 his
1341 1163 1546 1227 tribus,
1583 1180 1615 1217 a
1646 1178 1903 1234 corpore,
1937 1179 1969 1216 a
1996 1161 2175 1217 sensi-

524 1251 638 1305 bus
671 1250 1093 1322 corporalibus,
1128 1269 1160 1306 a
1192 1267 1348 1314 voce,
1391 1250 1449 1305 in
1511 1251 1727 1321 quibus
1778 1254 1917 1305 sunt
1972 1266 2175 1305 omnes

522 1340 784 1410 corporis
816 1341 1124 1412 passiones
1150 1345 1207 1395 et
1245 1339 1817 1412 circumscriptiones
1867 1355 2171 1405 sensuum,

523 1429 739 1501 quibus
770 1429 1096 1500 decipimur
1113 1434 1168 1484 et
1186 1428 1578 1483 illudimur.ln
1612 1428 1770 1483 nulla
1794 1428 1947 1483 enim
1964 1427 2172 1482 horum

521 1518 701 1573 trium
736 1518 974 1572 bonum.
996 1517 1117 1571 Non
1148 1518 1205 1572 in
1239 1534 1430 1583 carne,
1458 1517 1725 1589 quamvis
1751 1516 1977 1588 Epicuri
2008 1516 2174 1571 scho-

522 1605 598 1676 la,
633 1606 891 1679 plerique
921 1605 1095 1661 etiam
1143 1606 1490 1678 voluptuarii
1544 1606 1991 1678 disrumpantur
2041 1604 2165 1658 lau-

521 1695 728 1750 dantes
758 1695 1017 1767 corporis
1047 1694 1488 1751 delectationem
1523 1696 1632 1766 (79)
1663 1721 1674 1760 ;
1710 1711 1899 1766 neque
1933 1695 1989 1748 in
2051 1710 2176 1748 sen-

2355 523 2450 596 Lot
2478 538 2602 596 cum
2658 523 2756 578 illo
2803 537 3084 596 egressus;
3141 523 3338 596 quidve
3388 529 3700 594 seatagesimo
3729 523 3867 587 anno

2350 594 2719 667 signiﬁcetur.
2744 598 2863 663 Quo
2923 594 3165 651 tandam'
3193 600 3351 667 pacto
3403 598 3609 661 sapiens
3657 602 3869 659 animam

2352 681 2508 719 suam
2533 665 2826 736 possideat.

2352 809 2406 862 5.
2438 809 2593 863 Exiit
2638 808 2921 864 Abraham
2976 809 3426 882 quemadmodum
3477 811 3671 868 locutus
3721 817 3789 869 est
3834 818 3878 871 ei

2282 898 2544 953 Dominus
2576 897 2728 969 (Gen.
2764 914 2862 963 xu,
2901 898 2974 968 4).
3009 897 3155 954 Hinc
3187 899 3381 954 ferunt
3411 900 3648 972 gentiles
3687 907 3876 975 septem

2280 986 2621 1057 Sapientum
2653 985 3045 1042 sententiam:
3079 987 3332 1059 Sequere
3363 987 3560 1057 Deum,
3603 991 3754 1060 quasi
3803 992 3877 1047 in-

2280 1078 2517 1129 ventum
2577 1090 2792 1143 suum;
2852 1090 2985 1129 cum
3042 1074 3214 1147 longe
3269 1076 3539 1145 anterior,
3596 1094 3701 1132 non
3752 1079 3877 1147 dico,

2281 1162 2598 1225 Abraham,
2624 1162 2723 1219 sed
2749 1166 2974 1235 Moyses
3004 1162 3176 1219 fuerit
3206 1180 3310 1235 per
3340 1180 3509 1236 quem
3539 1164 3624 1221 lex
3652 1166 3773 1221 data
3789 1172 3877 1232 est,

2282 1251 2517 1307 dicens:
2576 1254 2704 1307 Post
2777 1254 3069 1308 Dominum
3146 1259 3316 1308 Deum
3390 1262 3541 1308 tuum
3606 1256 3879 1310 ambulabis

2282 1342 2461 1410 (Deut.
2494 1357 2615 1407 qu,
2651 1340 2722 1412 4).
2756 1340 2940 1396 Exivit
2959 1356 3094 1413 ergo
3122 1341 3410 1397 Abraham
3436 1343 3493 1397 in
3532 1359 3641 1414 quo
3662 1360 3762 1398 non
3783 1347 3880 1399 tam

2284 1429 2559 1500 perfectio
2608 1430 2735 1500 ejus
2783 1429 2915 1502 (82),
2950 1446 3129 1501 quam
3161 1430 3368 1485 animae
3409 1431 3535 1501 ejus
3573 1430 3795 1497 devotio,
3837 1436 3883 1487 et

2283 1517 2497 1574 mentis
2526 1517 2766 1573 libertas
2795 1517 2968 1573 exivit
2997 1519 3068 1574 de
3098 1518 3357 1590 corporis
3386 1518 3648 1583 vinculis,
3678 1520 3742 1573 de
3781 1518 3882 1574 ille-

2282 1606 2471 1662 cebris
2526 1605 2947 1663 delectationis.
3009 1607 3266 1679 Denique
3319 1608 3403 1663 sic
3449 1607 3668 1664 habes:
3722 1609 3885 1663 Frinit

2280 1694 2562 1751 Abraham
2590 1694 3047 1766 quemadmodum
3079 1696 3287 1751 locutus
3335 1700 3415 1752 est
3460 1695 3555 1751 illi
3603 1700 3750 1751 Deus.
3793 1694 3883 1751 Su-

523 1785 707 1850 sibus,
737 1785 835 1855 qui
874 1801 1025 1855 saepe
1061 1784 1379 1851 luduntur;
1437 1801 1628 1855 neque
1682 1784 1738 1838 in
1801 1800 1943 1838 sono
1988 1783 2168 1847 vocis,
2203 1820 2249 1884 Β
2284 1800 2390 1856 pra
2418 1783 2619 1851 habes,
2678 1786 2801 1851 Exi,
2862 1784 3075 1840 dixisse
3132 1785 3316 1840 Deum
3380 1784 3528 1856 (Gen.
3588 1802 3679 1852 xu,
3732 1784 3796 1854 1),
3837 1784 3883 1838 in

428 1936 437 1943 _
522 1891 652 1945 quae
674 1874 840 1928 falsis
872 1873 1218 1945 plerumque
1249 1874 1508 1929 animam
1542 1873 1835 1929 demulcet
1874 1872 2163 1935 cantibus,

521 1967 609 2018 est
656 1962 976 2035 perfectum
1036 1962 1276 2025 bonum,
1337 1961 1457 2016 haec
1514 1961 1667 2017 enim
1725 1959 2162 2032 corruptibilia:

521 2051 678 2124 qund
711 2054 905 2106 autem
938 2066 1069 2105 vere
1096 2050 1337 2112 bonum,
1386 2050 1494 2105 hoc
1534 2049 1995 2121 incorruptibile.
2043 2049 2163 2103 Ma-

520 2141 728 2194 nifesta
762 2138 873 2209 (80)
905 2143 1098 2193 autem
1134 2139 1297 2193 ﬁdes.
1352 2138 1576 2193 Mortuo
1632 2138 1846 2193 etenim
1906 2136 2162 2203 homine,

521 2244 655 2284 caro
678 2227 1093 2298 corrumpitur,
1128 2243 1338 2281 sensus
1380 2231 1645 2298 pereunt,
1697 2244 1804 2281 vox
1853 2224 2162 2289 amittitur,

522 2322 784 2373 remanet
816 2333 981 2370 mens
1011 2314 1379 2380 immortalis,
1409 2315 1811 2388 incorporeum
1849 2315 2025 2369 vitam
2077 2330 2164 2369 re-

522 2406 768 2478 cipiens.
808 2405 966 2460 Unde
998 2405 1054 2458 in
1090 2403 1330 2459 alteram
1374 2409 1586 2459 terram
1644 2408 1880 2459 vocatur
1934 2403 2165 2475 plenam

522 2495 906 2559 beatitudine,
942 2493 1039 2547 ubi
1075 2510 1187 2547 non
1221 2492 1365 2548 falsa
1394 2510 1497 2565 pro
1526 2492 1698 2557 veris,
1749 2493 1899 2549 sicut
1954 2491 2009 2545 in
2059 2491 2168 2546 hac

523 2584 663 2650 vita,
706 2584 805 2638 sed
864 2581 1049 2637 vivam
1113 2598 1307 2636 rerum
1368 2585 1568 2636 cernat
1625 2582 2040 2647 substantam;
2101 2597 2167 2635 eo

524 2673 679 2746 quod
709 2667 954 2728 excusSa
983 2670 1265 2741 corporis,
1297 2672 1353 2724 et
1384 2686 1689 2732 sensuum,
1720 2674 1775 2724 et
1804 2668 1961 2723 vocis
1993 2669 2170 2723 nebu-

526 2762 651 2819 losa
711 2760 965 2831 quadam
1026 2757 1300 2830 imagine,
1361 2757 1795 2827 corruptibilem
1857 2755 2167 2825 caliginem

525 2852 798 2921 deponat,
832 2851 887 2901 et
920 2847 1168 2902 revelata
1199 2846 1341 2901 facie
1364 2846 1544 2901 beatae
1573 2846 1700 2900 vitm
1736 2844 1981 2917 gratiam
2042 2843 2164 2900 lus-

524 2943 636 2992 tret
666 2937 896 2989 obtutu.

592 3027 647 3080 4.
682 3023 1029 3088 Benedicam,
1063 3021 1276 3092 inquit,
1311 3025 1381 3085 te,
1403 3030 1455 3076 et
1479 3023 1686 3092 faciam
1735 3028 1782 3077 te
1833 3022 1897 3076 in
1954 3025 2169 3090 gentem

522 3128 786 3183 magnam
819 3110 969 3181 (Gen.
1033 3125 1132 3176 xu,
1192 3112 1265 3179 2).
1327 3108 1832 3165 Immortalitatem
1893 3109 2161 3182 spondet,

2281 1889 2396 1944 quo
2430 1878 2695 1944 apertum
2737 1873 3050 1945 imperium
3092 1873 3358 1944 jubentis
3408 1888 3766 1945 expressum:
3809 1871 3886 1927 hic

2274 1960 2479 2024 habes,
2508 1962 3003 2033 quemadmodum
3033 1960 3263 2018 locutus
3294 1966 3384 2018 est
3414 1961 3500 2017 illi
3546 1962 3710 2018 Deus.
3740 1960 3885 2024 Quasi

2276 2050 2514 2121 quidam
2549 2049 3040 2106 confabulationis
3070 2050 3312 2106 affectus
3364 2048 3884 2121 comprehenditur;

2280 2138 2480 2193 omnia
2507 2139 2664 2193 enim
2699 2138 2833 2194 fecit
2862 2155 2988 2210 quae
3019 2143 3240 2194 statuta
3291 2143 3452 2195 sunt.
3508 2141 3646 2193 Ante
3694 2136 3885 2192 factum

2276 2226 2461 2301 igitur
2488 2232 2635 2283 Deus
2667 2226 2809 2283 dicit
2838 2229 3008 2299 quasi
3048 2227 3320 2297 obnoxio,
3377 2231 3508 2299 post
3560 2228 3760 2282 factum
3820 2223 3889 2277 lo-

2280 2317 2483 2388 quitur
2514 2316 2681 2388 quasi
2714 2317 2921 2374 amico.
2952 2316 3191 2372 Amicus
3223 2321 3314 2372 est
3344 2316 3501 2371 enim
3532 2316 3662 2381 Deo,
3694 2314 3782 2385 qui
3818 2313 3888 2367 fa-

2277 2405 2355 2459 cit
2386 2422 2513 2477 quse
2544 2406 2834 2477 imperata
2863 2409 3020 2460 sunt.
3054 2406 3221 2460 Unde
3252 2410 3308 2461 et
3351 2405 3411 2460 in
3460 2402 3753 2475 Evangelio
3799 2416 3886 2455 suo

2277 2494 2417 2549 dicit
2449 2494 2729 2550 Dominus
2759 2494 2931 2550 Jesus
2958 2510 2970 2547 :
3008 2494 3106 2549 Vos
3133 2496 3304 2549 amici
3330 2496 3442 2550 mei
3471 2495 3619 2560 estis,
3650 2493 3697 2547 si
3721 2489 3884 2564 feceri-

2276 2584 2343 2639 tis
2368 2598 2493 2655 qua:
2520 2599 2613 2653 ego
2641 2584 2909 2654 praecipio
2938 2582 3111 2638 vobis.
3143 2584 3267 2638 1am
3297 2599 3414 2638 non
3444 2582 3560 2637 dico
3605 2596 3689 2636 vos
3734 2592 3882 2633 servos

2278 2672 2455 2742 (Joan.
2487 2689 2579 2737 xv,
2625 2672 2712 2736 14,
2774 2671 2883 2741 15).
2946 2670 3080 2735 Sed,
3143 2675 3208 2725 ut
3252 2671 3396 2737 dixi,
3452 2684 3747 2743 processus
3796 2662 3882 2719 viri

2276 2759 2557 2831 sapientis
2589 2759 2923 2832 propositus
2953 2762 3042 2814 est
3068 2759 3238 2815 nobis
3269 2760 3343 2815 ad
3375 2758 3737 2824 imitandum,
3769 2752 3886 2809 scri-

2276 2853 2411 2920 ptus
2440 2853 2529 2905 est
2557 2849 2629 2904 ad
2668 2848 3148 2920 experimentum,
3206 2863 3339 2903 non‘
3374 2845 3663 2920 perfectio.
3711 2841 3885 2901 Adhuc

2275 2937 2432 2993 enim
2455 2937 2732 2996 reformat
2758 2953 2819 2993 se
2849 2953 3017 2993 mens
3048 2936 3108 2993 in
3139 2936 3465 3000 Abraham,
3487 2953 3612 3008 quae
3642 2934 3696 2989 in
3726 2929 3884 2987 homi-

2276 3039 2347 3078 ne
2377 3023 2564 3097 primo
2591 3021 2758 3095 lapsa
2786 3026 2893 3080 est.
2927 3023 2995 3078 Et
3016 3023 3145 3079 ideo
3177 3039 3278 3095 per
3339 3024 3560 3097 gradus
3615 3026 3671 3078 et
3722 3019 3882 3076 incre-

2276 3117 2473 3168 menta
2502 3129 2564 3169 se
2596 3111 2836 3184 colligit.

523 3182 657 3259 cum
690 3217 875 3273 genus
908 3198 1213 3272 promittit.
1239 3198 1433 3254 Genus
1463 3198 1618 3253 enim
1651 3197 1979 3254 immortale
2010 3198 2165 3253 vide-
2197 3182 2241 3249 C
2351 3200 2514 3256 Unde
2541 3205 2598 3256 et
2626 3182 2885 3255 addidit:
2918 3202 2984 3256 Et
3010 3202 3181 3257 exivit
3208 3217 3334 3257 cum
3368 3216 3429 3257 eo
3487 3201 3579 3255 Lot
3610 3199 3751 3272 (Gen.
3802 3210 3889 3259 xu,

521 3297 619 3346 tur
645 3305 795 3356 esse,
829 3304 1087 3360 persona:
1132 3286 1406 3342 mortales
1464 3290 1604 3343 sunt
1654 3286 2044 3360 singulorum,
2104 3290 2169 3342 ut

523 3378 854 3444 hominum,
884 3381 949 3431 ut
976 3392 1283 3447 equorum,
1320 3379 1383 3430 ut
1426 3392 1624 3447 apum.
1687 3375 1767 3431 De
1818 3375 2034 3447 quibus
2088 3375 2170 3431 ait

523 3468 762 3539 quidem
789 3482 801 3520 :

806 3618 871 3666 At
898 3629 1069 3681 genus
1096 3616 1626 3681 immortalemanet.

1336 3678 1499 3741 (Virg.
1534 3678 1566 3726 ι.
1600 3692 1646 3726 1v
1680 3676 1888 3741 Georg.)

595 3834 814 3887 Tamen
843 3831 1027 3886 multo
1060 3830 1203 3885 illud
1259 3829 1471 3885 melius
1530 3830 1681 3901 quod
1752 3833 1982 3899 gentem
2044 3847 2169 3884 ina-

525 3938 703 3994 gnam
762 3919 907 3975 dixit
974 3919 1244 3974 Ecclesiae
1323 3923 1661 3991 perpetuam
1747 3918 2167 3989 posteritatem.

525 4016 583 4064 et
613 4011 1050 4083 generationem
1080 4007 1240 4062 illam
1270 4024 1609 4079 supernam,
1648 4024 1774 4077 quae
1799 4023 1929 4063 vere
1959 4023 2172 4080 magna

523 4104 631 4166 est,
668 4103 733 4153 ut
785 4101 1018 4170 peccato
1068 4095 1387 4151 moriamur
1452 4097 1561 4151 Deo
1614 4095 1983 4151 renascimur
2033 4096 2166 4167 (8|).

1074 4247 1165 4302 3|
1183 4245 1226 4302 5
1269 4245 1501 4300 CAPUT
1541 4246 1610 4300 ῘΙ.

526 4377 659 4429 Post
698 4371 995 4426 Abrahami
1049 4372 1280 4435 exitum,
1342 4372 1480 4425 Deus
1531 4371 1621 4424 illi
1675 4377 1939 4442 tanquam
1994 4372 2170 4442 amico

599 4445 854 4513 loquitur.
900 4442 1045 4497 [clem
1083 4443 1238 4497 nobis
1280 4443 1611 4513 praponitur
1666 4441 1735 4496 ad
1780 4440 2165 4509 imitandum;

2276 3289 2350 3361 ἅ).
2386 3288 2494 3344 hoc
2523 3292 2629 3355 est,
2665 3288 2993 3345 declinatio.
3023 3289 3085 3345 Id
3117 3288 3273 3345 enim
3331 3287 3587 3346 nominis
3632 3284 3889 3359 signiﬁcat

2277 3377 2698 3450 interpretatio,
2733 3393 2799 3433 eo
2831 3378 3006 3451 quod,
3040 3381 3104 3433 ut
3130 3377 3358 3434 viantes
3390 3376 3737 3450 incognitam
3784 3387 3891 3427 car-

2277 3471 2481 3538 pentes
2501 3466 2675 3536 viam,
2710 3465 2936 3522 semitis
2967 3465 3263 3538 aliquibus
3301 3484 3456 3539 saepe
3506 3466 3795 3527 falluntur,
3840 3461 3893 3513 ut

2277 3555 2494 3611 directo
2527 3542 2838 3612 deﬂectunt
2865 3555 3119 3624 tramite,
3153 3560 3210 3610 et
3247 3561 3450 3612 tamen
3501 3554 3548 3610 si
3608 3551 3890 3626 prudentes

2278 3647 2436 3715 sunt,
2471 3660 2584 3699 non
2616 3643 2869 3711 deviant,
2898 3643 2999 3700 sed
3033 3645 3432 3699 cunctabundi
3467 3644 3620 3708 licet,
3667 3635 3893 3712 regionis

2277 3732 2464 3805 ipsius
2497 3731 2761 3790 contuitu
2799 3733 2952 3787 viam
3002 3731 3328 3805 colligunt:
3394 3735 3479 3789 ita
3533 3736 3588 3788 et
3634 3726 3893 3786 Abraham

2278 3820 2659 3876 nutabundus
2707 3820 2820 3892 (83)
2869 3820 3132 3892 quidem,
3193 3825 3393 3878 tamen
3458 3820 3745 3876 tramitem
3798 3811 3898 3867 veri

2279 3910 2651 3981 sequebatur.
2685 3909 3020 3965 Ducebatur
3049 3908 3400 3982 plerumque
3434 3909 3581 3965 falsa
3607 3906 3787 3979 specie
3814 3903 3899 3956 bo-

2280 4014 2514 4063 norum,
2547 3997 2647 4052 sed
2680 4014 2796 4052 non
2828 3995 3065 4071 penitus
3095 3997 3517 4054 inclinabatur.
3550 3992 3788 4053 Perfecti
3833 3989 3907 4045 est

2279 4085 2435 4153 enim
2457 4098 2570 4140 non
2602 4084 2923 4155 deflectere,
2953 4087 3263 4158 prudentis
3296 4104 3415 4143 non
3470 4085 3712 4158 penitus
3756 4074 3905 4134 decli—

2278 4190 2436 4229 nare.
2470 4172 2641 4229 Solus
2667 4175 2860 4229 autem
2896 4172 2993 4229 ille
3029 4191 3334 4247 nunquam
3398 4172 3678 4240 deflectit,
3702 4169 3768 4225 de
3810 4178 3906 4238 quo

2278 4261 2561 4334 scriptum
2578 4265 2703 4317 est:
2737 4262 2867 4317 Ecce
2896 4261 3056 4330 Virgo
3087 4264 3143 4317 in
3176 4267 3328 4318 utero
3359 4264 3613 4334 accipiet,
3661 4262 3711 4314 et
3751 4254 3907 4329 pariet

2277 4351 2479 4421 ﬁlium,
2510 4353 2563 4405 et
2590 4351 2804 4406 vocabis
2832 4366 3029 4407 nomen
3080 4352 3196 4420 eius
3247 4351 3621 4407 Emmanuel:
3676 4349 3907 4415 butyrum

2277 4448 2327 4495 et
2369 4439 2475 4494 mel
2532 4439 2909 4505 mamlucabil,
2967 4440 3293 4510 priusquam
3341 4442 3485 4495 sciat
3542 4445 3639 4493 aut
3687 4434 3908 4507 proferat

527 4566 821 4647 signiﬁcat
852 4565 1200 4647 prolativum
1234 4570 1413 4647 atque
1429 4566 1820 4647 extensivum.
1854 4568 1975 4647 Vox
2018 4566 2174 4647 enim
2207 4548 2251 4615 Ι)
2283 4562 2444 4647 Vale.
2474 4567 2531 4618 et
2559 4561 2698 4618 edit.
2727 4564 2944 4647 Δίυλοι
2999 4561 3158 4647 Θίῌη
3212 4567 3264 4617 ei
3293 4643 3301 4647 _
3321 4572 3550 4646 peccato
3602 4560 3907 4647 moriam't‘tf:

524 4636 734 4703 domus,
767 4636 1080 4709 asimplici
1131 4637 1556 4762 significatione
1614 4638 1684 4692 ad
1749 4639 2060 4710 ﬁguratam
2119 4641 2177 4693 et

528 4709 986 4762 metanhoricam
1016 4718 1196 4762 extent
1229 4709 1362 4762 itur.

528 4709 986 4767 metanhoricam
1016 4709 1362 4762 extenditur.

598 4779 711 4854 (78)
746 4781 919 4854 E-lit.,
949 4780 1227 4834 modulum
1258 4781 1611 4854 vocispulsat
1638 4783 1687 4854 et
1718 4788 1948 4854 reuocat.
1996 4779 2174 4854 Iidem

529 4850 701 4920 mss,
731 4852 965 4907 modulis
998 4854 1157 4909 vocis.
1193 4854 1325 4916 etc.,
1372 4850 1466 4904 ubi
1518 4850 1893 4922 subintellige
1953 4851 2176 4922 passio-

530 4943 657 4991 DOS,
691 4940 904 4995 corpus
936 4939 1002 4975 {10
1028 4938 1239 4977 SOHSUS
1269 4938 1600 4995 σοι-βρνροε,
1834 4938 2011 4995 supra
2039 4939 2174 4995 _me-

529 5000 757 5052 morata
787 4991 947 5057 sunt,
1000 5009 1244 5065 quisque
1295 4991 1550 5048 modulis
1595 4991 1755 5048 vocis
1815 4991 2049 5048 excitari
2111 5010 2176 5049 ac

532 5067 784 5134 mitigari
821 5081 993 5120 nemo
1024 5082 1135 5119 non
1170 5065 1481 5134 experitur.

602 5135 715 5209 (70)
753 5138 900 5192 Edit.
937 5140 1082 5201 Am.,
1114 5137 1260 5209 Erm.
1297 5136 1453 5209 Gill.,
1507 5136 1686 5190 laudis
1727 5136 1987 5209 porr/oris
2033 5135 2175 5189 (lele-

532 5204 784 5265 cta'tione.
818 5209 983 5262 Rom.
1020 5208 1420 5278 vocemlaudic
1450 5204 1860 5278 praetermittit.
1896 5206 2010 5260 Nos
2052 5223 2176 5261 om-

535 5280 696 5334 nium
733 5297 873 5333 mss.
909 5277 1238 5334 auctoritati
1269 5276 1620 5334 credendum
1656 5276 2042 5349 putavimus.‘

606 5352 715 5421 (80)
753 5352 831 5403 Ita
866 5366 1007 5403 mss.
1043 5367 1220 5419 supra
1251 5350 1432 5409 citati.
1467 5348 1669 5421 prieter
1710 5349 1900 5421 Corb.,
1956 5348 2011 5401 in
2064 5363 2178 5421 quo

536 5418 727 5476 deerat
764 5422 1029 5488 cantibus,
1062 5426 1159 5488 est,
1209 5422 1361 5490 quod
1421 5418 1726 5477 recentiori
1782 5435 1959 5473 manu
2009 5418 2175 5473 addi-

536 5494 658 5544 tum
688 5498 795 5543 r351.
838 5492 978 5545 ﬁdit.
1021 5508 1171 5549 vero,
1225 5491 1483 5547 demulcet
1531 5491 1801 5556 cantibus,
1846 5493 1923 5544 est
1966 5490 2178 5560 perfec-

533 5569 646 5634 tum
680 5564 881 5634 bonum
911 5565 1010 5618 hoc
1039 5564 1479 5634 incorruptibile,
1513 5564 1834 5634 Manifesta,
1866 5564 1975 5634 etc.

599 5633 707 5707 (8l)
748 5630 832 5688 Ita
854 5651 1001 5695 mss.
1029 5631 1220 5700 Corb.,
1264 5630 1483 5707 'Long.,
1541 5630 1698 5689 Colb.
1761 5637 1817 5688 et
1872 5631 2018 5689 Maz.
2064 5633 2173 5689 Sed

2287 4634 2406 4690 ideo
2436 4650 2818 4705 renascantur.
2852 4633 3002 4705 Era,
3034 4638 3098 4689 ut
3115 4629 3335 4705 peccata
3366 4636 3681 4691 moriamur
3718 4634 3789 4705 et“
3817 4629 3908 4681 Dto

2286 4721 2659 4761 renascamur.
2693 4704 2862 4761 Rom.
2895 4703 3132 4761 demum
3194 4721 3259 4759 ac
3320 4722 3433 4761 ms.
3495 4705 3693 4770 Torn.,
3750 4703 3910 4768 Itaque

2322 4781 2497 4833 eccato
2527 4778 2854 4848 moriamur,
2892 4777 2994 4848 Deo
3046 4791 3143 4831 rea
3158 4792 3427 4831 iscamur.
3484 4774 3657 4848 Atqui
3709 4770 3914 4848 videtur

2322 4794 2497 4833 eccam
2527 4794 2854 4844 moriamur,
2892 4794 2994 4832 ueo
3046 4794 3143 4831 rea
3158 4794 3427 4831 iscamur.
3484 4794 3657 4848 Atqlll
3709 4794 3905 4824 vnueuu

2280 4794 2381 4903 ﬂio
2413 4846 2681 4903 nonnihil
2713 4853 2814 4903 aut
2841 4846 3126 4917 omissum
3159 4863 3288 4902 esse
3319 4852 3422 4902 aut
3455 4836 3914 4917 corruptum.aut

2286 4918 2650 4994 etiam_forte
2695 4912 3145 4994 transpositam.
3193 4918 3406 4994 Confer
3464 4907 3764 4994 qum'hoc.
3807 4907 3912 4994 loco

2288 4989 2427 5067 ἐῖοῇ
2457 4990 2527 5044 de
2558 4990 2788 5067 εθιλριῖίε
2830 4988 3269 5067 immortalitate
3328 4988 3499 5045 cum‘
3523 4988 3710 5067 hujus.
3751 4988 3912 5067 ipsius

2287 5059 2423 5116 libri
2454 5059 2587 5133 cap:
2630 5059 2858 5128 ultimo,
2889 5062 2946 5116 et
3001 5059 3413 5133 cognationem
3465 5076 3580 5115 non
3633 5059 3911 5112 minimam

2290 5132 2739 5189 animadvertes.

2361 5205 2475 5328 (82)
2504 5204 2645 5259 Mss.
2677 5203 2843 5285 Gorb.
2876 5204 2934 5257 et
2981 5200 3081 5256 alii
3132 5206 3251 5285 tres
3296 5217 3436 5256 cum
3495 5199 3638 5255 edit.
3696 5196 3816 5250 Era.
3858 5199 3913 5241 ac

2386 5274 2447 5328 1..
2481 5276 2779 5328 profectio:
2809 5279 2939 5328 Am.
2972 5276 3279 5328 provectio:
3325 5271 3473 5327 Cod.
3537 5271 3741 5328 Lanae,
3787 5261 3911 5317 Maz-

2290 5261 2779 5347 Gill.,ipro[cctio;
2809 5279 2939 5328 Am.
2967 5274 3279 5347 provectio;
3324 5271 3473 5347 _Cod.
3537 5261 3911 5347 Long”.qu

2289 5349 2348 5400 et
2377 5336 2517 5400 edit.
2571 5336 2760 5411 Rom.,
2817 5336 3105 5416 perfectio.
3167 5341 3483 5416 Sedqhanc
3541 5336 3908 5416 diversitatem

2293 5432 2409 5488 non
2431 5415 2665 5488 aliunde
2690 5414 2875 5488 ortam
2899 5414 3027 5471 esse
3048 5414 3671 5488 putaverimu_s,quam_
3688 5424 3717 5463 c
3737 5414 3913 5488 ριίξηξο

2292 5486 2524 5560 syllabae
2555 5486 3008 5555 abbreviatione,
3044 5477 3217 5560 quam
3252 5484 3351 5540 alii
3381 5477 3520 5540 alia
3540 5480 3709 5538 modo
3754 5477 3912 5531 inter-

2297 5557 2527 5632 pvrgcati
2542 5562 2702 5632 ξαππς

2364 5629 2475 5703 (83)
2509 5628 2649 5687 Mss.
2677 5629 2869 5696 Corb.,
2902 5627 3061 5684 Colb.
3094 5619 3151 5684 et
3184 5628 3357 5695 Maz.,
3388 5619 3771 5681 mutabundus.
