4026 6186
179 283 269 344 m
1435 288 1536 350 DE
1579 272 1959 350 ABBAHAM
2006 287 2149 348 LIB.
2199 289 2273 350 ιι.

3431 294 3549 354 482

175 418 322 482 mula,
392 417 558 486 eligat
630 417 859 479 bonum;
927 421 1189 490 quoniam
1253 421 1581 492 priusquam
1652 423 1786 474 m‘at
1819 429 1867 487 Α
1901 421 2075 473 lui-wn
2133 420 2381 489 Syc/tem,
2424 419 2493 475 ad
2552 436 2812 492 quercum
2864 422 3038 477 altum
3096 424 3250 495 (ϐίη).
3312 442 3412 489 xu,
3469 428 3545 494 (3;.

172 520 292 573 puer
336 505 536 560 bonum
589 514 689 562 aut
737 508 967 575 malum,
1021 524 1136 563 non
1189 508 1367 564 credet
1420 508 1681 575 malitiae,
1734 512 1793 563 ut

171 594 315 664 eligat
340 594 477 664 quod
525 594 725 651 bonum
775 599 856 651 est
903 597 1029 668 (lsa.
1064 613 1162 667 vn,
1203 598 1284 666 14,
1321 598 1427 669 15).
1461 597 1579 653 Hoc
1609 596 1791 651 Abra-

168 681 287 738 ham
331 681 515 739 facere
558 701 672 739 non
723 687 969 757 poterat,
1020 689 1086 742 ut
1132 686 1296 759 prius
1345 686 1495 742 bona
1534 684 1790 759 eligeret,

168 786 326 843 quam
358 770 513 827 mala
543 773 737 829 sciret.
770 774 880 830 Sed
914 775 1219 849 preceptis
1270 774 1587 831 inhaerebat
1624 773 1792 831 cccle-

166 860 357 929 stibus,
391 878 461 916 ne
499 860 818 918 declinaret
861 881 895 919 a
941 881 1096 920 vero.
1147 865 1281 921 Ideo
1329 864 1505 919 etiam
1558 868 1791 936 septua-

166 947 310 1020 ginta
338 953 395 1003 et
423 949 684 1021 quinque
733 968 1020 1008 annorum
1070 952 1424 1008 describitur
1479 952 1665 1009 exisse
1723 954 1793 1008 dc

166 1036 364 1093 Charra
394 1037 546 1106 (Gen.
597 1055 698 1106 xu,
734 1041 806 1109 4),
858 1042 1012 1112 quod
1063 1041 1493 1115 septuagesimo
1543 1042 1793 1114 perfecto

167 1125 511 1182 remissionis
542 1144 787 1184 numero
819 1145 1030 1185 sensus
1061 1129 1111 1185 is
1159 1130 1237 1185 sit
1283 1130 1384 1202 qui
1414 1130 1599 1202 possit
1627 1130 1794 1185 infle-

164 1215 230 1268 cti
257 1216 385 1287 (84).
418 1216 572 1271 816
621 1216 1043 1273 Delectationes
1074 1218 1230 1274 enim
1261 1218 1470 1274 horum
1510 1235 1794 1275 sensuum

162 1302 388 1369 faciunt,
423 1308 489 1358 ut
528 1321 644 1360 non
693 1322 925 1377 semper
979 1309 1171 1363 erecta
1224 1307 1302 1363 sit
1358 1324 1525 1363 mens
1572 1312 1792 1376 nostra,

162 1392 251 1447 sed
274 1391 586 1464 aliquando
618 1411 680 1449 se
711 1394 998 1460 inﬂectat;
1054 1399 1118 1452 ut
1167 1413 1281 1452 non
1324 1396 1478 1451 intra
1520 1413 1797 1453 cavernas

161 1480 425 1552 corporis,
455 1482 557 1537 sed
609 1499 672 1538 se
713 1484 868 1539 intra
911 1482 1156 1540 latibula
1201 1483 1516 1557 voluptatis
1546 1486 1795 1541 abscon-

161 1570 266 1623 dat.

220 1659 271 1712 7.
319 1659 535 1714 ’I‘rmen
596 1658 770 1714 etiam
831 1660 889 1715 in
943 1660 1035 1716 his
1086 1660 1375 1717 cuniculis
1432 1662 1659 1734 positus
1716 1663 1797 1718 ita

163 1747 344 1815 evasit,
376 1752 445 1802 ut
472 1755 732 1803 sumeret
780 1766 1015 1805 uxorem
1072 1767 1264 1816 suam,
1313 1756 1370 1806 et
1417 1757 1707 1823 nepotem,
1740 1756 1873 1854 etB

165 1851 377 1891 omnem
411 1837 670 1891 animam
718 1854 1102 1910 quascunque
1145 1841 1487 1911 possederat
1527 1842 1583 1895 in
1615 1840 1793 1895 Char-

167 1940 292 1979 ram.
316 1925 635 1980 Prudentes
666 1927 822 1981 enim
856 1932 913 1981 et
940 1927 1306 1983 continentes
1357 1928 1591 1984 virtutis
1621 1934 1796 2001 atque

172 2013 353 2074 anima
384 2029 758 2086 possessores
790 2016 1223 2079 sunt,decorem
1258 2031 1486 2072 morum
1518 2033 1793 2073 mansue-

174 2106 337 2157 torum
394 2102 697 2175 eligentes.
759 2104 865 2167 Qui
925 2109 1121 2159 autem
1179 2109 1471 2160 amatores
1535 2107 1795 2177 corporis

177 2195 309 2255 sunt,
346 2191 831 2248 delectationibus
879 2194 1009 2262 ejus
1056 2193 1417 2255 irretiuntur,
1471 2195 1609 2266 quia
1651 2195 1793 2250 irra-

180 2279 516 2335 tionabilium
566 2281 627 2335 in
677 2282 937 2352 corporis
987 2281 1330 2338 habitudine
1372 2283 1566 2338 omnis
1612 2284 1797 2340 virtus

182 2371 267 2436 est,
296 2367 726 2424 rationabilium
774 2374 969 2425 autem
1018 2370 1077 2425 in
1120 2370 1439 2426 virtutibus
1483 2371 1690 2426 animae
1730 2388 1796 2428 ac

181 2455 492 2528 disciplinis.
527 2457 837 2530 Propterea
866 2458 1151 2530 scriptum
1183 2462 1273 2515 est
1324 2459 1483 2530 (Ibid.
1535 2460 1610 2530 5),
1658 2460 1797 2531 quia

180 2546 481 2614 possidebat
518 2547 778 2602 animam
829 2547 941 2618 (85)
988 2564 1181 2612 suam,
1230 2552 1508 2619 tanquam
1552 2547 1794 2604 liberam

179 2649 376 2704 regens,
440 2639 498 2688 et
565 2633 710 2689 nulli
767 2635 1026 2690 servituti
1085 2635 1416 2691 obnoxiam.
1482 2638 1594 2693 lloc
1660 2654 1798 2710 ergo

180 2719 328 2777 habet
373 2722 615 2779 intentio
667 2723 939 2789 doctoris,
992 2739 1059 2779 eo
1118 2724 1274 2796 quod
1327 2724 1505 2779 etiam
1565 2726 1621 2780 in
1682 2726 1798 2782 illis

182 2808 511 2866 diverticulis
559 2816 618 2866 et
667 2811 1027 2867 anfractibus
1075 2811 1454 2879 constitutus,
1482 2813 1570 2868 vel
1606 2815 1799 2870 adhuc

180 2899 261 2953 avi
290 2899 733 2967 recentioris,vel
766 2901 1028 2956 nondum
1060 2900 1430 2971 perfectionis
1455 2902 1794 2974 disciplinae,

178 2985 247 3041 vel
274 2986 376 3044 loci
407 2987 657 3060 patentis
705 2989 777 3045 ad
828 2989 967 3044 vitia
1008 2988 1293 3044 habitavit
1338 3008 1452 3046 non
1496 2992 1577 3046 ita
1627 2992 1798 3048 inﬂe-

178 3091 269 3131 xus
292 3078 400 3148 (86)
428 3078 494 3133 ad
528 3076 785 3150 culpam,
819 3084 881 3132 ut
911 3078 1237 3150 demigrare
1281 3095 1396 3133 non
1442 3086 1657 3151 posset.
1689 3081 1795 3137 De-

1900 507 2100 561 Nonne.
2132 508 2400 562 videntur
2439 510 2724 580 sepcrﬂua
2769 527 2916 577 esse,
2973 511 3084 565 nisi
3131 512 3413 567 rationem
3465 532 3548 569 rc-

1902 595 2120 667 quiras,
2154 613 2286 650 cum
2342 602 2398 651 et
2450 596 2817 653 altitudinem
2881 616 3129 670 quercus
3175 618 3290 656 non
3325 607 3555 672 praeter-

1903 684 2168 738 miserit?
2225 684 2333 740 Sed
2402 685 2496 740 ubi
2566 687 2711 741 ratio
2772 691 2879 750 est,
2950 688 3093 743 nihil
3160 691 3545 762 superfluum.

1902 772 2148 844 Sychem
2180 773 2336 828 enim
2374 773 2462 827 vel
2495 773 2796 837 humerus,
2826 776 2911 831 vel
2946 778 3128 832 cervix
3163 778 3547 851 signiﬁcatur,

1904 861 2057 933 quod
2099 866 2185 916 est
2232 861 2449 917 laboris
2499 868 2555 917 et
2601 864 3030 920 exercitationis
3057 866 3355 923 indicium.
3391 869 3553 925 Unde

1904 953 1958 1004 et
1984 950 2186 1005 Jacobi
2220 951 2304 1005 vir
2335 953 2679 1007 exercitatus
2708 953 2822 1006 lilio
2865 972 2968 1007 suo
2999 956 3214 1027 .loseph
3249 974 3375 1012 eam
3411 976 3551 1030 prae-

1903 1039 2134 1109 cipuam
2167 1040 2345 1094 dedit.
2381 1041 2527 1112 Ergo
2560 1042 2695 1113 quia
2740 1058 2924 1112 neque
2972 1044 3095 1098 sine
3153 1046 3283 1099 dote
3332 1051 3552 1101 natura:

1904 1127 2235 1183 exercitatio
2286 1128 2414 1200 ipsa
2463 1147 2564 1201 per
2612 1147 2671 1183 se
2725 1132 3128 1200 perfectionem
3167 1133 3428 1190 conferre
3459 1152 3555 1207 po-

1901 1219 2035 1280 test,
2065 1220 2119 1271 et
2152 1221 2371 1272 naturae
2403 1220 2589 1289 gratia
2622 1220 2977 1287 destituitur,
3015 1221 3061 1274 si
3096 1222 3246 1275 desit
3276 1221 3552 1278 exercita-

1904 1302 1981 1357 tio
2067 1305 2242 1374 (enim
2326 1305 2609 1377 ingeniosi
2701 1308 3125 1363 adminiculum
3208 1309 3553 1382 diligentia),

1904 1392 2201 1446 inducitur
2230 1393 2280 1447 is
2306 1394 2394 1448 vir
2424 1396 2491 1448 ad
2527 1396 2696 1465 cujus
2734 1395 3116 1452 imitationem
3160 1398 3448 1466 formaris,
3483 1400 3553 1454 ad

1905 1484 2123 1535 natura:
2156 1482 2403 1553 gratiam
2436 1484 2714 1554 adjuncta
2763 1485 3191 1553 exercitatione,
3225 1486 3305 1542 ita
3354 1489 3557 1543 funda-

1906 1568 2017 1623 tior
2047 1574 2103 1623 ct
2135 1569 2414 1625 excelsior
2444 1572 2719 1640 factus,ut
2746 1589 2931 1643 usque
2961 1575 3029 1627 ad
3066 1590 3343 1645 quercum
3376 1575 3555 1632 altam

1905 1657 2306 1728 pertransiret.
2341 1659 2475 1723 Qum
2507 1661 2679 1714 arbor
2713 1666 2771 1714 ut
2804 1661 2939 1728 alta,
2973 1663 3051 1716 ita
3080 1663 3256 1719 etiam
3295 1665 3554 1731 robusta,

1904 1742 2119 1798 indicio
2177 1748 2265 1799 cst
2324 1762 2434 1799 non
2501 1746 2665 1801 facile
2738 1748 2993 1802 animam
3066 1751 3253 1805 sancti
3311 1753 3558 1808 Abrahae

1904 1832 2101 1887 saeculi
2161 1832 2338 1905 hujus
2398 1834 2668 1906 procellis
2727 1854 2855 1891 esse
2903 1843 3222 1905 curvatam,
3257 1841 3355 1894 sed
3394 1858 3557 1895 man-

1904 1919 2053 1975 sisse
2111 1922 2459 1991 sublimem;
2516 1929 2580 1979 ut
2631 1942 2691 1978 se
2749 1943 2781 1979 a
2842 1926 3089 1982 terrenis
3142 1928 3253 1999 (87)
3310 1928 3557 2002 inquisi-

1904 2009 2165 2064 tionibus
2217 2012 2286 2065 ad
2336 2010 2704 2066 altitudinem
2742 2014 2948 2067 divina:
2980 2016 3329 2087 cognitionis
3373 2019 3557 2075 eleva-

1906 2102 2011 2152 ret.

1975 2186 2028 2241 9.
2064 2187 2327 2259 Denique
2385 2189 2663 2244 continuo
2726 2191 2996 2262 apparuit
3051 2191 3137 2247 illi
3196 2193 3349 2251 Deus
3401 2198 3556 2267 (Gen.

1906 2291 2003 2341 xu,
2038 2276 2113 2345 7).
2146 2275 2446 2347 Nusquam
2479 2279 2749 2349 superius
2780 2278 2962 2334 habes
3012 2282 3166 2351 quod
3216 2281 3376 2339 visus
3406 2290 3562 2341 esset

1907 2362 1987 2416 illi
2021 2363 2194 2418 Deus.
2233 2366 2390 2420 Unde
2423 2364 2602 2435 liquet
2632 2384 2696 2423 eo
2733 2370 3120 2438 referendum,
3172 2372 3312 2444 quia
3357 2391 3560 2445 quam-

1906 2451 2003 2506 diu
2035 2452 2340 2508 Chaldaeus
2370 2454 2497 2519 fuit,
2533 2454 2640 2510 hoc
2679 2461 2790 2520 est,
2824 2474 2938 2511 non
2990 2458 3178 2513 solum
3213 2460 3269 2514 in
3302 2460 3557 2534 regione,

1907 2540 2005 2594 sed
2061 2540 2234 2594 etiam
2281 2540 2343 2595 in
2399 2541 2670 2613 opinione
2720 2544 3145 2612 Chaldaeorum,
3181 2564 3294 2601 non
3336 2556 3561 2619 poterat

1907 2626 2090 2682 Deum
2123 2628 2314 2684 videre
2347 2646 2520 2700 quem
2555 2631 2709 2686 intra
2742 2633 3029 2687 mundum
3065 2637 3556 2705 qurerebat.Chal-

1906 2716 2012 2770 diei
2044 2717 2200 2771 enim
2232 2718 2520 2773 mundum
2547 2721 2905 2791 superiorem
2941 2720 3124 2776 Deum
3154 2722 3372 2789 dicunt,
3402 2727 3549 2781 311

1906 2809 1962 2859 et
1991 2804 2164 2859 etiam
2199 2805 2479 2860 sticarum
2513 2808 2705 2871 domo,
2757 2813 2812 2862 et
2857 2809 3164 2865 stellarum
3196 2828 3369 2867 cursu
3421 2814 3555 2869 ferri

1906 2899 2179 2949 asserunt
2230 2910 2298 2949 ea
2353 2912 2477 2966 quae
2535 2902 2765 2951 terrena
2822 2904 2961 2951 sunt
3010 2898 3139 2969 (88),
3183 2904 3239 2953 et
3297 2902 3554 2970 quodam

1905 2982 2136 3037 vinculo
2185 2983 2454 3037 coerceri.
2504 2984 2666 3039 Unde
2708 2992 2766 3039 et
2814 2986 2952 3040 deos
2997 2988 3198 3042 stellas
3240 2988 3558 3060 appellave-

1907 3076 2064 3138 runt,
2106 3088 2172 3126 eo
2219 3073 2371 3143 quod
2420 3089 2519 3128 eas
2567 3074 2935 3128 dominatum
2984 3076 3299 3146 quemdam
3345 3077 3556 3134 habere

178 3165 331 3236 mque
358 3170 609 3222 mentem
641 3184 809 3223 suam
836 3167 909 3222 ab
934 3166 1036 3223 illa
1064 3165 1289 3223 lubrica
1311 3168 1677 3238 possessione
1703 3171 1796 3226 de-
1827 3155 1869 3221 C
1908 3175 2229 3231 supernum
2262 3161 2665 3232 credant,quia
2697 3162 2959 3233 quaadam
2996 3164 3179 3218 stellis
3211 3165 3280 3218 ad
3326 3171 3557 3221 terrena

177 3250 335 3307 tendit
361 3259 416 3308 et
442 3252 766 3310 transtulit.

789 3387 1027 3444 CAPUT
1064 3387 1161 3444 Ill.

173 3491 500 3549 Perambulal
556 3493 830 3549 Abraham
881 3510 1049 3565 usque
1098 3494 1167 3566 ad
1216 3493 1463 3566 Sychem,
1512 3511 1637 3566 qua
1696 3511 1799 3551 vox

231 3566 663 3621 mrdtalionem
691 3567 932 3620 denotat.
965 3566 1046 3619 lbi
1096 3565 1268 3620 Deum
1311 3582 1471 3635 quem
1495 3565 1626 3622 dum
1663 3572 1797 3623 esset

231 3634 505 3693 Chaldaeus
554 3636 741 3691 videre
786 3653 896 3691 mm
938 3639 1209 3707 potuerat,
1251 3634 1426 3692 cernit
1457 3656 1475 3692 :
1505 3641 1596 3693 cui
1639 3656 1799 3694 arum

230 3707 437 3777 quidem
464 3709 718 3776 exstruit,
750 3706 840 3761 scil
871 3706 979 3761 nan
1008 3708 1318 3778 sacriﬁcat;
1346 3713 1398 3763 et
1426 3725 1534 3779 qua
1563 3709 1629 3763 (lc
1666 3726 1794 3765 cau-

228 3794 302 3831 sa.
334 3781 531 3835 lterum
553 3784 739 3835 tamen.
771 3782 1007 3834 excitata
1030 3796 1150 3845 ara,
1173 3795 1371 3856 nomen
1402 3781 1622 3835 Domini
1651 3783 1799 3836 invo-

229 3858 324 3905 cat.

228 3964 278 4018 8.
335 3967 395 4021 Et
435 3967 862 4038 perambulavit,
915 3965 1127 4037 inquit,
1180 3966 1456 4022 Abraham
1507 3983 1673 4039 usque
1726 3968 1796 4023 ad

228 4115 329 4186 {85)
360 4119 547 4190 Locus
606 4118 892 4190 obscurus
950 4122 1038 4190 et“
1064 4117 1207 4173 forte
1265 4121 1642 4190 corruptus:
1691 4121 1793 4190 cui

166 4185 342 4260 tamen
404 4189 592 4245 lucem
643 4189 904 4260 aliquam
962 4188 1165 4260 afferre
1220 4193 1411 4260 potest
1441 4185 1633 4245 'Philo
1688 4189 1791 4245 lib.

163 4255 219 4306 de
277 4262 440 4331 Migr.
501 4255 759 4326 Abrahae,
813 4259 1149 4331 ubi_tradit
1206 4255 1476 4330 quinario
1524 4276 1791 4328 numero,

161 4340 265 4394 quo
328 4329 536 4388 sensus
587 4330 846 4402 corporei
896 4329 1322 4457 signiﬁcantur,
1373 4331 1793 4402 perfectionem

161 4412 277 4457 Quae
299 4402 730 4457 septuagesimo
772 4402 948 4457 adum
996 4407 1176 4457 ratur.
1212 4402 1427 4457 inﬂecti
1473 4419 1541 4457 ac
1587 4403 1791 4457 debili-

160 4412 277 4489 guaa
299 4402 730 4475 septuagesimo
772 4402 1176 4472 adumbratur,
1212 4402 1427 4457 inﬂecti
1473 4419 1541 4458 ac
1587 4403 1791 4458 debili-

162 4485 277 4523 Lar).

1905 3248 2235 3320 compassio
2266 3254 2375 3303 est.
2410 3250 2679 3320 Oportuit
2709 3256 2904 3305 autem
2936 3268 3034 3307 eos
3073 3252 3381 3321 aestimare,
3417 3256 3556 3326 quia

1906 3337 2057 3408 quod
2096 3338 2470 3409 compatitur,
2506 3356 2618 3394 non
2669 3340 3109 3411 imperatorium
3152 3343 3252 3411 jus
3303 3359 3407 3398 nec
3458 3345 3556 3399 do-

1906 3426 2217 3492 minatum,
2252 3427 2419 3497 quasi
2453 3427 2818 3500 Deus,possit
2851 3428 3063 3485 habere
3095 3430 3153 3484 in
3185 3430 3268 3486 eis
3300 3448 3549 3503 quorum

1905 3515 2167 3586 aegrescit
2216 3516 2651 3586 compassione;
2685 3533 2819 3571 cum
2851 3518 2928 3571 sit
2956 3522 3013 3573 et
3040 3518 3165 3590 ipse
3196 3520 3456 3575 mortalis
3495 3527 3554 3576 et

1905 3601 2322 3673 corruptibilis.
2389 3604 2642 3658 Mundus
2697 3621 2928 3675 quoque
2985 3622 3118 3661 cum
3194 3609 3270 3662 sit
3342 3609 3550 3674 factus,

1906 3691 2110 3762 utique
2143 3691 2264 3761 ipse
2285 3691 2448 3760 ,Dcus
2482 3708 2597 3745 non
2631 3696 2737 3755 est,
2773 3693 2872 3747 sed
2906 3700 3174 3764 operator
3204 3702 3260 3750 et
3293 3698 3558 3752 conditor

1904 3779 2051 3849 ejus.
2096 3779 2251 3852 Ergo
2302 3796 2466 3834 mens
2525 3781 2806 3851 quamdiu
2870 3780 3199 3837 Chaldaicis
3256 3786 3554 3841 erroribus

1903 3866 2238 3934 inﬂectitur,
2272 3886 2387 3923 non
2433 3869 2591 3923 videt
2634 3869 2842 3937 Deum,
2877 3887 3048 3941 quem
3103 3871 3158 3924 in
3204 3871 3295 3926 his
3345 3873 3554 3943 quierit

1904 3972 2030 4025 qua:
2062 3956 2347 4024 videntur,
2383 3973 2495 4012 non
2529 3957 2586 4011 in
2620 3956 2713 4011 his
2757 3972 2882 4028 quae
2932 3974 3047 4013 non
3080 3959 3349 4013 videntur
3388 3961 3499 4031 (89)
3534 3979 3546 4028 ;

1905 4123 2037 4162 men
2087 4108 2158 4161 ab
2208 4108 2483 4162 omnibus
2532 4109 2766 4179 scriptis
2818 4116 2994 4179 atque
3043 4110 3213 4165 editis
3252 4110 3549 4167 codicibus

1904 4180 2220 4253 discedere.
2255 4179 2473 4253 Horum
2504 4179 2658 4233 enim
2694 4187 2945 4253 quatuor
2974 4182 3203 4253 optin'iae
3250 4191 3400 4238 notae
3428 4182 3548 4237 haec

1904 4250 2236 4322 praeferunt,
2270 4252 2521 4305 utetiam
2549 4252 2814 4306 sticuru-m
2842 4250 3056 4308 domus.
3111 4253 3219 4307 Alii
3269 4270 3401 4308 cum
3453 4271 3549 4309 an-

1899 4321 2244 4393 tiquisredit.
2292 4362 2303 4373 .
2351 4363 2362 4374 .
2410 4363 2421 4374 .
2463 4324 2725 4376 sticarum
2754 4322 2931 4377 domo.
2961 4325 3029 4378 Et
3058 4324 3150 4378 his
3182 4325 3239 4378 in
3275 4326 3395 4380 loco
3425 4329 3547 4380 tam

1901 4392 2122 4447 dillicili
2177 4394 2364 4448 visum
2421 4401 2509 4447 est
2567 4393 2984 4449 adhterendum
3048 4413 3059 4449 :
3116 4398 3368 4451 maxime
3412 4412 3546 4453 cum

1902 4463 2046 4519 satis
2078 4464 2389 4519 verisimile
2445 4467 2521 4517 sit
2552 4481 2665 4517 non
2698 4463 3000 4519 insolitum
3024 4465 3397 4522 librariorum
3420 4483 3548 4524 esse

214 4542 321 4616 (85)
370 4545 514 4599 Cum
569 4545 676 4600 hoc
729 4543 787 4598 in
837 4543 1134 4625 Scriptura
1193 4560 1484 4625 nusquam
1527 4544 1790 4625 χερεῖ-18-
1820 4523 1867 4588 D
1899 4542 2202 4625 peccat-pm
2239 4552 2251 4588 :
2287 4536 2344 4589 S.
2390 4551 2520 4589 vero
2553 4536 2845 4625 doctorem
2876 4537 3131 4625 primum
3149 4541 3372 4625 Cretaeis
3405 4540 3548 4625 ch‘a-

152 4612 261 4676 tur,
305 4612 622 4671 verisimile
679 4621 771 4671 est
819 4612 1093 4669 allusisse
1149 4614 1208 4670 S.
1269 4612 1648 4670 Ambrosium
1716 4616 1787 4671 ad

152 4681 281 4739 Gen.
332 4704 450 4759 ⁸ιη,
516 4689 573 4753 5,
646 4686 745 4743 ubi
802 4701 871 4741 ex
936 4684 1339 4757 superioribus
1406 4684 1790 4759 intelligimus

148 4768 274 4878 (inim
330 4756 567 4831 legisse,
636 4762 687 4813 et
753 4772 968 4813 omnem
1016 4756 1264 4812 animam
1327 4772 1492 4827 quam
1548 4756 1789 4829 passide-

152 4842 208 4879 m
237 4868 250 4879 .

209 4868 321 4968 {'86)
348 4899 529 4969 Edit.,
562 4900 738 4954 locum
766 4901 1037 4969 patentem
1066 4897 1137 4953 ad
1163 4899 1321 4965 vitia,
1349 4914 1459 4953 non
1488 4903 1563 4954 est
1592 4901 1674 4955 ita
1707 4901 1790 4955 in-

143 4967 328 5037 Ῑῑεεηε,
365 4977 480 5026 etc.
516 4968 723 5026 Melius
756 4967 927 5036 mss,,
957 4970 1042 5025 vel
1074 4970 1203 5026 locis
1228 4971 1484 5041 patentis,
1518 4975 1627 5026 etc.

186 5041 315 5119 _(87)
346 5042 446 5098 Sic
478 5058 622 5097 mss.
675 5058 792 5098 sex.
845 5042 917 5096 At
966 5046 1188 5097 cunctae
1237 5041 1402 5110 edit.,
1433 5045 1495 5095 ut
1541 5058 1597 5097 se
1634 5051 1790 5098 arter-

140 5124 310 5254 ηωζὲδ)
347 5184 543 5249 Rom.,
575 5182 713 5237 edit.
748 5183 891 5250 sola,
922 5188 972 5237 et
1003 5183 1371 5254 erraticarum
1412 5185 1562 5254 metu
1599 5183 1785 5254 stella-

137 5268 269 5324 rum,
292 5252 353 5310 ἐἰ
386 5254 634 5324 ﬁxurum
662 5270 826 5309 cursu
849 5253 1176 5323 regi.Quam
1209 5252 1447 5323 quidem
1478 5252 1785 5309 lectionem

138 5322 291 5382 facile
348 5322 777 5381 crediderimus
835 5322 1243 5380 concinnatam
1303 5324 1485 5379 fuisse
1541 5340 1609 5379 ex
1655 5326 1786 5381 istis

136 5392 287 5453 libris
351 5395 624 5452 Philonis
671 5396 734 5451 de
784 5394 1094 5450 Abrahamo
1141 5393 1333 5451 verbis
1391 5412 1404 5450 :
1456 5403 1591 5449 Κατά
1618 5418 1671 5450 τε
1699 5404 1784 5458 τάς

136 5463 260 5523 ἡλίου
333 5470 422 5516 καὶ
504 5467 716 5527 σελήνης
796 5468 877 5513 καὶ
949 5462 1046 5513 τῶν
1122 5464 1290 5512 ἄλλων
1367 5461 1635 5524 πλανητῶν
1705 5473 1788 5517 καὶ

136 5535 355 5586 ἀπλαφῶν
413 5537 685 5603 περιόδους.
729 5575 739 5585 .
778 5573 788 5585 .
827 5573 839 5584 .
877 5573 889 5585 .
930 5574 940 5584 .
975 5537 1061 5583 τὸν
1115 5548 1305 5596 mpm
1358 5533 1508 5582 αὐτὸν
1538 5534 1782 5585 ὑπέλαϐον

1900 4607 2220 4663 racteribus
2272 4622 2560 4672 exarasse,
2627 4614 2878 4681 στοιχείῳν
2908 4615 3087 4679 δρόμῳ,
3147 4609 3202 4663 id
3279 4615 3369 4666 est
3430 4610 3550 4681 pla-

1899 4682 2167 4751 netarum
2218 4694 2428 4751 cursu;
2464 4687 2704 4751 στοιχεῖον
2734 4678 3066 4751 Ἑηὶητρτο
3121 4681 3243 4736 sole
3297 4699 3363 4737 ac
3408 4678 3548 4738 luna

1899 4749 2053 4805 sumi
2103 4749 2541 4804 eruditissimus
2570 4749 2845 4821 ’Cangius
2889 4749 3192 4808 iii—Gloss.
3234 4754 3384 4806 med.
3418 4751 3542 4817 lat.,

1899 4822 1969 4876 ad
2012 4824 2254 4875 verbum
2296 4820 2642 4888 elementum,
2676 4822 2861 4875 docet.
2905 4822 3019 4876 Nec
3051 4827 3195 4877 forte
3225 4821 3545 4876 absurdum

1898 4891 2075 4946 fuerit
2124 4892 2391 4946 eamdem
2423 4908 2616 4947 vocem
2667 4909 2769 4965 pro
2819 4891 3058 4964 reliquis
3089 4895 3264 4948 etiam
3295 4892 3545 4963 planetis

1898 4979 2210 5036 usurpare;
2246 4967 2309 5036 ut
2357 4979 2519 5036 aeque
2576 4971 2770 5036 pateat
2798 4980 2867 5036 ac
2893 4965 3240 5036 elementum,
3274 4979 3387 5032 quo
3418 4978 3542 5036 Avo-

1898 5035 2105 5089 cabulo
2137 5034 2370 5089 eosdem
2403 5034 2668 5105 planetas
2721 5034 3038 5107 signiﬁcari
3086 5034 3358 5107 laudatus
3405 5034 3545 5089 Can~

1896 5107 2030 5177 gius
2061 5112 2265 5160 auctor
2294 5104 2611 5177 est,’quem
2643 5104 2900 5161 consule.
2935 5105 3041 5160 Sed
3098 5107 3147 5159 si
3184 5104 3392 5177 lubeat
3423 5106 3541 5160 dic-

1896 5174 2113 5232 tionem
2145 5177 2353 5243 domus,
2388 5174 2475 5233 vel
2506 5179 2680 5244 domo,
2715 5179 2984 5239 retinere,
3018 5176 3074 5228 id
3123 5174 3294 5229 etiam
3346 5175 3544 5231 licebit

1896 5265 2073 5303 sensu
2106 5248 2250 5302 nihil
2285 5254 2527 5316 mutato,
2561 5266 2695 5303 cum
2722 5249 3069 5318 planetarum
3097 5245 3288 5318 domus
3340 5249 3416 5303 sit
3455 5264 3541 5303 as-

1896 5319 2138 5376 trologis
2197 5319 2411 5374 usitata
2449 5318 2679 5374 locutio.
2713 5316 2922 5372 Confer
2967 5317 3120 5371 hunc
3167 5316 3358 5373 locum
3408 5336 3541 5376 cum

1894 5389 1996 5445 lib.
2026 5389 2325 5460 Hexaem.,
2358 5406 2482 5460 cap.
2519 5391 2568 5443 4.

1966 5458 2077 5545 (βθ)
2109 5462 2190 5516 lta
2220 5456 2471 5545 quatuor
2500 5476 2641 5545 mss.
2676 5456 2931 5545 melioris
2966 5461 3132 5542 neten.
3170 5459 3278 5545 alii
3312 5478 3446 5517 vero
3485 5468 3543 5518 et

1894 5530 2066 5609 edit.,
2088 5530 2252 5604 quem
2274 5533 2333 5587 in
2362 5531 2447 5609 his
2478 5544 2604 5603 quae
2631 5530 2897 5601 videmur,
2930 5547 3041 5588 non
3070 5533 3129 5587 in
3169 5531 3254 5589 his
3283 5550 3403 5609 quae
3430 5552 3540 5593 non

136 5617 236 5670 εῖναι
262 5619 401 5670 θεόν.
436 5609 657 5667 Veram
686 5608 819 5665 licet
838 5606 1215 5665 Ambrosium
1247 5607 1322 5664 ad
1359 5606 1543 5665 istum
1586 5606 1782 5667 locum
1822 5648 1829 5653 ι
1889 5604 2164 5675 videmur,
2189 5618 2302 5661 esse
2324 5608 2542 5677 putant.

137 5683 452 5763 respexisse
504 5698 624 5742 non
651 5696 857 5743 eamus
884 5678 1132 5750 inﬁcias,
1164 5694 1281 5741 non
1326 5694 1644 5756 possumus
1692 5684 1777 5741 ta-
