4166 6154
554 136 676 195 483

2020 130 2083 189 S.
2132 126 2505 191 AMBROSII

3798 106 3939 198 ω.

555 287 681 337 qua
731 272 925 322 autem
968 265 1257 333 videntur,
1293 262 1634 336 temporalia
1678 266 1840 327 sunt;
1880 279 2009 316 nam
2074 280 2197 331 qua)
2235 265 2289 328 Α
2320 265 2448 330 ejus
2518 261 2941 317 illuminutione
2997 261 3433 333 jucunditatem
3494 265 3735 337 acquirat
3788 269 3902 325 sibi.

554 374 667 410 non
699 356 970 409 videntur
996 358 1229 408 aeterna.
1283 353 1393 408 Sed
1452 368 1566 407 non
1622 350 1963 422 temporalis
2015 351 2198 419 Deus;

554 461 669 500 non
695 444 875 516 igitur
905 442 1152 497 videtur.
1186 442 1310 497 Non
1341 456 1475 512 ergo
1508 457 1673 495 mens
1703 457 1771 495 ea
1801 440 1953 495 videt
1993 439 2198 504 Deum,

551 548 677 605 qua:
710 530 1085 604 disciplinam
1117 529 1516 585 Chaldaeorum
1566 528 1849 601 sequitur.
1884 528 2046 583 Unde
2095 544 2200 583 nec

549 620 841 678 Abraham
876 620 1129 693 primum
1182 617 1431 672 videbat.
1460 617 1760 684 Quomodo
1792 621 1986 672 autem
2042 621 2199 688 pote-

550 715 639 766 rat
668 709 862 766 videre
891 725 1046 773 eum,
1081 723 1259 777 supra
1288 723 1462 777 quem
1495 705 1741 761 alterum
1776 721 1903 761 esse
1950 705 2198 761 arbitra-

550 801 764 856 batur?
805 798 908 853 Ubi
956 812 1090 850 vero
1121 795 1194 849 ad
1228 794 1402 851 aliam
1453 795 1799 868 demigravit
1847 811 1960 849 non
2008 794 2199 867 regio—

550 905 708 957 nem,
759 887 858 942 sed
907 901 1101 939 veram
1153 883 1494 955 religionem
1545 888 1807 956 paratam
1856 882 2201 948 humilitati,

550 976 657 1031 hoc
695 975 852 1030 enim
893 973 1189 1044 signiﬁcat
1236 971 1553 1041 Chanaam,
1586 976 1725 1026 tunc
1774 971 1953 1027 Deum
2007 971 2199 1028 videre

547 1060 831 1133 cmpit,_et
860 1077 994 1114 eum
1027 1075 1375 1130 cognoscere
1402 1075 1529 1114 esse
1559 1058 1740 1113 Deum
1782 1058 1951 1129 cujus
1999 1057 2198 1114 invisi-

547 1152 649 1208 bili
680 1149 892 1205 virtute
942 1147 1187 1202 advertit
1234 1147 1431 1202 omnia
1478 1147 1596 1219 regi
1628 1152 1683 1202 et
1712 1147 2045 1219 gubernari.
2081 1147 2199 1203 Hoc

546 1257 682 1314 ergo
714 1238 1016 1310 Scriptura
1059 1237 1243 1303 docet,
1276 1236 1416 1308 quia
1466 1236 1760 1291 Abraham
1810 1252 1844 1291 a
1892 1234 2195 1291 stellarum

547 1327 943 1385 observatione
975 1325 1311 1398 demigrans
1346 1326 1529 1380 Deum
1559 1325 1719 1379 vidit.

618 1419 703 1473 10.
738 1414 1113 1471 Confirmatio
1161 1414 1479 1469 testimonii
1536 1414 1879 1487 adjungitur
1909 1415 2060 1482 (Gen.
2096 1431 2194 1485 xu,

543 1512 635 1576 7);
679 1507 817 1578 quia
856 1506 913 1559 in
956 1503 1081 1558 loco
1139 1519 1300 1556 eram
1361 1502 1607 1557 Domino
1650 1502 1952 1557 mdiﬁcavit
2001 1502 2051 1557 ei
2094 1504 2192 1574 qui

2312 356 2469 405 Sicut
2515 352 2671 406 enim
2719 350 2872 407 oculi
2924 354 3244 422 pascuntur
3289 352 3479 423 primo
3528 352 3633 408 diei
3677 352 3907 411 lumine:

2312 439 2393 493 ita
2422 439 2595 494 etiam
2630 456 2795 494 mens
2826 444 3026 494 nostra
3055 438 3232 495 alitur
3261 439 3514 496 inventis
3542 441 3835 515 sapientiae,
3863 451 3911 501 et

2310 528 2666 599 quibusdam
2698 529 2826 599 ejus
2859 528 3037 583 radiis
3076 529 3306 584 videtur
3352 527 3755 601 splendescere.
3783 531 3913 589 Visi-

2311 615 2449 672 bilis
2479 617 2632 672 enim
2666 617 2807 673 solis
2839 616 3018 673 radiis
3063 620 3226 673 terrae
3273 622 3654 690 vaporantur;
3694 618 3916 676 invisibi-

2309 706 2394 761 les
2426 711 2618 761 autem
2653 705 2800 761 radii
2830 706 3023 761 cordis
3072 705 3254 762 nostri
3302 710 3608 778 penetrant
3650 706 3919 766 interiores

2310 811 2596 850 P8068808.

2384 885 2469 939 l2.
2505 885 2720 939 lterum
2771 884 3079 939 aediﬁcavit
3128 901 3312 951 aram,
3347 889 3406 939 et
3454 884 3731 941 invocavit
3757 886 3813 941 in
3837 903 3921 943 no-

2310 974 2467 1029 mine
2499 972 2728 1028 Dnmini
2763 973 2916 1044 (Gen.
2952 991 3050 1040 xu,
3086 974 3160 1043 8).
3217 974 3523 1028 Processus
3567 973 3693 1029 ﬁdei
3739 973 3792 1029 in
3837 976 3922 1031 Do-

2310 1061 2452 1117 mini
2483 1060 2849 1117 invocatione
2882 1059 3249 1133 significavit.
3285 1060 3404 1116 Hoc
3436 1061 3644 1132 adjecit
3690 1062 3919 1135 superio-

2308 1151 2492 1206 ribus.

2950 1238 3185 1294 CAPUT
3226 1238 3317 1293 ιν.

2306 1328 2583 1383 Abraham
2615 1328 2712 1383 ubi
2739 1337 3099 1383 commoratus
3144 1331 3279 1383 esset
3310 1329 3369 1382 in.
3396 1326 3599 1383 deserto
3628 1343 3728 1398 quo
3757 1329 3928 1383 mentis

2380 1400 2739 1466 lranquilitas
2771 1398 3148 1457 adumbratur.
3177 1401 3233 1453 in
3261 1401 3552 1466 (Egyptian!
3582 1414 3698 1466 qua
3726 1401 3928 1454 tentatio

2377 1479 2471 1536 est,
2503 1469 2773 1525 descendit
2796 1473 2945 1540 fame
2971 1470 3300 1540 compulsus.
3337 1470 3446 1523 Cur
3475 1471 3557 1525 ibi
3585 1469 3777 1525 Suram
3803 1485 3929 1525 soro-

2379 1558 2491 1597 rem
2523 1542 2898 1612 appellaverit,
2930 1557 3040 1596 non
3082 1558 3330 1597 morem.
3365 1542 3523 1597 Hanc
3571 1541 3702 1596 dum
3740 1541 3931 1596 Pharao

544 1598 652 1653 sibi
689 1593 978 1668 apparuit.
1024 1593 1352 1664 impressus
1382 1596 1469 1646 est
1498 1591 1650 1646 enim
1687 1596 1860 1664 typus
1892 1592 2001 1647 iste
2047 1590 2186 1646 vali—

2376 1630 2499 1692 cum
2528 1590 2901 1692 objurgatione
2930 1614 3131 1692 marito
3163 1612 3354 1679 reddit,
3396 1622 3630 1667 mentem
3676 1614 3927 1667 continen-

544 1688 656 1741 dus
690 1686 745 1739 in
780 1684 974 1738 anima
1022 1682 1170 1751 ejus,
1222 1686 1278 1735 et
1328 1680 1635 1735 manifesta
1686 1682 1829 1736 ﬁdes
1880 1681 2190 1737 veritatis:

545 1772 799 1846 s’uppetit
832 1771 986 1827 enim
1021 1773 1183 1842 grato
1216 1770 1338 1823 viro
1389 1769 1689 1839 memoria,
1722 1770 1949 1843 ingrato
1993 1769 2197 1842 irrepit

543 1862 775 1919 oblivio.
811 1859 898 1915 Illi
930 1859 1148 1913 haerent
1178 1875 1210 1913 a
1241 1859 1455 1930 quibus
1486 1858 1816 1929 adjuvatur,
1847 1859 1947 1914 isti
1979 1858 2189 1913 labun-

548 1958 645 2007 tur
675 1948 869 2005 omnia
896 1964 1022 2019 qure
1076 1946 1472 2001 conferuntur.
1503 1946 1719 2001 Statuit
1766 1953 1962 2003 autem
2005 1964 2190 2014 aram,

543 2040 644 2095 sed
678 2055 790 2093 non
824 2034 1187 2090 sacrificavit.
1221 2034 1417 2090 Posset
1450 2050 1696 2102 movere,
1731 2035 1844 2089 nisi
1889 2034 2190 2091 meminis-

540 2146 635 2185 ses
711 2140 1020 2199 processus
1091 2123 1303 2177 mentis
1375 2122 1576 2193 hujus,
1650 2122 1961 2195 Scriptura:
2044 2123 2191 2179 serie

538 2216 777 2273 servari.
812 2215 879 2269 Et
938 2214 1065 2267 ideo
1124 2211 1421 2284 spectabat
1476 2229 1512 2287 a
1564 2211 1678 2267 Deo
1735 2229 1921 2283 genus
1968 2211 2189 2267 discere

540 2303 927 2362 sacriﬁcandi.
978 2300 1326 2356 Advertebat
1368 2299 1521 2354 enim
1589 2300 2005 2356 irrationabilis
2063 2301 2187 2355 ani-

537 2392 752 2450 mantis
772 2396 828 2446 et
853 2394 1068 2444 mutuae
1084 2388 1323 2460 pecudis
1347 2404 1412 2442 ac
1435 2388 1585 2443 sacri
1604 2388 1802 2444 {icium
1831 2389 2075 2460 dignum
2107 2389 2189 2443 di-

536 2485 669 2538 vino
700 2480 860 2536 cultu
917 2477 1167 2533 hostiam
1222 2494 1335 2531 non
1383 2476 1584 2532 videri.
1636 2477 1904 2533 Nondum
1932 2477 1990 2532 in
2026 2478 2186 2533 lsaac

538 2578 737 2645 typum
808 2570 1153 2640 cognoverat
1230 2566 1520 2638 passionis
1598 2566 1833 2631 futurae,
1923 2566 2181 2622 nondum

536 2656 953 2717 Melchisedech
988 2655 1226 2711 dederat
1255 2655 1302 2709 ei
1350 2653 1772 2709 benedictionis
1818 2654 2088 2727 gratiam,
2120 2660 2187 2710 ut

535 2752 619 2806 ita
651 2749 1045 2819 cognosceret.
1720 2804 1741 2819 ο

608 2839 693 2891 11.
723 2834 972 2900 Recessit,
1004 2831 1214 2904 inquit,
1244 2830 1372 2886 inde
1400 2832 1456 2885 in
1488 2838 1745 2897 montem,
1769 2839 1958 2886 contra
1989 2832 2178 2888 Orien-

536 2935 645 2981 tem
672 2922 857 2978 Bethet
887 2921 1043 2986 (Ibid.
1078 2921 1152 2988 8).
1189 2921 1613 2974 Incrementum
1656 2919 1978 2975 devotionis
2009 2937 2180 2976 mon-

2378 1686 2469 1738 tizr
2500 1685 2907 1739 renuntiantcm
2934 1685 3135 1752 signat.

2375 1774 2463 1828 43.
2523 1774 2588 1827 Et
2642 1772 2777 1826 abiit
2828 1771 3120 1838 Abraham,
3165 1775 3216 1827 et
3265 1771 3577 1827 demoratus
3621 1778 3701 1826 est
3750 1771 3805 1825 in
3846 1769 3932 1824 dc-

2301 1871 2441 1918 serto
2490 1861 2649 1932 (ibid.
2706 1861 2781 1931 9).
2836 1861 2996 1915 Tune
3043 1860 3325 1932 probatur
3370 1876 3565 1926 mens,
3601 1858 3827 1931 quando
3876 1856 3930 1913 iu

2304 1950 2555 2023 quodam
2587 1949 2814 2004 deserto
2846 1944 2955 2013 est,
2991 1948 3088 2003 ubi
3139 1947 3303 2003 nulla
3345 1947 3735 2019 cupiditatum
3781 1944 3933 2003 lasci-

2302 2039 2415 2103 via,
2478 2036 2639 2093 nulla
2687 2036 3050 2092 abundantia
3098 2036 3376 2106 pecuniae,
3431 2034 3638 2091 nullus
3687 2039 3936 2107 sumptus

2300 2127 2564 2182 luxuriae.
2600 2125 2829 2181 Utinam
2882 2125 2940 2179 in
2991 2124 3101 2179 hoc
3151 2125 3378 2179 deserto
3417 2140 3551 2179 esse
3585 2123 3822 2195 possim,
3846 2122 3935 2176 de-

2301 2217 2548 2272 stitutus
2580 2214 2652 2269 ab
2685 2213 2845 2269 omni
2875 2212 3165 2268 incentivo
3198 2212 3620 2285 cupiditatum,
3651 2210 3938 2267 derelictus

2299 2305 2370 2360 ab
2403 2304 2563 2359 omni
2616 2301 2990 2373 delinquendi
3027 2300 3241 2365 studio,
3275 2300 3644 2372 esspoliatus
3677 2297 3939 2371 jactantia

2297 2399 2353 2449 et
2378 2394 2640 2448 tumore!
2679 2391 2790 2445 Sed
2841 2389 2979 2461 quia
3019 2389 3107 2445 vel
3139 2389 3294 2445 Deus
3327 2405 3433 2445 nos
3467 2388 3684 2444 tentari
3720 2387 3937 2459 patitur,

2294 2482 2383 2537 vel
2414 2486 2666 2537 tentator
2694 2480 2972 2544 incursat,
3008 2495 3140 2533 cum
3195 2479 3308 2534 sibi
3357 2478 3600 2533 videtur
3627 2476 3688 2532 in
3732 2478 3939 2531 deserto

2296 2588 2463 2626 mens
2488 2586 2615 2625 esse
2646 2568 2843 2640 quieta
2873 2569 2944 2623 ab
2976 2567 3133 2623 omni
3165 2571 3538 2623 terrenarum
3590 2565 3932 2637 voluptatum
4020 2630 4025 2635 .

2294 2657 2648 2731 appetentis,
2681 2656 2739 2710 in
2773 2657 3079 2728 Egyptum
3107 2654 3456 2727 impellitur,
3492 2654 3597 2710 ubi
3640 2648 3938 2724 compungi

2296 2747 2496 2821 possit.
2532 2743 2821 2801 Stimulus
2854 2744 3007 2799 enim
3040 2743 3257 2799 montis
3305 2759 3443 2799 caro
3497 2747 3705 2799 nostra
3759 2744 3861 2804 est,
3887 2746 3937 2792 et

2292 2837 2596 2909 passiones
2635 2835 2764 2905 ejus
2810 2832 3289 2906 compunctiones
3346 2836 3499 2888 sunt
3559 2827 3942 2900 nostranlpsa

2291 2930 2381 2981 est
2436 2925 2716 2997 .Egyptus
2772 2926 2992 2989 nostra,
3042 2921 3151 2978 hoc
3199 2925 3287 2977 est
3345 2938 3491 2977 caro
3557 2925 3781 2985 nostra,
3829 2917 3943 2989 ipsa

535 3015 612 3070 tis
661 3011 951 3083 significat
998 3008 1334 3073 eminentia,
1368 3010 1535 3077 cuius
1585 3008 1848 3063 ascensio
1896 3008 2177 3064 indicium
2211 2986 2253 3053 (ἶ
2292 3021 2381 3070 est
2444 2986 2701 3069 afﬁictio.
2770 3011 2832 3065 lu
2899 3011 3050 3066 hanc
3115 3009 3425 3066 descendit
3496 3026 3675 3065 mens
3740 3008 3943 3071 nostra,

536 3112 619 3158 est
685 3099 967 3156 uberioris
1026 3113 1353 3169 processus.
1405 3098 1617 3152 Contra
1680 3096 1970 3152 Orientem
2025 3098 2175 3168 ideo,

535 3192 675 3265 quia
702 3187 1087 3262 prophetabat
1137 3190 1446 3239 venturum
1479 3184 1724 3255 justitim
1759 3183 1985 3252 Solem;
2021 3188 2176 3258 quod

535 3281 654 3335 illic
702 3276 999 3350 Sapientia
1050 3278 1281 3346 pararet
1332 3272 1442 3328 sibi
1492 3273 1756 3337 domum,
1793 3278 1847 3328 et
1896 3274 2028 3330 inde
2077 3291 2180 3347 per

533 3366 816 3437 virginem
877 3378 1050 3418 suum
1097 3360 1535 3432 praedestinaret
1591 3366 1876 3415 exortum.
1935 3361 2180 3418 Volebat

534 3471 670 3526 ergo
703 3450 1197 3522 cogoscendorum
1226 3449 1351 3518 jam
1386 3448 1795 3519 mysteriorum
1843 3448 2039 3505 lumen
2084 3467 2176 3506 ac-

534 3543 742 3613 cipere.
778 3540 940 3593 Sicut
983 3537 1134 3592 enim
1173 3536 1291 3591 sole
1326 3536 1603 3601 mundus,
1637 3536 1715 3591 ita
1746 3538 2055 3609 splendore
2084 3556 2175 3595 sa-

534 3629 761 3704 pientiae
790 3633 909 3683 tota
940 3643 1105 3682 mens
1136 3624 1584 3680 illuminabitur.
1618 3626 1941 3698 Meritoque
1982 3629 2179 3699 posuit

534 3723 736 3774 contra
791 3716 1084 3772 Orientem
1142 3712 1478 3769 Bethlehem
1554 3714 1684 3785 (90).
1745 3713 1964 3771 Domus
2024 3718 2176 3773 318

531 3806 685 3863 enim
754 3804 853 3861 Dei
917 3802 1131 3858 dicitur
1194 3800 1551 3869 Bethlehem,
1584 3802 1642 3856 in
1703 3819 1818 3875 qua
1873 3809 2046 3860 natus
2089 3810 2179 3862 est

530 3895 818 3952 Christus.
869 3893 1030 3948 Unde
1072 3892 1155 3945 ait
1202 3906 1305 3962 per
1354 3890 1690 3962 prophetam
1745 3892 1940 3947 Deus:
1984 3896 2050 3949 Et
2094 3899 2173 3963 tu,

2288 3102 2521 3175 quando
2570 3099 2785 3172 cogitat
2836 3116 2961 3171 quae
3007 3098 3263 3155 carnalia
3309 3103 3479 3154 sunt.
3539 3100 3713 3154 Tunc
3765 3098 3943 3152 autem

2288 3191 2570 3255 ascendit,
2623 3188 2858 3261 quando
2926 3187 3240 3243 invisibilia
3302 3187 3638 3244 desiderat.
3707 3185 3839 3242 Ideo
3898 3183 3948 3236 et

2288 3280 2581 3335 Abraham
2649 3277 2863 3332 dicitur
2929 3277 3301 3333 descendisse
3369 3277 3431 3332 in
3510 3277 3852 3349 Egyptum,
3891 3275 3948 3326 ut

2287 3368 2661 3440 ai‘f‘ligeretur.
2709 3365 2931 3421 Patitur
2995 3365 3103 3421 hoc
3173 3382 3340 3420 meus
3386 3371 3625 3436 nostra,
3667 3361 3949 3419 interdum

2288 3459 2519 3528 separat
2543 3471 2604 3511 se
2635 3471 2669 3510 a
2700 3470 2957 3526 corpore,
2993 3453 3245 3510 secernit
3280 3458 3342 3509 ut
3376 3453 3779 3527 singulariter
3806 3453 3948 3522 agat,

2288 3543 2751 3617 incorporalibus
2818 3543 3119 3598 intendere
3183 3549 3360 3614 atque
3428 3544 3598 3600 8I9
3671 3540 3952 3598 adhaerere

2286 3633 2549 3707 cupiens.
2598 3632 2915 3698 Interdum,
2963 3636 3197 3703 propter
3238 3630 3700 3704 colligationem
3761 3629 3955 3685 animae

2288 3727 2345 3778 et
2374 3721 2652 3794 corporis,
2683 3720 3000 3775 inclinatur
3028 3719 3098 3775 ad
3132 3719 3404 3776 carnales
3457 3720 3803 3795 voluptates
3844 3714 3955 3788 qui-

2286 3812 2397 3866 bus
2426 3811 2660 3865 iuﬁrma
2689 3807 3020 3879 subjicitur,
3063 3807 3266 3863 fortior
3319 3826 3444 3863 non
3502 3813 3769 3863 tenetur.
3802 3802 3957 3860 Atili-

2286 3901 2570 3956 ctationes
2617 3898 2795 3970 igitur
2844 3897 2975 3952 forti
3022 3896 3142 3952 viro
3199 3913 3434 3951 coronae
3490 3902 3665 3966 sunt,
3713 3891 3957 3951 invalido

2284 3986 2656 4043 inﬁrmitates
2681 3990 2836 4042 sunt.
2872 3985 3035 4041 Unde
3063 3989 3118 4040 et
3149 3984 3244 4039 ille
3273 4001 3396 4040 non
3432 3986 3705 4041 timebat
3736 3983 3965 4040 afﬂicta-

2285 4076 2472 4131 tiones
2503 4074 2718 4147 quibus
2769 4074 3113 4146 probaretur
3161 4074 3400 4140 merito,
3435 4074 3548 4147 qui
3614 4073 3805 4128 dicit:
3838 4070 3964 4126 Nam

530 4162 709 4221 (Mich.
743 4178 796 4229 v,
824 4162 900 4229 2).
930 4158 1053 4212 Non
1087 4157 1234 4212 dixit
1263 4162 1463 4212 contra
1490 4156 1828 4213 Bethlehem
1861 4160 1962 4215 sed
1993 4162 2178 4216 taber-
2283 4173 2332 4220 et
2393 4182 2517 4220 cum
2579 4165 2915 4219 venissemus
2982 4164 3039 4217 in
3115 4162 3529 4231 Macedoniam,
3603 4163 3830 4218 nullam
3889 4172 3966 4214 rc-

530 4250 804 4307 naculum
870 4249 1063 4319 ipsum
1136 4244 1471 4301 Bethlehem
1530 4245 1857 4318 appellavit.
1920 4249 2176 4305 Ecclesia
2282 4256 2467 4325 quiem
2521 4252 2709 4308 habuit
2767 4267 2894 4307 caro
2948 4251 3138 4305 nostra
3190 4251 3281 4305 sed
3340 4252 3409 4306 in
3471 4253 3747 4309 omnibus
3792 4262 3967 4305 sumus

528 4340 685 4395 enim
721 4339 1021 4409 justorum
1071 4339 1160 4390 est
1217 4334 1679 4391 tabernaculum.
1715 4337 1845 4392 Jam
1892 4336 1992 4392 illa
2042 4338 2538 4418 quisDa/‘ﬂictati
2602 4358 2620 4394 :
2678 4341 2814 4409 foris
2867 4354 3090 4410 pugnae,
3161 4340 3307 4393 intus
3369 4341 3628 4397 timores
3702 4340 3786 4411 (II
3849 4337 3967 4394 Cor.

530 4444 647 4482 non
677 4425 919 4481 miretur
949 4423 1243 4495 mysteria,
1279 4424 1433 4495 quod
1465 4422 1801 4481 Bethlehem
1840 4425 2010 4496 juxta
2058 4444 2177 4484 ma—
2284 4449 2382 4503 vu,
2407 4430 2486 4501 5).

530 4532 590 4571 re
647 4513 894 4569 Galilaaaa
959 4518 1048 4569 est
1110 4513 1181 4567 ab
1240 4511 1490 4567 Oriente.
1552 4513 1780 4568 Etenim
1836 4514 1923 4570 vel
1980 4517 2179 4573 anima
2358 4521 2442 4576 14.
2472 4519 2583 4575 Sed
2615 4523 2680 4574 ut
2706 4517 3083 4574 descenderet
3125 4516 3182 4571 in
3230 4517 3573 4589 Egyptum
3608 4520 3806 4576 tames
3851 4530 3973 4572 coe-

528 4621 652 4677 quze
684 4608 939 4659 meretur
980 4600 1263 4673 templum
1315 4600 1417 4655 Dei
1466 4599 1767 4673 appellari,
1801 4602 1889 4659 vel
1924 4604 2178 4662 Ecclesia
2283 4610 2370 4680 git
2423 4608 2573 4679 (Gen.
2633 4624 2732 4672 xu,
2795 4606 2908 4676 ΙΟ).
2974 4604 3243 4661 Exoritur
3295 4605 3475 4662 enim
3543 4625 3709 4664 saeva
3769 4602 3975 4661 mentis

524 4692 797 4749 tunditur
828 4690 1197 4746 szeeularium
1254 4705 1528 4743 curarum
1580 4689 1876 4755 ﬂuctibus,
1908 4693 2007 4747 sed
2058 4709 2172 4749 non
2285 4697 2488 4762 fames,
2539 4695 2773 4766 quando
2817 4694 3149 4766 appetentis
3191 4694 3396 4750 carnis
3447 4695 3652 4769 hujus
3699 4693 3975 4762 exundat,

524 4781 831 4839 subruitur
865 4797 878 4834 :
912 4779 1169 4844 caeditur,
1204 4778 1303 4833 sed
1338 4793 1454 4833 non
1485 4777 1887 4848 labefactatur,
1916 4796 2173 4839 commo-
2282 4790 2339 4841 et
2368 4787 2664 4857 exspectat
2690 4799 2758 4839 ea
2783 4799 2910 4855 qua:
2942 4780 3119 4837 saluti
3163 4783 3418 4838 adversa
3472 4791 3650 4843 sunt.
3689 4785 3977 4856 Redigunt

524 4870 712 4926 tiones
742 4869 1028 4923 ﬂuctuum
1079 4873 1136 4921 et
1182 4866 1637 4923 insurrectiones
1685 4869 2025 4940 passionum
2056 4887 2177 4927 cor-
2284 4890 2390 4929 nos
2423 4874 2481 4928 in
2513 4872 2816 4945 angustias
2848 4871 3129 4942 corporis,
3162 4887 3295 4927 cum
3349 4871 3641 4930 habendi
3689 4871 3975 4946 cupiditas

524 4957 815 5031 poralium
847 4956 1034 5012 facilis
1065 4971 1327 5028 premere
1353 4972 1420 5010 ac
1454 4956 1740 5029 mitigare.
1776 4959 2009 5031 Spectat
2031 4959 2172 5016 alio-
2284 4962 2503 5033 irrepit,
2583 4960 2814 5016 luxuria
2879 4960 3153 5015 suavitati
3219 4964 3329 5026 est,
3413 4964 3597 5019 cordi
3670 4960 3974 5036 jactantia.

524 5062 657 5102 rum
690 5045 1022 5118 naufragia,
1056 5044 1183 5116 ipsa
1228 5044 1511 5100 immunis
1563 5050 1619 5099 et
1661 5061 1860 5102 exsors
1909 5048 2171 5119 periculi,
2283 5051 2604 5107 Tentamur
2668 5065 2871 5104 omnes
2909 5048 3040 5121 (9|).
3074 5047 3407 5103 Inﬂectitur
3481 5052 3679 5107 etiam
3752 5047 3977 5106 sobrius

523 5138 727 5209 parata
781 5151 1014 5207 semper
1060 5139 1124 5189 ut
1168 5132 1472 5189 illucescat
1518 5133 1630 5189 sibi
1679 5135 1965 5209 Christus,
1999 5142 2175 5210 atque
2284 5138 2539 5209 animus,
2581 5137 2878 5194 descendit
2924 5136 2983 5192 in
3049 5136 3398 5211 Egyptum,
3444 5139 3573 5197 hoc
3606 5145 3705 5198 est
3743 5140 3806 5196 in
3846 5135 3980 5195 afﬂi-

531 3984 859 4051 Bethlehem,
891 3999 998 4037 non
1029 3997 1083 4036 es
1110 3981 1344 4034 minima
1378 3981 1519 4035 inter
1559 3981 1837 4051 principes
1881 3982 2059 4049 Iuda,-
2109 4001 2179 4040 ex

531 4082 579 4129 te
623 4075 771 4130 enim
819 4073 965 4128 αιςίεί
1007 4070 1284 4140 princeps,
1335 4069 1430 4139 qui
1487 4078 1637 4139 regat
1687 4070 1950 4141 populum
1994 4089 2176 4127 meum

2284 5361 2649 5419 Ambrosius.

2354 5435 2465 5507 (9t)
2498 5434 2585 5490 Ita
2614 5448 2758 5507 mss.
2790 5448 3015 5507 omnes.
3067 5430 3216 5507 Edit.
3264 5435 3517 5507 autem,
3558 5435 3819 5493 luxuriae
3860 5447 3978 5490 sua-

2280 5504 2467 5577 vitate,
2497 5509 2549 5566 et
2577 5504 2752 5568 cordis
2772 5504 3043 5582 jactantia
3071 5505 3362 5566 tentantur
3384 5520 3619 5570 omnes.

596 5354 712 5431 (90)
741 5356 972 5431 Omnes,
1004 5359 1143 5414 edit.
1202 5358 1404 5431 legunt
1449 5359 1665 5421 Bethel;
1698 5376 1841 5415 mss.
1895 5377 2029 5417 vero
2077 5361 2173 5418 hic

523 5429 579 5505 et
609 5427 668 5483 in
712 5429 1093 5502 sequentibus
1145 5427 1463 5505 nunquam
1507 5447 1632 5505 non
1670 5430 1909 5505 habent,
1958 5433 2172 5505 Bethle-

519 5494 675 5563 hem;
734 5494 911 5573 quam
972 5516 1169 5560 vocem
1230 5494 1305 5564 ei
1344 5501 1544 5561 Bethel
1602 5494 1908 5563 deducere
1943 5503 2175 5567 videtur
