  <div class='ocr_page' id='page_1' title='image "/cluster/home/n/w/nwhite01/storage/ocr_20150623/14/hvd.32044048207138/248.png"; bbox 0 0 4026 6186; ppageno 0'>
   <div class='ocr_carea' id='block_1_1' title="bbox 229 222 333 284">
    <p class='ocr_par' dir='ltr' id='par_1_1' title="bbox 229 222 333 284">
     <span class='ocr_line' id='line_1_1' title="bbox 229 222 333 284; baseline 0.029 -3"><span class='ocrx_word' id='word_1_1' title='bbox 229 222 333 284; x_wconf 77' lang='grc'>485</span> 
     </span>
    </p>
   </div>
   <div class='ocr_carea' id='block_1_2' title="bbox 1474 217 2379 289">
    <p class='ocr_par' dir='ltr' id='par_1_2' title="bbox 1474 217 2379 289">
     <span class='ocr_line' id='line_1_2' title="bbox 1474 217 2379 289; baseline -0.002 -1"><span class='ocrx_word' id='word_1_2' title='bbox 1474 228 1575 288; x_wconf 83' lang='lat' dir='ltr'>DE</span> <span class='ocrx_word' id='word_1_3' title='bbox 1619 222 2006 289; x_wconf 81' lang='lat' dir='ltr'>ABRAHAM</span> <span class='ocrx_word' id='word_1_4' title='bbox 2051 226 2194 285; x_wconf 83' lang='lat' dir='ltr'>LIB.</span> <span class='ocrx_word' id='word_1_5' title='bbox 2245 224 2320 286; x_wconf 87' lang='lat' dir='ltr'>II.</span> <span class='ocrx_word' id='word_1_6' title='bbox 2366 217 2379 224; x_wconf 75' lang='grc'><em>’</em></span> 
     </span>
    </p>
   </div>
   <div class='ocr_carea' id='block_1_3' title="bbox 3487 228 3603 291">
    <p class='ocr_par' dir='ltr' id='par_1_3' title="bbox 3487 228 3603 291">
     <span class='ocr_line' id='line_1_3' title="bbox 3487 228 3603 291; baseline 0 -2"><span class='ocrx_word' id='word_1_7' title='bbox 3487 228 3603 291; x_wconf 72' lang='grc'>486</span> 
     </span>
    </p>
   </div>
   <div class='ocr_carea' id='block_1_4' title="bbox 226 357 3603 432">
    <p class='ocr_par' dir='ltr' id='par_1_4' title="bbox 226 357 3603 432">
     <span class='ocr_line' id='line_1_4' title="bbox 226 357 3603 432; baseline 0.002 -25"><span class='ocrx_word' id='word_1_8' title='bbox 226 357 456 412; x_wconf 67' lang='lat' dir='ltr'>ctionem</span> <span class='ocrx_word' id='word_1_9' title='bbox 491 358 768 428; x_wconf 86' lang='lat' dir='ltr'>corporis.</span> <span class='ocrx_word' id='word_1_10' title='bbox 828 358 921 415; x_wconf 89' lang='lat' dir='ltr'>Sic</span> <span class='ocrx_word' id='word_1_11' title='bbox 974 364 1169 415; x_wconf 85' lang='lat' dir='ltr'>tamen</span> <span class='ocrx_word' id='word_1_12' title='bbox 1231 361 1552 425; x_wconf 77' lang='lat' dir='ltr'>descendit,</span> <span class='ocrx_word' id='word_1_13' title='bbox 1587 369 1651 413; x_wconf 88' lang='lat' dir='ltr'>ut</span> <span class='ocrx_word' id='word_1_14' title='bbox 1684 362 1845 432; x_wconf 65' lang='lat' dir='ltr'>quasi</span> <span class='ocrx_word' id='word_1_15' title='bbox 1889 365 1929 427; x_wconf 63' lang='grc' dir='ltr'><strong>Α</strong></span> <span class='ocrx_word' id='word_1_16' title='bbox 1965 377 2297 430; x_wconf 68' lang='lat' dir='ltr'>.mmpsm&#39;nm</span> <span class='ocrx_word' id='word_1_17' title='bbox 2333 360 2471 415; x_wconf 85' lang='lat' dir='ltr'>mihi</span> <span class='ocrx_word' id='word_1_18' title='bbox 2511 376 2755 415; x_wconf 62' lang='lat' dir='ltr'>umorem.</span> <span class='ocrx_word' id='word_1_19' title='bbox 2818 360 2883 413; x_wconf 77' lang='lat' dir='ltr'>Et</span> <span class='ocrx_word' id='word_1_20' title='bbox 2932 375 3096 432; x_wconf 62' lang='lat' dir='ltr'>nunc</span> <span class='ocrx_word' id='word_1_21' title='bbox 3132 375 3246 413; x_wconf 65' lang='lat' dir='ltr'>cccc</span> <span class='ocrx_word' id='word_1_22' title='bbox 3280 360 3479 412; x_wconf 56' lang='lat' dir='ltr'>mulier</span> <span class='ocrx_word' id='word_1_23' title='bbox 3507 365 3603 415; x_wconf 76' lang='lat' dir='ltr'>tua</span> 
     </span>
    </p>
   </div>
   <div class='ocr_carea' id='block_1_5' title="bbox 226 445 1848 521">
    <p class='ocr_par' dir='ltr' id='par_1_5' title="bbox 226 445 1848 521">
     <span class='ocr_line' id='line_1_5' title="bbox 226 445 1848 521; baseline 0.004 -22"><span class='ocrx_word' id='word_1_24' title='bbox 226 445 428 501; x_wconf 78' lang='lat' dir='ltr'>advena</span> <span class='ocrx_word' id='word_1_25' title='bbox 482 446 554 500; x_wconf 89' lang='lat' dir='ltr'>ad</span> <span class='ocrx_word' id='word_1_26' title='bbox 620 451 852 519; x_wconf 78' lang='lat' dir='ltr'>tempus</span> <span class='ocrx_word' id='word_1_27' title='bbox 937 448 1207 514; x_wconf 82' lang='lat' dir='ltr'>incolere,</span> <span class='ocrx_word' id='word_1_28' title='bbox 1277 465 1388 504; x_wconf 88' lang='lat' dir='ltr'>non</span> <span class='ocrx_word' id='word_1_29' title='bbox 1455 451 1622 521; x_wconf 88' lang='lat' dir='ltr'>quasi</span> <span class='ocrx_word' id='word_1_30' title='bbox 1707 450 1848 505; x_wconf 85' lang='lat' dir='ltr'>civis</span> 
     </span>
    </p>
   </div>
   <div class='ocr_carea' id='block_1_6' title="bbox 225 532 1851 605">
    <p class='ocr_par' dir='ltr' id='par_1_6' title="bbox 225 532 1851 605">
     <span class='ocr_line' id='line_1_6' title="bbox 225 532 1851 605; baseline 0.002 -16"><span class='ocrx_word' id='word_1_31' title='bbox 225 532 506 605; x_wconf 89' lang='lat' dir='ltr'>possidere</span> <span class='ocrx_word' id='word_1_32' title='bbox 563 532 847 591; x_wconf 86' lang='lat' dir='ltr'>videatur.</span> <span class='ocrx_word' id='word_1_33' title='bbox 908 537 1115 592; x_wconf 82' lang='lat' dir='ltr'>Justus</span> <span class='ocrx_word' id='word_1_34' title='bbox 1172 536 1327 592; x_wconf 90' lang='lat' dir='ltr'>enim</span> <span class='ocrx_word' id='word_1_35' title='bbox 1386 537 1573 593; x_wconf 83' lang='lat' dir='ltr'>dixit:</span> <span class='ocrx_word' id='word_1_36' title='bbox 1635 537 1851 592; x_wconf 83' lang='lat' dir='ltr'>Advena</span> 
     </span>
    </p>
   </div>
   <div class='ocr_carea' id='block_1_7' title="bbox 219 622 1847 697">
    <p class='ocr_par' dir='ltr' id='par_1_7' title="bbox 219 622 1847 697">
     <span class='ocr_line' id='line_1_7' title="bbox 219 622 1847 697; baseline 0.004 -23"><span class='ocrx_word' id='word_1_37' title='bbox 219 637 330 675; x_wconf 82' lang='lat' dir='ltr'>sum</span> <span class='ocrx_word' id='word_1_38' title='bbox 385 622 443 676; x_wconf 84' lang='lat' dir='ltr'>in</span> <span class='ocrx_word' id='word_1_39' title='bbox 506 625 655 678; x_wconf 83' lang='lat' dir='ltr'>terra</span> <span class='ocrx_word' id='word_1_40' title='bbox 721 624 822 679; x_wconf 86' lang='lat' dir='ltr'>hac</span> <span class='ocrx_word' id='word_1_41' title='bbox 884 625 1056 695; x_wconf 79' lang='lat' dir='ltr'>(Psal.</span> <span class='ocrx_word' id='word_1_42' title='bbox 1113 641 1308 690; x_wconf 79' lang='lat' dir='ltr'>cxvm,</span> <span class='ocrx_word' id='word_1_43' title='bbox 1370 626 1477 697; x_wconf 72' lang='grc'>19).</span> <span class='ocrx_word' id='word_1_44' title='bbox 1545 626 1614 680; x_wconf 87' lang='lat' dir='ltr'>Et</span> <span class='ocrx_word' id='word_1_45' title='bbox 1666 625 1847 681; x_wconf 81' lang='lat' dir='ltr'>alibi:</span> 
     </span>
    </p>
   </div>
   <div class='ocr_carea' id='block_1_8' title="bbox 222 710 1849 786">
    <p class='ocr_par' dir='ltr' id='par_1_8' title="bbox 222 710 1849 786">
     <span class='ocr_line' id='line_1_8' title="bbox 222 710 1849 786; baseline 0.002 -22"><span class='ocrx_word' id='word_1_46' title='bbox 222 710 325 764; x_wconf 82' lang='lat' dir='ltr'>Heu</span> <span class='ocrx_word' id='word_1_47' title='bbox 368 726 472 776; x_wconf 81' lang='lat' dir='ltr'>me,</span> <span class='ocrx_word' id='word_1_48' title='bbox 522 712 663 781; x_wconf 87' lang='lat' dir='ltr'>quod</span> <span class='ocrx_word' id='word_1_49' title='bbox 691 713 959 768; x_wconf 82' lang='lat' dir='ltr'>incolatus</span> <span class='ocrx_word' id='word_1_50' title='bbox 988 728 1140 768; x_wconf 84' lang='lat' dir='ltr'>meus</span> <span class='ocrx_word' id='word_1_51' title='bbox 1166 714 1520 785; x_wconf 66' lang='lat' dir='ltr'>prolongata:</span> <span class='ocrx_word' id='word_1_52' title='bbox 1572 722 1651 770; x_wconf 80' lang='lat' dir='ltr'>est</span> <span class='ocrx_word' id='word_1_53' title='bbox 1683 715 1849 786; x_wconf 80' lang='lat' dir='ltr'>(Psal.</span> 
     </span>
    </p>
   </div>
   <div class='ocr_carea' id='block_1_9' title="bbox 220 800 466 865">
    <p class='ocr_par' dir='ltr' id='par_1_9' title="bbox 220 800 466 865">
     <span class='ocr_line' id='line_1_9' title="bbox 220 800 466 865; baseline 0 -12"><span class='ocrx_word' id='word_1_54' title='bbox 220 815 355 863; x_wconf 77' lang='lat' dir='ltr'>eux,</span> <span class='ocrx_word' id='word_1_55' title='bbox 392 800 466 865; x_wconf 73' lang='lat'>5).</span> 
     </span>
    </p>
   </div>
   <div class='ocr_carea' id='block_1_10' title="bbox 286 887 1849 965">
    <p class='ocr_par' dir='ltr' id='par_1_10' title="bbox 286 887 1849 965">
     <span class='ocr_line' id='line_1_10' title="bbox 286 887 1849 965; baseline 0.003 -24"><span class='ocrx_word' id='word_1_56' title='bbox 286 889 367 942; x_wconf 87' lang='grc'>15.</span> <span class='ocrx_word' id='word_1_57' title='bbox 421 887 788 945; x_wconf 69' lang='lat' dir='ltr'>Descendens</span> <span class='ocrx_word' id='word_1_58' title='bbox 844 894 1037 946; x_wconf 87' lang='lat' dir='ltr'>autem</span> <span class='ocrx_word' id='word_1_59' title='bbox 1086 890 1379 946; x_wconf 82' lang='lat' dir='ltr'>Abraham</span> <span class='ocrx_word' id='word_1_60' title='bbox 1412 891 1470 946; x_wconf 91' lang='lat' dir='ltr'>in</span> <span class='ocrx_word' id='word_1_61' title='bbox 1516 893 1849 965; x_wconf 64' lang='lat' dir='ltr'>Egyptum,</span> 
     </span>
    </p>
   </div>
   <div class='ocr_carea' id='block_1_11' title="bbox 220 976 1850 1052">
    <p class='ocr_par' dir='ltr' id='par_1_11' title="bbox 220 976 1850 1052">
     <span class='ocr_line' id='line_1_11' title="bbox 220 976 1850 1052; baseline 0.003 -22"><span class='ocrx_word' id='word_1_62' title='bbox 220 976 321 1031; x_wconf 86' lang='lat' dir='ltr'>hoc</span> <span class='ocrx_word' id='word_1_63' title='bbox 357 981 444 1032; x_wconf 90' lang='lat' dir='ltr'>est</span> <span class='ocrx_word' id='word_1_64' title='bbox 474 976 543 1031; x_wconf 87' lang='lat' dir='ltr'>ad</span> <span class='ocrx_word' id='word_1_65' title='bbox 577 977 727 1033; x_wconf 79' lang='lat' dir='ltr'>feros</span> <span class='ocrx_word' id='word_1_66' title='bbox 757 982 814 1033; x_wconf 92' lang='lat' dir='ltr'>et</span> <span class='ocrx_word' id='word_1_67' title='bbox 841 979 1120 1035; x_wconf 88' lang='lat' dir='ltr'>barbaros</span> <span class='ocrx_word' id='word_1_68' title='bbox 1153 995 1366 1046; x_wconf 87' lang='lat' dir='ltr'>mores,</span> <span class='ocrx_word' id='word_1_69' title='bbox 1400 980 1499 1052; x_wconf 87' lang='lat' dir='ltr'>qui</span> <span class='ocrx_word' id='word_1_70' title='bbox 1529 980 1727 1035; x_wconf 79' lang='lat' dir='ltr'>virtuti</span> <span class='ocrx_word' id='word_1_71' title='bbox 1752 980 1850 1035; x_wconf 88' lang='lat' dir='ltr'>de-</span> 
     </span>
    </p>
   </div>
   <div class='ocr_carea' id='block_1_12' title="bbox 218 1066 1854 1140">
    <p class='ocr_par' dir='ltr' id='par_1_12' title="bbox 218 1066 1854 1140">
     <span class='ocr_line' id='line_1_12' title="bbox 218 1066 1854 1140; baseline 0.002 -21"><span class='ocrx_word' id='word_1_72' title='bbox 218 1066 357 1121; x_wconf 81' lang='lat' dir='ltr'>ferre</span> <span class='ocrx_word' id='word_1_73' title='bbox 414 1066 741 1133; x_wconf 81' lang='lat' dir='ltr'>nescirent;</span> <span class='ocrx_word' id='word_1_74' title='bbox 776 1082 847 1121; x_wconf 88' lang='lat' dir='ltr'>ne</span> <span class='ocrx_word' id='word_1_75' title='bbox 898 1072 1174 1123; x_wconf 83' lang='lat' dir='ltr'>nocerent</span> <span class='ocrx_word' id='word_1_76' title='bbox 1230 1085 1332 1140; x_wconf 91' lang='lat' dir='ltr'>per</span> <span class='ocrx_word' id='word_1_77' title='bbox 1372 1069 1674 1132; x_wconf 87' lang='lat' dir='ltr'>invidiam,</span> <span class='ocrx_word' id='word_1_78' title='bbox 1708 1068 1854 1124; x_wconf 88' lang='lat' dir='ltr'>dixit</span> 
     </span>
    </p>
   </div>
   <div class='ocr_carea' id='block_1_13' title="bbox 216 1154 1851 1227">
    <p class='ocr_par' dir='ltr' id='par_1_13' title="bbox 216 1154 1851 1227">
     <span class='ocr_line' id='line_1_13' title="bbox 216 1154 1851 1227; baseline 0.002 -18"><span class='ocrx_word' id='word_1_79' title='bbox 216 1154 384 1220; x_wconf 67' lang='lat' dir='ltr'>Same,</span> <span class='ocrx_word' id='word_1_80' title='bbox 436 1171 508 1209; x_wconf 89' lang='lat' dir='ltr'>ne</span> <span class='ocrx_word' id='word_1_81' title='bbox 576 1171 639 1209; x_wconf 89' lang='lat' dir='ltr'>sc</span> <span class='ocrx_word' id='word_1_82' title='bbox 694 1172 931 1211; x_wconf 82' lang='lat' dir='ltr'>uxorem</span> <span class='ocrx_word' id='word_1_83' title='bbox 989 1157 1116 1227; x_wconf 86' lang='lat' dir='ltr'>ejus</span> <span class='ocrx_word' id='word_1_84' title='bbox 1173 1157 1410 1221; x_wconf 81' lang='lat' dir='ltr'>diceret,</span> <span class='ocrx_word' id='word_1_85' title='bbox 1460 1158 1559 1213; x_wconf 88' lang='lat' dir='ltr'>sed</span> <span class='ocrx_word' id='word_1_86' title='bbox 1595 1174 1851 1213; x_wconf 80' lang='lat' dir='ltr'>sororem</span> 
     </span>
    </p>
   </div>
   <div class='ocr_carea' id='block_1_14' title="bbox 217 1241 1853 1319">
    <p class='ocr_par' dir='ltr' id='par_1_14' title="bbox 217 1241 1853 1319">
     <span class='ocr_line' id='line_1_14' title="bbox 217 1241 1853 1319; baseline 0.002 -23"><span class='ocrx_word' id='word_1_87' title='bbox 217 1241 529 1314; x_wconf 76' lang='lat' dir='ltr'>appellaret</span> <span class='ocrx_word' id='word_1_88' title='bbox 558 1242 709 1313; x_wconf 73' lang='lat' dir='ltr'>(Gen.</span> <span class='ocrx_word' id='word_1_89' title='bbox 744 1261 841 1312; x_wconf 86' lang='lat' dir='ltr'>xu,</span> <span class='ocrx_word' id='word_1_90' title='bbox 899 1244 1011 1316; x_wconf 77' lang='grc'>43).</span> <span class='ocrx_word' id='word_1_91' title='bbox 1067 1245 1134 1300; x_wconf 91' lang='lat' dir='ltr'>Et</span> <span class='ocrx_word' id='word_1_92' title='bbox 1164 1244 1300 1302; x_wconf 89' lang='lat' dir='ltr'>hinc</span> <span class='ocrx_word' id='word_1_93' title='bbox 1357 1247 1578 1319; x_wconf 82' lang='lat' dir='ltr'>grande</span> <span class='ocrx_word' id='word_1_94' title='bbox 1619 1246 1853 1301; x_wconf 89' lang='lat' dir='ltr'>virtutis</span> 
     </span>
    </p>
   </div>
   <div class='ocr_carea' id='block_1_15' title="bbox 218 1331 1856 1403">
    <p class='ocr_par' dir='ltr' id='par_1_15' title="bbox 218 1331 1856 1403">
     <span class='ocr_line' id='line_1_15' title="bbox 218 1331 1856 1403; baseline 0.003 -18"><span class='ocrx_word' id='word_1_95' title='bbox 218 1331 553 1403; x_wconf 81' lang='lat' dir='ltr'>mysterium</span> <span class='ocrx_word' id='word_1_96' title='bbox 613 1332 746 1403; x_wconf 88' lang='lat'>(92),</span> <span class='ocrx_word' id='word_1_97' title='bbox 816 1332 909 1388; x_wconf 90' lang='lat' dir='ltr'>cui</span> <span class='ocrx_word' id='word_1_98' title='bbox 962 1334 1073 1389; x_wconf 90' lang='lat' dir='ltr'>cito</span> <span class='ocrx_word' id='word_1_99' title='bbox 1130 1333 1440 1390; x_wconf 85' lang='lat' dir='ltr'>invidetur.</span> <span class='ocrx_word' id='word_1_100' title='bbox 1500 1336 1571 1390; x_wconf 86' lang='lat' dir='ltr'>Et</span> <span class='ocrx_word' id='word_1_101' title='bbox 1622 1334 1752 1390; x_wconf 90' lang='lat' dir='ltr'>ideo</span> <span class='ocrx_word' id='word_1_102' title='bbox 1791 1339 1856 1390; x_wconf 89' lang='lat' dir='ltr'>ut</span> 
     </span>
    </p>
   </div>
   <div class='ocr_carea' id='block_1_16' title="bbox 213 1420 1851 1494">
    <p class='ocr_par' dir='ltr' id='par_1_16' title="bbox 213 1420 1851 1494">
     <span class='ocr_line' id='line_1_16' title="bbox 213 1420 1851 1494; baseline 0.002 -21"><span class='ocrx_word' id='word_1_103' title='bbox 213 1420 486 1474; x_wconf 82' lang='lat' dir='ltr'>invidiam</span> <span class='ocrx_word' id='word_1_104' title='bbox 519 1421 818 1491; x_wconf 86' lang='lat' dir='ltr'>reprimat,</span> <span class='ocrx_word' id='word_1_105' title='bbox 852 1420 1225 1477; x_wconf 87' lang='lat' dir='ltr'>humiliorem</span> <span class='ocrx_word' id='word_1_106' title='bbox 1257 1440 1319 1478; x_wconf 90' lang='lat' dir='ltr'>se</span> <span class='ocrx_word' id='word_1_107' title='bbox 1352 1428 1623 1494; x_wconf 54' lang='lat' dir='ltr'>praestare</span> <span class='ocrx_word' id='word_1_108' title='bbox 1663 1424 1851 1480; x_wconf 85' lang='lat' dir='ltr'>debet.</span> 
     </span>
    </p>
   </div>
   <div class='ocr_carea' id='block_1_17' title="bbox 214 1507 1852 1582">
    <p class='ocr_par' dir='ltr' id='par_1_17' title="bbox 214 1507 1852 1582">
     <span class='ocr_line' id='line_1_17' title="bbox 214 1507 1852 1582; baseline 0.002 -19"><span class='ocrx_word' id='word_1_109' title='bbox 214 1507 331 1563; x_wconf 81' lang='lat' dir='ltr'>Non</span> <span class='ocrx_word' id='word_1_110' title='bbox 366 1507 475 1562; x_wconf 86' lang='lat' dir='ltr'>sibi</span> <span class='ocrx_word' id='word_1_111' title='bbox 512 1508 905 1580; x_wconf 84' lang='lat' dir='ltr'>principatum</span> <span class='ocrx_word' id='word_1_112' title='bbox 937 1527 1115 1582; x_wconf 85' lang='lat' dir='ltr'>super</span> <span class='ocrx_word' id='word_1_113' title='bbox 1170 1527 1373 1567; x_wconf 90' lang='lat' dir='ltr'>omnes</span> <span class='ocrx_word' id='word_1_114' title='bbox 1422 1511 1703 1567; x_wconf 87' lang='lat' dir='ltr'>vindicet:</span> <span class='ocrx_word' id='word_1_115' title='bbox 1739 1529 1852 1567; x_wconf 89' lang='lat' dir='ltr'>non</span> 
     </span>
    </p>
   </div>
   <div class='ocr_carea' id='block_1_18' title="bbox 211 1595 1853 1671">
    <p class='ocr_par' dir='ltr' id='par_1_18' title="bbox 211 1595 1853 1671">
     <span class='ocr_line' id='line_1_18' title="bbox 211 1595 1853 1671; baseline 0.002 -20"><span class='ocrx_word' id='word_1_116' title='bbox 211 1596 316 1651; x_wconf 85' lang='lat' dir='ltr'>sibi</span> <span class='ocrx_word' id='word_1_117' title='bbox 378 1595 488 1651; x_wconf 89' lang='lat' dir='ltr'>soli</span> <span class='ocrx_word' id='word_1_118' title='bbox 539 1596 889 1668; x_wconf 81' lang='lat' dir='ltr'>sapientiam</span> <span class='ocrx_word' id='word_1_119' title='bbox 960 1597 1125 1668; x_wconf 80' lang='lat' dir='ltr'>quasi</span> <span class='ocrx_word' id='word_1_120' title='bbox 1187 1599 1536 1670; x_wconf 68' lang='lat' dir='ltr'>praecipuam</span> <span class='ocrx_word' id='word_1_121' title='bbox 1606 1605 1853 1671; x_wconf 81' lang='lat' dir='ltr'>arroget.</span> 
     </span>
    </p>
   </div>
   <div class='ocr_carea' id='block_1_19' title="bbox 1958 448 3600 519">
    <p class='ocr_par' dir='ltr' id='par_1_19' title="bbox 1958 448 3600 519">
     <span class='ocr_line' id='line_1_19' title="bbox 1958 448 3600 519; baseline 0.003 -20"><span class='ocrx_word' id='word_1_122' title='bbox 1958 456 2083 499; x_wconf 77' lang='lat' dir='ltr'>(mle</span> <span class='ocrx_word' id='word_1_123' title='bbox 2114 456 2179 512; x_wconf 74' lang='lat' dir='ltr'>Ie,</span> <span class='ocrx_word' id='word_1_124' title='bbox 2234 452 2433 519; x_wconf 62' lang='lat' dir='ltr'>accipe,</span> <span class='ocrx_word' id='word_1_125' title='bbox 2468 453 2519 503; x_wconf 74' lang='lat' dir='ltr'>et</span> <span class='ocrx_word' id='word_1_126' title='bbox 2550 464 2769 503; x_wconf 78' lang='lat' dir='ltr'>rccurrc</span> <span class='ocrx_word' id='word_1_127' title='bbox 2801 448 2929 500; x_wconf 77' lang='lat' dir='ltr'>hinc</span> <span class='ocrx_word' id='word_1_128' title='bbox 2976 448 3126 513; x_wconf 58' lang='lat' dir='ltr'>(Gen.</span> <span class='ocrx_word' id='word_1_129' title='bbox 3175 465 3274 514; x_wconf 81' lang='lat' dir='ltr'>xu,</span> <span class='ocrx_word' id='word_1_130' title='bbox 3314 448 3373 502; x_wconf 79' lang='lat' dir='ltr'>l8</span> <span class='ocrx_word' id='word_1_131' title='bbox 3403 454 3458 502; x_wconf 85' lang='lat' dir='ltr'>et</span> <span class='ocrx_word' id='word_1_132' title='bbox 3489 449 3600 519; x_wconf 80' lang='lat' dir='ltr'>i9).</span> 
     </span>
    </p>
   </div>
   <div class='ocr_carea' id='block_1_20' title="bbox 1966 536 3601 608">
    <p class='ocr_par' dir='ltr' id='par_1_20' title="bbox 1966 536 3601 608">
     <span class='ocr_line' id='line_1_20' title="bbox 1966 536 3601 608; baseline 0.001 -19"><span class='ocrx_word' id='word_1_133' title='bbox 1966 538 2301 590; x_wconf 76' lang='lat' dir='ltr'>intueamur</span> <span class='ocrx_word' id='word_1_134' title='bbox 2350 539 2543 591; x_wconf 87' lang='lat' dir='ltr'>animo</span> <span class='ocrx_word' id='word_1_135' title='bbox 2578 538 3060 607; x_wconf 77' lang='lat' dir='ltr'>intemperantem</span> <span class='ocrx_word' id='word_1_136' title='bbox 3094 536 3347 607; x_wconf 87' lang='lat' dir='ltr'>aliquem</span> <span class='ocrx_word' id='word_1_137' title='bbox 3381 536 3478 608; x_wconf 89' lang='lat' dir='ltr'>qui</span> <span class='ocrx_word' id='word_1_138' title='bbox 3514 537 3601 591; x_wconf 89' lang='lat' dir='ltr'>in-</span> 
     </span>
    </p>
   </div>
   <div class='ocr_carea' id='block_1_21' title="bbox 1959 624 3605 696">
    <p class='ocr_par' dir='ltr' id='par_1_21' title="bbox 1959 624 3605 696">
     <span class='ocr_line' id='line_1_21' title="bbox 1959 624 3605 696; baseline 0.002 -19"><span class='ocrx_word' id='word_1_139' title='bbox 1959 624 2147 679; x_wconf 85' lang='lat' dir='ltr'>tuitus</span> <span class='ocrx_word' id='word_1_140' title='bbox 2179 625 2466 679; x_wconf 82' lang='lat' dir='ltr'>castitatis</span> <span class='ocrx_word' id='word_1_141' title='bbox 2499 627 2768 696; x_wconf 77' lang='lat' dir='ltr'>gratiam,</span> <span class='ocrx_word' id='word_1_142' title='bbox 2802 626 3054 695; x_wconf 78' lang='lat' dir='ltr'>qundam</span> <span class='ocrx_word' id='word_1_143' title='bbox 3088 630 3293 695; x_wconf 80' lang='lat' dir='ltr'>ceptus</span> <span class='ocrx_word' id='word_1_144' title='bbox 3324 626 3452 695; x_wconf 90' lang='lat' dir='ltr'>ejus</span> <span class='ocrx_word' id='word_1_145' title='bbox 3504 625 3605 680; x_wconf 88' lang='lat' dir='ltr'>de-</span> 
     </span>
    </p>
   </div>
   <div class='ocr_carea' id='block_1_22' title="bbox 1961 713 3605 786">
    <p class='ocr_par' dir='ltr' id='par_1_22' title="bbox 1961 713 3605 786">
     <span class='ocr_line' id='line_1_22' title="bbox 1961 713 3605 786; baseline 0.002 -20"><span class='ocrx_word' id='word_1_146' title='bbox 1961 728 2093 767; x_wconf 92' lang='lat' dir='ltr'>core</span> <span class='ocrx_word' id='word_1_147' title='bbox 2133 714 2491 783; x_wconf 84' lang='lat' dir='ltr'>sequendam</span> <span class='ocrx_word' id='word_1_148' title='bbox 2560 718 2740 785; x_wconf 84' lang='lat' dir='ltr'>putet.</span> <span class='ocrx_word' id='word_1_149' title='bbox 2791 713 3007 767; x_wconf 67' lang='lat' dir='ltr'>Deinde</span> <span class='ocrx_word' id='word_1_150' title='bbox 3058 715 3439 786; x_wconf 89' lang='lat' dir='ltr'>pedissequas</span> <span class='ocrx_word' id='word_1_151' title='bbox 3477 715 3605 785; x_wconf 84' lang='lat' dir='ltr'>ejus</span> 
     </span>
    </p>
   </div>
   <div class='ocr_carea' id='block_1_23' title="bbox 1962 800 3607 875">
    <p class='ocr_par' dir='ltr' id='par_1_23' title="bbox 1962 800 3607 875">
     <span class='ocr_line' id='line_1_23' title="bbox 1962 800 3607 875; baseline 0.003 -22"><span class='ocrx_word' id='word_1_152' title='bbox 1962 800 2231 855; x_wconf 87' lang='lat' dir='ltr'>nesciens</span> <span class='ocrx_word' id='word_1_153' title='bbox 2287 802 2501 873; x_wconf 84' lang='lat' dir='ltr'>quibus</span> <span class='ocrx_word' id='word_1_154' title='bbox 2549 802 2822 856; x_wconf 80' lang='lat' dir='ltr'>comitata</span> <span class='ocrx_word' id='word_1_155' title='bbox 2870 802 3085 856; x_wconf 83' lang='lat' dir='ltr'>incedit</span> <span class='ocrx_word' id='word_1_156' title='bbox 3129 804 3259 869; x_wconf 72' lang='lat' dir='ltr'>(tit),</span> <span class='ocrx_word' id='word_1_157' title='bbox 3305 808 3360 857; x_wconf 87' lang='lat' dir='ltr'>et</span> <span class='ocrx_word' id='word_1_158' title='bbox 3393 802 3607 875; x_wconf 84' lang='lat' dir='ltr'>stipata</span> 
     </span>
    </p>
   </div>
   <div class='ocr_carea' id='block_1_24' title="bbox 1962 889 3603 953">
    <p class='ocr_par' dir='ltr' id='par_1_24' title="bbox 1962 889 3603 953">
     <span class='ocr_line' id='line_1_24' title="bbox 1962 889 3603 953; baseline 0.002 -10"><span class='ocrx_word' id='word_1_159' title='bbox 1962 889 2212 953; x_wconf 86' lang='lat' dir='ltr'>advenit,</span> <span class='ocrx_word' id='word_1_160' title='bbox 2249 890 2625 945; x_wconf 81' lang='lat' dir='ltr'>sobrietatem</span> <span class='ocrx_word' id='word_1_161' title='bbox 2668 891 2910 949; x_wconf 77' lang='lat' dir='ltr'>scilicet,</span> <span class='ocrx_word' id='word_1_162' title='bbox 2962 891 3305 946; x_wconf 77' lang='lat' dir='ltr'>modestiam</span> <span class='ocrx_word' id='word_1_163' title='bbox 3352 908 3416 946; x_wconf 90' lang='lat' dir='ltr'>ac</span> <span class='ocrx_word' id='word_1_164' title='bbox 3448 909 3603 947; x_wconf 85' lang='lat' dir='ltr'>vere-</span> 
     </span>
    </p>
   </div>
   <div class='ocr_carea' id='block_1_25' title="bbox 1963 977 3606 1051">
    <p class='ocr_par' dir='ltr' id='par_1_25' title="bbox 1963 977 3606 1051">
     <span class='ocr_line' id='line_1_25' title="bbox 1963 977 3606 1051; baseline 0.002 -20"><span class='ocrx_word' id='word_1_165' title='bbox 1963 977 2259 1044; x_wconf 87' lang='lat' dir='ltr'>cundiam,</span> <span class='ocrx_word' id='word_1_166' title='bbox 2295 978 2711 1049; x_wconf 75' lang='lat' dir='ltr'>parcimoniam</span> <span class='ocrx_word' id='word_1_167' title='bbox 2758 978 2891 1039; x_wconf 74' lang='lat' dir='ltr'>cibi,</span> <span class='ocrx_word' id='word_1_168' title='bbox 2924 979 3120 1049; x_wconf 69' lang='lat' dir='ltr'>fugam</span> <span class='ocrx_word' id='word_1_169' title='bbox 3171 978 3440 1047; x_wconf 78' lang='lat' dir='ltr'>lasciviae,</span> <span class='ocrx_word' id='word_1_170' title='bbox 3476 997 3606 1051; x_wconf 92' lang='lat' dir='ltr'>pro-</span> 
     </span>
    </p>
   </div>
   <div class='ocr_carea' id='block_1_26' title="bbox 1962 1065 3607 1139">
    <p class='ocr_par' dir='ltr' id='par_1_26' title="bbox 1962 1065 3607 1139">
     <span class='ocr_line' id='line_1_26' title="bbox 1962 1065 3607 1139; baseline 0.001 -19"><span class='ocrx_word' id='word_1_171' title='bbox 1962 1065 2242 1133; x_wconf 86' lang='lat' dir='ltr'>cacitatis,</span> <span class='ocrx_word' id='word_1_172' title='bbox 2298 1067 2647 1139; x_wconf 70' lang='lat' dir='ltr'>petulantiae,</span> <span class='ocrx_word' id='word_1_173' title='bbox 2696 1067 3023 1120; x_wconf 76' lang='lat' dir='ltr'>cantinnem</span> <span class='ocrx_word' id='word_1_174' title='bbox 3075 1066 3283 1122; x_wconf 82' lang='lat' dir='ltr'>seriam</span> <span class='ocrx_word' id='word_1_175' title='bbox 3318 1070 3451 1139; x_wconf 82' lang='grc'>(65),</span> <span class='ocrx_word' id='word_1_176' title='bbox 3487 1068 3607 1123; x_wconf 78' lang='lat' dir='ltr'>sol-</span> 
     </span>
    </p>
   </div>
   <div class='ocr_carea' id='block_1_27' title="bbox 1963 1153 3608 1217">
    <p class='ocr_par' dir='ltr' id='par_1_27' title="bbox 1963 1153 3608 1217">
     <span class='ocr_line' id='line_1_27' title="bbox 1963 1153 3608 1217; baseline 0.002 -9"><span class='ocrx_word' id='word_1_177' title='bbox 1963 1153 2180 1208; x_wconf 82' lang='lat' dir='ltr'>licitam</span> <span class='ocrx_word' id='word_1_178' title='bbox 2242 1156 2590 1217; x_wconf 77' lang='lat' dir='ltr'>custndiam,</span> <span class='ocrx_word' id='word_1_179' title='bbox 2651 1157 2843 1209; x_wconf 81' lang='lat' dir='ltr'>subito</span> <span class='ocrx_word' id='word_1_180' title='bbox 2894 1162 2991 1209; x_wconf 85' lang='lat' dir='ltr'>aut</span> <span class='ocrx_word' id='word_1_181' title='bbox 3031 1156 3325 1211; x_wconf 84' lang='lat' dir='ltr'>ebrietatis</span> <span class='ocrx_word' id='word_1_182' title='bbox 3366 1174 3608 1212; x_wconf 91' lang='lat' dir='ltr'>succen-</span> 
     </span>
    </p>
   </div>
   <div class='ocr_carea' id='block_1_28' title="bbox 1964 1243 3609 1315">
    <p class='ocr_par' dir='ltr' id='par_1_28' title="bbox 1964 1243 3609 1315">
     <span class='ocr_line' id='line_1_28' title="bbox 1964 1243 3609 1315; baseline 0.002 -19"><span class='ocrx_word' id='word_1_183' title='bbox 1964 1260 2064 1296; x_wconf 88' lang='lat' dir='ltr'>sus</span> <span class='ocrx_word' id='word_1_184' title='bbox 2113 1243 2321 1307; x_wconf 81' lang='lat' dir='ltr'>calore,</span> <span class='ocrx_word' id='word_1_185' title='bbox 2383 1250 2481 1297; x_wconf 87' lang='lat' dir='ltr'>aut</span> <span class='ocrx_word' id='word_1_186' title='bbox 2544 1245 2728 1315; x_wconf 78' lang='lat' dir='ltr'>ipsius</span> <span class='ocrx_word' id='word_1_187' title='bbox 2793 1246 2983 1296; x_wconf 83' lang='lat' dir='ltr'>carnis</span> <span class='ocrx_word' id='word_1_188' title='bbox 3017 1249 3180 1304; x_wconf 64' lang='lat' dir='ltr'>aestu.</span> <span class='ocrx_word' id='word_1_189' title='bbox 3223 1250 3322 1297; x_wconf 86' lang='lat' dir='ltr'>aut</span> <span class='ocrx_word' id='word_1_190' title='bbox 3363 1262 3609 1300; x_wconf 82' lang='lat' dir='ltr'>occursu</span> 
     </span>
    </p>
   </div>
   <div class='ocr_carea' id='block_1_29' title="bbox 1966 1332 3607 1405">
    <p class='ocr_par' dir='ltr' id='par_1_29' title="bbox 1966 1332 3607 1405">
     <span class='ocr_line' id='line_1_29' title="bbox 1966 1332 3607 1405; baseline 0.001 -19"><span class='ocrx_word' id='word_1_191' title='bbox 1966 1332 2161 1386; x_wconf 64' lang='lat' dir='ltr'>formai</span> <span class='ocrx_word' id='word_1_192' title='bbox 2193 1332 2562 1395; x_wconf 82' lang='lat' dir='ltr'>derentioris,</span> <span class='ocrx_word' id='word_1_193' title='bbox 2598 1349 2969 1403; x_wconf 72' lang='lat' dir='ltr'>nequaquam</span> <span class='ocrx_word' id='word_1_194' title='bbox 3006 1350 3066 1386; x_wconf 75' lang='lat' dir='ltr'>se</span> <span class='ocrx_word' id='word_1_195' title='bbox 3095 1337 3308 1395; x_wconf 83' lang='lat' dir='ltr'>teneat,</span> <span class='ocrx_word' id='word_1_196' title='bbox 3344 1350 3447 1387; x_wconf 87' lang='lat' dir='ltr'>nec</span> <span class='ocrx_word' id='word_1_197' title='bbox 3495 1332 3607 1405; x_wconf 84' lang='lat' dir='ltr'>legi</span> 
     </span>
    </p>
   </div>
   <div class='ocr_carea' id='block_1_30' title="bbox 1964 1420 3610 1490">
    <p class='ocr_par' dir='ltr' id='par_1_30' title="bbox 1964 1420 3610 1490">
     <span class='ocr_line' id='line_1_30' title="bbox 1964 1420 3610 1490; baseline 0.003 -19"><span class='ocrx_word' id='word_1_198' title='bbox 1964 1420 2156 1473; x_wconf 87' lang='lat' dir='ltr'>carnis</span> <span class='ocrx_word' id='word_1_199' title='bbox 2185 1426 2505 1490; x_wconf 77' lang='lat' dir='ltr'>repugnet;</span> <span class='ocrx_word' id='word_1_200' title='bbox 2542 1437 2732 1474; x_wconf 79' lang='lat' dir='ltr'>nonne</span> <span class='ocrx_word' id='word_1_201' title='bbox 2781 1421 2922 1473; x_wconf 83' lang='lat' dir='ltr'>dicit</span> <span class='ocrx_word' id='word_1_202' title='bbox 2953 1437 2963 1473; x_wconf 92' lang='lat'>:</span> <span class='ocrx_word' id='word_1_203' title='bbox 3003 1420 3197 1473; x_wconf 85' lang='lat' dir='ltr'>Putavi</span> <span class='ocrx_word' id='word_1_204' title='bbox 3234 1437 3354 1475; x_wconf 90' lang='lat' dir='ltr'>rem</span> <span class='ocrx_word' id='word_1_205' title='bbox 3387 1421 3610 1476; x_wconf 77' lang='lat' dir='ltr'>facilio-</span> 
     </span>
    </p>
   </div>
   <div class='ocr_carea' id='block_1_31' title="bbox 1967 1508 3611 1577">
    <p class='ocr_par' dir='ltr' id='par_1_31' title="bbox 1967 1508 3611 1577">
     <span class='ocr_line' id='line_1_31' title="bbox 1967 1508 3611 1577; baseline 0.003 -16"><span class='ocrx_word' id='word_1_206' title='bbox 1967 1524 2087 1561; x_wconf 87' lang='lat' dir='ltr'>rem</span> <span class='ocrx_word' id='word_1_207' title='bbox 2138 1508 2541 1561; x_wconf 80' lang='lat' dir='ltr'>castimoniam</span> <span class='ocrx_word' id='word_1_208' title='bbox 2599 1509 2761 1577; x_wconf 69' lang='lat' dir='ltr'>sequi</span> <span class='ocrx_word' id='word_1_209' title='bbox 2808 1526 2820 1562; x_wconf 88' lang='lat'>:</span> <span class='ocrx_word' id='word_1_210' title='bbox 2871 1525 3052 1576; x_wconf 72' lang='lat' dir='ltr'>supra</span> <span class='ocrx_word' id='word_1_211' title='bbox 3114 1508 3389 1563; x_wconf 89' lang='lat' dir='ltr'>humeros</span> <span class='ocrx_word' id='word_1_212' title='bbox 3428 1527 3611 1577; x_wconf 87' lang='lat' dir='ltr'>meos,</span> 
     </span>
    </p>
   </div>
   <div class='ocr_carea' id='block_1_32' title="bbox 1968 1595 3611 1669">
    <p class='ocr_par' dir='ltr' id='par_1_32' title="bbox 1968 1595 3611 1669">
     <span class='ocr_line' id='line_1_32' title="bbox 1968 1595 3611 1669; baseline 0.004 -21"><span class='ocrx_word' id='word_1_213' title='bbox 1968 1612 2146 1665; x_wconf 84' lang='lat' dir='ltr'>supra</span> <span class='ocrx_word' id='word_1_214' title='bbox 2187 1595 2338 1649; x_wconf 85' lang='lat' dir='ltr'>vires</span> <span class='ocrx_word' id='word_1_215' title='bbox 2388 1612 2547 1650; x_wconf 82' lang='lat' dir='ltr'>meas</span> <span class='ocrx_word' id='word_1_216' title='bbox 2597 1604 2702 1650; x_wconf 70' lang='lat' dir='ltr'>est.</span> <span class='ocrx_word' id='word_1_217' title='bbox 2741 1597 2925 1650; x_wconf 81' lang='lat' dir='ltr'>Rarus</span> <span class='ocrx_word' id='word_1_218' title='bbox 2975 1596 3067 1650; x_wconf 90' lang='lat' dir='ltr'>cui</span> <span class='ocrx_word' id='word_1_219' title='bbox 3125 1597 3611 1669; x_wconf 86' lang='lat' dir='ltr'>istajungantur.</span> 
     </span>
    </p>
   </div>
   <div class='ocr_carea' id='block_1_33' title="bbox 214 1683 3613 1787">
    <p class='ocr_par' dir='ltr' id='par_1_33' title="bbox 214 1683 3613 1787">
     <span class='ocr_line' id='line_1_33' title="bbox 214 1683 3613 1787; baseline 0.001 -48"><span class='ocrx_word' id='word_1_220' title='bbox 214 1685 341 1740; x_wconf 66' lang='lat' dir='ltr'>Haec</span> <span class='ocrx_word' id='word_1_221' title='bbox 372 1688 464 1739; x_wconf 89' lang='lat' dir='ltr'>est</span> <span class='ocrx_word' id='word_1_222' title='bbox 493 1701 672 1756; x_wconf 90' lang='lat' dir='ltr'>quam</span> <span class='ocrx_word' id='word_1_223' title='bbox 733 1685 844 1740; x_wconf 89' lang='lat' dir='ltr'>sibi</span> <span class='ocrx_word' id='word_1_224' title='bbox 903 1685 1176 1742; x_wconf 86' lang='lat' dir='ltr'>Salomon</span> <span class='ocrx_word' id='word_1_225' title='bbox 1229 1704 1464 1742; x_wconf 85' lang='lat' dir='ltr'>uxorem</span> <span class='ocrx_word' id='word_1_226' title='bbox 1525 1687 1854 1759; x_wconf 89' lang='lat' dir='ltr'>acquisivit.</span> <span class='ocrx_word' id='word_1_227' title='bbox 1891 1723 1936 1787; x_wconf 80' lang='grc' dir='ltr'><strong><em>Β</em></strong></span> <span class='ocrx_word' id='word_1_228' title='bbox 1968 1683 2125 1745; x_wconf 82' lang='lat' dir='ltr'>Vale,</span> <span class='ocrx_word' id='word_1_229' title='bbox 2181 1684 2439 1745; x_wconf 81' lang='lat' dir='ltr'>castitas.</span> <span class='ocrx_word' id='word_1_230' title='bbox 2474 1686 2694 1741; x_wconf 70' lang='lat' dir='ltr'>recede.</span> <span class='ocrx_word' id='word_1_231' title='bbox 2734 1685 2931 1737; x_wconf 75' lang='lat' dir='ltr'>recede</span> <span class='ocrx_word' id='word_1_232' title='bbox 2963 1685 3032 1737; x_wconf 88' lang='lat' dir='ltr'>de</span> <span class='ocrx_word' id='word_1_233' title='bbox 3072 1684 3286 1740; x_wconf 82' lang='lat' dir='ltr'>finibus</span> <span class='ocrx_word' id='word_1_234' title='bbox 3332 1702 3613 1743; x_wconf 87' lang='lat' dir='ltr'>sensuum</span> 
     </span>
    </p>
   </div>
   <div class='ocr_carea' id='block_1_34' title="bbox 214 1772 1861 1848">
    <p class='ocr_par' dir='ltr' id='par_1_34' title="bbox 214 1772 1861 1848">
     <span class='ocr_line' id='line_1_34' title="bbox 214 1772 1861 1848; baseline 0.003 -22"><span class='ocrx_word' id='word_1_235' title='bbox 214 1772 363 1827; x_wconf 82' lang='lat' dir='ltr'>Uxor</span> <span class='ocrx_word' id='word_1_236' title='bbox 389 1773 550 1827; x_wconf 85' lang='lat' dir='ltr'>enim</span> <span class='ocrx_word' id='word_1_237' title='bbox 619 1773 907 1845; x_wconf 67' lang='lat' dir='ltr'>praecipue</span> <span class='ocrx_word' id='word_1_238' title='bbox 966 1779 1058 1829; x_wconf 90' lang='lat' dir='ltr'>est</span> <span class='ocrx_word' id='word_1_239' title='bbox 1114 1775 1213 1829; x_wconf 91' lang='lat' dir='ltr'>uni</span> <span class='ocrx_word' id='word_1_240' title='bbox 1270 1776 1465 1830; x_wconf 88' lang='lat' dir='ltr'>debita</span> <span class='ocrx_word' id='word_1_241' title='bbox 1491 1776 1624 1847; x_wconf 83' lang='lat'>(95).</span> <span class='ocrx_word' id='word_1_242' title='bbox 1660 1776 1861 1848; x_wconf 89' lang='lat' dir='ltr'>Itaque</span> 
     </span>
    </p>
   </div>
   <div class='ocr_carea' id='block_1_35' title="bbox 212 1861 1862 1936">
    <p class='ocr_par' dir='ltr' id='par_1_35' title="bbox 212 1861 1862 1936">
     <span class='ocr_line' id='line_1_35' title="bbox 212 1861 1862 1936; baseline 0.002 -20"><span class='ocrx_word' id='word_1_243' title='bbox 212 1876 414 1916; x_wconf 89' lang='lat' dir='ltr'>omnes</span> <span class='ocrx_word' id='word_1_244' title='bbox 464 1861 713 1933; x_wconf 89' lang='lat' dir='ltr'>cupiuut</span> <span class='ocrx_word' id='word_1_245' title='bbox 754 1861 854 1916; x_wconf 87' lang='lat' dir='ltr'>tali</span> <span class='ocrx_word' id='word_1_246' title='bbox 908 1879 970 1916; x_wconf 90' lang='lat' dir='ltr'>se</span> <span class='ocrx_word' id='word_1_247' title='bbox 1019 1861 1229 1934; x_wconf 90' lang='lat' dir='ltr'>copula</span> <span class='ocrx_word' id='word_1_248' title='bbox 1284 1863 1493 1936; x_wconf 88' lang='lat' dir='ltr'>dignos</span> <span class='ocrx_word' id='word_1_249' title='bbox 1551 1863 1753 1931; x_wconf 90' lang='lat' dir='ltr'>videri,</span> <span class='ocrx_word' id='word_1_250' title='bbox 1801 1869 1862 1919; x_wconf 91' lang='lat' dir='ltr'>ut</span> 
     </span>
    </p>
   </div>
   <div class='ocr_carea' id='block_1_36' title="bbox 214 1948 1864 2024">
    <p class='ocr_par' dir='ltr' id='par_1_36' title="bbox 214 1948 1864 2024">
     <span class='ocr_line' id='line_1_36' title="bbox 214 1948 1864 2024; baseline 0.003 -21"><span class='ocrx_word' id='word_1_251' title='bbox 214 1948 448 2004; x_wconf 86' lang='lat' dir='ltr'>doleant</span> <span class='ocrx_word' id='word_1_252' title='bbox 478 1948 730 2020; x_wconf 85' lang='lat' dir='ltr'>aliquem</span> <span class='ocrx_word' id='word_1_253' title='bbox 764 1950 877 2004; x_wconf 88' lang='lat' dir='ltr'>sibi</span> <span class='ocrx_word' id='word_1_254' title='bbox 910 1950 1186 2021; x_wconf 65' lang='lat' dir='ltr'>praeferri.</span> <span class='ocrx_word' id='word_1_255' title='bbox 1220 1951 1360 2017; x_wconf 84' lang='lat' dir='ltr'>Quis</span> <span class='ocrx_word' id='word_1_256' title='bbox 1390 1957 1554 2008; x_wconf 87' lang='lat' dir='ltr'>tanta</span> <span class='ocrx_word' id='word_1_257' title='bbox 1575 1951 1735 2009; x_wconf 88' lang='lat' dir='ltr'>solus</span> <span class='ocrx_word' id='word_1_258' title='bbox 1767 1969 1864 2024; x_wconf 89' lang='lat' dir='ltr'>po-</span> 
     </span>
    </p>
   </div>
   <div class='ocr_carea' id='block_1_37' title="bbox 212 2036 1858 2112">
    <p class='ocr_par' dir='ltr' id='par_1_37' title="bbox 212 2036 1858 2112">
     <span class='ocr_line' id='line_1_37' title="bbox 212 2036 1858 2112; baseline 0.001 -21"><span class='ocrx_word' id='word_1_259' title='bbox 212 2039 389 2092; x_wconf 78' lang='lat' dir='ltr'>tiatur</span> <span class='ocrx_word' id='word_1_260' title='bbox 434 2036 920 2109; x_wconf 84' lang='lat' dir='ltr'>pulchritudine?</span> <span class='ocrx_word' id='word_1_261' title='bbox 978 2039 1151 2094; x_wconf 88' lang='lat' dir='ltr'>Soror</span> <span class='ocrx_word' id='word_1_262' title='bbox 1210 2045 1404 2095; x_wconf 86' lang='lat' dir='ltr'>autem</span> <span class='ocrx_word' id='word_1_263' title='bbox 1467 2042 1719 2112; x_wconf 90' lang='lat' dir='ltr'>quodam</span> <span class='ocrx_word' id='word_1_264' title='bbox 1775 2041 1858 2094; x_wconf 88' lang='lat' dir='ltr'>vel</span> 
     </span>
    </p>
   </div>
   <div class='ocr_carea' id='block_1_38' title="bbox 210 2126 1864 2200">
    <p class='ocr_par' dir='ltr' id='par_1_38' title="bbox 210 2126 1864 2200">
     <span class='ocr_line' id='line_1_38' title="bbox 210 2126 1864 2200; baseline 0.004 -21"><span class='ocrx_word' id='word_1_265' title='bbox 210 2126 340 2196; x_wconf 89' lang='lat' dir='ltr'>jure</span> <span class='ocrx_word' id='word_1_266' title='bbox 360 2126 788 2197; x_wconf 84' lang='lat' dir='ltr'>germanitatis,</span> <span class='ocrx_word' id='word_1_267' title='bbox 821 2126 906 2182; x_wconf 88' lang='lat' dir='ltr'>vel</span> <span class='ocrx_word' id='word_1_268' title='bbox 927 2128 1163 2182; x_wconf 90' lang='lat' dir='ltr'>nomine</span> <span class='ocrx_word' id='word_1_269' title='bbox 1180 2127 1470 2200; x_wconf 89' lang='lat' dir='ltr'>plerisque</span> <span class='ocrx_word' id='word_1_270' title='bbox 1488 2130 1760 2184; x_wconf 82' lang='lat' dir='ltr'>sociatur.</span> <span class='ocrx_word' id='word_1_271' title='bbox 1793 2131 1864 2185; x_wconf 90' lang='lat' dir='ltr'>Et</span> 
     </span>
    </p>
   </div>
   <div class='ocr_carea' id='block_1_39' title="bbox 221 2214 1865 2289">
    <p class='ocr_par' dir='ltr' id='par_1_39' title="bbox 221 2214 1865 2289">
     <span class='ocr_line' id='line_1_39' title="bbox 221 2214 1865 2289; baseline 0.003 -22"><span class='ocrx_word' id='word_1_272' title='bbox 221 2214 342 2269; x_wconf 89' lang='lat' dir='ltr'>ideo</span> <span class='ocrx_word' id='word_1_273' title='bbox 368 2230 570 2269; x_wconf 88' lang='lat' dir='ltr'>verum</span> <span class='ocrx_word' id='word_1_274' title='bbox 604 2219 922 2270; x_wconf 86' lang='lat' dir='ltr'>amatorem</span> <span class='ocrx_word' id='word_1_275' title='bbox 973 2232 1146 2270; x_wconf 90' lang='lat' dir='ltr'>suum</span> <span class='ocrx_word' id='word_1_276' title='bbox 1192 2216 1484 2288; x_wconf 89' lang='lat' dir='ltr'>integrum</span> <span class='ocrx_word' id='word_1_277' title='bbox 1534 2218 1607 2272; x_wconf 90' lang='lat' dir='ltr'>ab</span> <span class='ocrx_word' id='word_1_278' title='bbox 1647 2218 1865 2289; x_wconf 78' lang='lat' dir='ltr'>injuria</span> 
     </span>
    </p>
   </div>
   <div class='ocr_carea' id='block_1_40' title="bbox 229 2305 497 2358">
    <p class='ocr_par' dir='ltr' id='par_1_40' title="bbox 229 2305 497 2358">
     <span class='ocr_line' id='line_1_40' title="bbox 229 2305 497 2358; baseline 0.004 -1"><span class='ocrx_word' id='word_1_279' title='bbox 229 2305 497 2358; x_wconf 85' lang='lat' dir='ltr'>reservat.</span> 
     </span>
    </p>
   </div>
   <div class='ocr_carea' id='block_1_41' title="bbox 295 2391 1866 2468">
    <p class='ocr_par' dir='ltr' id='par_1_41' title="bbox 295 2391 1866 2468">
     <span class='ocr_line' id='line_1_41' title="bbox 295 2391 1866 2468; baseline 0.003 -23"><span class='ocrx_word' id='word_1_280' title='bbox 295 2393 380 2446; x_wconf 89' lang='grc'>16.</span> <span class='ocrx_word' id='word_1_281' title='bbox 408 2391 571 2447; x_wconf 88' lang='lat' dir='ltr'>Unde</span> <span class='ocrx_word' id='word_1_282' title='bbox 602 2392 868 2449; x_wconf 75' lang='lat' dir='ltr'>videntes</span> <span class='ocrx_word' id='word_1_283' title='bbox 906 2410 1033 2449; x_wconf 90' lang='lat' dir='ltr'>eam</span> <span class='ocrx_word' id='word_1_284' title='bbox 1056 2393 1329 2466; x_wconf 62' lang='lat' dir='ltr'>Egyptii,</span> <span class='ocrx_word' id='word_1_285' title='bbox 1362 2395 1460 2466; x_wconf 89' lang='lat' dir='ltr'>qui</span> <span class='ocrx_word' id='word_1_286' title='bbox 1480 2412 1593 2450; x_wconf 93' lang='lat' dir='ltr'>non</span> <span class='ocrx_word' id='word_1_287' title='bbox 1629 2400 1866 2468; x_wconf 87' lang='lat' dir='ltr'>possent</span> 
     </span>
    </p>
   </div>
   <div class='ocr_carea' id='block_1_42' title="bbox 226 2479 1862 2557">
    <p class='ocr_par' dir='ltr' id='par_1_42' title="bbox 226 2479 1862 2557">
     <span class='ocr_line' id='line_1_42' title="bbox 226 2479 1862 2557; baseline 0.002 -24"><span class='ocrx_word' id='word_1_288' title='bbox 226 2479 569 2549; x_wconf 83' lang='lat' dir='ltr'>discernere,</span> <span class='ocrx_word' id='word_1_289' title='bbox 627 2498 732 2536; x_wconf 90' lang='lat' dir='ltr'>nec</span> <span class='ocrx_word' id='word_1_290' title='bbox 777 2481 1007 2538; x_wconf 84' lang='lat' dir='ltr'>virtutis</span> <span class='ocrx_word' id='word_1_291' title='bbox 1061 2482 1307 2538; x_wconf 83' lang='lat' dir='ltr'>formam</span> <span class='ocrx_word' id='word_1_292' title='bbox 1339 2499 1708 2557; x_wconf 87' lang='lat' dir='ltr'>cognoscere,</span> <span class='ocrx_word' id='word_1_293' title='bbox 1740 2482 1862 2538; x_wconf 92' lang='lat' dir='ltr'>vul-</span> 
     </span>
    </p>
   </div>
   <div class='ocr_carea' id='block_1_43' title="bbox 223 2569 1862 2645">
    <p class='ocr_par' dir='ltr' id='par_1_43' title="bbox 223 2569 1862 2645">
     <span class='ocr_line' id='line_1_43' title="bbox 223 2569 1862 2645; baseline 0.003 -22"><span class='ocrx_word' id='word_1_294' title='bbox 223 2569 342 2639; x_wconf 85' lang='lat' dir='ltr'>gari</span> <span class='ocrx_word' id='word_1_295' title='bbox 373 2569 731 2624; x_wconf 67' lang='lat' dir='ltr'>aestimantes</span> <span class='ocrx_word' id='word_1_296' title='bbox 762 2570 1007 2641; x_wconf 88' lang='lat' dir='ltr'>judicio,</span> <span class='ocrx_word' id='word_1_297' title='bbox 1041 2570 1396 2627; x_wconf 81' lang='lat' dir='ltr'>induxerunt</span> <span class='ocrx_word' id='word_1_298' title='bbox 1445 2573 1516 2628; x_wconf 88' lang='lat' dir='ltr'>ad</span> <span class='ocrx_word' id='word_1_299' title='bbox 1551 2577 1862 2645; x_wconf 85' lang='lat' dir='ltr'>tyrannum</span> 
     </span>
    </p>
   </div>
   <div class='ocr_carea' id='block_1_44' title="bbox 227 2658 1864 2733">
    <p class='ocr_par' dir='ltr' id='par_1_44' title="bbox 227 2658 1864 2733">
     <span class='ocr_line' id='line_1_44' title="bbox 227 2658 1864 2733; baseline 0.002 -21"><span class='ocrx_word' id='word_1_300' title='bbox 227 2658 381 2726; x_wconf 57' lang='lat' dir='ltr'>glbid.</span> <span class='ocrx_word' id='word_1_301' title='bbox 435 2658 543 2729; x_wconf 86' lang='grc'>15),</span> <span class='ocrx_word' id='word_1_302' title='bbox 606 2658 715 2713; x_wconf 90' lang='lat' dir='ltr'>hoc</span> <span class='ocrx_word' id='word_1_303' title='bbox 771 2664 879 2726; x_wconf 87' lang='lat' dir='ltr'>est,</span> <span class='ocrx_word' id='word_1_304' title='bbox 939 2660 1012 2714; x_wconf 87' lang='lat' dir='ltr'>ad</span> <span class='ocrx_word' id='word_1_305' title='bbox 1067 2664 1319 2715; x_wconf 88' lang='lat' dir='ltr'>mentem</span> <span class='ocrx_word' id='word_1_306' title='bbox 1380 2663 1692 2733; x_wconf 84' lang='lat' dir='ltr'>superbam</span> <span class='ocrx_word' id='word_1_307' title='bbox 1738 2678 1864 2733; x_wconf 68' lang='lat' dir='ltr'>quae</span> 
     </span>
    </p>
   </div>
   <div class='ocr_carea' id='block_1_45' title="bbox 220 2745 1868 2817">
    <p class='ocr_par' dir='ltr' id='par_1_45' title="bbox 220 2745 1868 2817">
     <span class='ocr_line' id='line_1_45' title="bbox 220 2745 1868 2817; baseline 0.005 -18"><span class='ocrx_word' id='word_1_308' title='bbox 220 2745 446 2815; x_wconf 89' lang='lat' dir='ltr'>pondus</span> <span class='ocrx_word' id='word_1_309' title='bbox 478 2746 773 2817; x_wconf 68' lang='lat' dir='ltr'>sapientiae</span> <span class='ocrx_word' id='word_1_310' title='bbox 828 2764 941 2802; x_wconf 88' lang='lat' dir='ltr'>non</span> <span class='ocrx_word' id='word_1_311' title='bbox 976 2747 1276 2815; x_wconf 87' lang='lat' dir='ltr'>sustinuit,</span> <span class='ocrx_word' id='word_1_312' title='bbox 1331 2752 1387 2803; x_wconf 90' lang='lat' dir='ltr'>et</span> <span class='ocrx_word' id='word_1_313' title='bbox 1428 2748 1556 2806; x_wconf 90' lang='lat' dir='ltr'>ideo</span> <span class='ocrx_word' id='word_1_314' title='bbox 1590 2750 1868 2807; x_wconf 85' lang='lat' dir='ltr'>afﬂictata</span> 
     </span>
    </p>
   </div>
   <div class='ocr_carea' id='block_1_46' title="bbox 222 2834 1865 2909">
    <p class='ocr_par' dir='ltr' id='par_1_46' title="bbox 222 2834 1865 2909">
     <span class='ocr_line' id='line_1_46' title="bbox 222 2834 1865 2909; baseline 0.004 -22"><span class='ocrx_word' id='word_1_315' title='bbox 222 2839 327 2888; x_wconf 89' lang='lat' dir='ltr'>est.</span> <span class='ocrx_word' id='word_1_316' title='bbox 360 2834 589 2889; x_wconf 86' lang='lat' dir='ltr'>Etenim</span> <span class='ocrx_word' id='word_1_317' title='bbox 650 2852 784 2890; x_wconf 91' lang='lat' dir='ltr'>cum</span> <span class='ocrx_word' id='word_1_318' title='bbox 845 2836 1105 2891; x_wconf 89' lang='lat' dir='ltr'>animam</span> <span class='ocrx_word' id='word_1_319' title='bbox 1156 2836 1484 2909; x_wconf 90' lang='lat' dir='ltr'>improbam</span> <span class='ocrx_word' id='word_1_320' title='bbox 1516 2838 1745 2893; x_wconf 88' lang='lat' dir='ltr'>virtutis</span> <span class='ocrx_word' id='word_1_321' title='bbox 1777 2839 1865 2894; x_wconf 89' lang='lat' dir='ltr'>in-</span> 
     </span>
    </p>
   </div>
   <div class='ocr_carea' id='block_1_47' title="bbox 226 2923 1867 2999">
    <p class='ocr_par' dir='ltr' id='par_1_47' title="bbox 226 2923 1867 2999">
     <span class='ocr_line' id='line_1_47' title="bbox 226 2923 1867 2999; baseline 0.005 -25"><span class='ocrx_word' id='word_1_322' title='bbox 226 2923 461 2977; x_wconf 86' lang='lat' dir='ltr'>traverit</span> <span class='ocrx_word' id='word_1_323' title='bbox 489 2939 703 2990; x_wconf 88' lang='lat' dir='ltr'>sermo,</span> <span class='ocrx_word' id='word_1_324' title='bbox 765 2924 1062 2997; x_wconf 82' lang='lat' dir='ltr'>redarguit</span> <span class='ocrx_word' id='word_1_325' title='bbox 1115 2942 1243 2981; x_wconf 89' lang='lat' dir='ltr'>eam</span> <span class='ocrx_word' id='word_1_326' title='bbox 1301 2926 1504 2999; x_wconf 73' lang='lat' dir='ltr'>culpae,</span> <span class='ocrx_word' id='word_1_327' title='bbox 1538 2927 1867 2999; x_wconf 88' lang='lat' dir='ltr'>errorisque</span> 
     </span>
    </p>
   </div>
   <div class='ocr_carea' id='block_1_48' title="bbox 226 3011 1862 3087">
    <p class='ocr_par' dir='ltr' id='par_1_48' title="bbox 226 3011 1862 3087">
     <span class='ocr_line' id='line_1_48' title="bbox 226 3011 1862 3087; baseline 0.003 -23"><span class='ocrx_word' id='word_1_328' title='bbox 226 3011 445 3080; x_wconf 88' lang='lat' dir='ltr'>pudore</span> <span class='ocrx_word' id='word_1_329' title='bbox 501 3012 703 3078; x_wconf 80' lang='lat' dir='ltr'>afﬁcit,</span> <span class='ocrx_word' id='word_1_330' title='bbox 763 3018 819 3067; x_wconf 90' lang='lat' dir='ltr'>et</span> <span class='ocrx_word' id='word_1_331' title='bbox 889 3013 1278 3085; x_wconf 88' lang='lat' dir='ltr'>prolapsionis</span> <span class='ocrx_word' id='word_1_332' title='bbox 1354 3018 1590 3087; x_wconf 88' lang='lat' dir='ltr'>torquet</span> <span class='ocrx_word' id='word_1_333' title='bbox 1647 3016 1862 3071; x_wconf 90' lang='lat' dir='ltr'>dolore.</span> 
     </span>
    </p>
   </div>
   <div class='ocr_carea' id='block_1_49' title="bbox 1971 1772 3614 1830">
    <p class='ocr_par' dir='ltr' id='par_1_49' title="bbox 1971 1772 3614 1830">
     <span class='ocr_line' id='line_1_49' title="bbox 1971 1772 3614 1830; baseline 0.002 -4"><span class='ocrx_word' id='word_1_334' title='bbox 1971 1787 2254 1826; x_wconf 90' lang='lat' dir='ltr'>meorum.</span> <span class='ocrx_word' id='word_1_335' title='bbox 2316 1772 2564 1826; x_wconf 80' lang='lat' dir='ltr'>Recurre</span> <span class='ocrx_word' id='word_1_336' title='bbox 2616 1784 2728 1825; x_wconf 67' lang='lat' dir='ltr'>cm»</span> <span class='ocrx_word' id='word_1_337' title='bbox 2779 1789 2843 1827; x_wconf 91' lang='lat' dir='ltr'>eo</span> <span class='ocrx_word' id='word_1_338' title='bbox 2878 1772 3029 1826; x_wconf 81' lang='lat' dir='ltr'>unde</span> <span class='ocrx_word' id='word_1_339' title='bbox 3079 1772 3191 1826; x_wconf 87' lang='lat' dir='ltr'>huc</span> <span class='ocrx_word' id='word_1_340' title='bbox 3221 1774 3461 1828; x_wconf 89' lang='lat' dir='ltr'>venisti:</span> <span class='ocrx_word' id='word_1_341' title='bbox 3497 1792 3614 1830; x_wconf 89' lang='lat' dir='ltr'>non</span> 
     </span>
    </p>
   </div>
   <div class='ocr_carea' id='block_1_50' title="bbox 1971 1859 3614 1934">
    <p class='ocr_par' dir='ltr' id='par_1_50' title="bbox 1971 1859 3614 1934">
     <span class='ocr_line' id='line_1_50' title="bbox 1971 1859 3614 1934; baseline 0.002 -19"><span class='ocrx_word' id='word_1_342' title='bbox 1971 1859 2231 1915; x_wconf 88' lang='lat' dir='ltr'>sustineo</span> <span class='ocrx_word' id='word_1_343' title='bbox 2262 1861 2627 1931; x_wconf 77' lang='lat' dir='ltr'>praesentiam</span> <span class='ocrx_word' id='word_1_344' title='bbox 2665 1868 2845 1921; x_wconf 83' lang='lat' dir='ltr'>tuam.</span> <span class='ocrx_word' id='word_1_345' title='bbox 2897 1860 3126 1930; x_wconf 74' lang='lat' dir='ltr'>affligor</span> <span class='ocrx_word' id='word_1_346' title='bbox 3153 1862 3428 1933; x_wconf 82' lang='lat' dir='ltr'>gravibus</span> <span class='ocrx_word' id='word_1_347' title='bbox 3459 1880 3614 1934; x_wconf 68' lang='lat' dir='ltr'>quaa-</span> 
     </span>
    </p>
   </div>
   <div class='ocr_carea' id='block_1_51' title="bbox 1972 1948 3617 2021">
    <p class='ocr_par' dir='ltr' id='par_1_51' title="bbox 1972 1948 3617 2021">
     <span class='ocr_line' id='line_1_51' title="bbox 1972 1948 3617 2021; baseline 0.004 -20"><span class='ocrx_word' id='word_1_348' title='bbox 1972 1948 2280 2014; x_wconf 88' lang='lat' dir='ltr'>stionibus,</span> <span class='ocrx_word' id='word_1_349' title='bbox 2307 1949 2446 2002; x_wconf 90' lang='lat' dir='ltr'>dum</span> <span class='ocrx_word' id='word_1_350' title='bbox 2480 1949 2787 2003; x_wconf 85' lang='lat' dir='ltr'>tenendam</span> <span class='ocrx_word' id='word_1_351' title='bbox 2823 1954 2876 2002; x_wconf 87' lang='lat' dir='ltr'>te</span> <span class='ocrx_word' id='word_1_352' title='bbox 2906 1950 3175 2017; x_wconf 88' lang='lat' dir='ltr'>arbitror,</span> <span class='ocrx_word' id='word_1_353' title='bbox 3213 1966 3390 2021; x_wconf 88' lang='lat' dir='ltr'>quam</span> <span class='ocrx_word' id='word_1_354' title='bbox 3422 1956 3617 2007; x_wconf 89' lang='lat' dir='ltr'>tenere</span> 
     </span>
    </p>
   </div>
   <div class='ocr_carea' id='block_1_52' title="bbox 1973 2052 2390 2106">
    <p class='ocr_par' dir='ltr' id='par_1_52' title="bbox 1973 2052 2390 2106">
     <span class='ocr_line' id='line_1_52' title="bbox 1973 2052 2390 2106; baseline 0.002 -17"><span class='ocrx_word' id='word_1_355' title='bbox 1973 2053 2085 2090; x_wconf 90' lang='lat' dir='ltr'>non</span> <span class='ocrx_word' id='word_1_356' title='bbox 2128 2052 2390 2106; x_wconf 83' lang='lat' dir='ltr'>possum.</span> 
     </span>
    </p>
   </div>
   <div class='ocr_carea' id='block_1_53' title="bbox 2046 2126 3616 2198">
    <p class='ocr_par' dir='ltr' id='par_1_53' title="bbox 2046 2126 3616 2198">
     <span class='ocr_line' id='line_1_53' title="bbox 2046 2126 3616 2198; baseline 0.004 -19"><span class='ocrx_word' id='word_1_357' title='bbox 2046 2126 2129 2179; x_wconf 71' lang='lat'>18.</span> <span class='ocrx_word' id='word_1_358' title='bbox 2163 2126 2485 2180; x_wconf 88' lang='lat' dir='ltr'>Conversus</span> <span class='ocrx_word' id='word_1_359' title='bbox 2550 2127 2755 2179; x_wconf 68' lang='lat' dir='ltr'>deinde</span> <span class='ocrx_word' id='word_1_360' title='bbox 2805 2126 2874 2179; x_wconf 89' lang='lat' dir='ltr'>ad</span> <span class='ocrx_word' id='word_1_361' title='bbox 2944 2126 3201 2198; x_wconf 90' lang='lat' dir='ltr'>aliquem</span> <span class='ocrx_word' id='word_1_362' title='bbox 3269 2129 3616 2186; x_wconf 87' lang='lat' dir='ltr'>monitorem</span> 
     </span>
    </p>
   </div>
   <div class='ocr_carea' id='block_1_54' title="bbox 1972 2212 3618 2285">
    <p class='ocr_par' dir='ltr' id='par_1_54' title="bbox 1972 2212 3618 2285">
     <span class='ocr_line' id='line_1_54' title="bbox 1972 2212 3618 2285; baseline 0.005 -19"><span class='ocrx_word' id='word_1_363' title='bbox 1972 2212 2083 2268; x_wconf 87' lang='lat' dir='ltr'>sui.</span> <span class='ocrx_word' id='word_1_364' title='bbox 2121 2213 2209 2267; x_wconf 89' lang='lat' dir='ltr'>cui</span> <span class='ocrx_word' id='word_1_365' title='bbox 2246 2214 2535 2268; x_wconf 82' lang='lat' dir='ltr'>studuerit</span> <span class='ocrx_word' id='word_1_366' title='bbox 2567 2215 2620 2267; x_wconf 86' lang='lat' dir='ltr'>in</span> <span class='ocrx_word' id='word_1_367' title='bbox 2660 2216 2787 2285; x_wconf 79' lang='lat' dir='ltr'>ejus</span> <span class='ocrx_word' id='word_1_368' title='bbox 2820 2219 3072 2269; x_wconf 86' lang='lat' dir='ltr'>mentem</span> <span class='ocrx_word' id='word_1_369' title='bbox 3104 2216 3375 2272; x_wconf 87' lang='lat' dir='ltr'>inducere</span> <span class='ocrx_word' id='word_1_370' title='bbox 3420 2236 3618 2275; x_wconf 87' lang='lat' dir='ltr'>assue-</span> 
     </span>
    </p>
   </div>
   <div class='ocr_carea' id='block_1_55' title="bbox 1974 2302 3614 2376">
    <p class='ocr_par' dir='ltr' id='par_1_55' title="bbox 1974 2302 3614 2376">
     <span class='ocr_line' id='line_1_55' title="bbox 1974 2302 3614 2376; baseline 0.004 -20"><span class='ocrx_word' id='word_1_371' title='bbox 1974 2302 2236 2357; x_wconf 89' lang='lat' dir='ltr'>tudincm</span> <span class='ocrx_word' id='word_1_372' title='bbox 2289 2302 2665 2370; x_wconf 65' lang='lat' dir='ltr'>castimoniae,</span> <span class='ocrx_word' id='word_1_373' title='bbox 2719 2304 2976 2374; x_wconf 58' lang='lat' dir='ltr'>allegans</span> <span class='ocrx_word' id='word_1_374' title='bbox 3031 2322 3144 2359; x_wconf 90' lang='lat' dir='ltr'>non</span> <span class='ocrx_word' id='word_1_375' title='bbox 3199 2306 3439 2361; x_wconf 88' lang='lat' dir='ltr'>arduam</span> <span class='ocrx_word' id='word_1_376' title='bbox 3476 2307 3614 2376; x_wconf 74' lang='lat' dir='ltr'>fore,</span> 
     </span>
    </p>
   </div>
   <div class='ocr_carea' id='block_1_56' title="bbox 1975 2390 3616 2464">
    <p class='ocr_par' dir='ltr' id='par_1_56' title="bbox 1975 2390 3616 2464">
     <span class='ocr_line' id='line_1_56' title="bbox 1975 2390 3616 2464; baseline 0.005 -20"><span class='ocrx_word' id='word_1_377' title='bbox 1975 2408 2078 2445; x_wconf 87' lang='lat' dir='ltr'>nec</span> <span class='ocrx_word' id='word_1_378' title='bbox 2112 2390 2557 2461; x_wconf 79' lang='lat' dir='ltr'>impossibilem,</span> <span class='ocrx_word' id='word_1_379' title='bbox 2593 2393 2691 2447; x_wconf 87' lang='lat' dir='ltr'>sed</span> <span class='ocrx_word' id='word_1_380' title='bbox 2725 2392 2991 2463; x_wconf 83' lang='lat' dir='ltr'>pluribus</span> <span class='ocrx_word' id='word_1_381' title='bbox 3030 2393 3269 2464; x_wconf 83' lang='lat' dir='ltr'>sociam,</span> <span class='ocrx_word' id='word_1_382' title='bbox 3306 2395 3616 2451; x_wconf 85' lang='lat' dir='ltr'>ﬁnitimam</span> 
     </span>
    </p>
   </div>
   <div class='ocr_carea' id='block_1_57' title="bbox 1974 2480 3617 2557">
    <p class='ocr_par' dir='ltr' id='par_1_57' title="bbox 1974 2480 3617 2557">
     <span class='ocr_line' id='line_1_57' title="bbox 1974 2480 3617 2557; baseline 0.004 -23"><span class='ocrx_word' id='word_1_383' title='bbox 1974 2480 2275 2539; x_wconf 81' lang='lat' dir='ltr'>studiosis.</span> <span class='ocrx_word' id='word_1_384' title='bbox 2350 2480 2781 2534; x_wconf 82' lang='lat' dir='ltr'>convenientem</span> <span class='ocrx_word' id='word_1_385' title='bbox 2862 2483 3207 2537; x_wconf 75' lang='lat' dir='ltr'>voluntariis</span> <span class='ocrx_word' id='word_1_386' title='bbox 3270 2485 3402 2557; x_wconf 66' lang='lat'>(9(3),</span> <span class='ocrx_word' id='word_1_387' title='bbox 3469 2485 3617 2551; x_wconf 86' lang='lat' dir='ltr'>Quid</span> 
     </span>
    </p>
   </div>
   <div class='ocr_carea' id='block_1_58' title="bbox 1976 2567 3618 2638">
    <p class='ocr_par' dir='ltr' id='par_1_58' title="bbox 1976 2567 3618 2638">
     <span class='ocr_line' id='line_1_58' title="bbox 1976 2567 3618 2638; baseline 0.004 -17"><span class='ocrx_word' id='word_1_388' title='bbox 1976 2569 2101 2633; x_wconf 75' lang='lat' dir='ltr'>hoc,</span> <span class='ocrx_word' id='word_1_389' title='bbox 2138 2568 2348 2638; x_wconf 90' lang='lat' dir='ltr'>inquit,</span> <span class='ocrx_word' id='word_1_390' title='bbox 2402 2567 2587 2621; x_wconf 88' lang='lat' dir='ltr'>fecisti</span> <span class='ocrx_word' id='word_1_391' title='bbox 2639 2568 2776 2622; x_wconf 82' lang='lat' dir='ltr'>mihi</span> <span class='ocrx_word' id='word_1_392' title='bbox 2803 2568 2830 2621; x_wconf 88' lang='lat'>‘?</span> <span class='ocrx_word' id='word_1_393' title='bbox 2859 2569 3042 2632; x_wconf 85' lang='lat' dir='ltr'>Quare</span> <span class='ocrx_word' id='word_1_394' title='bbox 3094 2588 3205 2625; x_wconf 92' lang='lat' dir='ltr'>non</span> <span class='ocrx_word' id='word_1_395' title='bbox 3240 2571 3439 2627; x_wconf 83' lang='lat' dir='ltr'>dixisti</span> <span class='ocrx_word' id='word_1_396' title='bbox 3473 2573 3618 2627; x_wconf 88' lang='lat' dir='ltr'>mihi</span> 
     </span>
    </p>
   </div>
   <div class='ocr_carea' id='block_1_59' title="bbox 1974 2656 3613 2730">
    <p class='ocr_par' dir='ltr' id='par_1_59' title="bbox 1974 2656 3613 2730">
     <span class='ocr_line' id='line_1_59' title="bbox 1974 2656 3613 2730; baseline 0.005 -23"><span class='ocrx_word' id='word_1_397' title='bbox 1974 2659 2106 2729; x_wconf 83' lang='lat' dir='ltr'>quia</span> <span class='ocrx_word' id='word_1_398' title='bbox 2157 2673 2299 2710; x_wconf 87' lang='lat' dir='ltr'>uxor</span> <span class='ocrx_word' id='word_1_399' title='bbox 2326 2656 2585 2711; x_wconf 85' lang='lat' dir='ltr'>tuaest?</span> <span class='ocrx_word' id='word_1_400' title='bbox 2619 2657 2733 2711; x_wconf 83' lang='lat' dir='ltr'>Hoc</span> <span class='ocrx_word' id='word_1_401' title='bbox 2766 2662 2873 2721; x_wconf 85' lang='lat' dir='ltr'>est,</span> <span class='ocrx_word' id='word_1_402' title='bbox 2909 2674 3032 2728; x_wconf 65' lang='lat' dir='ltr'>quae</span> <span class='ocrx_word' id='word_1_403' title='bbox 3066 2675 3177 2713; x_wconf 90' lang='lat' dir='ltr'>non</span> <span class='ocrx_word' id='word_1_404' title='bbox 3203 2660 3613 2730; x_wconf 87' lang='lat' dir='ltr'>perfunctorie,</span> 
     </span>
    </p>
   </div>
   <div class='ocr_carea' id='block_1_60' title="bbox 1976 2744 3616 2816">
    <p class='ocr_par' dir='ltr' id='par_1_60' title="bbox 1976 2744 3616 2816">
     <span class='ocr_line' id='line_1_60' title="bbox 1976 2744 3616 2816; baseline 0.002 -17"><span class='ocrx_word' id='word_1_405' title='bbox 1976 2746 2073 2799; x_wconf 85' lang='lat' dir='ltr'>sed</span> <span class='ocrx_word' id='word_1_406' title='bbox 2110 2744 2367 2816; x_wconf 81' lang='lat' dir='ltr'>legitimo</span> <span class='ocrx_word' id='word_1_407' title='bbox 2413 2750 2678 2799; x_wconf 81' lang='lat' dir='ltr'>teneatur</span> <span class='ocrx_word' id='word_1_408' title='bbox 2725 2746 3015 2816; x_wconf 64' lang='lat' dir='ltr'>coningio,</span> <span class='ocrx_word' id='word_1_409' title='bbox 3060 2763 3258 2801; x_wconf 89' lang='lat' dir='ltr'>secum</span> <span class='ocrx_word' id='word_1_410' title='bbox 3300 2748 3616 2804; x_wconf 81' lang='lat' dir='ltr'>maximam</span> 
     </span>
    </p>
   </div>
   <div class='ocr_carea' id='block_1_61' title="bbox 1975 2834 3616 2908">
    <p class='ocr_par' dir='ltr' id='par_1_61' title="bbox 1975 2834 3616 2908">
     <span class='ocr_line' id='line_1_61' title="bbox 1975 2834 3616 2908; baseline 0.004 -21"><span class='ocrx_word' id='word_1_411' title='bbox 1975 2835 2139 2889; x_wconf 87' lang='lat' dir='ltr'>vehat</span> <span class='ocrx_word' id='word_1_412' title='bbox 2175 2835 2391 2894; x_wconf 85' lang='lat' dir='ltr'>dotem.</span> <span class='ocrx_word' id='word_1_413' title='bbox 2425 2852 2549 2904; x_wconf 70' lang='lat' dir='ltr'>quae</span> <span class='ocrx_word' id='word_1_414' title='bbox 2599 2834 2832 2889; x_wconf 75' lang='lat' dir='ltr'>invehat</span> <span class='ocrx_word' id='word_1_415' title='bbox 2884 2835 3082 2908; x_wconf 85' lang='lat' dir='ltr'>gravia</span> <span class='ocrx_word' id='word_1_416' title='bbox 3112 2852 3286 2891; x_wconf 82' lang='lat' dir='ltr'>onera</span> <span class='ocrx_word' id='word_1_417' title='bbox 3317 2837 3616 2893; x_wconf 84' lang='lat' dir='ltr'>matrimo-</span> 
     </span>
    </p>
   </div>
   <div class='ocr_carea' id='block_1_62' title="bbox 1976 2924 3618 2995">
    <p class='ocr_par' dir='ltr' id='par_1_62' title="bbox 1976 2924 3618 2995">
     <span class='ocr_line' id='line_1_62' title="bbox 1976 2924 3618 2995; baseline 0.002 -18"><span class='ocrx_word' id='word_1_418' title='bbox 1976 2925 2076 2989; x_wconf 86' lang='lat' dir='ltr'>nii,</span> <span class='ocrx_word' id='word_1_419' title='bbox 2146 2930 2202 2977; x_wconf 90' lang='lat' dir='ltr'>et</span> <span class='ocrx_word' id='word_1_420' title='bbox 2267 2924 2423 2977; x_wconf 70' lang='lat' dir='ltr'>dura:</span> <span class='ocrx_word' id='word_1_421' title='bbox 2491 2926 2656 2978; x_wconf 78' lang='lat' dir='ltr'>t&#39;cnus</span> <span class='ocrx_word' id='word_1_422' title='bbox 2720 2925 3199 2995; x_wconf 82' lang='lat' dir='ltr'>conjunctionis:</span> <span class='ocrx_word' id='word_1_423' title='bbox 3259 2926 3359 2979; x_wconf 88' lang='lat' dir='ltr'>sed</span> <span class='ocrx_word' id='word_1_424' title='bbox 3420 2926 3618 2981; x_wconf 83' lang='lat' dir='ltr'>dixisti</span> 
     </span>
    </p>
   </div>
   <div class='ocr_carea' id='block_1_63' title="bbox 1977 3010 3619 3084">
    <p class='ocr_par' dir='ltr' id='par_1_63' title="bbox 1977 3010 3619 3084">
     <span class='ocr_line' id='line_1_63' title="bbox 1977 3010 3619 3084; baseline 0.001 -17"><span class='ocrx_word' id='word_1_425' title='bbox 1977 3028 2255 3077; x_wconf 86' lang='lat' dir='ltr'>sororem,</span> <span class='ocrx_word' id='word_1_426' title='bbox 2291 3011 2469 3065; x_wconf 85' lang='lat' dir='ltr'>nullis</span> <span class='ocrx_word' id='word_1_427' title='bbox 2509 3011 2805 3066; x_wconf 79' lang='lat' dir='ltr'>astrictam</span> <span class='ocrx_word' id='word_1_428' title='bbox 2856 3010 3081 3084; x_wconf 84' lang='lat' dir='ltr'>legibus</span> <span class='ocrx_word' id='word_1_429' title='bbox 3131 3018 3188 3067; x_wconf 88' lang='lat' dir='ltr'>et</span> <span class='ocrx_word' id='word_1_430' title='bbox 3246 3018 3469 3068; x_wconf 62' lang='lat' dir='ltr'>natura:</span> <span class='ocrx_word' id='word_1_431' title='bbox 3518 3031 3619 3070; x_wconf 90' lang='lat' dir='ltr'>so-</span> 
     </span>
    </p>
   </div>
   <div class='ocr_carea' id='block_1_64' title="bbox 224 3086 3620 3176">
    <p class='ocr_par' dir='ltr' id='par_1_64' title="bbox 224 3086 3620 3176">
     <span class='ocr_line' id='line_1_64' title="bbox 224 3086 3620 3176; baseline 0.001 -25"><span class='ocrx_word' id='word_1_432' title='bbox 224 3098 484 3172; x_wconf 75' lang='lat' dir='ltr'>Namque</span> <span class='ocrx_word' id='word_1_433' title='bbox 515 3101 655 3156; x_wconf 89' lang='lat' dir='ltr'>dum</span> <span class='ocrx_word' id='word_1_434' title='bbox 688 3100 747 3155; x_wconf 91' lang='lat' dir='ltr'>in</span> <span class='ocrx_word' id='word_1_435' title='bbox 791 3102 1045 3172; x_wconf 87' lang='lat' dir='ltr'>quadam</span> <span class='ocrx_word' id='word_1_436' title='bbox 1086 3120 1294 3159; x_wconf 86' lang='lat' dir='ltr'>sumus</span> <span class='ocrx_word' id='word_1_437' title='bbox 1325 3086 1702 3176; x_wconf 83' lang='lat' dir='ltr'>delinquendi</span> <span class='ocrx_word' id='word_1_438' title='bbox 1734 3104 1865 3159; x_wconf 87' lang='lat' dir='ltr'>libi-</span> <span class='ocrx_word' id='word_1_439' title='bbox 1899 3086 1942 3153; x_wconf 88' lang='lat' dir='ltr'>C</span> <span class='ocrx_word' id='word_1_440' title='bbox 1981 3099 2153 3161; x_wconf 87' lang='lat' dir='ltr'>ciam,</span> <span class='ocrx_word' id='word_1_441' title='bbox 2194 3116 2304 3153; x_wconf 93' lang='lat' dir='ltr'>non</span> <span class='ocrx_word' id='word_1_442' title='bbox 2333 3101 2464 3167; x_wconf 88' lang='lat' dir='ltr'>jure</span> <span class='ocrx_word' id='word_1_443' title='bbox 2497 3098 2691 3170; x_wconf 87' lang='lat' dir='ltr'>aliquo</span> <span class='ocrx_word' id='word_1_444' title='bbox 2722 3099 2931 3155; x_wconf 87' lang='lat' dir='ltr'>dotalis</span> <span class='ocrx_word' id='word_1_445' title='bbox 2965 3117 3176 3154; x_wconf 78' lang='lat' dir='ltr'>census</span> <span class='ocrx_word' id='word_1_446' title='bbox 3207 3104 3520 3172; x_wconf 88' lang='lat' dir='ltr'>superbam</span> <span class='ocrx_word' id='word_1_447' title='bbox 3554 3118 3620 3158; x_wconf 90' lang='lat' dir='ltr'>ac</span> 
     </span>
    </p>
   </div>
   <div class='ocr_carea' id='block_1_65' title="bbox 224 3186 1868 3263">
    <p class='ocr_par' dir='ltr' id='par_1_65' title="bbox 224 3186 1868 3263">
     <span class='ocr_line' id='line_1_65' title="bbox 224 3186 1868 3263; baseline 0.005 -23"><span class='ocrx_word' id='word_1_448' title='bbox 224 3186 382 3259; x_wconf 87' lang='lat' dir='ltr'>dine,</span> <span class='ocrx_word' id='word_1_449' title='bbox 412 3187 643 3244; x_wconf 87' lang='lat' dir='ltr'>nebulis</span> <span class='ocrx_word' id='word_1_450' title='bbox 675 3188 1030 3261; x_wconf 88' lang='lat' dir='ltr'>quibusdam</span> <span class='ocrx_word' id='word_1_451' title='bbox 1086 3190 1431 3263; x_wconf 63' lang='lat' dir='ltr'>insipientia</span> <span class='ocrx_word' id='word_1_452' title='bbox 1486 3209 1653 3248; x_wconf 90' lang='lat' dir='ltr'>mens</span> <span class='ocrx_word' id='word_1_453' title='bbox 1684 3193 1868 3249; x_wconf 90' lang='lat' dir='ltr'>obdu-</span> 
     </span>
    </p>
   </div>
   <div class='ocr_carea' id='block_1_66' title="bbox 226 3276 1868 3353">
    <p class='ocr_par' dir='ltr' id='par_1_66' title="bbox 226 3276 1868 3353">
     <span class='ocr_line' id='line_1_66' title="bbox 226 3276 1868 3353; baseline 0.004 -23"><span class='ocrx_word' id='word_1_454' title='bbox 226 3276 397 3346; x_wconf 88' lang='lat' dir='ltr'>citur,</span> <span class='ocrx_word' id='word_1_455' title='bbox 420 3282 475 3332; x_wconf 88' lang='lat' dir='ltr'>et</span> <span class='ocrx_word' id='word_1_456' title='bbox 506 3279 667 3332; x_wconf 80' lang='lat' dir='ltr'>tumo</span> <span class='ocrx_word' id='word_1_457' title='bbox 699 3279 951 3350; x_wconf 89' lang='lat' dir='ltr'>quodam</span> <span class='ocrx_word' id='word_1_458' title='bbox 1013 3279 1341 3351; x_wconf 87' lang='lat' dir='ltr'>iniquitatis</span> <span class='ocrx_word' id='word_1_459' title='bbox 1372 3280 1526 3336; x_wconf 92' lang='lat' dir='ltr'>oculi</span> <span class='ocrx_word' id='word_1_460' title='bbox 1556 3282 1684 3353; x_wconf 88' lang='lat' dir='ltr'>ejus</span> <span class='ocrx_word' id='word_1_461' title='bbox 1724 3280 1868 3338; x_wconf 90' lang='lat' dir='ltr'>cali-</span> 
     </span>
    </p>
   </div>
   <div class='ocr_carea' id='block_1_67' title="bbox 225 3366 1868 3441">
    <p class='ocr_par' dir='ltr' id='par_1_67' title="bbox 225 3366 1868 3441">
     <span class='ocr_line' id='line_1_67' title="bbox 225 3366 1868 3441; baseline 0.002 -22"><span class='ocrx_word' id='word_1_462' title='bbox 225 3368 458 3433; x_wconf 79' lang='lat' dir='ltr'>gantur,</span> <span class='ocrx_word' id='word_1_463' title='bbox 491 3381 563 3421; x_wconf 89' lang='lat' dir='ltr'>ne</span> <span class='ocrx_word' id='word_1_464' title='bbox 594 3366 785 3422; x_wconf 86' lang='lat' dir='ltr'>videat</span> <span class='ocrx_word' id='word_1_465' title='bbox 814 3383 1036 3435; x_wconf 88' lang='lat' dir='ltr'>eorum,</span> <span class='ocrx_word' id='word_1_466' title='bbox 1070 3385 1196 3439; x_wconf 71' lang='lat' dir='ltr'>qua:</span> <span class='ocrx_word' id='word_1_467' title='bbox 1252 3368 1632 3441; x_wconf 89' lang='lat' dir='ltr'>concupiscit,</span> <span class='ocrx_word' id='word_1_468' title='bbox 1680 3369 1868 3424; x_wconf 65' lang='lat' dir='ltr'>defor-</span> 
     </span>
    </p>
   </div>
   <div class='ocr_carea' id='block_1_68' title="bbox 229 3452 1871 3522">
    <p class='ocr_par' dir='ltr' id='par_1_68' title="bbox 229 3452 1871 3522">
     <span class='ocr_line' id='line_1_68' title="bbox 229 3452 1871 3522; baseline 0.004 -16"><span class='ocrx_word' id='word_1_469' title='bbox 229 3452 509 3509; x_wconf 87' lang='lat' dir='ltr'>mitatem.</span> <span class='ocrx_word' id='word_1_470' title='bbox 573 3455 683 3510; x_wconf 85' lang='lat' dir='ltr'>Sed</span> <span class='ocrx_word' id='word_1_471' title='bbox 738 3472 871 3510; x_wconf 89' lang='lat' dir='ltr'>cum</span> <span class='ocrx_word' id='word_1_472' title='bbox 931 3456 1124 3511; x_wconf 87' lang='lat' dir='ltr'>omnis</span> <span class='ocrx_word' id='word_1_473' title='bbox 1182 3455 1395 3512; x_wconf 89' lang='lat' dir='ltr'>nebula</span> <span class='ocrx_word' id='word_1_474' title='bbox 1439 3456 1756 3522; x_wconf 90' lang='lat' dir='ltr'>transierit,</span> <span class='ocrx_word' id='word_1_475' title='bbox 1814 3462 1871 3512; x_wconf 91' lang='lat' dir='ltr'>et</span> 
     </span>
    </p>
   </div>
   <div class='ocr_carea' id='block_1_69' title="bbox 228 3542 1868 3616">
    <p class='ocr_par' dir='ltr' id='par_1_69' title="bbox 228 3542 1868 3616">
     <span class='ocr_line' id='line_1_69' title="bbox 228 3542 1868 3616; baseline 0.004 -23"><span class='ocrx_word' id='word_1_476' title='bbox 228 3542 522 3613; x_wconf 68' lang='lat' dir='ltr'>sapientia</span> <span class='ocrx_word' id='word_1_477' title='bbox 544 3542 767 3615; x_wconf 80' lang='lat' dir='ltr'>fulgore</span> <span class='ocrx_word' id='word_1_478' title='bbox 789 3543 1038 3610; x_wconf 86' lang='lat' dir='ltr'>fulserit,</span> <span class='ocrx_word' id='word_1_479' title='bbox 1055 3546 1251 3616; x_wconf 76' lang='lat' dir='ltr'>gravia</span> <span class='ocrx_word' id='word_1_480' title='bbox 1268 3551 1554 3600; x_wconf 88' lang='lat' dir='ltr'>tormenta</span> <span class='ocrx_word' id='word_1_481' title='bbox 1572 3562 1868 3600; x_wconf 85' lang='lat' dir='ltr'>excercen-</span> 
     </span>
    </p>
   </div>
   <div class='ocr_carea' id='block_1_70' title="bbox 225 3632 1871 3704">
    <p class='ocr_par' dir='ltr' id='par_1_70' title="bbox 225 3632 1871 3704">
     <span class='ocr_line' id='line_1_70' title="bbox 225 3632 1871 3704; baseline 0.004 -23"><span class='ocrx_word' id='word_1_482' title='bbox 225 3634 324 3683; x_wconf 86' lang='lat' dir='ltr'>tur</span> <span class='ocrx_word' id='word_1_483' title='bbox 354 3633 409 3685; x_wconf 90' lang='lat' dir='ltr'>in</span> <span class='ocrx_word' id='word_1_484' title='bbox 473 3632 724 3703; x_wconf 88' lang='lat' dir='ltr'>quodam</span> <span class='ocrx_word' id='word_1_485' title='bbox 770 3632 919 3686; x_wconf 84' lang='lat' dir='ltr'>male</span> <span class='ocrx_word' id='word_1_486' title='bbox 986 3633 1204 3688; x_wconf 92' lang='lat' dir='ltr'>conscii</span> <span class='ocrx_word' id='word_1_487' title='bbox 1269 3634 1596 3688; x_wconf 84' lang='lat' dir='ltr'>secretario.</span> <span class='ocrx_word' id='word_1_488' title='bbox 1669 3638 1871 3704; x_wconf 81' lang='lat' dir='ltr'>itaque</span> 
     </span>
    </p>
   </div>
   <div class='ocr_carea' id='block_1_71' title="bbox 228 3718 1868 3792">
    <p class='ocr_par' dir='ltr' id='par_1_71' title="bbox 228 3718 1868 3792">
     <span class='ocr_line' id='line_1_71' title="bbox 228 3718 1868 3792; baseline 0.003 -21"><span class='ocrx_word' id='word_1_489' title='bbox 228 3718 456 3785; x_wconf 85' lang='lat' dir='ltr'>gravior</span> <span class='ocrx_word' id='word_1_490' title='bbox 514 3724 713 3773; x_wconf 70' lang='lat' dir='ltr'>nostra</span> <span class='ocrx_word' id='word_1_491' title='bbox 769 3737 934 3776; x_wconf 88' lang='lat' dir='ltr'>mens</span> <span class='ocrx_word' id='word_1_492' title='bbox 973 3722 1157 3792; x_wconf 84' lang='lat' dir='ltr'>judex</span> <span class='ocrx_word' id='word_1_493' title='bbox 1187 3725 1278 3777; x_wconf 89' lang='lat' dir='ltr'>est</span> <span class='ocrx_word' id='word_1_494' title='bbox 1308 3722 1674 3777; x_wconf 80' lang='lat' dir='ltr'>conscientiae</span> <span class='ocrx_word' id='word_1_495' title='bbox 1708 3727 1868 3776; x_wconf 85' lang='lat' dir='ltr'>reatu</span> 
     </span>
    </p>
   </div>
   <div class='ocr_carea' id='block_1_72' title="bbox 230 3807 1873 3882">
    <p class='ocr_par' dir='ltr' id='par_1_72' title="bbox 230 3807 1873 3882">
     <span class='ocr_line' id='line_1_72' title="bbox 230 3807 1873 3882; baseline 0.004 -24"><span class='ocrx_word' id='word_1_496' title='bbox 230 3809 288 3859; x_wconf 87' lang='lat' dir='ltr'>et</span> <span class='ocrx_word' id='word_1_497' title='bbox 308 3807 531 3875; x_wconf 89' lang='lat' dir='ltr'>judicio</span> <span class='ocrx_word' id='word_1_498' title='bbox 590 3809 961 3880; x_wconf 66' lang='lat' dir='ltr'>pmnitentiaa.</span> <span class='ocrx_word' id='word_1_499' title='bbox 1013 3810 1175 3874; x_wconf 72' lang='lat' dir='ltr'>Quod</span> <span class='ocrx_word' id='word_1_500' title='bbox 1228 3810 1275 3864; x_wconf 92' lang='lat' dir='ltr'>si</span> <span class='ocrx_word' id='word_1_501' title='bbox 1307 3808 1394 3864; x_wconf 86' lang='lat' dir='ltr'>vel</span> <span class='ocrx_word' id='word_1_502' title='bbox 1445 3826 1597 3881; x_wconf 68' lang='lat' dir='ltr'>aegra</span> <span class='ocrx_word' id='word_1_503' title='bbox 1627 3827 1728 3882; x_wconf 90' lang='lat' dir='ltr'>per</span> <span class='ocrx_word' id='word_1_504' title='bbox 1757 3809 1873 3864; x_wconf 90' lang='lat' dir='ltr'>cul-</span> 
     </span>
    </p>
   </div>
   <div class='ocr_carea' id='block_1_73' title="bbox 233 3896 1871 3970">
    <p class='ocr_par' dir='ltr' id='par_1_73' title="bbox 233 3896 1871 3970">
     <span class='ocr_line' id='line_1_73' title="bbox 233 3896 1871 3970; baseline 0.003 -22"><span class='ocrx_word' id='word_1_505' title='bbox 233 3909 383 3963; x_wconf 85' lang='lat' dir='ltr'>pam,</span> <span class='ocrx_word' id='word_1_506' title='bbox 428 3897 514 3951; x_wconf 89' lang='lat' dir='ltr'>vel</span> <span class='ocrx_word' id='word_1_507' title='bbox 558 3896 810 3952; x_wconf 88' lang='lat' dir='ltr'>invalida</span> <span class='ocrx_word' id='word_1_508' title='bbox 865 3913 965 3968; x_wconf 90' lang='lat' dir='ltr'>per</span> <span class='ocrx_word' id='word_1_509' title='bbox 1004 3896 1427 3963; x_wconf 86' lang='lat' dir='ltr'>inﬁrmitatem,</span> <span class='ocrx_word' id='word_1_510' title='bbox 1468 3915 1583 3953; x_wconf 91' lang='lat' dir='ltr'>non</span> <span class='ocrx_word' id='word_1_511' title='bbox 1616 3899 1871 3970; x_wconf 90' lang='lat' dir='ltr'>potuerit</span> 
     </span>
    </p>
   </div>
   <div class='ocr_carea' id='block_1_74' title="bbox 232 3981 1868 4058">
    <p class='ocr_par' dir='ltr' id='par_1_74' title="bbox 232 3981 1868 4058">
     <span class='ocr_line' id='line_1_74' title="bbox 232 3981 1868 4058; baseline 0.003 -22"><span class='ocrx_word' id='word_1_512' title='bbox 232 3981 376 4039; x_wconf 86' lang='lat' dir='ltr'>ferre</span> <span class='ocrx_word' id='word_1_513' title='bbox 406 4002 468 4040; x_wconf 86' lang='lat' dir='ltr'>ac</span> <span class='ocrx_word' id='word_1_514' title='bbox 499 3985 719 4058; x_wconf 88' lang='lat' dir='ltr'>perpeti</span> <span class='ocrx_word' id='word_1_515' title='bbox 751 3986 980 4041; x_wconf 89' lang='lat' dir='ltr'>virtutis</span> <span class='ocrx_word' id='word_1_516' title='bbox 1011 3986 1399 4058; x_wconf 64' lang='lat' dir='ltr'>praesentiam,</span> <span class='ocrx_word' id='word_1_517' title='bbox 1447 3985 1689 4041; x_wconf 89' lang='lat' dir='ltr'>dimittit</span> <span class='ocrx_word' id='word_1_518' title='bbox 1718 4004 1868 4054; x_wconf 88' lang='lat' dir='ltr'>eam,</span> 
     </span>
    </p>
   </div>
   <div class='ocr_carea' id='block_1_75' title="bbox 234 4073 1873 4148">
    <p class='ocr_par' dir='ltr' id='par_1_75' title="bbox 234 4073 1873 4148">
     <span class='ocr_line' id='line_1_75' title="bbox 234 4073 1873 4148; baseline 0.005 -25"><span class='ocrx_word' id='word_1_519' title='bbox 234 4073 405 4144; x_wconf 83' lang='lat' dir='ltr'>atque</span> <span class='ocrx_word' id='word_1_520' title='bbox 454 4092 487 4129; x_wconf 91' lang='lat' dir='ltr'>a</span> <span class='ocrx_word' id='word_1_521' title='bbox 530 4091 592 4130; x_wconf 89' lang='lat' dir='ltr'>se</span> <span class='ocrx_word' id='word_1_522' title='bbox 626 4073 862 4146; x_wconf 88' lang='lat' dir='ltr'>relegat,</span> <span class='ocrx_word' id='word_1_523' title='bbox 896 4092 1001 4130; x_wconf 89' lang='lat' dir='ltr'>nec</span> <span class='ocrx_word' id='word_1_524' title='bbox 1031 4074 1251 4148; x_wconf 88' lang='lat' dir='ltr'>patitur</span> <span class='ocrx_word' id='word_1_525' title='bbox 1278 4091 1406 4130; x_wconf 89' lang='lat' dir='ltr'>eam</span> <span class='ocrx_word' id='word_1_526' title='bbox 1437 4075 1583 4131; x_wconf 93' lang='lat' dir='ltr'>volvi</span> <span class='ocrx_word' id='word_1_527' title='bbox 1613 4075 1671 4130; x_wconf 89' lang='lat' dir='ltr'>in</span> <span class='ocrx_word' id='word_1_528' title='bbox 1704 4092 1785 4140; x_wconf 89' lang='lat' dir='ltr'>se,</span> <span class='ocrx_word' id='word_1_529' title='bbox 1817 4082 1873 4131; x_wconf 93' lang='lat' dir='ltr'>et</span> 
     </span>
    </p>
   </div>
   <div class='ocr_carea' id='block_1_76' title="bbox 237 4160 1871 4235">
    <p class='ocr_par' dir='ltr' id='par_1_76' title="bbox 237 4160 1871 4235">
     <span class='ocr_line' id='line_1_76' title="bbox 237 4160 1871 4235; baseline 0.004 -21"><span class='ocrx_word' id='word_1_530' title='bbox 237 4160 520 4219; x_wconf 65' lang='lat' dir='ltr'>adhaerere</span> <span class='ocrx_word' id='word_1_531' title='bbox 575 4163 1030 4235; x_wconf 88' lang='lat' dir='ltr'>cogitationibus</span> <span class='ocrx_word' id='word_1_532' title='bbox 1087 4163 1231 4221; x_wconf 91' lang='lat' dir='ltr'>suis.</span> <span class='ocrx_word' id='word_1_533' title='bbox 1294 4164 1364 4219; x_wconf 91' lang='lat' dir='ltr'>Et</span> <span class='ocrx_word' id='word_1_534' title='bbox 1420 4169 1486 4219; x_wconf 92' lang='lat' dir='ltr'>ut</span> <span class='ocrx_word' id='word_1_535' title='bbox 1520 4165 1871 4220; x_wconf 89' lang='lat' dir='ltr'>inﬁrmiores</span> 
     </span>
    </p>
   </div>
   <div class='ocr_carea' id='block_1_77' title="bbox 236 4249 1870 4324">
    <p class='ocr_par' dir='ltr' id='par_1_77' title="bbox 236 4249 1870 4324">
     <span class='ocr_line' id='line_1_77' title="bbox 236 4249 1870 4324; baseline 0.003 -22"><span class='ocrx_word' id='word_1_536' title='bbox 236 4249 380 4304; x_wconf 89' lang='lat' dir='ltr'>oculi</span> <span class='ocrx_word' id='word_1_537' title='bbox 400 4250 589 4306; x_wconf 90' lang='lat' dir='ltr'>lucem</span> <span class='ocrx_word' id='word_1_538' title='bbox 619 4251 935 4323; x_wconf 84' lang='lat' dir='ltr'>refugiunt,</span> <span class='ocrx_word' id='word_1_539' title='bbox 968 4253 1047 4307; x_wconf 89' lang='lat' dir='ltr'>ita</span> <span class='ocrx_word' id='word_1_540' title='bbox 1076 4269 1243 4308; x_wconf 90' lang='lat' dir='ltr'>mens</span> <span class='ocrx_word' id='word_1_541' title='bbox 1292 4252 1548 4308; x_wconf 86' lang='lat' dir='ltr'>invalida</span> <span class='ocrx_word' id='word_1_542' title='bbox 1574 4253 1870 4324; x_wconf 67' lang='lat' dir='ltr'>sapientiae</span> 
     </span>
    </p>
   </div>
   <div class='ocr_carea' id='block_1_78' title="bbox 237 4336 1871 4410">
    <p class='ocr_par' dir='ltr' id='par_1_78' title="bbox 237 4336 1871 4410">
     <span class='ocr_line' id='line_1_78' title="bbox 237 4336 1871 4410; baseline 0.006 -21"><span class='ocrx_word' id='word_1_543' title='bbox 237 4336 513 4410; x_wconf 83' lang='lat' dir='ltr'>fulgorem</span> <span class='ocrx_word' id='word_1_544' title='bbox 554 4356 669 4394; x_wconf 89' lang='lat' dir='ltr'>non</span> <span class='ocrx_word' id='word_1_545' title='bbox 701 4340 968 4395; x_wconf 80' lang='lat' dir='ltr'>sustinet.</span> <span class='ocrx_word' id='word_1_546' title='bbox 1000 4341 1168 4397; x_wconf 90' lang='lat' dir='ltr'>Tales</span> <span class='ocrx_word' id='word_1_547' title='bbox 1212 4345 1376 4396; x_wconf 90' lang='lat' dir='ltr'>erant</span> <span class='ocrx_word' id='word_1_548' title='bbox 1397 4340 1693 4410; x_wconf 87' lang='lat' dir='ltr'>Geraseni,</span> <span class='ocrx_word' id='word_1_549' title='bbox 1718 4342 1871 4398; x_wconf 73' lang='lat'>820</span> 
     </span>
    </p>
   </div>
   <div class='ocr_carea' id='block_1_79' title="bbox 1977 3188 3615 3263">
    <p class='ocr_par' dir='ltr' id='par_1_79' title="bbox 1977 3188 3615 3263">
     <span class='ocr_line' id='line_1_79' title="bbox 1977 3188 3615 3263; baseline 0.001 -20"><span class='ocrx_word' id='word_1_550' title='bbox 1977 3194 2293 3260; x_wconf 90' lang='lat' dir='ltr'>potentem.</span> <span class='ocrx_word' id='word_1_551' title='bbox 2350 3189 2548 3260; x_wconf 86' lang='lat' dir='ltr'>Itaque</span> <span class='ocrx_word' id='word_1_552' title='bbox 2595 3188 2939 3259; x_wconf 81' lang='lat' dir='ltr'>imprudens</span> <span class='ocrx_word' id='word_1_553' title='bbox 2988 3206 3229 3244; x_wconf 87' lang='lat' dir='ltr'>onerum</span> <span class='ocrx_word' id='word_1_554' title='bbox 3281 3194 3409 3257; x_wconf 82' lang='lat' dir='ltr'>ejus</span> <span class='ocrx_word' id='word_1_555' title='bbox 3439 3208 3615 3263; x_wconf 90' lang='lat' dir='ltr'>copu-</span> 
     </span>
    </p>
   </div>
   <div class='ocr_carea' id='block_1_80' title="bbox 1979 3277 3618 3349">
    <p class='ocr_par' dir='ltr' id='par_1_80' title="bbox 1979 3277 3618 3349">
     <span class='ocr_line' id='line_1_80' title="bbox 1979 3277 3618 3349; baseline 0.002 -18"><span class='ocrx_word' id='word_1_556' title='bbox 1979 3277 2213 3332; x_wconf 83' lang='lat' dir='ltr'>landam</span> <span class='ocrx_word' id='word_1_557' title='bbox 2264 3294 2389 3333; x_wconf 85' lang='lat' dir='ltr'>eam</span> <span class='ocrx_word' id='word_1_558' title='bbox 2450 3277 2591 3331; x_wconf 88' lang='lat' dir='ltr'>mihi</span> <span class='ocrx_word' id='word_1_559' title='bbox 2664 3283 2719 3331; x_wconf 88' lang='lat' dir='ltr'>et</span> <span class='ocrx_word' id='word_1_560' title='bbox 2762 3278 3073 3332; x_wconf 78' lang='lat' dir='ltr'>tenendam</span> <span class='ocrx_word' id='word_1_561' title='bbox 3122 3283 3483 3349; x_wconf 89' lang='lat' dir='ltr'>putaveram,</span> <span class='ocrx_word' id='word_1_562' title='bbox 3518 3280 3618 3335; x_wconf 88' lang='lat' dir='ltr'>sed</span> 
     </span>
    </p>
   </div>
   <div class='ocr_carea' id='block_1_81' title="bbox 1976 3366 3619 3437">
    <p class='ocr_par' dir='ltr' id='par_1_81' title="bbox 1976 3366 3619 3437">
     <span class='ocr_line' id='line_1_81' title="bbox 1976 3366 3619 3437; baseline 0.002 -16"><span class='ocrx_word' id='word_1_563' title='bbox 1976 3366 2233 3422; x_wconf 86' lang='lat' dir='ltr'>intellexi</span> <span class='ocrx_word' id='word_1_564' title='bbox 2283 3368 2434 3437; x_wconf 87' lang='lat' dir='ltr'>quod</span> <span class='ocrx_word' id='word_1_565' title='bbox 2472 3366 2699 3436; x_wconf 90' lang='lat' dir='ltr'>pondus</span> <span class='ocrx_word' id='word_1_566' title='bbox 2748 3366 2824 3421; x_wconf 88' lang='lat' dir='ltr'>sit</span> <span class='ocrx_word' id='word_1_567' title='bbox 2876 3366 2931 3420; x_wconf 91' lang='lat' dir='ltr'>in</span> <span class='ocrx_word' id='word_1_568' title='bbox 2991 3384 3057 3421; x_wconf 87' lang='lat' dir='ltr'>ea</span> <span class='ocrx_word' id='word_1_569' title='bbox 3106 3374 3163 3423; x_wconf 91' lang='lat' dir='ltr'>et</span> <span class='ocrx_word' id='word_1_570' title='bbox 3194 3368 3441 3423; x_wconf 89' lang='lat' dir='ltr'>sarcina.</span> <span class='ocrx_word' id='word_1_571' title='bbox 3478 3369 3619 3424; x_wconf 85' lang='lat' dir='ltr'>Ecce</span> 
     </span>
    </p>
   </div>
   <div class='ocr_carea' id='block_1_82' title="bbox 1980 3455 3622 3527">
    <p class='ocr_par' dir='ltr' id='par_1_82' title="bbox 1980 3455 3622 3527">
     <span class='ocr_line' id='line_1_82' title="bbox 1980 3455 3622 3527; baseline 0.001 -17"><span class='ocrx_word' id='word_1_572' title='bbox 1980 3455 2285 3510; x_wconf 83' lang='lat' dir='ltr'>mulierem</span> <span class='ocrx_word' id='word_1_573' title='bbox 2343 3460 2526 3519; x_wconf 82' lang='lat' dir='ltr'>tuam,</span> <span class='ocrx_word' id='word_1_574' title='bbox 2591 3455 2645 3507; x_wconf 88' lang='lat' dir='ltr'>id</span> <span class='ocrx_word' id='word_1_575' title='bbox 2704 3460 2812 3517; x_wconf 87' lang='lat' dir='ltr'>est,</span> <span class='ocrx_word' id='word_1_576' title='bbox 2864 3472 2992 3511; x_wconf 89' lang='lat' dir='ltr'>ecce</span> <span class='ocrx_word' id='word_1_577' title='bbox 3026 3457 3323 3527; x_wconf 84' lang='lat' dir='ltr'>persuasio</span> <span class='ocrx_word' id='word_1_578' title='bbox 3359 3462 3458 3511; x_wconf 89' lang='lat' dir='ltr'>tua</span> <span class='ocrx_word' id='word_1_579' title='bbox 3489 3461 3622 3513; x_wconf 88' lang='lat' dir='ltr'>ante</span> 
     </span>
    </p>
   </div>
   <div class='ocr_carea' id='block_1_83' title="bbox 1977 3543 3620 3614">
    <p class='ocr_par' dir='ltr' id='par_1_83' title="bbox 1977 3543 3620 3614">
     <span class='ocr_line' id='line_1_83' title="bbox 1977 3543 3620 3614; baseline 0.002 -17"><span class='ocrx_word' id='word_1_580' title='bbox 1977 3550 2053 3607; x_wconf 86' lang='lat' dir='ltr'>te,</span> <span class='ocrx_word' id='word_1_581' title='bbox 2109 3543 2304 3614; x_wconf 88' lang='lat' dir='ltr'>accipe</span> <span class='ocrx_word' id='word_1_582' title='bbox 2355 3548 2410 3596; x_wconf 82' lang='lat' dir='ltr'>et</span> <span class='ocrx_word' id='word_1_583' title='bbox 2455 3560 2704 3597; x_wconf 85' lang='lat' dir='ltr'>recurre.</span> <span class='ocrx_word' id='word_1_584' title='bbox 2762 3544 2905 3597; x_wconf 90' lang='lat' dir='ltr'>Nolo</span> <span class='ocrx_word' id='word_1_585' title='bbox 2953 3550 3085 3599; x_wconf 86' lang='lat' dir='ltr'>ante</span> <span class='ocrx_word' id='word_1_586' title='bbox 3131 3563 3220 3599; x_wconf 86' lang='lat' dir='ltr'>me</span> <span class='ocrx_word' id='word_1_587' title='bbox 3251 3546 3345 3609; x_wconf 89' lang='lat' dir='ltr'>sit,</span> <span class='ocrx_word' id='word_1_588' title='bbox 3379 3547 3508 3602; x_wconf 92' lang='lat' dir='ltr'>nolo</span> <span class='ocrx_word' id='word_1_589' title='bbox 3561 3546 3620 3601; x_wconf 89' lang='lat' dir='ltr'>in</span> 
     </span>
    </p>
   </div>
   <div class='ocr_carea' id='block_1_84' title="bbox 1979 3631 3622 3702">
    <p class='ocr_par' dir='ltr' id='par_1_84' title="bbox 1979 3631 3622 3702">
     <span class='ocr_line' id='line_1_84' title="bbox 1979 3631 3622 3702; baseline 0.002 -16"><span class='ocrx_word' id='word_1_590' title='bbox 1979 3632 2125 3687; x_wconf 89' lang='lat' dir='ltr'>meis</span> <span class='ocrx_word' id='word_1_591' title='bbox 2157 3631 2629 3702; x_wconf 80' lang='lat' dir='ltr'>cogitationibus.</span> <span class='ocrx_word' id='word_1_592' title='bbox 2667 3631 2827 3686; x_wconf 83' lang='lat' dir='ltr'>Tolle</span> <span class='ocrx_word' id='word_1_593' title='bbox 2858 3637 2911 3686; x_wconf 88' lang='lat' dir='ltr'>te</span> <span class='ocrx_word' id='word_1_594' title='bbox 2944 3632 3077 3687; x_wconf 85' lang='lat' dir='ltr'>hinc</span> <span class='ocrx_word' id='word_1_595' title='bbox 3109 3651 3240 3688; x_wconf 91' lang='lat' dir='ltr'>cum</span> <span class='ocrx_word' id='word_1_596' title='bbox 3277 3636 3395 3691; x_wconf 90' lang='lat' dir='ltr'>tuis</span> <span class='ocrx_word' id='word_1_597' title='bbox 3427 3636 3622 3691; x_wconf 88' lang='lat' dir='ltr'>consi-</span> 
     </span>
    </p>
   </div>
   <div class='ocr_carea' id='block_1_85' title="bbox 1979 3720 3619 3793">
    <p class='ocr_par' dir='ltr' id='par_1_85' title="bbox 1979 3720 3619 3793">
     <span class='ocr_line' id='line_1_85' title="bbox 1979 3720 3619 3793; baseline 0.003 -18"><span class='ocrx_word' id='word_1_598' title='bbox 1979 3721 2092 3789; x_wconf 80' lang='lat' dir='ltr'>liis,</span> <span class='ocrx_word' id='word_1_599' title='bbox 2127 3738 2257 3775; x_wconf 91' lang='lat' dir='ltr'>cum</span> <span class='ocrx_word' id='word_1_600' title='bbox 2303 3726 2403 3775; x_wconf 89' lang='lat' dir='ltr'>tua</span> <span class='ocrx_word' id='word_1_601' title='bbox 2442 3720 2857 3785; x_wconf 87' lang='lat' dir='ltr'>admonitione,</span> <span class='ocrx_word' id='word_1_602' title='bbox 2892 3722 3005 3775; x_wconf 86' lang='lat' dir='ltr'>cito</span> <span class='ocrx_word' id='word_1_603' title='bbox 3034 3722 3191 3787; x_wconf 90' lang='lat' dir='ltr'>tolle,</span> <span class='ocrx_word' id='word_1_604' title='bbox 3224 3724 3337 3779; x_wconf 90' lang='lat' dir='ltr'>cito</span> <span class='ocrx_word' id='word_1_605' title='bbox 3368 3741 3619 3793; x_wconf 88' lang='lat' dir='ltr'>recurre,</span> 
     </span>
    </p>
   </div>
   <div class='ocr_carea' id='block_1_86' title="bbox 1979 3808 3621 3868">
    <p class='ocr_par' dir='ltr' id='par_1_86' title="bbox 1979 3808 3621 3868">
     <span class='ocr_line' id='line_1_86' title="bbox 1979 3808 3621 3868; baseline 0.003 -5"><span class='ocrx_word' id='word_1_606' title='bbox 1979 3826 2173 3864; x_wconf 85' lang='lat' dir='ltr'>moras</span> <span class='ocrx_word' id='word_1_607' title='bbox 2220 3815 2351 3864; x_wconf 88' lang='lat' dir='ltr'>tuas</span> <span class='ocrx_word' id='word_1_608' title='bbox 2402 3826 2513 3863; x_wconf 90' lang='lat' dir='ltr'>non</span> <span class='ocrx_word' id='word_1_609' title='bbox 2549 3810 2686 3867; x_wconf 86' lang='lat' dir='ltr'>fero.</span> <span class='ocrx_word' id='word_1_610' title='bbox 2721 3808 3064 3863; x_wconf 77' lang='lat' dir='ltr'>attlictioues</span> <span class='ocrx_word' id='word_1_611' title='bbox 3096 3816 3229 3865; x_wconf 86' lang='lat' dir='ltr'>sunt</span> <span class='ocrx_word' id='word_1_612' title='bbox 3266 3812 3443 3866; x_wconf 87' lang='lat' dir='ltr'>mihi:</span> <span class='ocrx_word' id='word_1_613' title='bbox 3478 3812 3621 3868; x_wconf 89' lang='lat' dir='ltr'>satis</span> 
     </span>
    </p>
   </div>
   <div class='ocr_carea' id='block_1_87' title="bbox 1979 3897 3623 3969">
    <p class='ocr_par' dir='ltr' id='par_1_87' title="bbox 1979 3897 3623 3969">
     <span class='ocr_line' id='line_1_87' title="bbox 1979 3897 3623 3969; baseline 0.002 -17"><span class='ocrx_word' id='word_1_614' title='bbox 1979 3904 2087 3963; x_wconf 88' lang='lat' dir='ltr'>est,</span> <span class='ocrx_word' id='word_1_615' title='bbox 2137 3899 2286 3969; x_wconf 84' lang='lat' dir='ltr'>quod</span> <span class='ocrx_word' id='word_1_616' title='bbox 2344 3904 2477 3952; x_wconf 86' lang='lat' dir='ltr'>ante</span> <span class='ocrx_word' id='word_1_617' title='bbox 2524 3897 2801 3968; x_wconf 75' lang='lat' dir='ltr'>deceptus</span> <span class='ocrx_word' id='word_1_618' title='bbox 2848 3914 3001 3952; x_wconf 88' lang='lat' dir='ltr'>sum.</span> <span class='ocrx_word' id='word_1_619' title='bbox 3038 3899 3105 3951; x_wconf 83' lang='lat' dir='ltr'>Et</span> <span class='ocrx_word' id='word_1_620' title='bbox 3164 3899 3319 3951; x_wconf 73' lang='lat' dir='ltr'>m‘isit</span> <span class='ocrx_word' id='word_1_621' title='bbox 3349 3898 3623 3956; x_wconf 85' lang='lat' dir='ltr'>alumnos</span> 
     </span>
    </p>
   </div>
   <div class='ocr_carea' id='block_1_88' title="bbox 1979 3987 3623 4059">
    <p class='ocr_par' dir='ltr' id='par_1_88' title="bbox 1979 3987 3623 4059">
     <span class='ocr_line' id='line_1_88' title="bbox 1979 3987 3623 4059; baseline 0.001 -18"><span class='ocrx_word' id='word_1_622' title='bbox 1979 4003 2118 4041; x_wconf 89' lang='lat' dir='ltr'>suos</span> <span class='ocrx_word' id='word_1_623' title='bbox 2149 3987 2364 4057; x_wconf 89' lang='lat' dir='ltr'>quibus</span> <span class='ocrx_word' id='word_1_624' title='bbox 2394 3992 2638 4057; x_wconf 77' lang='lat' dir='ltr'>vagatur</span> <span class='ocrx_word' id='word_1_625' title='bbox 2668 3987 3010 4059; x_wconf 89' lang='lat' dir='ltr'>plerumque</span> <span class='ocrx_word' id='word_1_626' title='bbox 3039 4004 3205 4041; x_wconf 85' lang='lat' dir='ltr'>mens</span> <span class='ocrx_word' id='word_1_627' title='bbox 3238 3990 3623 4058; x_wconf 84' lang='lat' dir='ltr'>intemperan-</span> 
     </span>
    </p>
   </div>
   <div class='ocr_carea' id='block_1_89' title="bbox 1979 4075 3621 4148">
    <p class='ocr_par' dir='ltr' id='par_1_89' title="bbox 1979 4075 3621 4148">
     <span class='ocr_line' id='line_1_89' title="bbox 1979 4075 3621 4148; baseline 0.002 -19"><span class='ocrx_word' id='word_1_628' title='bbox 1979 4075 2111 4141; x_wconf 88' lang='lat' dir='ltr'>tior,</span> <span class='ocrx_word' id='word_1_629' title='bbox 2150 4075 2386 4130; x_wconf 85' lang='lat' dir='ltr'>volvens</span> <span class='ocrx_word' id='word_1_630' title='bbox 2420 4075 2614 4129; x_wconf 87' lang='lat' dir='ltr'>animo</span> <span class='ocrx_word' id='word_1_631' title='bbox 2643 4075 3019 4148; x_wconf 84' lang='lat' dir='ltr'>cogitationes</span> <span class='ocrx_word' id='word_1_632' title='bbox 3053 4076 3316 4141; x_wconf 67' lang='lat' dir='ltr'>luxuriae,</span> <span class='ocrx_word' id='word_1_633' title='bbox 3352 4076 3621 4132; x_wconf 86' lang='lat' dir='ltr'>ambitio-</span> 
     </span>
    </p>
   </div>
   <div class='ocr_carea' id='block_1_90' title="bbox 1980 4161 3619 4236">
    <p class='ocr_par' dir='ltr' id='par_1_90' title="bbox 1980 4161 3619 4236">
     <span class='ocr_line' id='line_1_90' title="bbox 1980 4161 3619 4236; baseline 0.002 -21"><span class='ocrx_word' id='word_1_634' title='bbox 1980 4161 2091 4224; x_wconf 85' lang='lat' dir='ltr'>nis.</span> <span class='ocrx_word' id='word_1_635' title='bbox 2126 4161 2395 4227; x_wconf 80' lang='lat' dir='ltr'>avaritiae,</span> <span class='ocrx_word' id='word_1_636' title='bbox 2430 4168 2486 4215; x_wconf 89' lang='lat' dir='ltr'>et</span> <span class='ocrx_word' id='word_1_637' title='bbox 2518 4162 2774 4218; x_wconf 86' lang='lat' dir='ltr'>diversas</span> <span class='ocrx_word' id='word_1_638' title='bbox 2808 4161 3108 4218; x_wconf 87' lang='lat' dir='ltr'>illecebras</span> <span class='ocrx_word' id='word_1_639' title='bbox 3140 4164 3437 4219; x_wconf 78' lang='lat' dir='ltr'>offendens</span> <span class='ocrx_word' id='word_1_640' title='bbox 3468 4164 3579 4236; x_wconf 78' lang='lat'>(97)</span> <span class='ocrx_word' id='word_1_641' title='bbox 3606 4182 3619 4219; x_wconf 87' lang='lat'><strong>:</strong></span> 
     </span>
    </p>
   </div>
   <div class='ocr_carea' id='block_1_91' title="bbox 1982 4248 3617 4324">
    <p class='ocr_par' dir='ltr' id='par_1_91' title="bbox 1982 4248 3617 4324">
     <span class='ocr_line' id='line_1_91' title="bbox 1982 4248 3617 4324; baseline 0.003 -21"><span class='ocrx_word' id='word_1_642' title='bbox 1982 4255 2045 4303; x_wconf 92' lang='lat' dir='ltr'>ut</span> <span class='ocrx_word' id='word_1_643' title='bbox 2066 4248 2457 4316; x_wconf 88' lang='lat' dir='ltr'>eliminarent,</span> <span class='ocrx_word' id='word_1_644' title='bbox 2474 4267 2537 4304; x_wconf 90' lang='lat' dir='ltr'>ac</span> <span class='ocrx_word' id='word_1_645' title='bbox 2572 4251 2737 4322; x_wconf 83' lang='lat' dir='ltr'>longe</span> <span class='ocrx_word' id='word_1_646' title='bbox 2770 4251 3157 4324; x_wconf 87' lang='lat' dir='ltr'>propellerent</span> <span class='ocrx_word' id='word_1_647' title='bbox 3186 4253 3617 4322; x_wconf 89' lang='lat' dir='ltr'>castimoniam,</span> 
     </span>
    </p>
   </div>
   <div class='ocr_carea' id='block_1_92' title="bbox 1980 4340 3618 4413">
    <p class='ocr_par' dir='ltr' id='par_1_92' title="bbox 1980 4340 3618 4413">
     <span class='ocr_line' id='line_1_92' title="bbox 1980 4340 3618 4413; baseline 0.003 -21"><span class='ocrx_word' id='word_1_648' title='bbox 1980 4355 2053 4394; x_wconf 87' lang='lat' dir='ltr'>ne</span> <span class='ocrx_word' id='word_1_649' title='bbox 2120 4354 2420 4393; x_wconf 88' lang='lat' dir='ltr'>recursum</span> <span class='ocrx_word' id='word_1_650' title='bbox 2490 4340 2700 4394; x_wconf 78' lang='lat' dir='ltr'>faceret</span> <span class='ocrx_word' id='word_1_651' title='bbox 2766 4341 2822 4393; x_wconf 91' lang='lat' dir='ltr'>in</span> <span class='ocrx_word' id='word_1_652' title='bbox 2890 4357 2988 4395; x_wconf 89' lang='lat' dir='ltr'>eos</span> <span class='ocrx_word' id='word_1_653' title='bbox 3056 4342 3201 4396; x_wconf 83' lang='lat' dir='ltr'>lines</span> <span class='ocrx_word' id='word_1_654' title='bbox 3242 4342 3456 4413; x_wconf 85' lang='lat' dir='ltr'>quibus</span> <span class='ocrx_word' id='word_1_655' title='bbox 3498 4342 3618 4398; x_wconf 78' lang='lat' dir='ltr'>fue-</span> 
     </span>
    </p>
   </div>
   <div class='ocr_carea' id='block_1_93' title="bbox 236 4426 3621 4509">
    <p class='ocr_par' dir='ltr' id='par_1_93' title="bbox 236 4426 3621 4509">
     <span class='ocr_line' id='line_1_93' title="bbox 236 4426 3621 4509; baseline 0.002 -30"><span class='ocrx_word' id='word_1_656' title='bbox 236 4427 328 4495; x_wconf 89' lang='lat' dir='ltr'>qui</span> <span class='ocrx_word' id='word_1_657' title='bbox 351 4429 640 4498; x_wconf 80' lang='lat' dir='ltr'>rogabant</span> <span class='ocrx_word' id='word_1_658' title='bbox 660 4428 1015 4484; x_wconf 86' lang='lat' dir='ltr'>uttransiret</span> <span class='ocrx_word' id='word_1_659' title='bbox 1030 4429 1101 4485; x_wconf 91' lang='lat' dir='ltr'>de</span> <span class='ocrx_word' id='word_1_660' title='bbox 1126 4429 1343 4484; x_wconf 88' lang='lat' dir='ltr'>ﬁnibus</span> <span class='ocrx_word' id='word_1_661' title='bbox 1365 4445 1566 4485; x_wconf 89' lang='lat' dir='ltr'>eorum</span> <span class='ocrx_word' id='word_1_662' title='bbox 1589 4430 1873 4486; x_wconf 90' lang='lat' dir='ltr'>Dominus</span> <span class='ocrx_word' id='word_1_663' title='bbox 1906 4447 1949 4509; x_wconf 72' lang='grc' dir='ltr'>ι)</span> <span class='ocrx_word' id='word_1_664' title='bbox 1983 4431 2071 4481; x_wconf 89' lang='lat' dir='ltr'>rat</span> <span class='ocrx_word' id='word_1_665' title='bbox 2127 4426 2404 4498; x_wconf 86' lang='lat' dir='ltr'>expulsa:</span> <span class='ocrx_word' id='word_1_666' title='bbox 2466 4444 2602 4497; x_wconf 89' lang='lat' dir='ltr'>quo,</span> <span class='ocrx_word' id='word_1_667' title='bbox 2664 4444 2871 4483; x_wconf 86' lang='lat' dir='ltr'>secura</span> <span class='ocrx_word' id='word_1_668' title='bbox 2917 4430 3043 4500; x_wconf 90' lang='lat' dir='ltr'>jam</span> <span class='ocrx_word' id='word_1_669' title='bbox 3077 4436 3131 4485; x_wconf 87' lang='lat' dir='ltr'>et</span> <span class='ocrx_word' id='word_1_670' title='bbox 3181 4431 3407 4486; x_wconf 89' lang='lat' dir='ltr'>arbitrii</span> <span class='ocrx_word' id='word_1_671' title='bbox 3440 4432 3621 4488; x_wconf 81' lang='lat' dir='ltr'>serio-</span> 
     </span>
    </p>
   </div>
   <div class='ocr_carea' id='block_1_94' title="bbox 235 4512 929 4588">
    <p class='ocr_par' dir='ltr' id='par_1_94' title="bbox 235 4512 929 4588">
     <span class='ocr_line' id='line_1_94' title="bbox 235 4512 929 4588; baseline 0.007 -21"><span class='ocrx_word' id='word_1_672' title='bbox 235 4512 399 4572; x_wconf 83' lang='lat' dir='ltr'>Jesus</span> <span class='ocrx_word' id='word_1_673' title='bbox 428 4517 639 4587; x_wconf 72' lang='lat' dir='ltr'>(Matth.</span> <span class='ocrx_word' id='word_1_674' title='bbox 667 4534 790 4583; x_wconf 86' lang='lat' dir='ltr'>vm,</span> <span class='ocrx_word' id='word_1_675' title='bbox 819 4518 929 4588; x_wconf 64' lang='grc'>34).</span> 
     </span>
    </p>
   </div>
   <div class='ocr_carea' id='block_1_95' title="bbox 262 4605 1867 4680">
    <p class='ocr_par' dir='ltr' id='par_1_95' title="bbox 262 4605 1867 4680">
     <span class='ocr_line' id='line_1_95' title="bbox 262 4605 1867 4680; baseline 0.002 -22"><span class='ocrx_word' id='word_1_676' title='bbox 262 4640 273 4645; x_wconf 90' lang='grc'><strong>-</strong></span> <span class='ocrx_word' id='word_1_677' title='bbox 302 4607 382 4658; x_wconf 84' lang='grc'>17.</span> <span class='ocrx_word' id='word_1_678' title='bbox 408 4605 671 4677; x_wconf 89' lang='lat' dir='ltr'>Denique</span> <span class='ocrx_word' id='word_1_679' title='bbox 716 4610 775 4661; x_wconf 90' lang='lat' dir='ltr'>et</span> <span class='ocrx_word' id='word_1_680' title='bbox 822 4605 931 4661; x_wconf 89' lang='lat' dir='ltr'>iste</span> <span class='ocrx_word' id='word_1_681' title='bbox 962 4622 1060 4661; x_wconf 85' lang='lat' dir='ltr'>rex</span> <span class='ocrx_word' id='word_1_682' title='bbox 1089 4607 1311 4680; x_wconf 69' lang='lat' dir='ltr'>Egypti</span> <span class='ocrx_word' id='word_1_683' title='bbox 1335 4606 1416 4662; x_wconf 91' lang='lat' dir='ltr'>ait</span> <span class='ocrx_word' id='word_1_684' title='bbox 1435 4607 1508 4661; x_wconf 89' lang='lat' dir='ltr'>ad</span> <span class='ocrx_word' id='word_1_685' title='bbox 1538 4607 1830 4662; x_wconf 86' lang='lat' dir='ltr'>Abraham</span> <span class='ocrx_word' id='word_1_686' title='bbox 1854 4624 1867 4661; x_wconf 89' lang='lat'><strong>:</strong></span> 
     </span>
    </p>
   </div>
   <div class='ocr_carea' id='block_1_96' title="bbox 236 4691 1872 4767">
    <p class='ocr_par' dir='ltr' id='par_1_96' title="bbox 236 4691 1872 4767">
     <span class='ocr_line' id='line_1_96' title="bbox 236 4691 1872 4767; baseline 0.003 -21"><span class='ocrx_word' id='word_1_687' title='bbox 236 4691 368 4757; x_wconf 81' lang='lat' dir='ltr'>Quid</span> <span class='ocrx_word' id='word_1_688' title='bbox 419 4694 518 4748; x_wconf 82' lang='lat' dir='ltr'>hoc</span> <span class='ocrx_word' id='word_1_689' title='bbox 556 4695 740 4765; x_wconf 78' lang='lat' dir='ltr'>fecisti</span> <span class='ocrx_word' id='word_1_690' title='bbox 766 4693 952 4749; x_wconf 83' lang='lat' dir='ltr'>mihi?</span> <span class='ocrx_word' id='word_1_691' title='bbox 981 4696 1158 4763; x_wconf 76' lang='lat' dir='ltr'>Quare</span> <span class='ocrx_word' id='word_1_692' title='bbox 1184 4711 1295 4751; x_wconf 81' lang='lat' dir='ltr'>non</span> <span class='ocrx_word' id='word_1_693' title='bbox 1324 4695 1519 4751; x_wconf 71' lang='lat' dir='ltr'>dixisti</span> <span class='ocrx_word' id='word_1_694' title='bbox 1547 4694 1708 4761; x_wconf 85' lang='lat' dir='ltr'>mihi,</span> <span class='ocrx_word' id='word_1_695' title='bbox 1741 4699 1872 4767; x_wconf 83' lang='lat' dir='ltr'>quia</span> 
     </span>
    </p>
   </div>
   <div class='ocr_carea' id='block_1_97' title="bbox 234 4782 1875 4857">
    <p class='ocr_par' dir='ltr' id='par_1_97' title="bbox 234 4782 1875 4857">
     <span class='ocr_line' id='line_1_97' title="bbox 234 4782 1875 4857; baseline 0.004 -22"><span class='ocrx_word' id='word_1_696' title='bbox 234 4793 367 4835; x_wconf 69' lang='lat' dir='ltr'>uxor</span> <span class='ocrx_word' id='word_1_697' title='bbox 422 4785 522 4837; x_wconf 82' lang='lat' dir='ltr'>tua</span> <span class='ocrx_word' id='word_1_698' title='bbox 577 4791 654 4838; x_wconf 75' lang='lat' dir='ltr'>est</span> <span class='ocrx_word' id='word_1_699' title='bbox 695 4786 721 4836; x_wconf 77' lang='lat'>.9</span> <span class='ocrx_word' id='word_1_700' title='bbox 774 4782 868 4839; x_wconf 85' lang='lat' dir='ltr'>sed</span> <span class='ocrx_word' id='word_1_701' title='bbox 922 4783 1118 4840; x_wconf 72' lang='lat' dir='ltr'>dixisti</span> <span class='ocrx_word' id='word_1_702' title='bbox 1162 4786 1291 4857; x_wconf 85' lang='lat' dir='ltr'>quia</span> <span class='ocrx_word' id='word_1_703' title='bbox 1344 4799 1498 4840; x_wconf 84' lang='lat' dir='ltr'>soror</span> <span class='ocrx_word' id='word_1_704' title='bbox 1552 4788 1645 4839; x_wconf 84' lang='lat' dir='ltr'>tua</span> <span class='ocrx_word' id='word_1_705' title='bbox 1689 4793 1789 4852; x_wconf 79' lang='lat' dir='ltr'>est,</span> <span class='ocrx_word' id='word_1_706' title='bbox 1823 4794 1875 4842; x_wconf 76' lang='lat' dir='ltr'>et</span> 
     </span>
    </p>
   </div>
   <div class='ocr_carea' id='block_1_98' title="bbox 297 4949 1873 5024">
    <p class='ocr_par' dir='ltr' id='par_1_98' title="bbox 297 4949 1873 5024">
     <span class='ocr_line' id='line_1_98' title="bbox 297 4949 1873 5024; baseline 0.004 -21"><span class='ocrx_word' id='word_1_707' title='bbox 297 4950 412 5019; x_wconf 84' lang='lat'>(92)</span> <span class='ocrx_word' id='word_1_708' title='bbox 459 4949 598 5005; x_wconf 83' lang='lat' dir='ltr'>Mss.</span> <span class='ocrx_word' id='word_1_709' title='bbox 646 4951 815 5006; x_wconf 87' lang='lat' dir='ltr'>Corb.</span> <span class='ocrx_word' id='word_1_710' title='bbox 868 4968 933 5008; x_wconf 88' lang='lat' dir='ltr'>ac</span> <span class='ocrx_word' id='word_1_711' title='bbox 983 4952 1185 5024; x_wconf 69' lang='lat' dir='ltr'>Long,</span> <span class='ocrx_word' id='word_1_712' title='bbox 1214 4953 1419 5023; x_wconf 81' lang='lat' dir='ltr'>grande</span> <span class='ocrx_word' id='word_1_713' title='bbox 1446 4954 1646 5011; x_wconf 65' lang='lat' dir='ltr'>sobriae</span> <span class='ocrx_word' id='word_1_714' title='bbox 1677 4957 1873 5010; x_wconf 81' lang='lat' dir='ltr'>mentis</span> 
     </span>
    </p>
   </div>
   <div class='ocr_carea' id='block_1_99' title="bbox 231 5024 572 5091">
    <p class='ocr_par' dir='ltr' id='par_1_99' title="bbox 231 5024 572 5091">
     <span class='ocr_line' id='line_1_99' title="bbox 231 5024 572 5091; baseline 0.012 -18"><span class='ocrx_word' id='word_1_715' title='bbox 231 5024 572 5091; x_wconf 74' lang='lat' dir='ltr'>mysterium.</span> 
     </span>
    </p>
   </div>
   <div class='ocr_carea' id='block_1_100' title="bbox 298 5092 1872 5167">
    <p class='ocr_par' dir='ltr' id='par_1_100' title="bbox 298 5092 1872 5167">
     <span class='ocr_line' id='line_1_100' title="bbox 298 5092 1872 5167; baseline 0.004 -20"><span class='ocrx_word' id='word_1_716' title='bbox 298 5092 536 5167; x_wconf 77' lang='lat' dir='ltr'>(93)_Ita</span> <span class='ocrx_word' id='word_1_717' title='bbox 592 5109 736 5167; x_wconf 73' lang='lat' dir='ltr'>mss.</span> <span class='ocrx_word' id='word_1_718' title='bbox 797 5109 1042 5167; x_wconf 27' lang='lat' dir='ltr'>omnes.‘</span> <span class='ocrx_word' id='word_1_719' title='bbox 1076 5096 1206 5167; x_wconf 71' lang='lat' dir='ltr'>Am.</span> <span class='ocrx_word' id='word_1_720' title='bbox 1267 5098 1461 5167; x_wconf 85' lang='lat' dir='ltr'>autem</span> <span class='ocrx_word' id='word_1_721' title='bbox 1512 5112 1578 5151; x_wconf 84' lang='lat' dir='ltr'>ac</span> <span class='ocrx_word' id='word_1_722' title='bbox 1606 5097 1761 5167; x_wconf 75' lang='lat' dir='ltr'>Era,</span> <span class='ocrx_word' id='word_1_723' title='bbox 1794 5107 1872 5153; x_wconf 80' lang='lat' dir='ltr'>est</span> 
     </span>
    </p>
   </div>
   <div class='ocr_carea' id='block_1_101' title="bbox 224 5162 1873 5239">
    <p class='ocr_par' dir='ltr' id='par_1_101' title="bbox 224 5162 1873 5239">
     <span class='ocr_line' id='line_1_101' title="bbox 224 5162 1873 5239; baseline 0.004 -22"><span class='ocrx_word' id='word_1_724' title='bbox 224 5162 334 5218; x_wconf 76' lang='lat' dir='ltr'>viri</span> <span class='ocrx_word' id='word_1_725' title='bbox 362 5162 748 5239; x_wconf 22' lang='lat' dir='ltr'>debitanViti‘o</span> <span class='ocrx_word' id='word_1_726' title='bbox 780 5164 992 5239; x_wconf 69' lang='lat' dir='ltr'>procul</span> <span class='ocrx_word' id='word_1_727' title='bbox 1009 5164 1190 5239; x_wconf 75' lang='lat' dir='ltr'>dubio</span> <span class='ocrx_word' id='word_1_728' title='bbox 1207 5165 1487 5239; x_wconf 68' lang='lat' dir='ltr'>codicum</span> <span class='ocrx_word' id='word_1_729' title='bbox 1505 5162 1755 5239; x_wconf 81' lang='lat' dir='ltr'>quibus</span> <span class='ocrx_word' id='word_1_730' title='bbox 1780 5169 1873 5225; x_wconf 89' lang='lat' dir='ltr'>usi</span> 
     </span>
    </p>
   </div>
   <div class='ocr_carea' id='block_1_102' title="bbox 226 5234 1870 5305">
    <p class='ocr_par' dir='ltr' id='par_1_102' title="bbox 226 5234 1870 5305">
     <span class='ocr_line' id='line_1_102' title="bbox 226 5234 1870 5305; baseline 0.005 -17"><span class='ocrx_word' id='word_1_731' title='bbox 226 5239 405 5288; x_wconf 87' lang='lat' dir='ltr'>sunt:</span> <span class='ocrx_word' id='word_1_732' title='bbox 441 5234 592 5305; x_wconf 90' lang='lat' dir='ltr'>quod</span> <span class='ocrx_word' id='word_1_733' title='bbox 623 5234 826 5291; x_wconf 79' lang='lat' dir='ltr'>vitium</span> <span class='ocrx_word' id='word_1_734' title='bbox 863 5240 925 5291; x_wconf 92' lang='lat' dir='ltr'>ut</span> <span class='ocrx_word' id='word_1_735' title='bbox 955 5234 1086 5291; x_wconf 90' lang='lat' dir='ltr'>Gill.</span> <span class='ocrx_word' id='word_1_736' title='bbox 1120 5240 1177 5290; x_wconf 89' lang='lat' dir='ltr'>et</span> <span class='ocrx_word' id='word_1_737' title='bbox 1207 5236 1375 5292; x_wconf 85' lang='lat' dir='ltr'>Rom.</span> <span class='ocrx_word' id='word_1_738' title='bbox 1425 5234 1564 5293; x_wconf 76' lang='lat' dir='ltr'>edit.</span> <span class='ocrx_word' id='word_1_739' title='bbox 1596 5240 1870 5296; x_wconf 88' lang='lat' dir='ltr'>emenda-</span> 
     </span>
    </p>
   </div>
   <div class='ocr_carea' id='block_1_103' title="bbox 223 5306 1227 5377">
    <p class='ocr_par' dir='ltr' id='par_1_103' title="bbox 223 5306 1227 5377">
     <span class='ocr_line' id='line_1_103' title="bbox 223 5306 1227 5377; baseline 0 -16"><span class='ocrx_word' id='word_1_740' title='bbox 223 5310 375 5377; x_wconf 83' lang='lat' dir='ltr'>rent,</span> <span class='ocrx_word' id='word_1_741' title='bbox 410 5321 739 5377; x_wconf 79' lang='lat' dir='ltr'>reposuere,</span> <span class='ocrx_word' id='word_1_742' title='bbox 769 5315 847 5363; x_wconf 79' lang='lat' dir='ltr'>est</span> <span class='ocrx_word' id='word_1_743' title='bbox 884 5308 1002 5362; x_wconf 82' lang='lat' dir='ltr'>viro</span> <span class='ocrx_word' id='word_1_744' title='bbox 1029 5306 1227 5363; x_wconf 79' lang='lat' dir='ltr'>debita.</span> 
     </span>
    </p>
   </div>
   <div class='ocr_carea' id='block_1_104' title="bbox 295 5375 1869 5452">
    <p class='ocr_par' dir='ltr' id='par_1_104' title="bbox 295 5375 1869 5452">
     <span class='ocr_line' id='line_1_104' title="bbox 295 5375 1869 5452; baseline 0.004 -22"><span class='ocrx_word' id='word_1_745' title='bbox 295 5376 416 5452; x_wconf 62' lang='grc'>(94)</span> <span class='ocrx_word' id='word_1_746' title='bbox 439 5375 655 5452; x_wconf 78' lang='lat' dir='ltr'>Omnes</span> <span class='ocrx_word' id='word_1_747' title='bbox 708 5378 843 5434; x_wconf 84' lang='lat' dir='ltr'>edit.</span> <span class='ocrx_word' id='word_1_748' title='bbox 907 5395 1040 5434; x_wconf 92' lang='lat' dir='ltr'>cum</span> <span class='ocrx_word' id='word_1_749' title='bbox 1072 5378 1249 5433; x_wconf 86' lang='lat' dir='ltr'>Torn.</span> <span class='ocrx_word' id='word_1_750' title='bbox 1303 5379 1454 5443; x_wconf 91' lang='lat' dir='ltr'>cod.,</span> <span class='ocrx_word' id='word_1_751' title='bbox 1487 5380 1684 5452; x_wconf 82' lang='lat' dir='ltr'>quibus</span> <span class='ocrx_word' id='word_1_752' title='bbox 1713 5382 1869 5437; x_wconf 80' lang='lat' dir='ltr'>colli-</span> 
     </span>
    </p>
   </div>
   <div class='ocr_carea' id='block_1_105' title="bbox 223 5447 610 5521">
    <p class='ocr_par' dir='ltr' id='par_1_105' title="bbox 223 5447 610 5521">
     <span class='ocr_line' id='line_1_105' title="bbox 223 5447 610 5521; baseline 0 0"><span class='ocrx_word' id='word_1_753' title='bbox 223 5453 363 5521; x_wconf 59' lang='lat' dir='ltr'>gata,</span> <span class='ocrx_word' id='word_1_754' title='bbox 391 5447 610 5521; x_wconf 63' lang='grc' dir='ltr'>ξηρρίιιί-</span> 
     </span>
    </p>
   </div>
   <div class='ocr_carea' id='block_1_106' title="bbox 293 5518 1868 5597">
    <p class='ocr_par' dir='ltr' id='par_1_106' title="bbox 293 5518 1868 5597">
     <span class='ocr_line' id='line_1_106' title="bbox 293 5518 1868 5597; baseline 0.002 -17"><span class='ocrx_word' id='word_1_755' title='bbox 293 5518 410 5596; x_wconf 81' lang='grc'>(95)</span> <span class='ocrx_word' id='word_1_756' title='bbox 441 5518 570 5579; x_wconf 84' lang='lat' dir='ltr'>Vet.</span> <span class='ocrx_word' id='word_1_757' title='bbox 604 5520 766 5591; x_wconf 88' lang='lat' dir='ltr'>edit.,</span> <span class='ocrx_word' id='word_1_758' title='bbox 815 5522 1123 5580; x_wconf 81' lang='lat' dir='ltr'>cautionem</span> <span class='ocrx_word' id='word_1_759' title='bbox 1169 5519 1489 5597; x_wconf 78' lang='lat' dir='ltr'>femineam.</span> <span class='ocrx_word' id='word_1_760' title='bbox 1534 5522 1700 5581; x_wconf 83' lang='lat' dir='ltr'>Rom.</span> <span class='ocrx_word' id='word_1_761' title='bbox 1734 5540 1868 5583; x_wconf 86' lang='lat' dir='ltr'>cum</span> 
     </span>
    </p>
   </div>
   <div class='ocr_carea' id='block_1_107' title="bbox 1981 4515 3625 4590">
    <p class='ocr_par' dir='ltr' id='par_1_107' title="bbox 1981 4515 3625 4590">
     <span class='ocr_line' id='line_1_107' title="bbox 1981 4515 3625 4590; baseline 0.005 -21"><span class='ocrx_word' id='word_1_762' title='bbox 1981 4515 2062 4570; x_wconf 91' lang='lat' dir='ltr'>ris</span> <span class='ocrx_word' id='word_1_763' title='bbox 2093 4515 2296 4580; x_wconf 87' lang='lat' dir='ltr'>libera,</span> <span class='ocrx_word' id='word_1_764' title='bbox 2343 4516 2398 4568; x_wconf 92' lang='lat' dir='ltr'>in</span> <span class='ocrx_word' id='word_1_765' title='bbox 2434 4516 2686 4587; x_wconf 86' lang='lat' dir='ltr'>peccatis</span> <span class='ocrx_word' id='word_1_766' title='bbox 2737 4517 2860 4571; x_wconf 91' lang='lat' dir='ltr'>suis</span> <span class='ocrx_word' id='word_1_767' title='bbox 2895 4519 3159 4590; x_wconf 85' lang='lat' dir='ltr'>redargui</span> <span class='ocrx_word' id='word_1_768' title='bbox 3194 4537 3310 4575; x_wconf 91' lang='lat' dir='ltr'>non</span> <span class='ocrx_word' id='word_1_769' title='bbox 3346 4521 3625 4578; x_wconf 78' lang='lat' dir='ltr'>formida-</span> 
     </span>
    </p>
   </div>
   <div class='ocr_carea' id='block_1_108' title="bbox 1982 4610 2087 4658">
    <p class='ocr_par' dir='ltr' id='par_1_108' title="bbox 1982 4610 2087 4658">
     <span class='ocr_line' id='line_1_108' title="bbox 1982 4610 2087 4658; baseline 0 -1"><span class='ocrx_word' id='word_1_770' title='bbox 1982 4610 2087 4658; x_wconf 89' lang='lat' dir='ltr'>ret.</span> 
     </span>
    </p>
   </div>
   <div class='ocr_carea' id='block_1_109' title="bbox 2548 4694 3049 4750">
    <p class='ocr_par' dir='ltr' id='par_1_109' title="bbox 2548 4694 3049 4750">
     <span class='ocr_line' id='line_1_109' title="bbox 2548 4694 3049 4750; baseline 0.004 -2"><span class='ocrx_word' id='word_1_771' title='bbox 2548 4694 2696 4749; x_wconf 63' lang='lat'>321</span> <span class='ocrx_word' id='word_1_772' title='bbox 2726 4694 2956 4750; x_wconf 82' lang='lat' dir='ltr'><strong>CAPUT</strong></span> <span class='ocrx_word' id='word_1_773' title='bbox 2986 4695 3049 4750; x_wconf 89' lang='lat' dir='ltr'>V.</span> 
     </span>
    </p>
   </div>
   <div class='ocr_carea' id='block_1_110' title="bbox 1982 4782 3624 4854">
    <p class='ocr_par' dir='ltr' id='par_1_110' title="bbox 1982 4782 3624 4854">
     <span class='ocr_line' id='line_1_110' title="bbox 1982 4782 3624 4854; baseline 0.004 -19"><span class='ocrx_word' id='word_1_774' title='bbox 1982 4782 2216 4836; x_wconf 78' lang='lat' dir='ltr'>Discedit</span> <span class='ocrx_word' id='word_1_775' title='bbox 2255 4782 2531 4837; x_wconf 77' lang='lat' dir='ltr'>Abraham</span> <span class='ocrx_word' id='word_1_776' title='bbox 2569 4800 2638 4837; x_wconf 71' lang='lat' dir='ltr'>ea:</span> <span class='ocrx_word' id='word_1_777' title='bbox 2685 4786 2916 4854; x_wconf 56' lang='lat' dir='ltr'>.Egypto</span> <span class='ocrx_word' id='word_1_778' title='bbox 2970 4802 3093 4840; x_wconf 86' lang='lat' dir='ltr'>cum</span> <span class='ocrx_word' id='word_1_779' title='bbox 3128 4788 3268 4841; x_wconf 85' lang='lat' dir='ltr'>Sara</span> <span class='ocrx_word' id='word_1_780' title='bbox 3321 4803 3497 4842; x_wconf 69' lang='lat' dir='ltr'>uxore</span> <span class='ocrx_word' id='word_1_781' title='bbox 3559 4803 3624 4841; x_wconf 88' lang='lat' dir='ltr'>ac</span> 
     </span>
    </p>
   </div>
   <div class='ocr_carea' id='block_1_111' title="bbox 1982 4950 3621 5022">
    <p class='ocr_par' dir='ltr' id='par_1_111' title="bbox 1982 4950 3621 5022">
     <span class='ocr_line' id='line_1_111' title="bbox 1982 4950 3621 5022; baseline 0.002 -17"><span class='ocrx_word' id='word_1_782' title='bbox 1982 4950 2238 5022; x_wconf 88' lang='lat' dir='ltr'>quinque</span> <span class='ocrx_word' id='word_1_783' title='bbox 2289 4968 2454 5017; x_wconf 90' lang='lat' dir='ltr'>mss.,</span> <span class='ocrx_word' id='word_1_784' title='bbox 2504 4962 2801 5008; x_wconf 71' lang='lat' dir='ltr'>cautiorem</span> <span class='ocrx_word' id='word_1_785' title='bbox 2831 4957 3047 5022; x_wconf 73' lang='lat' dir='ltr'>feriam.</span> <span class='ocrx_word' id='word_1_786' title='bbox 3081 4954 3303 5017; x_wconf 82' lang='lat' dir='ltr'>Quibus</span> <span class='ocrx_word' id='word_1_787' title='bbox 3346 4954 3621 5009; x_wconf 89' lang='lat' dir='ltr'>omnibus</span> 
     </span>
    </p>
   </div>
   <div class='ocr_carea' id='block_1_112' title="bbox 1982 5024 3620 5105">
    <p class='ocr_par' dir='ltr' id='par_1_112' title="bbox 1982 5024 3620 5105">
     <span class='ocr_line' id='line_1_112' title="bbox 1982 5024 3620 5105; baseline 0.002 -29"><span class='ocrx_word' id='word_1_788' title='bbox 1982 5024 2208 5105; x_wconf 80' lang='lat' dir='ltr'>videtur</span> <span class='ocrx_word' id='word_1_789' title='bbox 2264 5024 2452 5093; x_wconf 88' lang='lat' dir='ltr'>potior</span> <span class='ocrx_word' id='word_1_790' title='bbox 2480 5026 2672 5095; x_wconf 78' lang='lat' dir='ltr'>Corb.,</span> <span class='ocrx_word' id='word_1_791' title='bbox 2732 5029 2785 5079; x_wconf 86' lang='lat' dir='ltr'>in</span> <span class='ocrx_word' id='word_1_792' title='bbox 2818 5043 2932 5096; x_wconf 90' lang='lat' dir='ltr'>quo</span> <span class='ocrx_word' id='word_1_793' title='bbox 2963 5026 3141 5096; x_wconf 80' lang='lat' dir='ltr'>legas,</span> <span class='ocrx_word' id='word_1_794' title='bbox 3199 5027 3505 5077; x_wconf 73' lang='lat' dir='ltr'>cautionem</span> <span class='ocrx_word' id='word_1_795' title='bbox 3537 5041 3620 5079; x_wconf 87' lang='lat' dir='ltr'>se-</span> 
     </span>
    </p>
   </div>
   <div class='ocr_carea' id='block_1_113' title="bbox 1982 5111 2735 5149">
    <p class='ocr_par' dir='ltr' id='par_1_113' title="bbox 1982 5111 2735 5149">
     <span class='ocr_line' id='line_1_113' title="bbox 1982 5111 2735 5149; baseline 0.003 -1"><span class='ocrx_word' id='word_1_796' title='bbox 1982 5111 2145 5149; x_wconf 56' lang='grc' dir='ltr'>νηαηι</span> <span class='ocrx_word' id='word_1_797' title='bbox 2732 5130 2735 5135; x_wconf 64' lang='grc' dir='ltr'><strong><em>ν</em></strong></span> 
     </span>
    </p>
   </div>
   <div class='ocr_carea' id='block_1_114' title="bbox 2051 5163 3622 5237">
    <p class='ocr_par' dir='ltr' id='par_1_114' title="bbox 2051 5163 3622 5237">
     <span class='ocr_line' id='line_1_114' title="bbox 2051 5163 3622 5237; baseline 0.001 -18"><span class='ocrx_word' id='word_1_798' title='bbox 2051 5165 2162 5237; x_wconf 83' lang='grc'>(96)</span> <span class='ocrx_word' id='word_1_799' title='bbox 2216 5164 2537 5222; x_wconf 77' lang='lat' dir='ltr'>Voluntarii</span> <span class='ocrx_word' id='word_1_800' title='bbox 2596 5167 2704 5221; x_wconf 90' lang='lat' dir='ltr'>hoc</span> <span class='ocrx_word' id='word_1_801' title='bbox 2762 5166 2884 5219; x_wconf 89' lang='lat' dir='ltr'>loco</span> <span class='ocrx_word' id='word_1_802' title='bbox 2942 5165 3215 5237; x_wconf 87' lang='lat' dir='ltr'>dicuntur</span> <span class='ocrx_word' id='word_1_803' title='bbox 3270 5163 3306 5217; x_wconf 91' lang='lat' dir='ltr'>ii</span> <span class='ocrx_word' id='word_1_804' title='bbox 3347 5164 3468 5237; x_wconf 79' lang='lat' dir='ltr'>qui</span> <span class='ocrx_word' id='word_1_805' title='bbox 3506 5182 3622 5221; x_wconf 90' lang='lat' dir='ltr'>non</span> 
     </span>
    </p>
   </div>
   <div class='ocr_carea' id='block_1_115' title="bbox 1980 5235 3623 5364">
    <p class='ocr_par' dir='ltr' id='par_1_115' title="bbox 1980 5235 3623 5364">
     <span class='ocr_line' id='line_1_115' title="bbox 1980 5235 3623 5362; baseline 0.001 -70"><span class='ocrx_word' id='word_1_806' title='bbox 1980 5235 2195 5362; x_wconf 46' lang='lat' dir='ltr'>(ipsete,</span> <span class='ocrx_word' id='word_1_807' title='bbox 2227 5238 2326 5293; x_wconf 84' lang='lat' dir='ltr'>sed</span> <span class='ocrx_word' id='word_1_808' title='bbox 2360 5255 2468 5294; x_wconf 88' lang='lat' dir='ltr'>sua</span> <span class='ocrx_word' id='word_1_809' title='bbox 2496 5243 2702 5310; x_wconf 89' lang='lat' dir='ltr'>sponte</span> <span class='ocrx_word' id='word_1_810' title='bbox 2751 5242 2923 5306; x_wconf 86' lang='lat' dir='ltr'>atque</span> <span class='ocrx_word' id='word_1_811' title='bbox 2973 5253 3040 5291; x_wconf 89' lang='lat' dir='ltr'>ex</span> <span class='ocrx_word' id='word_1_812' title='bbox 3069 5235 3265 5289; x_wconf 90' lang='lat' dir='ltr'>animo</span> <span class='ocrx_word' id='word_1_813' title='bbox 3297 5236 3363 5289; x_wconf 90' lang='lat' dir='ltr'>ad</span> <span class='ocrx_word' id='word_1_814' title='bbox 3398 5235 3623 5309; x_wconf 82' lang='lat' dir='ltr'>aliquid</span> 
     </span>
     <span class='ocr_line' id='line_1_116' title="bbox 2007 5314 2526 5364; baseline 0.002 -1"><span class='ocrx_word' id='word_1_815' title='bbox 2007 5314 2273 5364; x_wconf 79' lang='lat' dir='ltr'>eruatur.</span> <span class='ocrx_word' id='word_1_816' title='bbox 2520 5346 2526 5351; x_wconf 66' lang='grc' dir='ltr'><em>ς</em></span> 
     </span>
    </p>
   </div>
   <div class='ocr_carea' id='block_1_116' title="bbox 2007 5326 2273 5364">
    <p class='ocr_par' dir='ltr' id='par_1_116' title="bbox 2007 5326 2273 5364">
     <span class='ocr_line' id='line_1_117' title="bbox 2007 5326 2273 5364; baseline 0.004 -1"><span class='ocrx_word' id='word_1_817' title='bbox 2007 5326 2273 5364; x_wconf 73' lang='grc' dir='ltr'>ΘΓυΠῐυΓ.</span> 
     </span>
    </p>
   </div>
   <div class='ocr_carea' id='block_1_117' title="bbox 2053 5346 3620 5509">
    <p class='ocr_par' dir='ltr' id='par_1_117' title="bbox 2053 5346 3620 5509">
     <span class='ocr_line' id='line_1_118' title="bbox 2053 5346 3620 5509; baseline 0.003 -74"><span class='ocrx_word' id='word_1_818' title='bbox 2053 5346 2412 5509; x_wconf 45' lang='lat' dir='ltr'>Mutua</span> <span class='ocrx_word' id='word_1_819' title='bbox 2434 5380 2595 5447; x_wconf 88' lang='lat' dir='ltr'>edit.,</span> <span class='ocrx_word' id='word_1_820' title='bbox 2630 5379 2909 5435; x_wconf 81' lang='lat' dir='ltr'>illecebras</span> <span class='ocrx_word' id='word_1_821' title='bbox 2937 5378 3165 5449; x_wconf 79' lang='lat' dir='ltr'>offerens</span> <span class='ocrx_word' id='word_1_822' title='bbox 3186 5399 3204 5446; x_wconf 88' lang='lat'>,-</span> <span class='ocrx_word' id='word_1_823' title='bbox 3224 5394 3426 5436; x_wconf 88' lang='lat' dir='ltr'>omnes</span> <span class='ocrx_word' id='word_1_824' title='bbox 3450 5396 3620 5454; x_wconf 88' lang='lat' dir='ltr'>mss.,</span> 
     </span>
     <span class='ocr_line' id='line_1_119' title="bbox 2224 5468 2274 5509; baseline 0 -14"><span class='ocrx_word' id='word_1_825' title='bbox 2224 5468 2274 5509; x_wconf 58' lang='grc' dir='ltr'>,δ’</span> 
     </span>
    </p>
   </div>
   <div class='ocr_carea' id='block_1_118' title="bbox 1980 5467 2274 5509">
    <p class='ocr_par' dir='ltr' id='par_1_118' title="bbox 1980 5467 2274 5509">
     <span class='ocr_line' id='line_1_120' title="bbox 1980 5467 2274 5509; baseline 0 -1"><span class='ocrx_word' id='word_1_826' title='bbox 1980 5467 2254 5509; x_wconf 73' lang='lat' dir='ltr'>attendens</span> <span class='ocrx_word' id='word_1_827' title='bbox 2262 5493 2274 5507; x_wconf 86' lang='grc'><strong><em>.</em></strong></span> 
     </span>
    </p>
   </div>
  </div>
