4166 6154
466 188 584 251 487
1917 182 1979 245 s.
2033 180 2407 246 suenosu
3713 171 3811 258 43's

537 323 644 375 suis
705 319 954 374 omnibus
1013 317 1111 373 hoc
1156 325 1254 380 est,
1294 317 1440 372 veris
1472 317 1690 388 (anim
1725 314 1950 388 divitiis.
1988 317 2115 386 Ejus
2150 334 2190 388 Α
2230 315 2571 369 ιιωιε-ιμιὶιιηι.
2608 314 2740 371 Suis
2771 319 3076 373 contentos
3105 331 3231 373 esse
3258 316 3493 387 ﬁnibus,
3522 336 3623 376 non
3650 326 3814 381 extolli

538 393 743 446 reditus
790 393 855 481 in
884 389 1085 481 Illethel
1135 388 1269 481 ιιιξὶςί
1296 386 1585 481 signiﬁcet.
1623 387 1827 455 Quidve
1855 388 1951 443 Lot
1982 404 2117 442 auro
2151 386 2160 388 ἡ

2181 386 2559 458 idivitiurum
2613 403 2815 475 copiis,
2875 410 2931 459 et
2987 404 3160 462 rebus
3219 407 3536 463 secundum
3600 412 3810 481 gratiam

535 472 584 517 εί
614 466 838 531 ανθεηίθ
865 460 1017 517 dum
1048 476 1157 515 ηθη
1186 461 1425 515 dmum":
2224 490 2585 561 voluptatum
2648 491 2985 562 fluentibus,
3036 492 3144 547 hoc
3193 510 3323 549 csse
3355 494 3558 551 mentis
3585 460 3819 568 dyptimze:

540 587 625 641 19.
653 584 939 641 Discessit
965 585 1159 654 itaque
1182 581 1473 637 Abraham
1499 583 1633 637 inde
1673 582 1895 636 habens
1917 598 2114 636 secum
2227 578 2494 633 meditari
2527 576 2757 651 semper
2786 580 3135 652 principium
3160 580 3433 639 etﬁnem.
3461 599 3522 638 eo
3552 587 3823 656 procedere

464 690 706 730 uxorum
741 690 909 730 suam
959 674 1160 727 Saram
1195 669 1344 741 (Gen,
1400 688 1518 737 xm,
1574 673 1647 741 1),
1680 670 1788 726 hoc
1819 674 1925 734 est,
1957 669 2116 742 prin-
2225 668 2283 722 et
2344 667 2479 722 inde
2526 666 2774 738 ingredi,
2841 671 2947 723 hoc
2995 685 3121 724 esse
3173 670 3391 724 bonum
3448 673 3572 742 (98).
3629 673 3826 733 Bonum

464 762 738 834 cipalem,
802 778 915 817 non
978 758 1348 814 servientem.
1413 759 1541 813 ldeo
1600 763 1657 813 et
1715 758 1931 812 dicitur
1987 757 2113 811 illi:
2227 756 2380 811 322
2413 760 2606 810 autem
2639 756 2927 827 sapientia
2957 761 3064 813 est.
3097 757 3278 812 Nemo
3312 759 3464 813 enim
3513 760 3704 832 bonus,
3732 764 3825 820 nisi

463 852 608 906 Audi
656 851 850 905 Soram
880 864 1107 902 amorem
1137 854 1287 901 tuam
1319 846 1470 914 (Gen.
1506 864 1616 912 xm,
1650 847 1758 917 l2).
1793 847 1928 909 Quae
1961 846 2115 899 enim
2228 860 2382 898 unus
2412 842 2583 898 Deus.
2618 845 2705 898 Ab
2737 861 2803 899 eo
2834 845 3226 917 procedimus,
3270 848 3443 900 creati
3499 864 3595 918 per
3620 849 3825 920 ipsum:

463 940 699 994 servitio
749 937 1093 992 delictorum
1149 952 1209 991 se
1268 935 1445 1002 exuit,
1496 934 1886 1006 principatum
1920 933 2115 998 habet,
2228 933 2300 987 ad
2333 949 2464 986 eum
2497 932 2863 997 revertimur,
2898 933 3036 1005 quia
3066 950 3199 989 cum
3231 934 3459 989 Christo
3505 952 3625 992 esse
3669 939 3829 995 multo

462 1046 579 1084 non
632 1028 994 1082 servitutem.
1051 1026 1212 1081 Mens
1261 1041 1399 1097 ergo
1446 1024 1692 1079 validior
1735 1022 2113 1095 principalem
2228 1020 2460 1075 melius.
2512 1021 2579 1074 Et
2632 1025 2696 1074 ut
2744 1020 2895 1076 scias
2942 1022 3082 1093 quia
3144 1022 3362 1077 bonum
3414 1027 3499 1077 est
3546 1041 3830 1097 congruere

461 1115 737 1170 virtutem
798 1131 997 1170 secum
1058 1113 1249 1177 hibet,
1331 1112 1438 1166 hoc
1499 1116 1607 1175 est,
1684 1110 2115 1182 imperitantem
2226 1108 2582 1180 principium
2610 1108 2667 1162 et
2696 1108 3044 1180 ﬁnem,ipse
3068 1110 3148 1163 ait
3173 1110 3704 1185 bonusJesuszEgo
3730 1132 3835 1170 sum

461 1203 721 1278 corporis
752 1204 1046 1268 sensibus,
1080 1218 1196 1256 non
1229 1201 1617 1256 obedientem.
1642 1200 1775 1263 Quis
1808 1199 1879 1254 de
1914 1203 2116 1271 Egyp-
2224 1200 2270 1252 A
2298 1200 2349 1252 et
2382 1210 2447 1262 Ω,
2478 1198 2819 1268 principium
2845 1205 2897 1252 et
2924 1198 3053 1267 ﬁnis
3084 1198 3264 1269 (Apoc.
3302 1215 3335 1263 ι,
3369 1200 3443 1270 8).

461 1298 521 1349 to
577 1309 773 1348 secum
829 1291 1026 1346 omnia
1074 1289 1295 1355 retulit,
1348 1288 1494 1344 nihil
1544 1288 1623 1343 ibi
1670 1287 2115 1359 disciplinarum
2295 1288 2385 1340 22.
2421 1285 2583 1340 Mens
2616 1285 2795 1357 igitur
2822 1290 3022 1340 nostra
3051 1302 3184 1340 cum
3216 1286 3343 1358 ipso
3388 1303 3614 1360 semper
3650 1290 3838 1347 sit:ab

462 1398 706 1438 suarum
767 1380 984 1435 amisit.
1047 1380 1169 1433 Non
1230 1376 1487 1433 colorata
1522 1382 1613 1432 est
1642 1375 2114 1447 intemperantia,
2225 1374 2353 1445 ejus
2405 1373 2645 1444 templo,
2697 1374 2768 1427 ab
2826 1374 2953 1445 ejus
3018 1374 3190 1429 verbo
3256 1391 3556 1447 nunquam
3616 1378 3838 1434 recedat.

462 1469 797 1535 insolentia,
832 1468 1188 1539 ﬂagitiorum
1224 1466 1619 1530 immodestia,
1649 1482 1763 1519 non
1794 1462 2118 1535 exspoliata
2225 1462 2468 1534 Semper
2517 1461 2573 1515 in
2607 1461 2852 1517 lectione
2880 1462 3315 1533 Scripturerum
3347 1465 3444 1529 sit,
3479 1462 3840 1522 meditationi-

462 1563 551 1613 est
582 1558 797 1613 amictu
828 1555 1043 1612 sedulze
1076 1554 1433 1617 sobrietatis,
1462 1570 1574 1609 non
1610 1558 1783 1609 exuta
1807 1553 2116 1607 vestimen-
2226 1550 2359 1619 bus,
2394 1551 2778 1616 orationibus,
2813 1556 2877 1604 ut
2908 1566 3101 1606 sermo
3132 1552 3262 1620 ejus
3291 1551 3403 1622 (99)
3448 1552 3545 1624 qui
3581 1557 3683 1620 est,
3715 1571 3846 1611 sem-

460 1652 520 1702 to
552 1645 813 1719 pudoris.
2145 1689 2188 1719 D
2229 1656 2329 1709 per
2376 1642 2649 1710 operetur
2696 1638 2751 1692 in
2799 1638 2990 1709 nobis,
3021 1643 3077 1694 et
3107 1644 3173 1694 ut
3204 1640 3465 1711 quotidie
3497 1642 3846 1712 procedentes

496 1689 519 1702 υ
597 1689 813 1701 we...“
2231 1689 2317 1709 ..--
2384 1689 2637 1710 τμη-η-
2803 1689 2990 1709 ---η-η
3026 1689 3075 1694 --
3114 1689 3171 1694 ﬁ-
3208 1689 3462 1711 νη-.-
3501 1689 3845 1712 run---“

496 1689 623 1790 '2r0.
658 1736 787 1789 Erat
834 1735 981 1789 dives
1042 1733 1198 1788 valde
1263 1732 1410 1801 (Gen.
1471 1749 1588 1795 xm,
1642 1732 1720 1802 2),
1776 1735 1972 1801 utpote
2020 1729 2113 1784 cui
2144 1689 2190 1753 B
2222 1727 2281 1781 in
2341 1727 2678 1795 Ecclesiam,
2712 1727 2795 1780 viil
2847 1727 3182 1783 domesticis
3215 1729 3564 1785 incubantes
3594 1730 3845 1786 orationi-

462 1823 606 1879 nihil
665 1824 949 1877 bonorum
998 1823 1212 1886 deerat,
1247 1836 1373 1891 quae
1424 1838 1539 1876 non
1573 1820 1742 1874 alieni
1784 1823 1907 1873 erat
1938 1835 2112 1890 appe-
2225 1817 2355 1879 bus,
2390 1817 2461 1870 ab
2493 1816 2620 1887 ipso
2647 1815 3018 1887 incipiamus,
3048 1821 3105 1872 et
3134 1818 3191 1871 in
3224 1816 3351 1889 ipso
3385 1818 3737 1875 desinamus.
3775 1820 3848 1875 Ita

461 1917 613 1979 tens,
644 1927 771 1983 quae
795 1909 1360 1980 nulliusindigebat,
1393 1909 1547 1979 quod
1570 1924 1741 1961 suum
1777 1906 1889 1961 dici
1924 1906 2111 1961 vellet.
2223 1904 2403 1960 totius
2454 1905 2547 1958 hic
2606 1905 2729 1959 vitae
2780 1910 2988 1959 nostra:
3039 1905 3183 1972 dies,
3237 1911 3293 1960 et
3322 1923 3536 1962 cursus
3565 1907 3675 1962 diei
3704 1909 3768 1963 ab
3796 1924 3851 1964 se

465 2001 577 2054 Hoc
609 2004 698 2055 est
729 1999 884 2054 enim
917 2013 1045 2053 esse
1092 1998 1351 2059 divitem,
1405 1996 1618 2051 habere
1648 1996 1801 2067 quod
1838 1996 1981 2050 satis
2012 2012 2114 2049 vo-
2224 1999 2421 2048 sumat
2460 1992 2832 2065 principium,
2888 1997 2945 2047 et
2993 1993 3102 2066 ipsi
3166 1993 3417 2049 desinat.
3450 1994 3611 2050 Sicut
3650 1995 3793 2051 enim
3822 2013 3851 2051 ει

462 2088 674 2143 luntati
705 2087 803 2142 sit.
837 2087 1171 2141 Mansuram
1220 2085 1373 2140 enim
1412 2083 1711 2156 frugalitas
1752 2084 1945 2151 habet,
1978 2100 2113 2138 cen-
2224 2079 2506 2152 principio
2555 2080 2686 2133 vitae
2734 2080 2966 2135 credere
3020 2084 3075 2135 et
3107 2079 3323 2135 initiari
3378 2081 3522 2148 Deo,
3572 2081 3726 2139 salus
3776 2087 3854 2138 est

463 2193 566 2232 sus
599 2191 711 2229 non
746 2174 937 2239 habet,
969 2174 1139 2243 cujus
1186 2174 1397 2227 modus
1440 2173 1496 2225 in
1530 2171 1769 2227 arbitrio
1800 2170 2115 2243 quaerentis
2225 2169 2341 2239 (1):
2394 2169 2474 2223 ita
2504 2168 2936 2239 perseverantia
2986 2185 3173 2240 usque
3218 2169 3274 2223 in
3335 2170 3518 2226 ﬁnem
3553 2162 3855 2227 necessaria

463 2270 570 2321 est.
606 2264 741 2318 Erat
786 2271 981 2318 autem
1013 2261 1174 2317 dives
1225 2260 1557 2333 pecoribus,
1591 2263 1827 2332 argento
1862 2264 1916 2314 et
1948 2275 2111 2314 auro.
2224 2262 2331 2312 est.
2366 2257 2467 2311 Est
2498 2261 2691 2311 autem
2747 2255 2963 2311 mentis
2992 2257 3225 2328 optimae
3266 2258 3619 2332 diligentia:
3661 2265 3723 2315 ut
3744 2276 3854 2315 ver-

461 2352 609 2414 Quid
644 2351 754 2405 sibi
788 2350 897 2405 hoc
927 2348 1099 2404 vult?
1130 2350 1254 2403 Non
1307 2348 1451 2402 mihi
1489 2348 1759 2403 videntur
1789 2348 1846 2401 in
1878 2347 2113 2402 homine
2223 2346 2296 2401 bo
2348 2345 2448 2400 Dei
2500 2346 2724 2400 intenta
2786 2344 2932 2399 nihil
3015 2343 3189 2401 faciat
3243 2347 3668 2415 irrationabile,
3721 2349 3856 2404 unde

456 2441 621 2510 justo
671 2438 977 2495 sazculares
1039 2437 1249 2492 divitiae
1298 2436 1545 2491 laudari.
1602 2435 1761 2491 Unde
1801 2435 1860 2490 in
1892 2434 2113 2507 pecori-
2222 2432 2461 2489 tristitia
2505 2434 2747 2489 subeat:
2802 2438 2866 2488 ut
2887 2433 3109 2505 jugiter
3163 2439 3409 2491 actuum
3462 2453 3702 2493 suorum
3728 2437 3860 2492 bene

463 2529 575 2584 bus
604 2528 933 2600 corporales
985 2542 1194 2582 sensus
1226 2525 1509 2597 intelligo,
1544 2525 1682 2597 quia
1729 2528 1787 2579 et
1817 2524 1927 2596 ipsi
1962 2525 2110 2578 irra-
2223 2522 2476 2587 conscia,
2534 2520 2792 2576 laetitiam
2847 2522 3009 2577 bonae
3056 2527 3244 2578 servet
3282 2525 3684 2581 conscientiae.
3714 2523 3860 2588 Quod

462 2615 771 2671 tionabiles
829 2620 1005 2681 sunt;
1058 2615 1115 2667 in
1170 2619 1410 2685 argento
1460 2629 1810 2679 sermonem,
1862 2613 1919 2666 in
1972 2628 2112 2667 auro
2221 2610 2377 2665 enim
2411 2611 2628 2666 bonum
2659 2609 2769 2665 hoc
2817 2612 2942 2666 sine
2972 2609 3182 2667 timore
3228 2616 3283 2667 et
3335 2613 3475 2669 sine
3504 2612 3740 2670 tristitia
3765 2618 3864 2680 est,

465 2709 741 2759 mentem.
777 2703 979 2758 Merito
1008 2703 1170 2757 dives
1200 2706 1324 2757 erat
1352 2701 1668 2770 Abraham,
1711 2700 1850 2771 quia
1881 2700 2116 2772 regebat
2222 2701 2277 2754 id
2336 2704 2444 2767 est,
2504 2700 2836 2754 securitatis
2895 2697 3134 2771 plenum
3184 2704 3240 2755 et
3296 2702 3528 2773 gratiae.
3584 2692 3860 2759 PosseSsio

464 2809 673 2849 sensus
718 2790 1166 2846 irrationabiles.
1203 2790 1465 2861 Denique
1496 2794 1551 2843 et
1581 2788 1828 2853 domuit,
1859 2794 1917 2843 et
1948 2805 2112 2843 man-
2220 2789 2378 2843 enim
2427 2786 2576 2859 justi
2633 2791 2863 2860 gratum
2923 2804 3051 2843 esse
3108 2792 3221 2844 Deo
3280 2790 3413 2862 (2):
3467 2790 3859 2864 insipientium

464 2888 660 2936 suetos
693 2879 842 2938 fecit,
898 2883 964 2932 ut
1012 2880 1215 2933 fierent
1265 2877 1663 2933 rationabiles.
1698 2877 1959 2932 Habebat
1988 2893 2112 2932 ser~
2221 2882 2416 2932 autem
2447 2875 2643 2931 nullus
2669 2877 2908 2949 gradus.
2958 2876 3089 2932 Ideo
3122 2876 3329 2943 Isaias,
3364 2880 3866 2953 appropinquante

465 2983 699 3024 monem
728 2966 857 3021 fidei
892 2967 1079 3022 colore
1111 2965 1509 3037 splendidum,
1534 2969 1846 3037 purgatum
1878 2965 2115 3038 spirita-
2221 2967 2372 3021 bono
2430 2964 2546 3020 ait:
2603 2965 2791 3035 Fugiet
2844 2965 3016 3032 dolor,
3076 2969 3129 3021 et
3185 2967 3446 3034 tristitia,
3519 2972 3573 3023 et
3647 2969 3861 3040 gemitus

463 3057 537 3112 lis
602 3056 790 3128 gratia
828 3054 1202 3125 disciplinae:
1246 3054 1498 3108 habebat
1557 3058 1809 3108 mentem
1877 3052 2107 3124 plenam
2141 3056 2182 3119 C
2222 3055 2350 3126 (Isa.
2411 3070 2573 3118 xxxv,
2632 3052 2742 3124 lO(.
2801 3053 3054 3109 Joannes
3103 3071 3342 3127 quoque
3374 3056 3436 3111 in
3496 3055 3864 3129 Apocalypsi:

465 3143 809 3217 prudentiae.
846 3144 915 3198 Et
946 3143 1071 3197 ideo
1102 3159 1243 3197 auro
1297 3146 1670 3214 comparatur
1711 3158 1875 3196 mens
1923 3142 2109 3197 bona:
2229 3143 2291 3196 Et
2321 3144 2454 3212 ipse,
2488 3141 2700 3212 inquit,
2733 3142 2870 3196 Deus
2900 3158 3023 3196 cum
3043 3141 3158 3197 illis
3185 3144 3318 3209 erit,
3352 3149 3409 3199 et
3442 3128 3645 3200 delebit
3675 3128 3871 3200 omnem

465 3236 604 3306 quia
636 3233 786 3288 sicut
817 3246 1026 3286 aurum
1051 3230 1272 3286 caeteris
1293 3234 1528 3302 praestat
1550 3228 1823 3294 metallis,
1851 3230 1928 3285 ita
1952 3248 2115 3285 mens
2226 3231 2529 3302 lacrymam
2585 3229 2648 3283 de
2703 3230 2873 3284 oculis
2903 3245 3107 3297 eorum,
3167 3235 3219 3284 et
3263 3247 3418 3286 mors
3457 3249 3571 3287 non
3633 3236 3738 3290 erit
3765 3248 3876 3286 am-

464 3324 618 3377 bona
649 3322 706 3375 in
762 3319 1001 3374 homine
1050 3319 1272 3375 caeteris
1320 3318 1510 3390 potior
1556 3322 1645 3373 est
1675 3318 1943 3373 humana;
1977 3321 2115 3374 sub-
2223 3319 2396 3390 ptius,
2425 3334 2599 3389 neque
2628 3321 2825 3386 luctus,
2886 3334 3058 3389 neque
3102 3319 3333 3387 clamor,
3382 3337 3567 3393 neque
3614 3321 3772 3377 dolor
3797 3319 3875 3373 ul-

467 3410 695 3467 stantize
721 3408 1106 3479 portionibus.
1142 3408 1201 3462 In
1228 3407 1418 3463 tribus
1450 3407 1629 3479 igitur
1653 3423 1865 3462 census
1888 3407 2117 3478 sapien-
2226 3410 2396 3463 terius
2453 3407 2634 3479 (Apoc.
2690 3424 2800 3473 XVI,
2855 3408 2889 3461 3
2943 3415 2993 3461 et
3024 3408 3097 3474 4).
3150 3408 3212 3462 In
3261 3410 3705 3465 resurrectione
3733 3407 3875 3464 enim

464 3499 563 3565 tis,
600 3499 655 3551 in
689 3513 889 3565 sensu,
945 3513 1232 3563 sermone,
1290 3501 1536 3551 mente:
1598 3496 1817 3567 gradus
1867 3496 2114 3568 quidam
2218 3494 3017 3567 justorumlaetitiajugiserit
3039 3497 3476 3568 etgratia,cum
3500 3497 3646 3553 illud
3673 3498 3877 3553 bonum

464 3604 567 3658 per
595 3586 862 3641 ordinem
912 3587 1120 3651 factus,
1155 3587 1304 3640 sicut
1335 3585 1511 3639 etiam
1543 3585 1601 3639 in
1648 3585 1925 3656 Apostolo
1974 3584 2115 3656 legi-
2226 3583 2461 3656 cmperit
2491 3600 2620 3639 esse
2650 3600 2781 3638 cum
2818 3584 3037 3639 sanctis
3069 3585 3214 3652 suis,
3251 3587 3504 3657 quando
3523 3587 3881 3660 requiescant

463 3690 632 3730 mus:
688 3676 863 3731 Manet
915 3679 1103 3739 autem
1144 3690 1280 3745 spes,
1329 3674 1458 3743 ﬁdes
1501 3675 1766 3738 Charitas,
1817 3675 1927 3728 tria
1976 3673 2113 3740 hac,
2225 3673 2284 3727 in
2316 3673 2450 3729 sinu
2479 3671 2745 3740 Abrahae,
2781 3671 2953 3743 positi
2998 3672 3058 3727 in
3106 3675 3234 3744 ejus
3280 3675 3702 3744 tabernaculo,
3735 3672 3878 3745 quod

462 3768 645 3835 major
699 3772 881 3818 autem
931 3764 1016 3817 his
1066 3770 1143 3817 est
1185 3763 1429 3817 charitas
1478 3761 1523 3833 (1
1585 3762 1704 3815 Cor.
1748 3777 1869 3816 xm.
1906 3761 2014 3831 13).
2052 3761 2117 3815 Et
2225 3761 2380 3817 inter
2409 3762 2649 3816 domum
2674 3760 2757 3816 vel
2793 3777 3121 3817 sermonem
3154 3762 3255 3817 Dei
3304 3770 3368 3817 et
3423 3764 3687 3835 gratiam
3721 3764 3887 3818 fixum

466 3869 631 3907 mens
680 3851 860 3923 igitur
915 3853 1102 3920 major
1150 3856 1274 3918 est;
1328 3850 1468 3922 quia
1517 3850 1645 3922 ipsa
1673 3853 1762 3904 est
1791 3866 1920 3920 quae
1952 3848 2115 3904 molit
2224 3856 2348 3906 est:
2384 3849 2722 3921 significans
2771 3848 3168 3904 innocentiam
3220 3851 3507 3907 fidelium
3561 3869 3734 3926 agere
3775 3865 3886 3923 gra-

464 3939 725 4013 spiritale
757 3942 1141 4004 frumentum,
1174 3944 1238 3993 ut
1269 3938 1673 4011 purgationem
1694 3954 1973 3992 sensuum
1999 3954 2118 3993 ser-
2223 3939 2337 3995 tias
2364 3938 2584 3994 auctori
2612 3955 2739 4004 suo,
2774 3938 2871 4010 qui
2904 3955 3020 3994 non
3075 3938 3296 3996 habent
3356 3943 3526 3998 unde
3576 3958 3677 3999 eos
3716 3938 3889 4014 poeni-

465 4045 826 4100 monumque
857 4028 1130 4099 proferat.
1167 4027 1446 4082 Servatur
1476 4026 1694 4097 ubique
1743 4042 1993 4097 persona
2022 4043 2114 4082 sa-
2224 4032 2341 4082 teat
2369 4025 2427 4081 in
2458 4026 2569 4080 hoc
2606 4028 2829 4081 mundo
2854 4026 3055 4082 fuisse.

464 4119 682 4191 pientis
708 4116 836 4172 viri.
2291 4116 2380 4170 23.
2431 4113 2620 4170 Factis
2670 4113 2869 4187 itaque
2920 4112 3295 4188 simplicibus
3351 4119 3617 4175 Abrahae
3665 4131 3893 4191 magna-

534 4209 623 4261 21.
659 4206 919 4276 Denique
941 4221 1007 4259 eo
1038 4203 1335 4259 inducitur
1358 4204 1602 4259 rediisse
1631 4202 1927 4258 Abraham
1959 4203 2110 4275 (Gen.
2223 4220 2353 4260 rum
2384 4200 2819 4258 institutionum
2848 4203 3197 4261 documenta
3228 4206 3651 4279 explicantur.
3688 4206 3883 4262 Merito

468 4311 588 4361 xm,
639 4294 713 4364 3),
765 4293 875 4349 hoc
924 4298 1035 4359 est,
1086 4293 1145 4347 in
1204 4291 1402 4347 Bethel
1454 4293 1611 4347 unde
1667 4291 1726 4345 in
1783 4291 2111 4364 Egyptum,
2222 4291 2403 4359 dives,
2462 4291 2563 4363 qui
2633 4290 2806 4346 etiam
2883 4292 3320 4364 disputationes
3396 4295 3897 4369 philosophorum

469 4382 865 4448 descenderat,
921 4387 985 4436 ut
1035 4396 1427 4453 agnoscamus
1457 4379 1612 4451 quod
1667 4379 1842 4434 etiam
1875 4379 2023 4450 justi
2054 4380 2112 4434 in
2147 4421 2193 4486 Β
2224 4380 2429 4436 divites
2458 4380 2613 4449 facit,
2648 4381 2745 4451 qui
2778 4380 2848 4435 de
2876 4381 3004 4451 ejus
3043 4386 3175 4437 actu
3224 4390 3545 4457 praecepta
3580 4385 3899 4440 formarent

469 4471 644 4524 domo
701 4467 801 4524 Dei
859 4469 1055 4540 positi,
1108 4474 1165 4524 et
1211 4470 1384 4524 verbo
1437 4467 1536 4524 Dei
1580 4467 1785 4522 intenti
1817 4467 2190 4523 tentantur"
2233 4486 2361 4524 sua.

473 4558 711 4630 quidem
761 4556 1142 4614 saecularibus
1174 4557 1670 4623 afﬂictationibus,
1704 4557 1800 4611 sed
1835 4574 1949 4611 non
1981 4556 2119 4612 alie—
2296 4560 2383 4614 24.
2454 4559 2592 4629 Ejus
2656 4574 2792 4630 ergo
2858 4556 3091 4615 divitias
3121 4559 3453 4631 Scriptura
3484 4564 3895 4637 expresserat:

472 4653 688 4702 nentur
736 4662 771 4701 a
815 4647 991 4702 domo
1047 4646 1147 4701 Dei
1196 4652 1253 4701 et
1300 4662 1334 4701 a
1382 4644 1649 4701 custodia
1702 4652 2119 4717 praceptorum
2228 4651 2530 4720 supererat
2558 4663 2905 4719 cognoscere
2937 4652 3283 4704 utrumnam
3315 4651 3435 4707 Lot
3457 4660 3708 4725 quoque
3730 4663 3903 4722 nepos

544 4788 657 4860 (98)
689 4787 839 4843 Edit.
896 4804 1101 4865 omnes
1148 4804 1282 4865 cum
1346 4788 1535 4843 tribus
1584 4802 1751 4865 mss,
1797 4786 1857 4841 Si
1887 4789 1963 4865 uis
1991 4804 2119 4865 conf
2230 4789 2340 4865 hoc
2397 4789 2632 4865 nomine
2688 4805 2751 4844 se
2784 4788 3079 4865 appellari
3138 4789 3336 4863 Moysi
3399 4794 3647 4850 dixerat
3673 4792 3913 4865 ipsemet

473 4858 652 4916 tentus
708 4874 853 4915 esse.
883 4902 895 4914 .
922 4901 935 4914 .
998 4858 1095 4914 hoc
1157 4862 1296 4914 scias
1353 4875 1466 4914 esse
1517 4860 1716 4913 mentis
1742 4901 1754 4913 .
1783 4900 1795 4911 .
1824 4899 1837 4912 .
1894 4859 1992 4914 hoc
2045 4862 2123 4915 est
2230 4861 2407 4928 Deus,
2440 4861 2619 4916 Exod.
2655 4878 2737 4928 ιιι,
2774 4858 2858 4915 14ῖ

475 4932 696 5005 bonum.
758 4930 869 5005 Sed
914 4929 1322 5005 credibileest
1375 4929 1569 5005 locum
1600 4929 1683 5005 ita
1708 4929 2120 5005 concinnatum
2303 4931 2550 5005 (4)7Mss.
2583 4932 2763 5005 Torn.
2794 4929 2947 5005 Vale.
2982 4934 3159 5005 atque
3188 4933 3372 5001 edit.,
3408 4941 3465 4992 et
3519 4936 3750 4993 imitari
3775 4932 3917 5005 salu:

474 5019 603 5057 esse
635 5002 707 5056 ab
737 5000 936 5073 aliquo
986 5001 1272 5070 lectionis,
1306 5018 1431 5072 quae
1462 5001 1521 5055 in
1554 5004 1804 5070 quatuor
1833 5001 2123 5072 antiquio-
2230 5000 2548 5068 est':'Maz.,
2579 5008 2633 5058 et
2662 5004 2878 5059 imitari
2908 5003 3013 5058 Deo
3039 5000 3192 5058 salus
3221 5013 3309 5059 est
3393 5006 3572 5063 Colb.
3609 5003 3915 5071 omittit,e¢

475 5074 639 5151 ribus
699 5088 844 5151 mss.
906 5074 1229 5151 priefertur,
1282 5089 1521 5151 sensum
1572 5088 1687 5151 non
1751 5078 2120 5151 esseque-nte.
2232 5077 2471 5151 initiari.
2503 5075 2610 5130 Sed
2640 5090 2833 5130 veram
2883 5073 3192 5130 lectionem
3247 5076 3441 5133 Corb.
3497 5083 3564 5135 et
3616 5080 3802 5151 Long.
3835 5088 3915 5130 re—

480 5144 664 5201 Facile
724 5143 923 5199 autem
978 5145 1144 5200 illum
1195 5149 1348 5200 esset
1395 5147 1720 5208 assecutus,
1779 5143 1829 5197 si
1880 5144 2124 5199 verbum
2234 5147 2500 5202 stitucre.

475 5230 855 5285 agnoscamus,
903 5233 1082 5286 supra
1125 5232 1490 5288 expressum,
1544 5213 1904 5284 subinteiligi
1936 5215 2125 5270 anim-
2305 5219 2380 5289 (2)
2412 5218 2504 5272 Sic
2549 5232 2692 5280 mss,
2742 5215 2935 5281 Corb.,
2987 5215 3189 5288 Long.,
3249 5218 3437 5286 Colb,
3504 5226 3568 5277 et
3624 5220 3774 5276 Μαι.
3813 5210 3917 5271 Alii

479 5284 845 5340 advertisset.
2232 5304 2390 5342 vero.
2431 5294 2489 5342 et
2537 5292 2756 5342 cunctae
2794 5287 2958 5342 edit..
3010 5286 3294 5342 Possessio
3357 5295 3528 5342 enim
3578 5294 3722 5342 iusti
3748 5288 3917 5342 mtia

479 5294 845 5340 advertisset.

495 5426 509 5440 ἱ
550 5356 664 5426 (99)
697 5354 757 5440 Id
792 5361 1124 5440 est,.sermo
1184 5358 1306 5440 Dei,
1369 5373 1496 5428 quae
1544 5353 1757 5411 locutio
1789 5371 1884 5440 ex."
1886 5356 2124 5414 Philone

2275 5304 2390 5353 ero,
2431 5294 2489 5344 et
2537 5294 2756 5342 cunctis
2794 5294 2958 5351 edit.,
3010 5294 3294 5345 Possessio
3357 5295 3528 5347 enim
3568 5294 3722 5365 justi
3747 5294 3920 5362 gratia

2275 5360 2450 5440 st_D_e_o_
2470 5378 2482 5416 :
2516 5357 2797 5440 quod‘hic
2829 5374 2943 5440 non
2974 5357 3055 5413 ita
3097 5359 3252 5416 bene
3306 5367 3589 5438 apteque
3636 5362 3920 5435 quadrare

476 5426 788 5509 desumpta
843 5430 1156 5509 8st,“)tdyoc
1208 5426 1565 5509 1091”th
1614 5443 1802 5500 neque
1856 5427 1972 5484 fere
2029 5445 2121 5509 u_s-

1254 5426 1565 5509 iefdwoci
1614 5443 1802 5500 neque
1856 5427 1972 5484 fere
2029 5445 2126 5509 u_s-
2237 5430 2460 5508 patebit
2488 5426 2899 5488 consideranti.

476 5512 656 5571 quam
689 5495 856 5559 aliter
883 5499 940 5557 is
960 5495 1143 5558 Deum
1162 5504 1326 5561 vocat
1346 5515 1526 5574 quam
1547 5505 1574 5559 ὁ
1601 5495 1724 5575 Ὠνξ
1753 5513 1962 5574 nempe
1991 5501 2129 5577 quia
