4166 6154
545 264 655 323 491

2003 271 2065 329 S.
2116 267 2491 330 AMBROSll
2597 308 2609 321 ο

3790 278 3892 343 492

540 388 743 452 versus
791 396 863 452 ad
910 397 1093 454 Deum
1146 415 1159 454 :
1210 399 1417 462 Gratia,
1451 399 1666 472 inquit,
1712 403 1813 456 Dei
1856 418 1960 472 per
2002 406 2193 459 Jesum
2222 402 2276 468 Α
2307 402 2363 456 Si
2395 418 2507 455 non
2543 404 2735 471 potest
2766 401 3235 469 convenire,ccdo
3263 402 3733 469 omnibus,totum
3760 424 3893 482 cape.

542 484 820 541 Christum
864 487 1160 543 Dominum
1200 488 1357 557 (Ibid.
1392 490 1504 558 25).
1556 489 1614 545 Si
1665 489 1867 545 fortior
1911 490 2034 545 suis
2076 507 2192 546 non

538 573 838 630 commisit
878 574 1120 638 viribus,
1172 576 1325 647 quod
1387 593 1598 647 corpus
1647 578 1855 633 mortis
1906 580 2191 643 evaderet,

538 662 641 718 sed
681 662 966 719 auxilium
1006 663 1271 734 quaesivit
1310 681 1344 719 a
1381 664 1634 732 Christo,
1678 667 1819 737 quid
1862 683 1967 722 nos
2008 667 2194 722 facere

539 755 765 822 oportet
811 752 1206 807 inﬁrmiores?
1258 753 1418 808 Hanc
1468 771 1727 826 pugnam
1777 771 2007 824 gravem
2066 770 2195 809 esse

539 838 809 912 cognovit
835 840 1156 903 Abraham,
1179 846 1235 895 et
1267 841 1396 896 ideo
1445 842 1504 896 in
1556 842 1842 914 principio
1873 844 2193 919 cavendum

540 927 782 999 putavit.
813 928 1072 998 Sapienti
1122 928 1278 985 enim
1330 931 1492 1001 pacis
1535 935 1625 986 est
1656 932 1941 1000 studium,
1975 931 2197 1003 impru-

537 1015 694 1070 denti
727 1016 918 1071 amica
935 1017 1154 1089 jurgia.

607 1104 695 1159 28.
728 1105 847 1160 Non
894 1107 988 1171 sit,
1019 1105 1235 1178 inquit,
1270 1109 1403 1162 rixa
1450 1110 1597 1163 inter
1640 1125 1728 1164 me
1766 1113 1816 1163 et
1864 1111 2011 1163 inter
2041 1113 2111 1171 te,
2144 1113 2194 1163 et

532 1197 777 1264 pastores
830 1209 974 1249 meos
1031 1199 1084 1249 et
1128 1199 1366 1266 pastores
1415 1200 1551 1262 tuos,
1612 1200 1746 1267 quia
1802 1199 2052 1252 homines
2098 1214 2193 1253 nos

537 1284 739 1337 fratres
765 1296 956 1335 sumus
985 1280 1139 1348 (Gen.
1169 1299 1289 1346 xm,
1323 1284 1398 1354 8).
1429 1283 1705 1339 Patruum
1739 1283 1990 1356 legimus
2013 1285 2191 1339 Abra-

536 1367 674 1423 ham
705 1372 763 1424 et
794 1368 897 1424 Lot
926 1370 1054 1439 ejus
1084 1375 1385 1441 nepotem;
1420 1373 1715 1442 quomodo
1767 1389 1902 1427 eum
1951 1373 2189 1427 fratrem

536 1456 834 1527 appellat?
864 1458 974 1511 Sed
1024 1459 1256 1514 adverte
1307 1460 1444 1530 quia
1492 1476 1703 1515 causas
1735 1461 2054 1515 concordiae
2104 1477 2192 1515 sa-

537 1547 703 1617 piens
732 1544 990 1601 adhibet.
1026 1545 1188 1602 Unde
1221 1547 1524 1619 praamisit,
1560 1549 1811 1603 Homines
1840 1564 1937 1603 nos
1980 1565 2188 1603 sumus.

537 1634 752 1690 Omnes
782 1638 974 1690 autem
1006 1635 1277 1690 homines
1309 1636 1485 1691 unius
1517 1639 1735 1691 natura:
1781 1642 1983 1708 partus
2029 1640 2187 1701 sunt,

538 1722 692 1777 intra
709 1724 840 1791 ejus
871 1724 1133 1794 concepti
1162 1723 1408 1787 viscera,
1442 1729 1499 1779 et
1530 1741 1645 1779 uno
1677 1724 1779 1779 foti
1810 1729 1982 1796 atque
2021 1726 2188 1779 effusi

2303 490 2352 545 si
2385 491 2456 544 de
2485 489 2610 546 loco
2643 495 2744 544 aut
2774 489 3142 561 possessione
3191 492 3480 547 dissensio
3525 498 3624 549 est.
3672 494 3815 558 Quod
3855 501 3898 555 si

2302 579 2567 632 moribus
2598 593 2713 633 non
2745 578 3033 641 convenit,
3067 579 3300 635 discede
3347 596 3381 634 a
3419 595 3529 635 me.
3559 583 3765 647 Quanta
3790 591 3902 642 ante

2303 666 2604 739 praemisit,
2637 683 2709 721 ne
2740 672 3047 739 cogeretur
3076 668 3413 723 discedere?
3457 669 3563 724 Sed
3610 671 3770 727 etiam
3809 672 3903 730 hoc

2300 755 2534 810 virlutis
2565 771 2630 809 ac
2662 755 2981 827 disciplinas
3011 761 3118 811 est.
3152 756 3307 812 Dixit
3336 756 3491 812 enim
3536 761 3662 812 ante
3707 776 3801 825 nos
3836 761 3909 816 vir

2302 860 2370 897 ex
2421 842 2801 914 philosophiae
2846 845 3136 915 profectus
3174 843 3503 915 disciplina,
3545 851 3778 916 quatuor
3811 848 3907 903 haec

2304 933 2454 986 bono
2493 932 2614 986 viro
2652 931 2899 987 inesse:
2943 932 3015 987 Ut
3053 932 3309 987 elaboret
3349 932 3599 1003 primum
3642 939 3703 988 ut
3737 951 3913 991 omnes

2303 1020 2416 1073 sibi
2459 1020 2679 1075 amicos
2717 1020 2890 1075 faciat
2930 1037 2944 1073 ι
2988 1021 3333 1087 secundum,
3376 1025 3441 1074 ut
3478 1021 3525 1075 si
3583 1038 3694 1075 non
3751 1029 3913 1093 potest

2303 1108 2524 1163 amicos
2566 1111 2774 1169 facere,
2808 1113 2964 1164 certe
3003 1126 3107 1164 nec
3148 1109 3417 1164 inimicos
3455 1127 3468 1163 :
3500 1108 3751 1174 tertium,
3789 1117 3845 1165 ut
3877 1114 3914 1166 si

2302 1212 2407 1251 nec
2436 1195 2591 1250 istud
2627 1196 2904 1267 suppetit,
2938 1212 3006 1251 ex
3036 1195 3324 1253 sententia
3354 1195 3914 1268 discedat:quartum,

2303 1285 2349 1339 si
2386 1285 2520 1355 quis
2553 1285 2853 1340 cedentem
2890 1290 3295 1356 persequatur,
3327 1284 3588 1340 vindicet
3631 1301 3713 1349 se,
3741 1290 3802 1340 ut
3836 1303 3921 1358 po-

2302 1377 2436 1427 test:
2464 1374 2571 1427 Sed
2603 1371 2703 1427 illa
2733 1372 2845 1427 tria
2876 1374 3178 1444 superiora
3208 1373 3266 1427 in
3291 1372 3538 1427 Abrahae
3571 1390 3683 1427 non
3733 1389 3923 1429 sermo-

2299 1462 2474 1515 nibus
2508 1461 2702 1526 nudis,
2735 1461 2833 1516 sed
2866 1461 3015 1516 vires
3041 1458 3314 1532 operibus
3344 1460 3739 1532 agnoscimus.

2372 1552 2459 1603 30.
2494 1550 2777 1612 Quartum
2812 1555 3005 1604 autem
3061 1566 3176 1604 non
3224 1548 3305 1604 ita
3351 1555 3463 1614 est,
3498 1550 3728 1620 quando
3774 1550 3924 1605 etiam

2300 1639 2452 1692 circa
2480 1638 2779 1693 cedentem
2820 1637 3070 1692 servavit
3118 1637 3391 1692 affectum
3446 1638 3791 1708 parentis,ut
3814 1655 3929 1694 eum

2303 1743 2415 1779 non
2460 1725 2652 1780 solum
2694 1743 2809 1780 non
2852 1730 3317 1797 persequeretur,
3359 1725 3464 1780 sed
3510 1724 3689 1781 etiam
3725 1731 3931 1797 captum

539 1814 724 1865 utero.
760 1810 921 1866 Unde
948 1811 1137 1878 nobis,
1165 1813 1300 1883 jure
1328 1813 1580 1883 quodam
1608 1814 2015 1882 germanitatis
2034 1813 2193 1868 velut
2220 1778 2268 1841 Β
2304 1821 2531 1870 erueret
2571 1830 2635 1869 ac
2674 1814 2965 1870 liberaret.
3011 1814 3272 1884 Denique
3310 1813 3637 1885 Apostolus
3684 1830 3809 1869 cum
3841 1815 3934 1868 tria

540 1898 746 1953 fratres
772 1898 1177 1954 connectimur
1230 1900 1301 1954 ab
1354 1917 1471 1954 uno
1521 1907 1682 1972 patre
1715 1902 1951 1968 conditi,
1987 1906 2044 1956 et
2074 1919 2191 1956 una

539 1990 723 2042 matre
754 1991 1035 2059 tanquam
1065 1987 1274 2045 fratres
1304 1989 1516 2043 uterini
1575 1990 1739 2045 editi.
1773 1991 1840 2045 Et
1875 1991 2003 2046 ideo
2056 2007 2188 2045 cum

539 2075 728 2131 simus
757 2075 1122 2132 rationabilis
1154 2082 1375 2133 naturae
1400 2077 1648 2144 soboles,
1666 2083 1949 2150 tanquam
1984 2078 2192 2134 utet-ini

539 2180 647 2219 nos
676 2163 919 2237 diligere
939 2165 1222 2220 debemus
1244 2183 1439 2222 amore
1469 2172 1819 2231 mutuo,non
1848 2169 2193 2239 impugnare

540 2269 606 2307 ac
638 2252 933 2324 persequi.
969 2253 1149 2309 Multo
1180 2259 1374 2309 autem
1402 2255 1597 2310 verius
1620 2256 1691 2310 ad
1725 2272 1903 2310 unam
1933 2257 2191 2311 animam

540 2342 807 2406 refertur,
840 2341 1009 2411 cujus
1050 2342 1394 2396 rationabile
1438 2348 1718 2413 cognatos
1767 2346 1843 2415 (6)
1893 2344 2085 2409 habet,
2131 2351 2196 2399 ut

541 2445 721 2500 supra
750 2429 1007 2483 diximus
1037 2433 1187 2501 (cap.
1223 2447 1238 2483 ι
1272 2430 1450 2499 hujus
1479 2431 1656 2501 libri),
1704 2447 1916 2487 sensus
1963 2432 2194 2487 irratio-

541 2516 766 2572 nabiles
799 2534 812 2572 :
847 2519 1001 2587 quod
1048 2525 1243 2573 autem
1291 2519 1656 2588 rationabile,
1690 2520 1971 2575 virtutum
2020 2522 2196 2576 habet

538 2603 831 2677 copulam.
866 2605 1028 2661 Unde
1056 2606 1314 2661 fraterna
1364 2608 1518 2663 325
1570 2609 1822 2679 quadam
1874 2609 1985 2664 sibi
2018 2626 2194 2681 cOpu-

539 2694 738 2750 lantur
791 2693 1224 2750 necessitudine
1283 2694 1425 2750 vitia
1482 2696 1843 2767 virtutesque
1904 2697 2191 2764 hominis;

541 2784 685 2856 quia
712 2782 814 2838 illa
851 2782 1124 2850 carnalis,
1167 2784 1288 2839 istae
1348 2784 1712 2839 rationabilis
1770 2786 1977 2839 anima:
2036 2791 2193 2841 sunt.

542 2872 686 2927 Caro
715 2875 915 2927 autem
954 2875 1128 2943 atque
1168 2873 1367 2927 anima
1404 2872 1581 2927 veluti
1626 2874 1885 2943 quadam
1938 2874 2063 2943 lege
2103 2891 2197 2929 so-

544 2962 772 3016 ciantur
812 2960 1091 3031 conjugii,
1141 2976 1211 3015 ex
1249 2962 1465 3032 quibus
1505 2961 1680 3017 homo
1722 2967 1971 3017 constat.
2013 2963 2197 3019 Homo

545 3050 725 3117 igitur
761 3050 918 3105 velut
956 3050 1250 3120 portiones
1281 3067 1418 3106 suas
1458 3051 1737 3105 fmderare
1783 3051 1972 3111 debet.
2025 3055 2199 3123 atque

2300 1901 2401 1957 illa
2450 1904 2673 1966 doceat,
2717 1907 2991 1971 quartum
3059 1902 3363 1972 praeceptis
3406 1902 3538 1957 suis
3581 1900 3769 1967 solvit,
3805 1902 3935 1974 quod

2302 1991 2603 2045 addiderat
2661 1991 3057 2062 Philosophia.
3100 1991 3194 2044 Ait
3245 1991 3407 2045 enim
3469 2007 3608 2045 cum
3660 1990 3935 2061 pacificum

2304 2078 2582 2151 populum
2617 2078 2716 2133 Dei
2752 2080 3067 2133 informare
3098 2079 3269 2134 vellet
3300 2095 3312 2132 :
3346 2079 3414 2134 Si
3445 2080 3575 2148 ﬁeri
3610 2082 3795 2149 potest,
3824 2077 3939 2149 quod

2300 2183 2370 2221 ea:
2398 2167 2550 2220 vobis
2577 2169 2675 2231 est,
2710 2182 2833 2220 cum
2865 2166 3119 2220 omnibus
3165 2166 3492 2220 hominibus
3534 2182 3726 2236 pacem
3766 2164 3940 2219 haben-

2304 2260 2380 2310 tes
2412 2258 2586 2325 (Rom.
2620 2272 2718 2320 xu,
2753 2256 2842 2322 48)
2878 2272 2889 2309 :
2923 2254 3134 2309 deinde
3166 2254 3215 2309 si
3248 2253 3355 2308 hoc
3392 2270 3515 2309 non
3559 2259 3769 2325 potest,
3795 2256 3941 2314 certe,

2306 2361 2410 2397 nec
2440 2344 2789 2405 discordias,
2823 2360 2927 2397 nec
2980 2342 3342 2397 inimicitias.
3402 2343 3661 2413 Ideoque
3701 2341 3896 2397 additis
3930 2356 3940 2394 :

2304 2433 2418 2487 Non
2476 2447 2561 2485 vos
2606 2432 2963 2497 vindicantes,
3015 2431 3331 2485 charissimi
3381 2431 3551 2501 (Ibid.
3596 2432 3706 2500 19),
3754 2430 3810 2484 in
3852 2444 3948 2499 quo

2304 2527 2362 2575 et
2401 2521 2634 2573 tertium
2681 2524 2754 2587 (:5)
2797 2519 2939 2572 illud
2983 2519 3330 2585 excluditur,
3406 2525 3476 2573 ut
3528 2518 3820 2573 vindicare
3861 2532 3948 2571 nos

2306 2624 2678 2678 nequaquam
2726 2608 2975 2663 velimus
3018 2624 3031 2661 :
3076 2607 3178 2661 Sed
3228 2608 3359 2663 date
3401 2610 3591 2663 locum
3628 2610 3734 2663 ira:
3771 2604 3948 2677 (Ibid).

2305 2696 2495 2750 Habes
2527 2701 2583 2750 et
2614 2701 2912 2765 quartum,
2944 2701 3010 2750 ut
3038 2696 3305 2750 discedas
3340 2697 3637 2768 magis,et
3665 2695 3952 2751 vindictam

2306 2784 2420 2838 Deo
2461 2784 2819 2849 committas,
2863 2799 3040 2854 quam
3080 2783 3185 2838 tibi
3226 2783 3477 2854 exigas;
3533 2799 3869 2857 quanquam
3908 2785 3955 2836 et

2307 2871 2415 2926 hoc
2455 2873 2779 2927 secundum
2821 2870 3006 2942 legem
3048 2872 3238 2944 magis
3278 2870 3519 2928 dictum
3565 2873 3752 2928 voluit
3778 2869 3954 2926 videri.

2307 2961 2452 3015 Nam
2493 2960 2815 3016 secundum
2858 2961 3235 3033 Evangelium
3276 2978 3474 3032 supra
3516 2962 3705 3017 habes
3756 2978 3769 3015 :
3813 2961 3955 3015 Bene-

2306 3048 2470 3104 dicite
2496 3064 2583 3104 eos
2613 3051 2709 3119 qui
2737 3065 2825 3103 vos
2852 3058 3255 3120 persequuntur
3282 3049 3511 3116 (Matth.
3564 3068 3618 3115 v,
3666 3051 3776 3116 44).
3810 3048 3963 3104 Habe-

546 3138 617 3194 ad
658 3153 860 3211 pacem
900 3154 1122 3211 cogere.
1148 3138 1258 3193 Sed
1300 3138 1438 3209 quia
1478 3155 1648 3194 nemo
1690 3144 1815 3194 erat
1854 3144 2055 3195 tantus
2094 3139 2195 3210 qui
2228 3144 2270 3208 (ζ
2311 3154 2444 3193 mus
2475 3137 2596 3192 haec
2628 3144 2912 3210 praecepta
2942 3138 3011 3193 ad
3046 3137 3432 3194 Timotheum
3470 3140 3532 3193 iu
3567 3138 3825 3195 secunda
3853 3134 3958 3206 Epi-

546 3243 778 3283 carnem
842 3227 1114 3291 vinceret,
1150 3227 1298 3292 ideo,
1337 3228 1487 3281 Venit
1536 3244 1651 3297 par
1704 3236 1908 3295 nostin,
1943 3232 2039 3300 qui
2073 3230 2201 3298 fecit

546 3325 780 3387 utraque
806 3332 998 3381 unum,
1030 3322 1083 3370 et
1114 3315 1357 3370 medium
1385 3318 1651 3386 parietem
1677 3319 1940 3373 maceriw
1967 3319 2197 3381 solvens,

553 3406 882 3461 inimicitias
912 3405 973 3459 in
1001 3419 1168 3459 carne
1207 3420 1327 3469 sua,
1362 3406 1533 3475 legem
1580 3405 1971 3460 mandatorum
2014 3406 2201 3460 edictis

552 3510 840 3561 evacuans,
873 3497 932 3547 ut
961 3494 1095 3549 duos
1123 3493 1372 3549 conderet
1401 3496 1462 3548 in
1489 3496 1793 3564 semetipso,
1821 3495 1882 3548 in
1921 3511 2030 3549 uno
2066 3509 2201 3549 novo

552 3584 772 3638 homine
793 3584 1000 3654 faciens
1024 3598 1234 3653 pacem,
1266 3591 1327 3638 ut
1354 3583 1673 3638 conciliaret
1719 3592 1973 3653 utrosque
2002 3585 2061 3637 in
2092 3599 2199 3639 uno

545 3687 767 3743 corpore
820 3672 946 3737 Deo,
975 3688 1079 3742 per
1132 3686 1345 3726 erucem
1394 3672 1727 3739 interﬁciens
1776 3671 2101 3726 inimicitias
2139 3674 2199 3725 in

541 3761 823 3831 semetipso
866 3759 1079 3831 (Ephes.
1128 3776 1188 3828 ιι,
1232 3759 1301 3814 lli
1340 3763 1397 3814 et
1436 3760 1545 3826 45).
1590 3758 1759 3812 Recte
1806 3758 1989 3830 igitur
2030 3775 2092 3814 se
2136 3765 2200 3815 ut

542 3847 839 3903 hominem
871 3846 1160 3903 infelicem
1205 3847 1351 3901 dixit
1396 3847 1710 3917 Apostolus
1742 3847 1911 3917 (Rom.
1949 3864 2049 3914 vn,
2082 3849 2195 3917 24),

540 3938 640 4007 qui
683 3942 914 3992 tantum
963 3934 1184 3991 bellum
1229 3934 1383 3989 intra
1421 3951 1482 3989 se
1525 3940 1837 4006 pateretur,
1882 3937 2036 4007 quod
2080 3953 2194 3992 non

540 4026 725 4097 possit
753 4025 1116 4096 restinguere
1145 4024 1244 4095 (7).
1278 4022 1539 4095 Denique
1591 4041 1725 4079 cum
1780 4026 1851 4079 de
1902 4041 2019 4079 una
2069 4042 2196 4097 por-

538 4114 805 4170 tiuncula
834 4113 1202 4185 passionum,
1234 4112 1343 4167 hoc
1374 4117 1464 4167 est
1491 4113 1814 4180 iracundia,
1849 4114 2066 4169 diceret
2093 4116 2195 4171 Sa-

540 4202 740 4258 lomon
777 4220 790 4257 :
824 4202 1022 4260 Melior
1049 4204 1148 4267 est,
1182 4200 1391 4273 inquit,
1422 4204 1641 4273 sapiens
1668 4203 1802 4272 forti
1830 4219 1848 4255 :
1881 4205 1975 4272 qui
2019 4206 2198 4258 autem

543 4291 889 4346 iracundiam
917 4290 1177 4355 continet,
1196 4292 1395 4345 melior
1423 4299 1505 4347 est
1520 4307 1685 4363 quam
1714 4293 1808 4361 qui
1838 4291 2027 4345 urbem
2055 4294 2197 4362 capit

545 4381 726 4449 (Prov.
758 4395 871 4445 xvn,
901 4380 1014 4448 32).
1048 4378 1258 4434 Beatus
1290 4378 1469 4449 igitur
1515 4378 1616 4448 qui
1658 4378 1767 4433 hoc
1815 4378 2034 4434 bellum
2066 4395 2194 4434 eva-

2308 3226 2459 3281 stola
2499 3244 2511 3281 :
2554 3228 2978 3298 Propter‘quam
3014 3242 3257 3293 causam,
3321 3228 3555 3299 inquit,
3610 3229 3867 3283 admoneo
3908 3228 3963 3287 tt,

2310 3319 2366 3368 ut
2405 3316 2686 3370 resuscites
2724 3321 2960 3385 gratiam
2995 3316 3096 3369 Dei
3133 3332 3251 3385 qua:
3288 3319 3377 3370 est
3421 3320 3482 3370 in
3528 3324 3582 3371 te
3620 3332 3722 3385 per
3770 3314 3965 3384 imposi-

2310 3406 2510 3458 tionem
2539 3420 2809 3459 manuum
2865 3404 3019 3460 826
3048 3420 3320 3458 mearum.
3353 3406 3486 3460 Non
3527 3407 3687 3461 enim
3733 3403 3871 3460 dedit
3893 3416 3970 3456 no-

2311 3492 2390 3546 bis
2421 3496 2561 3547 Deus
2592 3495 2846 3562 spiritum
2880 3493 3115 3561 timoris,
3145 3491 3237 3546 sed
3267 3494 3539 3559 virtutis,
3572 3503 3626 3549 et
3658 3491 3965 3549 dilectionis.

2307 3584 2360 3634 et
2387 3581 2697 3635 sobrietatis
2753 3581 2820 3649 (II
2862 3580 2992 3633 Tim.
3037 3596 3075 3647 1,
3118 3581 3175 3644 6,
3210 3581 3413 3648 7).‘Et
3456 3581 3687 3637 iterum
3730 3598 3745 3635 :
3787 3580 3856 3635 Tu
3889 3592 3969 3631 au-

2308 3676 2434 3733 tem,
2476 3669 2560 3737 ﬁli
2596 3668 2934 3735 charissime,
2965 3669 3357 3738 fortitudinem
3396 3686 3542 3741 cape
3581 3672 3646 3725 in
3698 3670 3875 3738 gratia
3909 3663 3965 3731 (ll

2310 3758 2441 3810 Tim.
2476 3774 2536 3826 ιι,
2571 3757 2642 3827 1).
2677 3757 2867 3813 Habes
2904 3773 3047 3828 ergo
3098 3758 3298 3827 prima:
3352 3764 3740 3831 preceptum
3769 3758 3974 3813 senten-

2306 3844 2398 3899 tiae
2440 3850 2502 3899 ut
2540 3861 2678 3916 erga
2716 3862 2932 3905 omnes.
2960 3845 3210 3916 gratiam
3252 3845 3454 3915 locet;
3505 3848 3731 3903 deinde
3783 3845 3831 3900 si
3878 3857 3975 3897 non

2304 3940 2493 4005 potest
2551 3935 2855 4005 praeceptis
2895 3938 3021 3990 suis
3059 3951 3265 3990 omnes
3306 3936 3666 4007 acquirere,
3702 3936 3894 3992 caveat
3917 3945 3977 3984 ne

2305 4022 2496 4076 verbis
2527 4022 2756 4094 aliquos
2785 4027 3104 4093 exasperet,
3136 4023 3243 4078 hoc
3290 4028 3417 4094 est,
3455 4042 3536 4080 ne
3589 4024 3864 4080 inimicos
3912 4021 3977 4074 fa-

2306 4111 2443 4166 ciat.
2506 4111 2666 4167 Unde
2715 4112 2797 4166 ait
2842 4110 2996 4166 infra
3036 4130 3049 4167 :
3091 4113 3211 4166 Hec
3267 4128 3638 4181 commoneo,
3707 4110 3984 4182 testiﬁcam

2305 4214 2495 4254 coram
2550 4201 2676 4266 Deo,
2735 4201 2852 4255 noli
2908 4200 3084 4255 verbis
3138 4201 3508 4271 contendere,
3554 4206 3626 4259 in
3663 4203 3811 4259 nihil
3848 4198 3984 4260 utfit.

2303 4289 2417 4343 nisi
2446 4289 2515 4343 ad
2542 4288 2945 4344 subversionem
2983 4289 3341 4343 audientium
3376 4291 3555 4361 (Ibid.
3593 4292 3716 4362 44).
3768 4291 3985 4344 Servum

2307 4382 2502 4432 autem
2534 4377 2765 4432 Domini
2799 4393 2913 4431 non
2945 4381 3168 4448 oportet
3198 4375 3597 4450 litigare,sed
3625 4382 3989 4436 mansuetum

543 4465 682 4523 serit
731 4465 906 4522 etiam
957 4483 1071 4521 non
1126 4467 1348 4523 advena
1393 4473 1451 4523 et
1500 4467 1866 4539 peregrinus,
1903 4467 2000 4521 sed
2052 4466 2196 4523 civis
2230 4498 2276 4562 Β
2307 4481 2435 4521 esse
2483 4466 2556 4521 ad
2605 4482 2830 4521 omnes.
2885 4465 3132 4520 Pulchre
3182 4471 3320 4536 post
3378 4484 3592 4538 pauca
3646 4465 3917 4539 subjecit,
3944 4465 3991 4516 et

540 4559 877 4611 sanctorum
903 4558 960 4610 et
989 4554 1347 4611 domesticus
1380 4555 1497 4624 Dei,
1533 4571 1707 4626 quem
1741 4556 1800 4609 in
1832 4554 2001 4610 terris
2048 4556 2197 4626 posi-

541 4650 669 4700 tum
700 4650 932 4700 terrena
964 4660 1079 4699 non
1112 4644 1400 4715 quatiant.

610 4735 694 4790 29.
736 4734 905 4789 Hunc
961 4732 1233 4788 affectum
1282 4748 1510 4787 servare
1557 4733 1831 4803 cupiebat
1876 4732 2189 4789 Abraham.

532 4826 735 4897 Itaque
766 4828 831 4878 ut
856 4822 945 4877 vir
969 4822 1250 4894 pacificus
1280 4820 1362 4875 ait
1388 4821 1574 4891 primo
1609 4838 1621 4875 ε
1658 4825 1779 4876 Non
1807 4823 1877 4875 sit
1899 4823 2028 4875 rica
2051 4823 2195 4877 inter

531 4929 619 4969 me
645 4917 695 4968 et
726 4913 869 4967 inter
897 4918 946 4966 te
976 4910 1130 4982 (Gen.
1155 4925 1278 4975 xm,
1316 4909 1423 4977 12).
1457 4908 1596 4963 Inde
1627 4909 1707 4963 ait
1750 4927 1762 4963 :
1808 4911 1871 4963 Et
1902 4912 2048 4963 inter
2093 4928 2187 4980 pa-

529 5006 700 5056 stores
728 5016 897 5067 meos,
924 5007 976 5055 et
1010 5001 1251 5070 pastores
1274 5000 1394 5051 tuos
1427 4997 1901 5067 (Ibid.).'l‘ertium
1948 4999 2141 5068 posuit
2174 5016 2186 5053 :

531 5091 678 5157 Ecce,
714 5088 925 5161 inquit,
957 5090 1072 5143 tota
1121 5090 1272 5141 terra
1319 5091 1448 5140 ante
1490 5094 1539 5140 te
1587 5085 1745 5157 (Ibid.
1796 5087 1872 5157 9),
1919 5085 2027 5141 hoc
2078 5091 2186 5154 est,

603 5221 680 5291 (6)
714 5219 854 5275 Mss.
888 5220 1082 5288 Corb.,
1118 5217 1279 5275 Vale.
1322 5222 1378 5273 et
1424 5219 1597 5273 Torn.
1632 5216 1821 5291 prima
1844 5233 2060 5291 manu,
2091 5236 2184 5275 cu-

522 5289 619 5363 jus
666 5289 1051 5346 irrationabite
1092 5295 1369 5363 cognatos,
1394 5293 1525 5353 etc.;
1563 5289 1720 5363 Colb.
1756 5294 1823 5363 et
1842 5289 2006 5363 M_az._
2031 5292 2188 5362 cujus
2258 5295 2273 5307 ‘

534 5362 916 5417 irrationabile
970 5360 1236 5418 virtutum
1275 5362 1437 5417 habet
1487 5362 1754 5432 copulam.
1792 5360 1903 5415 Sed
1936 5360 2184 5432 aliorum

532 5439 709 5554 atque
739 5432 877 5487 edit.
911 5432 1224 5511 genuinam
1254 5430 1563 5488 lectionem
1595 5448 1723 5487 esse
1752 5435 1876 5485 tum
1923 5430 2184 5489 collectio

532 5518 600 5554 su
652 5507 796 5554 lecta
825 5508 975 5554 satis
1002 5503 1187 5554 docet-
1222 5504 1501 5554 nimirum
1537 5521 1549 5554 :
1586 5502 1734 5554 Unde
1771 5504 2017 5554 fraterna
2051 5521 2183 5554 qua-

530 5501 796 5577 subjecta
825 5501 975 5577 satis
1002 5503 1188 5577 docet,
1222 5504 1501 5577 nimirum
1536 5521 1549 5560 :
1586 5502 1734 5577 Unde
1767 5504 2183 5577 fraterna‘qua-

524 5572 673 5643 dam,
705 5577 837 5651 etc,
874 5576 1002 5629 tum
1033 5572 1210 5635 etiam
1242 5575 1409 5635 locus
1437 5591 1456 5632 ι
1482 5573 1718 5657 oap.qui
1750 5572 1821 5633 ad
1855 5572 2181 5652 marginem

2306 4571 2545 4611 causam
2587 4554 2875 4626 praestitit,
2918 4571 3095 4625 quam
3150 4553 3567 4628 philosophia
3623 4575 3749 4614 non
3803 4555 3939 4611 vidit
3979 4568 3988 4603 :

2302 4647 2441 4701 Cum
2467 4643 2748 4710 modestia,
2784 4641 2994 4713 inquit,
3027 4644 3419 4710 corrigentem
3450 4661 3552 4702 eos
3585 4649 3692 4717 qui
3730 4646 3989 4703 resistam

2301 4749 2371 4787 ne
2399 4731 2613 4803 quando
2641 4732 2781 4786 Deus
2828 4731 2915 4787 det
2966 4731 3084 4786 illis
3129 4733 3556 4801 paenitentiam
3587 4737 3665 4792 ad
3695 4746 3993 4807 cognoscen-

2301 4821 2426 4876 dam
2459 4825 2733 4877 veritatem
2762 4820 2918 4892 (Ibid.
2951 4820 3065 4888 25).
3096 4821 3181 4874 Ad
3218 4822 3493 4879 tertium
3545 4840 3797 4897 quoque
3841 4819 3993 4882 illud,

2302 4915 2367 4964 ut
2398 4910 2769 4965 discedamus
2799 4909 2871 4963 ab
2902 4908 2987 4963 eis
3019 4924 3153 4963 cum
3183 4908 3428 4980 quibus
3463 4912 3655 4971 nobis
3706 4908 3996 4970 convenire

2301 5017 2417 5054 non
2449 4998 2843 5071 potest,habes
2873 4997 3162 5067 additum,
3190 5013 3339 5052 cum
3375 5003 3686 5074 praecepit
3717 5008 3785 5057 ut
3815 5000 3994 5070 loqua-

2299 5093 2397 5143 tur
2434 5105 2560 5159 quae
2600 5087 2805 5143 decent
2843 5102 3048 5142 sanam
3087 5085 3470 5158 doctrinam,
3507 5091 3738 5149 deinde
3788 5100 3999 5164 pugnas

2298 5222 2740 5364 mggaxlriierb”
2774 5293 2935 5348 Eras.
2970 5297 3025 5348 et
3056 5292 3303 5364 quidam
3344 5311 3515 5355 mss.
3552 5302 3741 5370 possit
3780 5296 3996 5355 restria.

2294 5381 2439 5517 έϐξὲ)
2472 5435 2711 5517 Videtur
2739 5434 2835 5517 hic
2867 5432 3065 5517 aliqua
3093 5436 3511 5517 trapspositio
3566 5458 3729 5513 esse,
3763 5444 3823 5498 et
3851 5434 3995 5514 quod

2292 5507 2689 5583 tertiumdicit
2710 5507 3036 5583 dicendum
3075 5507 3277 5583 potius
3334 5517 3655 5583 quartum,
3692 5507 3751 5575 et
3777 5507 3988 5577 contra.

2293 5579 2402 5638 Sed
2434 5579 2494 5639 in
2526 5579 2634 5640 hoc
2666 5578 2811 5639 nihil
2837 5595 2945 5647 nos
2971 5578 3115 5639 mss.
3144 5578 3375 5659 juvaré
3402 5578 3706 5659 possunt.
