4026 6186
204 254 309 315 493

1482 258 1583 317 DE
1627 257 2009 317 ABHAHAM
2059 258 2205 317 LIB.
2252 258 2328 317 Il.

3469 260 3588 318 494

202 386 333 461 legis
362 384 631 455 declinet,
664 387 772 443 hoc
821 392 932 456 est,
962 388 1219 460 primum
1251 388 1501 461 gratiam
1559 388 1830 457 seminet,
1860 388 1915 457 Α
1943 389 2200 461 prudens
2232 394 2428 446 autem
2458 389 2542 446 vir
2572 390 2679 446 has
2698 389 2810 446 sibi
2831 390 2904 447 ad
2921 390 3217 447 dexteram
3236 389 3425 460 locu;
3461 407 3585 462 quae

203 476 396 533 deinde
427 474 661 532 nullum
689 474 972 550 litigando
995 481 1214 533 avertat
1239 496 1257 533 :
1288 476 1526 533 tertium
1549 480 1637 534 est
1651 480 1713 533 ut
1727 478 1834 534 hm-

202 568 416 623 reticum
446 566 722 623 hominem
774 574 896 639 post
941 583 1113 623 unam
1156 568 1549 639 correptionem
1600 566 1835 632 devitet;

201 658 319 728 quia
346 657 631 713 subversus
658 658 733 712 est
773 657 871 728 qui
926 655 1240 728 hujusmodi
1291 663 1387 723 est,
1436 659 1487 711 et
1540 655 1832 728 delinquit,

197 762 310 801 cum
363 749 435 800 sit
491 762 525 801 a
578 747 864 818 semetipso
914 744 1200 801 damnatus
1259 745 1379 817 (Tit.
1431 761 1514 810 ιιι,
1576 745 1664 813 10,
1720 744 1828 813 11).

196 834 369 899 Onam
395 837 602 907 argute
622 850 730 890 suo
754 833 979 905 judicio
1009 832 1352 889 damnatum
1384 836 1593 889 nostris
1625 830 1833 888 ultioni

191 921 496 993 subtrahit,
518 922 699 994 ‘quasi
758 921 1069 996 indignum
1125 922 1182 976 in
1238 939 1413 994 quem
1468 919 1829 977 vindicetur!

188 1011 352 1067 David
390 1017 589 1068 autem
621 1011 916 1068 evidenter
965 1011 1225 1068 studium
1284 1010 1548 1066 vindictae
1606 1011 1836 1065 amovet

187 1100 416 1157 dicens:
459 1099 522 1157 Si
567 1099 784 1157 reddidi
831 1100 1256 1156 retribuentibus
1300 1101 1441 1155 milii
1482 1100 1631 1155 mala
1660 1099 1829 1171 (Psal.

185 1207 277 1260 vn,
305 1190 382 1261 2).

245 1279 331 1334 31.
363 1279 515 1352 Ergo
545 1295 711 1335 mens
742 1278 849 1334 viri
880 1278 1166 1351 sapientis
1193 1278 1465 1351 ejusdem
1500 1277 1713 1334 animae
1740 1276 1829 1333 vel

182 1368 396 1440 lapsus,
432 1366 520 1424 vel
550 1367 982 1424 irrationabiles
1012 1373 1210 1423 motus
1262 1368 1461 1423 studet
1518 1367 1827 1440 corrigere,

180 1456 405 1528 sibique
436 1455 812 1529 coniungere.
842 1456 1039 1512 Potest
1070 1456 1227 1511 enim
1248 1455 1375 1512 ﬁeri
1405 1458 1471 1510 ut
1496 1471 1625 1528 quae
1645 1454 1831 1511 inter-

180 1545 312 1600 dum
343 1543 683 1616 displicent,
717 1545 1101 1600 emendentur
1156 1562 1287 1599 cum
1346 1544 1551 1617 gratia.
1611 1543 1830 1599 Eﬂ‘usio

182 1632 514 1705 patrimonii
546 1632 593 1689 si
638 1633 951 1700 recidatur,
1005 1633 1179 1689 habet
1237 1631 1645 1689 liberalitatem
1703 1632 1831 1688 sine

168 1721 501 1794 dispendio.
546 1720 911 1777 Verecundia
944 1722 1235 1777 interdum
1272 1721 1574 1777 remissior
1599 1726 1686 1777 est
1721 1738 1734 1788 ;
1779 1721 1829 1776 si

183 1810 571 1876 conﬁrmetur,
603 1810 780 1866 habet
809 1814 866 1865 et
900 1810 1138 1880 pudoris
1170 1809 1436 1882 gratiam,
1496 1815 1554 1865 et
1609 1826 1823 1881 propo-

184 1900 270 1955 siti
329 1898 743 1954 constantiam.
804 1900 1126 1952 Commotio
1195 1898 1244 1953 si
1302 1903 1675 1970 temperetur,
1736 1898 1825 1954 in-

185 1987 534 2061 dignationis
599 1987 899 2043 horrorcm
952 1987 1209 2059 deponit,
1267 1987 1519 2042 assumit
1591 1987 1823 2042 laudem

190 2076 415 2151 vigoris.
450 2076 613 2143 Qucd
648 2076 695 2133 si
728 2076 1039 2132 emendare
1086 2093 1202 2132 non
1238 2081 1450 2148 potest,
1512 2093 1628 2131 non
1693 2093 1824 2131 exa-

188 2170 365 2238 speret
395 2164 472 2238 (9)
505 2164 973 2237 intemperentia.
1009 2164 1401 2237 Deprehendit
1431 2165 1698 2220 ardorem
1757 2163 1827 2219 li-

188 2253 393 2309 bidinis
423 2271 604 2326 quam
633 2253 905 2326 conjugio
938 2258 1217 2321 coerceat,
1246 2270 1316 2309 ne
1348 2253 1490 2309 dum
1547 2252 1829 2325 quaeritur

189 2342 556 2410 continentia,
591 2342 833 2414 obrepat
855 2341 1244 2415 impudicitia.
1270 2342 1518 2413 Ideoque
1541 2342 1827 2398 bonorum

191 2431 483 2505 magister:
527 2432 675 2497 Dico,
699 2430 912 2504 inquit,
944 2447 1056 2487 non
1082 2433 1270 2502 nuptis
1300 2440 1351 2485 et
1382 2430 1579 2496 viduis,
1632 2431 1827 2485 bonum

185 2530 252 2577 est
280 2521 391 2576 illis
419 2521 472 2577 si
495 2522 576 2576 sic
600 2522 983 2592 permaneant,
1013 2521 1152 2575 sicut
1181 2524 1231 2575 et
1260 2536 1374 2589 ego.
1412 2518 1561 2588 Quod
1580 2520 1697 2574 sise
1720 2534 1823 2574 non

188 2611 470 2678 continent,
525 2609 753 2664 nubant.
810 2609 1000 2665 Melius
1048 2617 1126 2665 est
1180 2610 1330 2664 enim
1385 2608 1611 2674 nubere,
1664 2624 1829 2678 quam

187 2702 270 2755 uri
295 2698 343 2769 (1
368 2700 488 2761 Cor.
522 2716 622 2766 vn,
652 2699 706 2766 8,
738 2697 815 2769 9).
867 2697 1018 2754 Sunt
1048 2697 1255 2770 aliqua:
1289 2697 1563 2753 mulieres
1619 2696 1826 2753 imma-

188 2794 305 2843 turo
334 2786 627 2845 destitutae
647 2787 990 2842 maritorum
1021 2786 1207 2851 obitu,
1240 2790 1296 2841 et
1327 2803 1388 2841 se
1409 2786 1705 2842 continere
1726 2801 1828 2840 ne-

188 2880 417 2947 queunt.
472 2876 619 2942 l’oto,
677 2874 892 2948 inquit,
952 2876 1196 2943 iuniores
1252 2876 1477 2941 nubere,
1527 2875 1672 2945 filios
1694 2890 1826 2946 pro-

185 2982 380 3035 creare,
440 2965 892 3037 malresfamilias
977 2979 1107 3034 esse,
1190 2965 1408 3019 nultum
1493 2965 1827 3020 occasionem

184 3055 307 3111 dare
334 3056 651 3113 adversario
682 3055 729 3127 (I
759 3056 895 3110 Tim.
941 3072 997 3124 ν,
1046 3056 1148 3126 lli).
1184 3054 1344 3119 Quod
1397 3053 1443 3109 si
1477 3053 1683 3124 aliquae
1724 3053 1825 3108 de-

1940 481 2135 534 autem
2170 480 2448 551 corporis,
2484 479 2541 535 in
2574 479 2894 535 sinistram.

2012 568 2101 623 33.
2168 573 2235 624 Et
2278 568 2499 637 levavit,
2570 568 2781 640 inquit,
2841 570 2936 625 Lot
2990 569 3191 637 oculos,
3263 577 3315 625 et
3374 568 3589 640 aspexit

1943 672 2157 713 omnem
2199 659 2478 728 regionem
2531 657 2784 713 Iordanis
2846 657 3001 727 (Gen.
3051 675 3174 727 xm,
3236 659 3344 729 18).
3408 657 3589 715 Deﬂe-

1942 744 2238 801 ctentibus
2270 762 2303 800 a
2331 745 2683 825 vero'amica
2705 744 2989 817 jactantia
3035 749 3142 802 est.
3203 745 3467 819 Denique
3523 750 3589 803 ut

1941 832 2233 889 Abraham
2264 833 2572 900 humilius,
2604 833 2702 905 qui
2735 832 3077 890 electionem
3110 835 3352 891 obtulit:
3379 836 3461 892 ita
3482 836 3588 891 Lot

1939 920 2311 992 insolentius,
2345 921 2445 995 qui
2494 922 2834 979 electionem
2903 924 3224 995 usurpavit.
3265 923 3465 980 Virtus
3525 941 3587 981 se

1939 1010 2233 1079 humiliat,
2263 1011 2485 1067 extollit
2505 1016 2700 1067 autem
2733 1029 2794 1068 se
2824 1011 3140 1084 iniquitas:
3202 1012 3301 1085 qui
3362 1030 3423 1068 se
3480 1013 3584 1068 de-

1939 1099 2068 1155 buit
2097 1101 2462 1156 committere
2494 1101 2819 1171 maturiori,
2855 1105 2919 1156 ut
2944 1100 3311 1172 essettutior,
3334 1101 3588 1173 denique

1939 1187 2153 1260 eligere
2218 1189 2480 1244 nescivit.
2541 1189 2687 1245 Nam
2733 1188 2923 1261 primo
2973 1188 3182 1246 levavit
3253 1189 3473 1260 oculos,
3533 1194 3590 1245 et

1939 1277 2163 1349 aspexit
2192 1278 2511 1351 regionem,
2542 1278 2650 1334 hoc
2679 1282 2786 1346 est,
2819 1278 2982 1334 illam
3005 1296 3127 1335 rem
3155 1295 3282 1350 quae
3296 1295 3412 1335 non
3436 1281 3592 1335 esset

1938 1365 2128 1438 prima
2155 1367 2377 1435 ordine,
2410 1368 2511 1422 sed
2542 1366 2732 1433 tertia,
2758 1366 2865 1424 hoc
2896 1371 2984 1423 est
3013 1366 3350 1424 novissima.
3394 1367 3590 1422 Prima

1939 1459 2080 1510 sunt
2106 1455 2261 1511 enim
2295 1472 2426 1527 quae
2455 1460 2595 1511 sunt
2623 1456 2829 1512 animae
2861 1456 3014 1512 bona
3046 1472 3059 1510 :
3122 1457 3401 1525 secunda,
3460 1472 3587 1528 quae

1941 1544 2228 1616 corporis,
2262 1543 2320 1599 id
2353 1549 2442 1600 est
2472 1543 2656 1613 salus,
2689 1543 2894 1610 virtus,
2940 1542 3333 1616 pulchritudo,
3390 1545 3587 1600 formae

1939 1632 2125 1704 gratia
2158 1650 2170 1686 :
2205 1632 2374 1688 tertia
2420 1637 2577 1702 sunt,
2612 1650 2738 1705 quae
2769 1632 3060 1704 accidunt,
3080 1633 3189 1689 hoc
3214 1637 3323 1703 est,
3354 1633 3586 1701 divitia,

1939 1724 2276 1791 potestates,
2309 1721 2517 1793 patria,
2551 1720 2745 1789 amici,
2781 1719 2982 1793 gloria.
3019 1721 3193 1794 Regio
3238 1721 3419 1794 igitur
3476 1726 3589 1777 ter-

1938 1810 2016 1864 tio
2047 1808 2171 1865 loco
2204 1811 2440 1882 ponitur
2472 1828 2484 1878 ;
2517 1815 2607 1865 est
2639 1811 2794 1866 enim
2828 1827 2919 1865 res
2939 1810 3339 1867 habitationis.

2004 1898 2093 1953 3i.
2127 1896 2286 1953 Vidit
2314 1897 2494 1971 igitur
2524 1898 2820 1971 regionem
2852 1914 2979 1971 quae
3008 1899 3374 1971 irrigabatur,
3401 1900 3589 1972 prius-

1934 2002 2099 2057 quam
2127 1994 2385 2042 everteret
2422 1988 2561 2042 Deus
2590 1986 2879 2043 Sodomam
2928 1997 2977 2044 et
3019 1989 3400 2057 Gomorrham,
3448 1991 3591 2045 sicut

1931 2074 2223 2145 paradisus
2248 2076 2366 2146 Dei,
2418 2078 2467 2131 et
2508 2080 2655 2132 terra
2702 2077 2945 2149 rEgypti,
2988 2093 3166 2148 usque
3228 2077 3361 2132 dum
3404 2079 3590 2134 venias

1935 2162 2169 2235 Zothopa
2199 2163 2309 2235 (12)
2339 2164 2541 2235 (Ibid).
2576 2164 2637 2218 In
2682 2180 2797 2236 quo
2828 2164 2942 2220 nisi
2971 2164 3280 2238 diligenter
3309 2165 3587 2235 intendis,

1936 2251 2227 2323 numquid
2256 2253 2315 2307 in
2346 2271 2414 2308 ea
2444 2269 2673 2309 errasse
2702 2270 2838 2309 cum
2862 2254 3053 2311 dicere
3083 2258 3265 2327 potes,
3297 2256 3453 2328 quod
3475 2254 3589 2311 ele-

1936 2340 2020 2413 git
2048 2340 2238 2396 vicina
2263 2341 2562 2410 Jordanis,
2593 2347 2649 2396 et
2679 2359 2747 2397 ea
2805 2360 2931 2414 qua:
2985 2342 3382 2416 irrigabantur
3440 2344 3593 2400 sicut

1937 2429 2247 2502 paradisus
2306 2429 2455 2485 Dei?
2496 2430 2621 2485 Non
2693 2430 2894 2502 utique
2955 2432 3285 2487 secundum
3335 2432 3586 2489 literam.

1938 2517 2046 2572 Sed
2080 2535 2213 2573 cum
2246 2517 2519 2574 Jordanis
2550 2518 2853 2575 descensio
2876 2519 3123 2587 dicatur,
3158 2520 3459 2576 descendit
3489 2520 3590 2592 qui

1939 2606 2195 2661 deseruit
2237 2606 2471 2663 virtutis
2519 2607 2904 2673 consortium,
2970 2611 3028 2663 et
3079 2607 3336 2681 speciem
3393 2606 3587 2680 elegit,

1938 2711 2053 2750 non
2135 2695 2459 2751 veritatem.
2504 2695 2817 2751 Paradisus
2870 2697 3133 2768 perfectae
3210 2695 3589 2753 beatitudinis

1938 2782 2247 2839 amcenitas
2274 2788 2386 2851 est,
2434 2782 2760 2851 vel,animae
2810 2786 3120 2841 fructuosae
3175 2785 3581 2855 fundamenta,

1935 2872 1994 2928 in
2027 2889 2144 2944 qua
2173 2872 2472 2946 sapientia
2504 2872 2643 2939 sint,
2669 2872 2914 2944 justitiae
2968 2878 3424 2946 ceterarumque
3476 2874 3587 2931 vir-

1935 2965 2130 3017 tutum
2162 2960 2473 3033 plantaria.
2507 2961 2683 3017 Terra
2712 2966 2908 3018 autem
2938 2962 3167 3036 iiigypti
3229 2963 3589 3035 corporalem

1935 3051 2333 3106 substantiam
2359 3051 2673 3123 signiﬁcat,
2703 3053 2873 3123 cujus
2906 3051 3194 3124 plantaria
3211 3056 3350 3108 sunt
3379 3070 3590 3110 sensus

184 3144 316 3200 licia:
349 3143 666 3211 delectant,
699 3148 754 3199 et
784 3142 1067 3200 luxuriari
1100 3144 1157 3198 in
1189 3142 1420 3198 Christo
1468 3140 1691 3207 volunt,
1743 3140 1827 3196 vi-
1862 3126 1905 3194 C
1942 3145 2000 3196 ct
2032 3140 2337 3212 passiones
2369 3140 2645 3213 corporis.
2680 3140 2845 3197 Sicut
2870 3142 3028 3197 enim
3079 3144 3264 3198 vireta
3306 3141 3590 3198 virtutum

183 3233 420 3290 duitatis
462 3233 797 3290 alfectantes
826 3231 1094 3305 gloriam,
1127 3230 1573 3306 germanitatem
1636 3233 1830 3285 autem

182 3322 287 3394 (40)
339 3340 455 3379 non
523 3320 937 3390 custodientes,
998 3336 1097 3376 eas
1128 3318 1736 3390 devitandasjudicat,
1772 3322 1835 3374 ut

182 3412 359 3469 habes
423 3410 753 3484 scriptum:
829 3409 1292 3466 Adolescentiores
1370 3407 1562 3465 viduas
1650 3407 1835 3463 devita

182 3500 454 3572 (πρίαμ).

247 3592 335 3645 32.
373 3590 550 3645 Recte
582 3587 762 3661 igitur
787 3586 1088 3643 Abraham
1123 3603 1257 3642 cum
1291 3585 1444 3641 bona
1461 3585 1629 3642 venia
1656 3584 1838 3640 voluit

183 3683 445 3752 nepotem
482 3677 802 3745 dimittere,
834 3692 1011 3748 quem
1042 3675 1447 3732 deﬂectentem
1479 3693 1513 3730 a
1550 3691 1612 3730 se
1646 3680 1836 3730 tenere

186 3785 291 3823 non
324 3769 577 3840 poterat.
612 3766 707 3822 Sic
741 3770 797 3821 et
826 3782 993 3821 mens
1035 3764 1195 3828 bona
1240 3782 1273 3820 a
1323 3762 1602 3836 praecipiti
1649 3768 1708 3819 et
1753 3762 1835 3819 di-

184 3872 341 3913 verso
387 3853 884 3911 irrationabilium
935 3853 1100 3926 lapsu
1169 3854 1281 3926 (11)
1326 3855 1591 3908 secernat
1638 3867 1700 3907 se
1771 3867 1837 3908 ac

186 3949 434 4017 separet.
470 3943 532 4000 Si
563 3952 641 4010 tu,
677 3941 888 4014 inquit,
924 3945 983 3998 in
1002 3944 1311 4009 sinistram,
1332 3958 1425 4011 ego
1448 3943 1505 3996 in
1535 3941 1836 3996 dexteram:

186 4034 263 4088 vel
292 4036 434 4090 situ
467 4035 528 4088 in
577 4032 880 4100 dexteram,
939 4047 1036 4102 ego
1078 4032 1137 4086 in
1177 4032 1459 4086 sinistram
1508 4030 1659 4101 (Gen.
1715 4046 1837 4097 xm,

185 4122 261 4191 9),
292 4123 403 4179 hoc
433 4125 675 4194 estquae
706 4120 811 4176 tibi
844 4119 905 4175 in
939 4121 1178 4176 dextera
1208 4124 1367 4184 sunt,
1401 4119 1543 4175 mihi
1575 4118 1633 4174 in
1663 4118 1839 4176 sinis-

1938 3228 2161 3284 fontem
2199 3228 2419 3285 habent
2448 3228 2768 3296 Christum,
2813 3236 2871 3286 et
2924 3229 3206 3303 spiritalis
3263 3231 3589 3287 ubertatem

1939 3318 2161 3390 gratiae,
2195 3334 2309 3387 quo
2340 3317 2690 3373 exuberent:
2727 3318 2809 3373 ita
2836 3318 3289 3392 intemperantia
3305 3320 3432 3376 fons
3457 3318 3589 3391 qui-

1941 3408 2078 3462 dam
2109 3412 2199 3462 est
2227 3406 2571 3477 passionum
2603 3407 3016 3479 corporalium,
3076 3426 3191 3480 quo
3221 3408 3461 3465 aluntur
3489 3425 3589 3483 su:

1943 3494 2187 3568 perﬂua.

2012 3585 2099 3639 35.
2136 3582 2383 3639 Pulchre
2413 3587 2609 3639 autem
2642 3584 2725 3641 ait
2755 3586 3056 3659 Scriptura
3084 3588 3238 3657 (Gen.
3297 3605 3423 3656 xm,
3465 3587 3590 3659 11);

1942 3674 2107 3742 elegit
2129 3674 2239 3728 sibi
2270 3673 2386 3741 Lot,
2418 3672 2527 3729 hoc
2560 3678 2649 3729 est
2669 3674 2976 3730 declinatio
3003 3691 3015 3729 :
3046 3676 3186 3748 quia
3218 3676 3416 3748 posuit
3438 3676 3595 3732 Deus

1944 3767 2078 3820 ante
2109 3779 2215 3819 nos
2242 3762 2464 3818 bonum
2493 3767 2552 3818 et
2574 3762 2816 3828 malum,
2862 3768 2923 3817 ut
2955 3764 3364 3837 unusquisque
3419 3764 3597 3836 eligat

1943 3852 2101 3925 quod
2131 3850 2285 3908 velit.
2320 3851 2442 3907 Non
2463 3850 2751 3925 eligamus
2778 3868 2912 3925 ergo
2933 3853 3088 3923 quod
3112 3853 3303 3925 specie
3332 3852 3595 3907 videatur

1935 3940 2287 4015 jucundius,
2320 3941 2421 3996 sed
2454 3940 2609 4012 quod
2640 3940 2876 3997 veritate
2905 3945 3170 4014 praestet;
3204 3958 3276 3998 ne
3322 3958 3459 3997 cum
3517 3941 3597 3997 sit

1945 4031 2115 4089 nobis
2169 4029 2392 4085 tributa
2447 4030 2605 4101 Optio
2664 4035 2726 4086 ut
2769 4047 3088 4102 sequamur
3136 4031 3395 4104 potiora,
3445 4029 3592 4087 leve-

1946 4136 2082 4176 mus
2110 4118 2309 4177 oculos
2359 4118 2556 4174 inﬂexi
2598 4118 2744 4175 falso
2794 4120 3151 4176 amoenitatis
3190 4121 3435 4176 decore:
3499 4136 3595 4175 ve-

189 4212 273 4263 tra
300 4215 444 4266 sunt
476 4227 491 4265 :
525 4222 585 4265 et
616 4226 741 4282 quae
773 4209 876 4266 tibi
911 4208 969 4264 in
1018 4208 1281 4275 sinistra,
1317 4208 1458 4263 mihi
1518 4208 1575 4262 in
1607 4207 1843 4263 dextera
1906 4241 1921 4256 ο
1948 4208 2181 4264 ritatent
2202 4212 2397 4263 autem
2414 4211 2634 4262 naturas
2659 4207 3378 4265 velutdeﬂexisobtutibus
3398 4210 3601 4265 obum-

191 4305 342 4354 snnt.
375 4300 517 4355 Viro
546 4299 705 4355 enim
732 4296 1092 4371 imprudenti
1124 4298 1185 4352 in
1227 4297 1463 4352 dextera
1504 4300 1661 4363 sunt,
1714 4312 1841 4369 qua:
1950 4297 2212 4353 bremus.

194 4393 326 4443 sunt
356 4389 510 4445 327
543 4387 842 4459 corporis;
875 4404 943 4443 ea
997 4386 1248 4458 praefert,
1307 4401 1376 4440 ea
1425 4384 1726 4441 constituit
1781 4384 1843 4440 in

2022 4385 2114 4441 36.
2148 4385 2311 4449 Quod
2343 4390 2541 4442 autem
2567 4384 2836 4441 homines
2866 4385 2925 4441 in
2957 4386 3227 4443 Sodomis
3258 4388 3390 4445 saevi
3413 4393 3598 4458 erant,

194 4475 493 4533 meliorem
527 4479 775 4548 partem,
811 4475 1045 4530 divitias
1078 4491 1308 4563 quoque
1339 4477 1394 4529 et
1414 4472 1665 4563 honores
1694 4490 1842 4563 praz-
1879 4499 1926 4563 Β
1956 4475 2115 4544 (Ibid.
2148 4474 2259 4563 13),
2294 4479 2626 4563 peccatores
2658 4472 2717 4529 in
2760 4480 3076 4547 conspectu
3125 4475 3357 4533 Domini
3398 4477 3602 4556 .valde,

196 4565 389 4633 ponit:
427 4569 488 4622 at
518 4582 656 4621 vero
688 4562 1153 4621 immortalitatis
1184 4562 1569 4634 adipiscendae
1601 4562 1847 4636 gratiam

195 4653 263 4707 ad
291 4654 605 4709 sinistram
634 4652 832 4720 habet,
868 4668 993 4725 qua:
1028 4650 1277 4724 sapienti
1308 4652 1380 4706 ad
1411 4650 1709 4707 dexteram
1741 4652 1849 4706 est.

1961 4581 2078 4619 non
2109 4561 2419 4619 mediocris
2450 4562 2545 4621 hic
2575 4567 2665 4619 est
2693 4564 3036 4631 oeconomia,
3067 4569 3134 4620 ut
3176 4567 3442 4623 advertas
3497 4566 3602 4621 mi-

1958 4657 2078 4708 tem
2109 4652 2293 4711 Deum
2326 4651 2485 4725 gravi
2509 4660 2881 4725 peccatorum
2923 4655 3139 4710 moveri
3171 4655 3481 4712 acerbitate
3531 4653 3602 4709 ad

199 4740 533 4816 Longitudo
563 4740 722 4797 enim
754 4741 883 4796 vitae
914 4741 974 4797 in
1031 4740 1268 4796 dextera
1314 4741 1462 4812 ejus.
1521 4741 1853 4812 Omnesque
1962 4740 2387 4809 ulciscendum,
2420 4758 2524 4797 nec
2554 4742 2847 4799 immerito
2879 4760 2994 4800 non
3054 4745 3315 4817 potuisse
3370 4757 3605 4798 exorare

201 4830 408 4888 anime
439 4830 690 4887 virtutes
722 4830 1009 4903 insipiens
1038 4829 1129 4884 vir
1180 4829 1240 4885 in
1299 4829 1602 4886 sinistram
1656 4828 1851 4901 ejicit:

268 5081 345 5153 (9)
365 5081 604 5165 _Omnes
634 5080 770 5136 edit.
797 5097 871 5165 ac
904 5080 1256 5165 mss-Torn:
1290 5083 1347 5136 et
1372 5078 1534 5165 _Valc.
1576 5096 1690 5165 non
1713 5097 1856 5165 lera-

196 5151 402 5224 sperat.
435 5154 866 5223 Intemperantia
896 5151 1245 5223 reprehendit
1282 5151 1533 5207 ardorem
1590 5152 1855 5221 libidinis,

196 5242 363 5297 quam
394 5225 653 5297 conjugio
681 5226 940 5280 coerceat.
975 5222 1207 5297 Reliqui
1232 5239 1376 5297 mss.
1425 5229 1490 5278 ut
1536 5222 1596 5277 in
1646 5226 1808 5279 textu
1841 5241 1855 5291 ;

544 5293 736 5369 prima
766 5311 941 5369 manu
974 5293 1143 5369 Co‘rb’.
1174 5293 1441 5369 legebat,
1486 5310 1597 5369 non
1617 5310 1860 5369 exaspe-

196 5372 279 5423 ret
302 5365 832 5440 intemperantiam:
878 5365 1228 5440 deprehendit
1255 5365 1528 5440 ardorem
1579 5365 1859 5440 libidinis,

938 5384 942 5397 ’
980 5382 1227 5422 rene-nan
1272 5382 1521 5421 cruorem
1579 5382 1859 5433 uounnzs,

938 5382 1119 5495 lectio
1152 5437 1294 5493 forte
1324 5437 1454 5493 aliis
1499 5437 1727 5493 duabus
1759 5454 1861 5493 an-

196 5295 312 5352 nisi
342 5312 466 5368 quo

200 5441 459 5513 conjugio
480 5438 749 5513 coerceat.
783 5438 917 5504 Quae

200 5510 560 5584 ιεῐίοτέθρςίαο

273 5580 388 5664 (10)
420 5581 565 5643 Mss.
601 5598 755 5643 unus
788 5586 888 5649 aut
919 5580 1085 5657 alter,
1119 5580 1446 5658 gravitatem
1477 5588 1681 5655 autem,
1713 5583 1858 5663 etc.;

1959 4829 2256 4887 Abraham
2286 4830 2602 4887 Sodomitis
2633 4832 2886 4903 veniam,
2931 4833 3069 4906 quia
3126 4848 3306 4906 supra
3360 4831 3604 4886 modum

1966 5079 2179 5137 melius
2210 5079 2309 5136 alii
2340 5098 2405 5137 ac
2436 5082 2596 5151 edit.,
2630 5083 3068 5151 germanitaiem,
3100 5081 3207 5137 hoc
3248 5087 3356 5149 est,
3396 5082 3606 5139 verita-

1966 5159 2082 5208 tem
2117 5156 2173 5207 et
2203 5151 2619 5209 sinceritatem.

2037 5224 2152 5349 (1ιέ
2169 5224 2269 5307 ita
2292 5226 2553 5296 quinque
2578 5240 2721 5279 mss.
2755 5223 2901 5279 Edit.
2935 5227 3152 5291 autem,
3185 5232 3236 5281 et
3263 5223 3479 5282 diverso
3516 5243 3609 5282 ra-

2037 5312 2121 5349 ma
2158 5296 2319 5349 ilium
2350 5296 2526 5349 lapsu.

1969 5296 2319 5352 tionabilium
2350 5296 2526 5367 lapsu.

2041 5367 2154 5439 (12)
2178 5367 2341 5439 Rom.
2375 5367 2515 5439 edit.
2547 5366 2714 5439 donec
2756 5368 3009 5421 veniatur
3038 5367 3097 5420 in
3126 5368 3307 5438 Segor.
3333 5368 3419 5424 Ita
3434 5368 3610 5424 etiam

1969 5436 2144 5513 vulg;
2210 5438 2311 5522 ubi
2379 5437 2558 5522 .LX.§“
2594 5436 2794 5522 legunt
2826 5444 2912 5501 ἕως
2941 5444 3097 5522 ἐλθεῖν
3126 5436 3415 5522 ςξνςήῑόγορξι.
3499 5441 3610 5499 Sed

1971 5526 2005 5571 α
2036 5506 2180 5570 ωέε.
2213 5513 2270 5570 et
2297 5512 2415 5570 ant.
2448 5507 2586 5567 edit.
2621 5506 2885 5567 recedere
2915 5525 3031 5567 non
3062 5508 3171 5569 tuit
3194 5506 3396 5571 animi.
