4166 6154
543 283 660 344 495

2003 282 2070 340 S.
2116 279 2492 341 AMBROSII

3784 288 3880 348 496

544 413 816 487 ﬁagitiosi
846 418 1030 471 erant.
1063 414 1330 487 Plerique
1377 417 1517 469 sunt
1567 429 1682 485 quo
1734 410 2067 484 nequiores,
2122 428 2189 468 eo
2218 415 2271 482 Α
2302 412 2408 479 uti,
2440 410 2669 468 etiamsi
2704 411 2777 468 ad
2807 416 3040 485 tempus
3071 422 3216 468 usus
3238 410 3441 471 eorum
3461 424 3569 469 non
3614 417 3883 488 suppetat:

541 505 829 574 tectiores,
862 506 961 578 qui
1009 505 1316 562 hominum
1359 502 1797 576 subterfugiunt
1821 500 2181 573 indaginem,

538 592 637 649 ubi
668 610 761 651 res
793 595 920 652 sine
951 594 1166 651 arbitro
1196 596 1501 666 geruntur,
1535 596 1636 648 aut
1664 590 1809 648 falso
1849 589 2184 646 testimonio

527 680 731 753 justus
787 683 1256 741 circumvenitur.
1293 682 1489 737 Manet
1552 685 1750 737 tamen
1802 683 1939 735 ante
1998 679 2183 735 Deum

527 773 753 842 justus,
787 772 1013 830 etiamsi
1047 772 1467 827 condemnetur
1496 770 1649 828 828
1695 770 1768 825 ab
1810 769 2181 836 hominibus;

535 861 675 933 quia
722 862 877 917 Deus
923 877 1038 916 non
1083 860 1443 932 judiciorum
1492 859 1700 925 exitus,
1752 875 1857 914 nec
1904 874 2039 914 cum
2095 857 2186 911 in-

534 950 707 1007 textis
745 949 1016 1022 nequitiae
1070 950 1421 1006 commentis
1479 936 1731 1022 negotia,
1787 949 1885 1004 sed
1965 948 2183 1003 nudam

536 1042 758 1110 spectat
788 1039 1157 1112 negotiorum
1208 1043 1499 1095 naturam.
1555 1040 1616 1093 In
1667 1037 1931 1111 examine
1989 1039 2186 1092 autem

536 1127 845 1184 hominum
876 1128 1033 1185 falsae
1061 1128 1351 1201 opinionis
1381 1144 1541 1184 error
1569 1127 1913 1200 plerumque
1952 1124 2190 1181 obducit

534 1217 652 1272 vim
673 1218 955 1273 veritatis.
986 1217 1259 1273 Manebat
1286 1218 1441 1290 apud
1475 1217 1659 1272 Deum
1683 1217 1955 1272 Susanna
1975 1214 2189 1287 pudica

537 1306 723 1372 valde,
784 1308 959 1363 etiam
1019 1324 1153 1362 cum
1202 1308 1582 1362 damnaretur
1657 1303 1967 1371 adulterii;
2051 1303 2190 1375 quia

536 1392 689 1452 Deus
710 1412 825 1452 non
855 1395 1279 1452 assertionibus
1309 1394 1590 1450 falsorum
1630 1393 1871 1449 testium
1905 1391 2040 1448 facti
2065 1407 2190 1447 exa-

536 1486 797 1541 minabat
826 1485 1038 1553 fidem;
1076 1485 1177 1539 sed
1216 1483 1437 1539 intimae
1495 1482 1915 1539 conscientiam
1976 1479 2189 1536 mentis

535 1573 951 1647 interrogabat.

1174 1677 1405 1733 CAPUT
1429 1678 1549 1732 v11.

536 1772 615 1824 lia:
662 1770 840 1854 verbis
888 1770 1114 1854 Domini
1170 1768 1239 1850 ad
1304 1768 1578 1847 Abraham
1650 1764 2043 1854 philosophos”
2092 1763 2189 1854 liqe
2218 1788 2264 1854 Β

602 1856 765 1895 suum
792 1839 1008 1908 dogma,
1043 1838 1252 1894 Omnia
1281 1855 1409 1893 esse
1441 1837 1742 1910 sapientis,
1776 1837 2064 1910 (hausisse,
2097 1840 2184 1889 at—

603 1927 705 1994 que
734 1911 892 1994 inibi
938 1926 1058 1994 qum
1083 1912 1347 1981 possessio
1392 1908 1621 1964 Abiu/ue
1665 1908 1939 1991 divinitus
1969 1908 2041 1962 sit
2065 1922 2189 1977 pro-

603 1984 774 2038 missa
800 1986 826 2036 .9
855 1984 1102 2053 Quinque
1136 1997 1315 2054 reges,
1363 1996 1557 2054 nempe
1603 1984 1844 2054 corporis
1882 1994 2117 2054 sensus,_
2151 1995 2186 2032 a

603 2058 863 2125 quatuor,
918 2050 1023 2109 hoc
1056 2062 1157 2118 est,
1199 2050 1598 2124 'corporalibus
1664 2050 1953 2125 illecebris
1990 2050 2183 2125 devin-

604 2120 806 2181 euntur
832 2120 856 2178 ς’
881 2129 939 2179 at
969 2120 1645 2194 Sodomorum'equitatum
1674 2122 1817 2177 idem
1860 2120 2186 2194 patriarcha

607 2199 667 2252 in
700 2196 901 2251 Christi
944 2197 1164 2251 nomine
1208 2193 1465 2267 pugnans
1503 2198 1739 2261 revocat,
1795 2195 1934 2248 vitia
1978 2193 2186 2248 scilicet

607 2269 850 2339 refrenat
899 2283 963 2322 ac
992 2283 1223 2323 errores.

605 2376 695 2431 37.
720 2372 997 2445 Sequitur
1026 2372 1189 2428 locus
1220 2387 1333 2443 quo
1365 2370 1662 2425 evidenter
1691 2369 1970 2424 docemur
2000 2384 2184 2440 quan-

534 2469 660 2520 tum
694 2479 859 2519 mens
890 2460 1206 2533 superﬂuis
1238 2459 1523 2532 portionis
1554 2456 2187 2515 irrationabilisexhau-

536 2553 643 2609 stis
682 2551 795 2624 (13)
828 2549 1110 2622 proﬁciat,
1145 2553 1199 2603 et
1231 2553 1521 2621 quantum
1552 2546 1691 2603 vitia
1721 2546 1878 2602 vitiis
1909 2546 2187 2616 adjuncta

532 2641 673 2697 mali
706 2641 967 2696 afferant.
1004 2639 1131 2695 Non
1162 2637 1321 2694 enim
1354 2638 1537 2693 otiose
1582 2636 1884 2708 Scriptura
1934 2634 2128 2706 posuit
2168 2651 2181 2689 :

532 2732 597 2786 Et
645 2730 798 2785 dixit
847 2730 985 2784 Deus
1027 2726 1101 2783 ad
1143 2728 1441 2794 Abraham,
1488 2734 1777 2797 postquam
1822 2724 2042 2779 recessit
2087 2726 2186 2778 Lot

531 2819 599 2874 ab
631 2818 729 2873 illo
761 2835 778 2871 :
809 2817 1026 2887 Respice
1054 2815 1227 2871 oculis
1280 2817 1388 2870 tuis
1418 2818 1470 2869 et
1526 2814 1652 2869 vide
1707 2829 1741 2868 a
1791 2812 1905 2867 loco
1967 2813 2025 2865 in
2083 2827 2185 2883 quo

532 2923 680 2961 nunc
709 2913 764 2960 tu
794 2921 871 2973 es,
899 2904 968 2959 ad
998 2906 1265 2974 Africam,
1298 2911 1349 2958 et
1391 2902 1726 2975 aquilonem,
1781 2906 1833 2956 et
1889 2901 2182 2969 Orientem,

534 2999 583 3051 et
612 3009 786 3060 mare,
843 2994 973 3065 quia
1020 3008 1233 3047 omnem
1279 2994 1490 3046 terram
1544 2996 1809 3062 quantum
1858 2989 2024 3056 vides,
2083 2989 2187 3045 tibi

534 3084 670 3140 dabo
697 3099 841 3149 eam,
867 3089 919 3137 et
944 3083 1145 3137 semini
1174 3082 1355 3136 tuoin
1404 3082 1668 3135 aeternum
1726 3080 1878 3152 (Gen.
1929 3095 2054 3148 XIII,
2112 3078 2181 3135 14

2296 506 2515 574 quanto
2532 502 2720 575 magis
2738 501 2971 575 sapiens
2985 514 3160 558 suum
3170 501 3400 575 judicat
3412 490 3681 576 quidquid
3698 509 3889 563 natura:

2295 595 2402 661 est,
2436 592 2539 663 qui
2567 591 2708 647 vivit
2737 591 3062 648 Secundum
3088 594 3359 648 naturam
3393 589 3550 648 lNOn
3572 590 3717 648 enim
3745 593 3892 652 amit-

2294 681 2365 735 tit
2384 681 2486 752 jus
2518 698 2693 737 suum
2724 681 2825 753 qui
2861 680 3130 755 meminit
3159 696 3221 738 se
3250 681 3321 736 ad
3350 678 3773 754 imaginem‘Dei
3792 682 3895 742 fac-

2295 773 2508 836 tum,et
2531 771 2603 825 ad
2634 769 2903 825 homines
2933 786 2966 825 a
2992 769 3243 825 Domino
3261 768 3377 825 Deo
3407 768 3648 825 dictum:
3678 770 3897 842 Crescite,
3932 816 3952 827 μ

2293 866 2343 914 et
2366 859 2842 931 multiplicamini,
2872 862 2924 914 et
2954 857 3155 935 replete
3192 862 3421 925 terram,
3467 862 3519 915 et
3570 857 3905 917 dominamini

2295 948 2356 1001 in
2385 963 2524 1015 eam,
2578 956 2630 1003 et
2678 949 2942 1020 imperate
2980 947 3223 1020 piscibus
3278 949 3470 1015 maris,
3528 950 3579 1002 et
3627 949 3908 1005 volatilibus

2295 1037 2433 1102 caeli,
2469 1040 2521 1092 et
2550 1037 2799 1093 omnibus
2828 1037 2982 1094 829
3008 1036 3296 1110 pecoribus
3334 1040 3387 1093 et
3428 1035 3670 1093 omnibus
3707 1050 3906 1110 serpen-

2298 1126 2443 1181 tibus
2471 1127 2567 1198 qui
2592 1141 2755 1197 super
2789 1128 2996 1181 terram
3043 1123 3195 1197 (Gen.
3241 1125 3440 1197 I,‘28).
3491 1124 3558 1180 Et
3604 1125 3757 1181 novit
3794 1127 3912 1199 quia

2297 1215 2585 1287 sapientia
2605 1215 2869 1270 omnium
2904 1218 3090 1270 mater
3119 1218 3229 1282 est,
3261 1217 3320 1270 et
3358 1214 3487 1286 ipsa
3534 1214 3726 1270 orbem
3755 1219 3910 1272 terra-

2299 1320 2430 1359 rum
2466 1302 2746 1376 possidet.
2780 1303 3043 1376 Denique
3093 1301 3368 1360 Salomon
3427 1302 3527 1376 qui
3587 1303 3912 1376 sapientiam

2300 1392 2564 1465 poposcit
2620 1397 2676 1447 et
2736 1392 2957 1465 accepit
3001 1409 3034 1446 a
3076 1391 3323 1448 Domino
3371 1391 3488 1448 Deo
3527 1395 3766 1449 nostro:
3819 1393 3918 1466 Ipse

2298 1481 2459 1549 mihi,
2489 1481 2700 1553 inquit,
2730 1481 2877 1537 dedit
2899 1497 3088 1538 eorum
3117 1496 3241 1554 qua
3267 1486 3396 1537 sunt
3419 1481 3709 1538 scientiam
3737 1496 3919 1544 veram;

2299 1574 2361 1625 ut
2397 1572 2569 1625 sciam
2615 1571 3026 1641 dispositionem
3073 1569 3220 1626 orbis
3256 1574 3554 1638 terrarum,
3601 1578 3652 1626 et
3686 1572 3921 1627 virtutem

2300 1661 2710 1727 elementorum,
2745 1660 2969 1715 initium
3009 1664 3061 1715 et
3089 1660 3609 1716 consummationem
3650 1663 3700 1716 et
3740 1658 3920 1716 medie-

2300 1752 2460 1803 tatem
2492 1750 2737 1804 omnium
2776 1764 2978 1814 rerum,
3002 1753 3056 1803 et
3082 1748 3380 1805 divisiones
3403 1752 3781 1822 temporum,et
3804 1750 3925 1804 anni

2292 1853 2507 1903 cursus,
2539 1845 2589 1892 et
2617 1836 2901 1892 stellarum
2932 1836 3337 1909 dispositiones,
3365 1845 3604 1894 naturas
3622 1837 3926 1892 animalium

2293 1930 2345 1981 et
2374 1927 2487 1981 iras
2519 1927 2832 1990 bestiarum,
2864 1927 2973 1981 vim
3002 1930 3314 1994 ventorum,
3334 1930 3387 1982 et
3406 1927 3759 1999 cogitationes
3781 1925 3929 1983 homi-

2293 2028 2448 2077 num,
2484 2011 2823 2084 diﬂerentias
2854 2012 3168 2080 herbarum,
3201 2020 3255 2069 et
3301 2015 3534 2070 virtutes
3582 2013 3843 2080 radicum,
3886 2017 3928 2069 et

2294 2117 2636 2173 quaecunque
2672 2110 2802 2158 sunt
2843 2102 3158 2158 abscondita
3200 2109 3253 2159 et
3298 2105 3606 2174 improvisa
3649 2102 3758 2175 (l4)
3801 2101 3930 2176 (Sap.

2293 2208 2391 2254 vu,
2427 2193 2513 2257 17,
2544 2192 2679 2261 21.).
2714 2191 2823 2246 Sed
2856 2190 2976 2246 haec
3008 2190 3155 2246 nulli
3184 2191 3297 2247 nisi
3322 2192 3583 2265 perfecto
3616 2194 3928 2264 suppetunt.

2365 2277 2454 2331 39.
2512 2277 2773 2350 Denique
2820 2278 3113 2335 Abraham
3191 2280 3465 2351 quandiu
3519 2279 3846 2338 adhaerebat
3891 2278 3934 2334 ei

2296 2368 2423 2434 Lot,
2455 2367 2564 2424 hoc
2584 2374 2672 2423 est
2702 2368 2943 2424 deﬂexio
2997 2385 3251 2436 morum,
3307 2374 3533 2426 sortem
3585 2369 3791 2425 horum
3838 2384 3934 2424 non

2294 2459 2611 2529 acceperat.
2668 2456 2775 2512 Ubi
2804 2456 3142 2514 deﬂexionis
3172 2456 3457 2532 ambiguo
3491 2459 3752 2532 quodam
3783 2462 3939 2530 atque

2293 2544 2558 2600 anfractu
2592 2546 2917 2613 absolutus,
2951 2551 3139 2603 rectas
3167 2546 3461 2602 virtutum
3496 2546 3742 2604 semitas
3780 2545 3939 2602 conti-

2294 2633 2430 2688 nuis
2461 2635 2670 2689 animae
2694 2652 2812 2690 suae
2828 2635 3132 2707 gressibus
3158 2636 3330 2709 coepit
3353 2653 3627 2711 carpere,
3648 2636 3710 2692 in
3729 2648 3942 2693 omnem

2296 2726 2509 2778 terram
2543 2739 2845 2795 possessor
2874 2723 3144 2790 mittitur,
3177 2728 3350 2798 atque
3381 2726 3614 2782 dicitur
3643 2726 3697 2782 ei
3726 2740 3738 2779 :
3769 2724 3939 2794 Surge,

2292 2815 2345 2866 et
2373 2811 2697 2884 perambula
2744 2821 2948 2868 terram
3009 2815 3063 2868 in
3111 2813 3533 2887 longitudinem
3565 2822 3619 2872 et
3669 2816 3732 2871 in
3769 2813 3939 2870 [alitu-

2294 2900 2497 2969 dinem,
2531 2903 2661 2973 quia
2692 2902 2794 2957 tibi
2820 2901 2957 2957 dabo
2984 2917 3124 2971 eam,
3148 2908 3201 2959 et
3219 2905 3432 2960 semini
3462 2913 3560 2960 tuo
3606 2905 3669 2959 in
3696 2907 3944 2960 aeternum

2297 2988 2448 3061 (Gen.
2472 3007 2595 3057 xm,
2625 2990 2733 3061 17).
2760 2990 2908 3064 Ergo
2930 2991 3029 3063 qui
3056 2993 3416 3064 sapientiam
3442 2991 3753 3062 meruerit,
3774 2996 3829 3048 et
3845 3004 3948 3047 non

2296 3078 2469 3135 fuerit
2488 3077 2712 3135 ancilla;
2742 3078 2923 3146 filius,
2956 3096 3069 3136 non
3093 3081 3310 3153 peccati
3333 3094 3579 3152 servus,
3606 3099 3726 3138 non
3743 3094 3952 3139 $110063-

534 3183 584 3229 et
620 3172 730 3245 l5).
790 3170 937 3227 Hinc
988 3174 1270 3241 tanquam
1330 3186 1364 3224 a
1414 3169 1569 3225 fonte
1618 3168 1942 3225 hauserunt
2004 3167 2181 3223 Stoici
2214 3158 2257 3226 C
2300 3168 2449 3223 sioni
2483 3168 2676 3224 carnis
2709 3168 3024 3238 obnoxius;
3051 3170 3150 3226 sed
3173 3169 3481 3242 liberae,id
3508 3177 3623 3241 est,
3641 3176 3792 3228 Sarus
3812 3167 3953 3225 illius

538 3259 870 3334 philosophi
906 3258 1198 3331 dogmatis
1244 3258 1335 3314 sui
1386 3257 1776 3313 sententiam:
1829 3257 2027 3313 omnia
2085 3274 2183 3312 sa—

537 3349 748 3423 pientis
796 3364 924 3405 esse
953 3347 1217 3420 (Diogcn.
1246 3347 1408 3403 Laer.
1434 3346 1534 3403 lib.
1554 3364 1653 3414 vn,
1678 3346 1735 3401 in
1764 3348 1888 3403 Vita
1908 3346 2183 3417 Zenonis).

541 3438 748 3494 Oriens
779 3438 934 3493 enim
974 3441 1032 3493 et
1079 3436 1378 3504 Occidens,
1427 3436 1753 3508 Septentrio
1799 3440 1857 3491 et
1914 3435 2185 3491 Meridies

542 3527 836 3599 portiones
888 3530 1029 3581 sunt
1048 3524 1479 3581 universitatis:
1512 3524 1601 3579 his
1632 3524 1787 3580 enim
1820 3528 1979 3580 totus
2010 3540 2187 3580 mun-

541 3618 653 3671 dus
684 3614 1023 3670 includitur.
1061 3613 1189 3669 Haec
1238 3630 1370 3668 cum
1422 3613 1692 3685 promisit
1724 3612 1879 3668 Deus
1910 3613 2185 3668 daturum

542 3720 602 3759 se
632 3703 902 3770 Abrahae,
963 3703 1100 3776 quid
1155 3702 1312 3757 aliud
1363 3703 1640 3769 declarat,
1697 3701 1809 3757 nisi
1840 3701 2089 3773 sapienti
2131 3705 2189 3756 et

542 3793 695 3849 fideli
725 3797 935 3865 praesto
976 3791 1193 3859 omnia,
1240 3792 1442 3846 deesse
1486 3790 1681 3845 nihil?
1727 3790 1888 3845 Unde
1918 3794 1975 3845 et
2025 3790 2186 3846 Salo-

428 3888 433 3891 ’
541 3899 679 3938 mon
708 3881 766 3937 in
801 3881 1126 3937 Proverbiis
1175 3881 1297 3935 ait:
1344 3881 1474 3951 Ejus
1520 3881 1616 3950 qui
1665 3879 1845 3949 fidelis
1900 3881 1989 3946 sit,
2046 3883 2189 3935 totus

540 3971 774 4027 mundus
826 3971 1149 4026 divitiarum
1206 3970 1388 4040 (Prov.
1440 3984 1579 4035 xxu,
1622 3970 1700 4040 6).
1754 3970 1979 4032 Quanto
2030 3968 2191 4041 prior

539 4061 813 4117 Salomon
845 4076 1021 4132 quam
1052 4060 1241 4114 Zenon
1275 4058 1605 4114 Stoicorum
1654 4058 1953 4131 magister,
2016 4062 2188 4130 atque

539 4156 744 4205 auctor
790 4153 959 4205 sectae
1026 4148 1251 4220 ipsius!
1316 4147 1542 4211 Quanto
1618 4147 1778 4218 prior
1834 4163 2012 4218 quam
2064 4147 2188 4219 ipse

541 4244 703 4310 pater
729 4235 1110 4310 philosophia:
1144 4236 1324 4304 Plato,
1372 4235 1460 4291 vel
1507 4236 1637 4307 ejus
1684 4234 1948 4291 inventor
1998 4236 2185 4290 nomi-
2214 4232 2226 4245 ’

540 4328 629 4381 nis
659 4326 1051 4399 Pythagoras!
1085 4326 1219 4397 quis
1252 4330 1449 4381 autem
1483 4324 1691 4391 ﬁdelis,
1739 4324 1851 4380 nisi
1906 4324 2188 4396 sapiens?

532 4414 757 4470 Stultus
789 4416 944 4470 enim
971 4414 1123 4471 sicut
1147 4415 1289 4469 luna
1342 4414 1723 4469 immutatur:
1774 4413 2011 4486 sapiens
2080 4431 2181 4470 au-

534 4510 654 4560 tem
686 4503 1005 4559 immobilis
1037 4504 1149 4559 fide
1183 4508 1501 4575 permanet.

605 4595 694 4649 38.
743 4592 855 4648 Sed
903 4592 1047 4647 forte
1090 4592 1288 4647 dicas:
1340 4592 1641 4656 Quomodo
1686 4590 1967 4664 sapientis
2021 4596 2179 4648 totus

537 4683 796 4739 mundus
822 4685 912 4737 est
944 4682 972 4736 ?
1002 4680 1284 4748 Quoniam
1318 4681 1446 4753 ipsa
1466 4684 1674 4735 natura
1703 4681 1804 4736 dat
1823 4679 1909 4735 illi
1963 4684 2179 4737 sortem

534 4769 822 4836 omnium,
896 4769 1126 4826 etiamsi
1168 4768 1291 4840 ipse
1342 4768 1864 4841 nihilpossidrat.
1938 4768 2181 4825 Domina

534 4866 623 4915 est
651 4859 808 4917 enim
839 4863 895 4915 et
925 4874 1230 4931 possessor
1258 4856 1521 4913 omnium
1555 4857 1861 4927 sapientia,
1896 4874 2023 4928 quae
2073 4875 2180 4915 sua

536 4955 704 5021 putat
736 4952 956 5004 naturis
988 4964 1261 5014 munera;
1288 4946 1568 5018 quoniam
1590 4944 1649 4999 in
1671 4962 1846 5000 usum
1870 4946 2177 5002 hominum

531 5040 665 5094 data
695 5041 853 5107 sunt,
883 5055 988 5095 nec
1042 5035 1441 5107 ullisindiget,
1475 5034 1650 5089 etiam
1684 5034 1731 5088 si
1778 5035 1972 5090 desint
2001 5036 2048 5091 ei
2105 5037 2175 5090 ad

531 5128 747 5182 victum
773 5126 1118 5182 necessaria.
1154 5126 1418 5196 Namque
1442 5128 1504 5178 ut
1529 5123 1792 5178 musicus
1815 5140 2055 5195 organa,
2078 5130 2180 5180 aut

531 5215 794 5270 medicus
824 5216 1270 5281 medicamenta,
1311 5216 1413 5268 aut
1444 5211 1753 5267 nauclerus
1799 5229 1924 5284 quae
1956 5213 2027 5268 ad
2083 5229 2177 5268 na-

533 5305 615 5357 vis
653 5305 1105 5359 instrumentum
1139 5302 1468 5359 necessaria
1498 5300 1904 5368 sunt,etiamsi
1944 5303 2177 5373 quando

534 5407 644 5444 non
718 5390 966 5458 habeat;
1018 5391 1193 5446 habet
1224 5395 1419 5447 tamen
1466 5406 1531 5445 eo
1560 5389 1686 5461 ipso
1732 5405 1847 5461 quo
1866 5390 2053 5462 possit
2085 5390 2177 5447 his

590 5530 709 5599 ('3)
738 5532 831 5593 Sic
860 5548 1012 5606 i_nss.
1047 5534 1479 5606 Corb.,Long.,
1522 5532 1683 5589 Colb.
1735 5537 1792 5590 et
1830 5533 1970 5589 Maz.
2004 5535 2173 5606 iEdit.

517 5614 657 5661 vero
690 5617 821 5667 cum
856 5603 1031 5660 Torn.
1068 5610 1125 5664 et
1161 5605 1344 5676 Valc.,
1403 5603 1707 5678 super/luis
1754 5605 2092 5682 portionibus
2125 5613 2179 5669 et

2299 3274 2412 3313 non
2442 3256 2770 3326 servientis,
2790 3259 2889 3314 sed
2915 3258 3324 3332 principantis,
3350 3260 3533 3317 bona:
3556 3261 3785 3334 stirpis,
3813 3260 3957 3315 bona:

2297 3345 2534 3414 indolis,
2569 3345 2833 3418 perfectis
2855 3345 3025 3402 titulo
3058 3347 3290 3404 virtutis
3320 3348 3747 3407 haereditatem
3771 3345 3955 3420 aequi-

2296 3440 2383 3490 ret
2414 3434 2830 3491 universitatis.
2863 3435 3086 3491 Dicitur
3116 3452 3251 3510 ergo
3276 3438 3546 3495 Abrahae
3576 3458 3590 3495 :
3627 3440 3820 3510 Surge.
3850 3436 3960 3494 Non

2296 3521 2655 3596 corporalem
2688 3524 3178 3582 assurrectionem
3208 3526 3545 3599 signiﬁcat,
3579 3529 3689 3585 sed
3744 3525 3959 3600 spirita-

2296 3611 2433 3681 lem,
2467 3612 2575 3668 hoc
2604 3617 2713 3681 est,
2749 3613 2920 3685 Surge
2950 3616 3047 3686 qui
3076 3614 3282 3670 dormis
3313 3616 3552 3689 (Ephes.
3580 3637 3641 3685 v,
3675 3618 3790 3689 Μ),
3810 3626 3968 3687 Surge

2297 3718 2331 3756 a
2359 3700 2624 3771 terrenis,
2660 3718 2835 3775 surge
2861 3719 2894 3758 a
2924 3702 3348 3776 corporalibus,
3388 3705 3681 3780 relinque
3733 3711 3963 3768 terrena,

2298 3789 2508 3846 coelum
2540 3791 2767 3863 aspice:
2802 3797 2856 3848 et
2888 3808 3093 3864 exurge
3135 3812 3168 3848 a
3216 3798 3491 3863 mortuis,
3560 3796 3683 3854 hoc
3732 3798 3821 3852 est
3859 3790 3972 3866 epi-

2297 3879 2569 3935 nionibus
2608 3879 2796 3949 vanis,
2846 3884 2902 3936 et
2953 3880 3468 3955 disputationibus
3547 3884 3967 3941 Chaldaeorum.

2296 3968 2524 4024 Intuere
2556 3970 2866 4038 mundum,
2902 3970 3128 4028 intuere
3178 3972 3356 4029 etiam
3415 3972 3606 4031 illum
3651 3973 3755 4048 qui
3802 3972 3976 4046 potest

2298 4061 2484 4112 totum
2563 4057 2779 4114 donare
2830 4061 3141 4117 mundum.
3206 4062 3268 4117 In
3326 4065 3823 4135 possessionem,
3893 4059 3977 4114 in-

2297 4146 2444 4218 quit,
2463 4147 2566 4201 tibi
2593 4148 2742 4203 dabo
2766 4149 3076 4219 mundum,
3101 4166 3272 4222 quem
3304 4155 3508 4209 Deum
3525 4158 3675 4210 ante
3691 4150 3980 4211 credebas.

2367 4238 2453 4290 40.
2488 4237 2821 4293 Perambula
2852 4246 3059 4294 terram
3086 4241 3143 4294 in
3185 4240 3624 4309 longitudinem
3653 4245 3781 4313 eius
3824 4247 3876 4297 et
3910 4240 3982 4293 la-

2297 4326 2606 4381 titudinem.
2650 4326 3034 4399 Utiqueintra
3099 4333 3485 4387 momentum
3537 4336 3775 4389 terram
3823 4330 3983 4387 istam

2297 4414 2601 4471 Persarum
2636 4415 3017 4472 interclusam
3050 4416 3338 4490 imperiis,
3378 4421 3467 4476 ab
3509 4422 3707 4478 Indiae
3770 4432 3987 4495 quoque

2215 4528 2262 4592 Β
2294 4503 2591 4560 littoribus
2655 4504 2726 4559 ad
2796 4504 3076 4574 Herculis,
3126 4510 3192 4562 ut
3240 4507 3445 4581 aiunt,
3473 4509 3838 4578 columnas,
3902 4503 3988 4563 vel

2293 4592 2602 4649 Britanniae
2651 4596 2911 4650 extrema
2952 4594 3223 4661 conﬁnia,
3252 4612 3377 4653 non
3418 4602 3640 4671 potuit
3682 4598 3989 4675 perambu-

2288 4681 2426 4738 lare.
2462 4682 2529 4737 Et
2560 4683 2748 4755 potuit
2779 4684 2948 4756 quasi
2982 4683 3289 4740 indevotus
3318 4686 3557 4759 videri,
3635 4691 3748 4762 qui
3781 4681 3990 4745 ccelesti

2288 4770 2521 4826 oraculo
2566 4788 2681 4827 non
2734 4771 3052 4839 obedisset,
3102 4773 3151 4828 si
3203 4774 3519 4833 obeunda
3573 4778 3773 4850 huius
3837 4782 3992 4833 terra:

2289 4859 2633 4915 mandatum
2683 4860 3033 4933 accepisset:
3077 4862 3181 4918 sed
3230 4879 3371 4920 cum
3423 4866 3516 4922 sit
3570 4868 3715 4939 ejus
3770 4862 3991 4923 devotio

2288 4949 2531 5020 probata
2563 4966 2576 5017 ;
2621 4949 2760 5020 quia
2788 4950 2861 5005 ad
2912 4965 3195 5022 quercum
3226 4955 3693 5014 tantummodo
3738 4954 3995 5014 Mamer

2288 5036 2670 5092 transtulerat
2716 5038 3164 5095 tabernaculum
3213 5039 3377 5113 (Gen.
3428 5060 3621 5115 xvm,
3652 5046 3736 5116 l),
3800 5043 3991 5115 utique

2286 5129 2525 5195 terram,
2550 5125 2656 5181 hoc
2686 5130 2793 5196 est,
2815 5127 3093 5185 virtutem
3124 5144 3509 5202 posssumus
3540 5135 3883 5208 perfectam
3914 5131 3996 5187 in-

2285 5213 2569 5287 telligere,
2602 5230 2730 5287 quae
2772 5216 2960 5273 bonos
3016 5218 3244 5274 fructus
3299 5219 3518 5289 daret,
3585 5228 3656 5281 et
3713 5220 3994 5289 fecundus

2283 5302 2664 5375 inventiones,
2697 5305 3237 5380 cogitationumque
3259 5307 3619 5383 primitias,
3645 5308 3996 5371 meritorum

2290 5391 2663 5462 vindemiam,
2698 5393 3011 5465 frumento,
3043 5396 3177 5454 vino
3204 5401 3261 5454 et
3299 5396 3450 5457 oleo
3506 5403 3787 5476 repleret
3847 5402 3993 5456 inte-

2285 5536 2766 5594 irrationabilibus
2795 5538 3099 5597 exhaustis.

2361 5607 2475 5683 (H)
2505 5608 2671 5669 Rom.
2706 5609 2870 5680 edit,
2902 5611 3222 5673 abscondita
3249 5619 3300 5673 et
3318 5619 3688 5699 perspicua.
