4166 6154
313 292 424 365 497

1586 305 1693 369 DE
1735 306 2115 375 ABRAHAM
2161 308 2311 373 LIB.
2358 309 2438 375 II.

3597 315 3718 379 498

311 430 517 526 riorem
547 429 811 526 domum,
844 434 1062 496 terram
1093 437 1544 498 resurrectionis
1594 455 1773 515 quam
1820 460 1953 517 pro-
1984 458 2038 526 Α
2067 442 2212 501 dum
2271 443 2384 502 sibi
2451 444 2777 519 adhiberet,
2832 449 3048 525 quibus
3110 449 3287 511 armis
3351 447 3711 516 instruxerit,

312 520 465 583 misit
493 522 759 596 patribus
790 526 1011 584 nostris
1040 526 1315 586 ﬂuentem
1347 528 1443 586 lac
1475 535 1532 587 et
1580 531 1698 587 mel
1755 532 1947 604 (Emori.

309 628 387 680 ut,
454 612 569 684 l7),
624 613 972 672 suavitatem
1021 617 1169 689 vitae,
1216 617 1621 687 jucunditatis
1674 621 1948 692 gratiam,

2061 533 2284 606 quibus
2313 535 2491 593 ducat
2515 538 2758 596 vexillis.
2793 540 2918 597 Non
2961 540 3291 614 aquilarum
3315 535 3713 615 praefertima-

2061 622 2233 696 gines
2265 622 2400 694 (16),
2435 643 2542 682 nec
2574 629 2857 684 dracones
2891 647 2904 684 :
2939 632 3040 687 sed
3073 630 3131 687 in
3163 648 3331 687 cruce
3389 625 3621 691 Christi,
3654 628 3715 680 et

307 697 670 792 splendorem
700 701 916 774 gloria,
949 705 1120 776 cujus
1148 705 1332 762 haeres
1363 707 1596 775 primus
1628 709 1817 766 tactus
1865 714 1954 768 est
2060 712 2121 767 in
2146 712 2286 768 Jesu
2319 715 2557 771 nomine
2586 717 2955 789 progreditur
2983 720 3056 775 ad
3087 720 3373 792 praelium,
3398 717 3507 773 hoc
3532 714 3701 784 signo

302 787 725 863 primogenitus
751 807 784 846 a
814 793 1065 850 mortuis
1095 793 1196 851 Dei
1226 794 1413 851 Filius
1444 796 1619 855 Jesus
1650 797 1947 865 Christus,

301 876 369 941 Et
396 876 522 934 ideo
569 895 686 939 non
749 882 1050 943 seminibus
1107 882 1270 950 dixit,
1332 885 1436 940 sed
1485 888 1691 942 semini
1743 886 1947 956 (Galat.

299 979 383 1033 In,
411 964 524 1037 46),
554 970 622 1022 ut
650 966 971 1029 declararet
991 969 1180 1042 illum,
1213 971 1313 1043 qui
1361 972 1515 1029 hanc
1547 973 1947 1032 hereditatem

297 1052 552 1111 humano
583 1055 785 1129 generi
813 1058 1045 1130 primus
1075 1060 1423 1132 acquireret.

366 1153 448 1208 41.
491 1151 886 1226 Cognovimus
916 1156 1079 1215 bona:
1110 1158 1323 1215 mentis
1353 1159 1705 1231 profectum,
1754 1178 1881 1235 quae
1912 1181 1947 1219 a

296 1241 427 1299 vitio
463 1240 706 1309 lubricas
731 1242 1072 1302 deﬂexionis
1101 1262 1423 1320 exsurgens
1458 1249 1730 1320 quaesivit
1791 1252 1946 1308 380

296 1329 489 1386 statim
523 1330 834 1402 praemium
866 1332 1165 1405 sapientiae
1197 1335 1332 1406 (14),
1394 1335 1795 1394 haereditatem
1849 1340 1944 1411 ju-

294 1419 479 1476 stitia.
513 1418 815 1483 Quantum
844 1424 1045 1478 autem
1088 1428 1334 1480 noceant
1362 1422 1583 1480 levitati
1643 1426 1782 1482 vitia
1840 1428 1942 1484 ad-

288 1509 504 1583 juncta,
538 1507 712 1567 docet
755 1509 1130 1583 sequentium
1188 1512 1368 1568 series
1424 1511 1764 1571 lectionum.
1796 1515 1942 1571 Nam

293 1595 375 1655 illi
404 1600 661 1669 quatuor
686 1611 856 1672 reges
911 1598 1014 1670 qui
1044 1600 1114 1655 de
1166 1601 1427 1673 quinque
1459 1602 1699 1675 regibus
1730 1605 1941 1660 trium-

290 1685 633 1759 phaverunt,
665 1689 725 1742 et
753 1686 1123 1743 adduxerunt
1168 1688 1495 1761 equitatum
1551 1691 1942 1749 Sodomorum

294 1778 500 1843 totum,
533 1778 818 1847 ceperunt
846 1775 1027 1832 etiam
1060 1777 1166 1833 Lot
1193 1776 1382 1835 ﬁlium
1413 1779 1611 1835 fratris
1667 1782 1939 1849 Abrahae,

291 1867 346 1921 et
368 1863 773 1921 discesserunt
810 1864 971 1934 (Gen.
1012 1882 1127 1935 xxv,
1178 1866 1355 1941 4-12).
1419 1868 1690 1941 Quinque
1750 1887 1936 1944 reges,

293 1952 544 2027 quinque
573 1967 789 2025 sensus
819 1954 1081 2026 corporis
1106 1955 1290 2011 nostri
1348 1961 1506 2025 sunt,
1548 1958 1733 2027 visus,
1794 1960 1939 2016 odo-

290 2046 471 2111 ratus,
489 2045 724 2114 gustus,
758 2044 975 2119 tactus,
1008 2043 1243 2101 auditus
1269 2061 1283 2100 :
1314 2049 1569 2118 quatuor
1596 2063 1783 2121 reges,
1811 2047 1935 2104 ille-

292 2131 467 2195 cebrae
496 2128 834 2203 corporales
866 2134 1045 2203 atque
1076 2133 1386 2190 mundana
1433 2140 1594 2203 sunt,
1656 2136 1934 2208 quoniam

291 2224 345 2291 et,
364 2236 495 2281 caro
524 2219 807 2291 hominis,
841 2223 903 2276 et
933 2220 1193 2278 mundus
1224 2226 1479 2293 quatuor
1534 2228 1763 2281 constat
1818 2224 1934 2282 ele-

292 2308 518 2371 mentis.
552 2308 762 2365 Merito
788 2323 961 2383 reges
1006 2309 1299 2380 dicuntur,
1334 2311 1473 2384 quia
1526 2313 1702 2369 habet
1757 2331 1934 2371 suum

290 2396 454 2470 culpa
482 2395 881 2466 dominatum,
937 2396 1113 2454 habet
1172 2415 1417 2473 regnum
1474 2401 1713 2474 grande.
1774 2403 1936 2460 Unde

290 2484 597 2559 Apostolus
627 2484 744 2541 ait:
774 2486 900 2541 Non
928 2491 1115 2557 regnet
1143 2492 1422 2558 peccatum
1464 2491 1524 2544 in
1554 2498 1729 2547 vestro
1787 2508 1935 2549 mor-

290 2575 387 2639 tali
406 2590 631 2645 corpore
659 2575 838 2646 (Rom.
870 2591 952 2642 vr,
986 2574 1099 2646 12).
1131 2576 1352 2634 Sensus
1392 2577 1574 2651 igitur
1602 2581 1786 2636 nostri
1844 2581 1937 2638 fa-

291 2661 389 2721 cile
424 2661 834 2735 corporalibus
892 2661 1380 2721 delectationibus
1439 2671 1493 2721 et
1554 2667 1937 2725 saecularibus

290 2753 517 2819 cedunt,
547 2756 605 2810 et
633 2752 899 2825 quadam
913 2767 1116 2808 eorum
1132 2757 1422 2827 potestate
1436 2754 1770 2828 capiuntur,
1798 2758 1934 2814 Cor-

289 2839 511 2913 porales
540 2840 700 2896 enim
732 2838 1151 2897 delectationes
1174 2846 1230 2898 et
1257 2841 1561 2899 illecebras
1593 2843 1772 2917 hujus
1830 2862 1935 2902 sae-

288 2929 396 2986 culi
420 2945 539 2986 non
581 2928 788 2987 vincit.
822 2926 941 2985 nisi
975 2944 1143 2986 mens
1203 2948 1329 3003 quae
1398 2932 1572 2989 fuerit
1626 2934 1934 3006 spiritalis,

288 3018 590 3079 adhaerens
613 3017 753 3086 Deo,
786 3020 846 3073 et
868 3032 933 3073 se
997 3020 1181 3074 totam
1220 3035 1255 3075 a
1316 3021 1567 3078 terrenis
1633 3038 1932 3095 separans.

287 3106 533 3183 Deﬂexio
601 3104 796 3163 omnis
842 3104 938 3160 his
1015 3105 1260 3178 capitur.
1303 3106 1466 3164 Unde
1529 3108 1744 3168 Joanes
1805 3111 1932 3168 ait:

1971 1826 2018 1891 B

2058 799 2249 868 fortis,
2291 800 2399 857 hoc
2426 804 2631 861 vexillo
2664 805 2877 863 fidelis.
2921 808 3121 863 Merito
3152 825 3293 881 ergo
3325 822 3493 863 mens
3549 816 3710 857 exer-

2058 889 2258 956 citata,
2292 906 2417 961 qua:
2448 892 2663 965 recepit
2691 910 2885 949 veram
2955 897 3306 968 sapientiam
3363 890 3514 964 justi
3577 888 3708 946 viri.

2054 977 2298 1035 Justitia
2327 983 2522 1036 autem
2549 980 2730 1037 solers
2761 984 3138 1055 correptionis
3170 988 3356 1050 est,ac
3404 978 3703 1052 arguendo

2057 1071 2287 1122 revocat
2310 1072 2659 1138 peccatores,
2696 1072 2749 1124 ét
2780 1071 3017 1144 stringit
3046 1072 3393 1145 passionum
3426 1069 3706 1138 impetus.

2127 1156 2214 1211 43.
2250 1156 2380 1212 Ideo
2410 1156 2889 1230 dicitScriptura,
2947 1160 3086 1232 quia
3140 1159 3417 1216 revocavit
3474 1170 3699 1211 omnem

2053 1247 2356 1317 equitatum
2398 1246 2770 1313 Sodomorum,
2804 1247 2913 1304 hoc
2977 1254 3086 1317 est,
3144 1250 3413 1305 habenas
3484 1242 3696 1311 tenuit,

2053 1333 2218 1389 frena
2250 1334 2492 1390 rationis
2524 1335 2823 1406 imposuit,
2856 1338 3141 1393 revocavit
3180 1336 3446 1407 culpam,
3504 1331 3709 1389 stravit

2054 1437 2330 1477 errorem.
2366 1422 2567 1493 Equus
2589 1422 2743 1477 enim
2775 1427 2929 1480 stare
2961 1426 3169 1494 nescit,
3200 1422 3379 1478 velox
3408 1421 3481 1477 ad
3525 1421 3708 1494 impe-

2052 1514 2201 1578 tum,
2234 1509 2513 1565 cervicem
2546 1509 2804 1566 exaltans
2854 1529 3043 1581 suam,
3073 1511 3363 1567 hinniens
3413 1509 3485 1566 ad
3515 1508 3711 1565 libidi-

2052 1614 2208 1653 nem.
2243 1598 2391 1664 Quid
2426 1602 2544 1652 tam
2576 1597 2766 1654 simile
2787 1600 3007 1671 peccati
3037 1600 3065 1654 ‘2
3094 1601 3301 1656 Fervet
3331 1597 3491 1654 enim
3527 1598 3714 1671 primo

2052 1685 2227 1759 culpa
2256 1687 2485 1758 impetu
2525 1691 2582 1741 et
2611 1703 2843 1743 omnem
2878 1689 3018 1744 recti
3048 1686 3477 1761 cogitationem
3503 1702 3715 1760 praeve-

2052 1776 2159 1843 nit,
2190 1778 2475 1845 motuque
2540 1774 2855 1832 immaturo
2885 1776 3094 1844 exsilit,
3144 1780 3213 1830 ut
3283 1791 3417 1831 eam
3484 1773 3719 1831 difﬁcile

2048 1862 2195 1918 ratio
2235 1878 2509 1918 revocare
2538 1864 2748 1935 possit.
2792 1866 2995 1920 Fertur
3027 1866 3083 1919 in
3116 1880 3409 1937 praeceps,
3441 1867 3497 1920 et
3525 1880 3722 1921 ascen-

2050 1967 2242 2006 sorem
2275 1966 2456 2006 suum
2479 1952 2709 2023 projicit
2737 1954 2797 2008 in
2856 1970 3021 2010 mare
3051 1953 3212 2009 istud
3248 1952 3433 2025 hujus
3500 1952 3719 2019 saeculi,

2048 2037 2268 2093 cervice
2300 2038 2532 2094 tumida
2559 2057 2837 2098 recusans
2856 2042 3073 2117 jugum
3106 2042 3522 2115 correptionis.
3567 2043 3713 2103 κει

2048 2127 2149 2182 Est
2178 2125 2459 2199 specialis
2480 2131 2743 2201 quaedam
2775 2132 2963 2187 forma
3021 2130 3326 2203 libidinis,
3358 2150 3488 2207 quae
3524 2148 3723 2189 vocem

2048 2218 2241 2270 mutet
2270 2214 2555 2285 hominis,
2587 2220 2763 2276 verba
2794 2219 3051 2276 amantis
3084 2227 3428 2296 corumpat,
3482 2222 3726 2295 suisque

2048 2320 2109 2359 se
2142 2304 2357 2376 prodat
2390 2308 2502 2380 (17)
2535 2309 2927 2366 sermonibus.
2962 2307 3234 2380 Denique
3270 2312 3345 2367 ad
3375 2313 3595 2370 Judam
3626 2327 3729 2385 per

2045 2392 2367 2448 Jeremiam
2402 2395 2547 2453 dicit
2603 2398 2889 2454 Dominus
2955 2398 3162 2454 Deus:
3241 2402 3406 2459 Nunc
3452 2402 3730 2460 videbitur

2045 2480 2361 2549 ignominia
2389 2491 2501 2553 tua,
2535 2496 2589 2543 et
2612 2488 2951 2543 adulterium
2990 2491 3167 2552 tuum,
3204 2498 3265 2545 et
3327 2494 3611 2561 hinnitus,
3680 2496 3730 2549 et

2045 2570 2312 2626 alienatio
2395 2578 2785 2645 fornicationis
2842 2585 2957 2634 tuae
3015 2591 3189 2644 supra
3262 2583 3431 2637 colles
3503 2583 3725 2653 (Jerem.

2044 2674 2169 2724 xm,
2200 2659 2292 2727 26,
2323 2662 2441 2731 27).
2476 2664 2640 2720 Hunc
2700 2666 2902 2736 justus
2969 2665 3277 2722 revocavit
3341 2669 3678 2743 equitatum
3713 2691 3727 2729 :

2046 2762 2238 2802 mores
2279 2764 2516 2823 quoque
2556 2752 2906 2809 declinantis
2946 2753 3267 2824 convertit,
3312 2762 3371 2814 et
3408 2759 3486 2815 ad
3531 2778 3598 2818 se
3639 2781 3731 2821 vo-

2046 2834 2241 2901 cavit,
2283 2841 2350 2893 ut
2390 2841 2713 2898 imitatores
2765 2843 2857 2898 sui
2935 2842 3143 2896 ﬁerent
3180 2882 3194 2905 ,
3281 2848 3385 2919 qui
3460 2848 3719 2914 deflexe-

2047 2928 2177 2980 rant
2210 2942 2222 2980 :
2258 2927 2400 2999 quia
2438 2947 2650 2987 sensus
2690 2931 2875 2988 nostri
2917 2931 2990 2987 ad
3050 2927 3442 3004 disciplinam
3509 2946 3725 3005 mentis

2047 3020 2373 3071 recurrunt.

2118 3103 2204 3158 44.
2238 3104 2646 3163 Substantiam
2680 3125 2918 3182 quoque
2960 3106 3201 3178 recepit.
3238 3113 3367 3171 Non
3424 3122 3715 3188 patrimo-

289 3198 373 3257 γε
398 3195 786 3252 habitantibus
818 3196 880 3250 in
909 3198 1059 3250 terra
1083 3195 1264 3268 (Apoc.
1297 3212 1419 3266 VIII,
1454 3197 1539 3270 13)
1576 3197 1587 3252 l
1640 3200 1766 3255 Non
1816 3201 1929 3257 uti-
1962 3191 2005 3257 C
2043 3189 2208 3245 nium
2249 3193 2451 3265 utique
2490 3195 2801 3268 significat,
2844 3199 2944 3255 sed
3004 3193 3242 3253 vitalem
3301 3204 3515 3261 animae
3568 3215 3709 3271 sub-

283 3301 389 3359 que
418 3300 630 3342 omnes
660 3283 936 3341 homines
980 3284 1439 3356 comprehendit,
1500 3287 1599 3359 qui
1632 3292 1771 3344 tunc
1801 3289 1930 3345 vitea
1963 3344 1980 3360 ,

281 3372 456 3445 hujus
484 3389 727 3430 cursum
760 3371 1114 3429 conficerent
1142 3372 1304 3444 (sunt
1332 3374 1489 3430 enim
1555 3379 1613 3430 et
1644 3376 1701 3432 in
1757 3376 1930 3433 terris

280 3461 448 3536 positi
483 3478 742 3535 quorum
776 3460 1141 3518 conversatio
1170 3461 1231 3517 in
1267 3461 1430 3519 coelis
1494 3466 1628 3532 est),
1663 3466 1765 3522 sed
1831 3482 1931 3521 eos

277 3567 423 3624 quos
491 3555 738 3607 terrena
803 3550 1263 3607 conversationis
1329 3551 1591 3618 affectus,
1646 3569 1712 3609 ac
1751 3552 1931 3625 hujus

278 3638 477 3696 saeculi
507 3638 713 3715 vicerit
763 3637 977 3712 gratia.
1011 3637 1159 3711 Ergo
1216 3656 1333 3695 non
1383 3639 1768 3707 habitatores,
1827 3640 1929 3696 sed

276 3727 497 3785 accolae.
517 3743 730 3784 sumus
760 3730 931 3782 terrae
959 3725 1159 3805 hujus.
1188 3727 1397 3785 Accola
1426 3728 1581 3784 enim
1636 3733 1928 3803 tempora-

276 3814 351 3874 lis
376 3815 686 3885 diversorii
719 3830 887 3888 spem
926 3813 1112 3887 gerit;
1183 3814 1480 3873 habitator
1545 3821 1741 3873 autem
1813 3835 1932 3874 om-

276 3920 410 3979 nem
436 3907 618 3977 atque
646 3918 823 3959 usum
854 3919 973 3959 suae
1002 3900 1122 3958 illic
1168 3903 1509 3960 substantiae
1556 3904 1745 3961 locare
1774 3906 1930 3961 vide-

274 3996 390 4063 tnr,
424 3991 529 4050 ubi
563 3991 953 4049 habitandum
985 3991 1297 4063 putaverit.
1330 3997 1533 4065 Itaque
1566 3993 1665 4066 qui
1695 3999 1783 4053 est
1811 3999 1930 4051 ter-

274 4097 351 4149 ra
380 4079 609 4149 accola,
642 4080 942 4157 habitator
969 4079 1097 4135 cceli
1128 4085 1217 4138 est
1248 4099 1261 4137 :
1312 4081 1412 4153 qui
1445 4086 1645 4139 autem
1704 4084 1930 4140 habita-

275 4174 369 4225 tor
396 4174 596 4235 terrae,
619 4183 932 4241 possessor
961 4170 1052 4224 est
1080 4169 1308 4226 mortis.

346 4268 440 4322 42.
512 4266 836 4327 Numeravit
891 4265 1094 4322 Abram
1156 4270 1416 4323 trecentos
1455 4266 1637 4323 decem
1706 4272 1759 4323 et
1821 4272 1931 4325 octo

280 4355 609 4415 ventriculos
636 4368 782 4423 suos,
812 4357 866 4409 et
899 4356 1166 4425 percussit
1230 4370 1317 4410 eos
1349 4354 1480 4426 (15),
1511 4357 1562 4410 et
1621 4361 1934 4427 persecutus

278 4452 361 4500 est
380 4458 562 4516 usque
590 4442 790 4512 Choba,
823 4455 953 4514 qua
972 4445 1051 4498 est
1090 4441 1161 4497 ad
1188 4442 1436 4498 dextram
1484 4444 1738 4499 Damasci
1778 4444 1929 4516 (Gen.

282 4547 399 4599 ην,
432 4533 505 4588 14
530 4535 592 4591 et
623 4532 733 4601 15).
764 4531 833 4586 Et
860 4546 1141 4591 numerus
1169 4529 1365 4587 vitalis
1386 4534 1494 4587 est.
1527 4535 1593 4586 In
1616 4531 1743 4604 ipso
1774 4533 1932 4590 enim
1962 4546 2011 4612 D

285 4619 424 4688 vita,
455 4620 506 4678 si
528 4620 842 4677 credamus
898 4619 957 4675 in
988 4618 1260 4692 passione
1314 4619 1375 4675 in
1408 4619 1644 4677 nomine
1701 4621 1933 4678 Domini

288 4706 449 4773 Jesu.
482 4709 632 4769 Nam
661 4708 785 4765 haec
812 4711 902 4764 est
928 4707 1184 4764 nominis
1240 4708 1638 4781 interpretatio
1706 4709 1883 4782 hujus
1918 4728 1931 4778 ;

295 4798 442 4867 quod
473 4797 731 4853 diximus
761 4794 957 4852 Choba
984 4794 1108 4868 (lib.
1136 4814 1154 4851 ι
1206 4797 1273 4852 de
1300 4798 1592 4865 Abraham,
1627 4815 1676 4853 c.
1738 4802 1812 4867 2),
1876 4800 1929 4855 id

296 4887 383 4939 est
407 4886 546 4944 vita.
582 4885 715 4959 Ipsa
753 4884 825 4940 ad
856 4885 1153 4959 dexteram
1185 4886 1451 4942 Damasci
1508 4886 1751 4958 pulchre
1808 4904 1936 4944 esse

297 4970 524 5031 dicitur.
547 4973 700 5049 Agni
720 4972 877 5028 enim
904 4972 975 5031 ad
997 4973 1315 5041 dexteram,
1342 4973 1473 5029 heeli
1506 4976 1577 5030 ad
1610 4974 1931 5032 sinistram.

302 5059 419 5116 Scit
444 5062 757 5119 exercitata
785 5078 954 5117 mens
976 5078 1125 5133 quos
1155 5062 1227 5119 ad
1249 5061 1509 5134 praelium
1530 5079 1936 5121 consumman-

371 5194 628 5269 (Mf)_Sic
660 5211 806 5251 mss.
839 5210 1065 5269 omnes.
1107 5197 1182 5251 At
1204 5196 1372 5269 edit.,
1432 5195 1594 5251 nulla
1649 5200 1886 5269 excepta
1918 5214 1931 5252 :

305 5264 559 5339 Quaesivit
587 5273 789 5337 statum
812 5268 1059 5336 primum
1086 5268 1393 5339 sapientia.

368 5330 481 5409 (15)
506 5332 647 5409 Haec
692 5330 885 5401 verba,
919 5346 971 5393 et
1011 5330 1299 5409 percussit
1345 5353 1454 5409 eos,
1522 5341 1573 5391 et
1625 5343 1939 5409 persecutus

306 5408 398 5479 αξ,
425 5423 548 5479 qua:
580 5408 640 5464 in
674 5424 818 5471 mss.
848 5424 913 5462 ac
937 5408 1146 5479 priscis
1211 5408 1362 5479 edit.
1392 5408 1639 5472 desunt,
1682 5410 1939 5465 restituit

308 5475 661 5558 edit.'Rom.,
686 5495 813 5558 non
842 5475 1012 5558 male.
1046 5476 1445 5558 Neque_e_nim_
1461 5479 1689 5558 abunde
1721 5480 1935 5537 factum

316 5552 704 5622 putamus,_ut
736 5548 1171 5622 omitterentur,
1204 5548 1318 5605 nisi
1347 5549 1485 5622 quia
1514 5549 1762 5622 scriptor
1788 5569 1939 5609 com-

311 5620 512 5687 pendio
542 5620 628 5677 uti
660 5620 861 5679 volens
891 5622 1209 5679 indicasset
1239 5620 1446 5677 caetera
1474 5620 1800 5694 supplenda
1843 5641 1938 5681 us-

2041 3281 2340 3349 stantiam,
2385 3282 2442 3337 in
2486 3300 2603 3355 qua
2641 3285 2719 3341 sit
2775 3288 3073 3359 pretiosus
3129 3302 3367 3359 census,
3414 3311 3529 3352 non
3599 3303 3702 3358 sti-

2040 3368 2212 3460 pula,
2233 3386 2349 3424 non
2370 3371 2565 3427 fenum
2602 3391 2614 3439 ;
2650 3373 2707 3427 in
2740 3392 2856 3446 qua
2886 3373 3080 3431 fidelis
3111 3373 3189 3430 sit
3226 3379 3469 3455 alloquii
3501 3388 3698 3460 splen-

2040 3458 2165 3525 dor,
2197 3456 2257 3512 in
2291 3474 2407 3530 qua
2436 3464 2647 3515 nostra:
2680 3478 2893 3520 census
2921 3461 3209 3520 subsistat
3240 3472 3386 3543 spei.
3421 3456 3553 3531 Haec
3608 3482 3701 3535 est

2039 3544 2197 3600 enim
2218 3563 2353 3601 vera
2378 3552 2579 3601 nostra
2610 3549 2944 3607 substantia
2978 3568 2990 3605 :
3064 3567 3191 3622 quae
3243 3564 3337 3615 est
3392 3564 3694 3636 sapientiae

2040 3632 2199 3689 dives
2231 3635 2434 3707 copiis,
2468 3635 2589 3690 haec
2619 3637 2975 3696 immortalis
3006 3639 3344 3702 substantia
3376 3665 3388 3702 :
3434 3632 3693 3724 corporis

2040 3725 2260 3790 autem,
2290 3723 2378 3778 vel
2411 3724 2799 3781 accidentium
2830 3728 3079 3783 diurnus
3106 3732 3298 3802 magis
3335 3752 3512 3806 quam
3545 3723 3693 3795 diu-

2039 3814 2253 3867 turnus
2285 3828 2450 3867 usus.
2483 3811 2646 3869 Unde
2676 3814 2919 3884 quidam
2941 3818 3095 3870 recte
3126 3832 3242 3873 non
3274 3827 3487 3891 putant
3515 3827 3694 3897 patri-

2040 3899 2221 3955 monii
2254 3900 2366 3956 dici
2399 3902 2813 3958 substantiam.
2847 3905 2972 3959 Non
3034 3903 3192 3959 enim
3243 3909 3682 3969 subsisistimus

2039 3987 2098 4042 in
2128 4005 2216 4055 eo,
2251 4004 2384 4043 cum
2416 3992 2473 4044 et
2502 3988 2619 4044 illis
2651 3991 2868 4061 quibus
2900 3991 3051 4047 desit
3082 3994 3350 4063 pecunia,
3401 3999 3529 4056 vita)
3592 4004 3685 4056 ta-

2042 4092 2177 4132 men
2206 4093 2321 4133 non
2353 4077 2505 4133 desit
2534 4077 2886 4135 substantia.

2040 4236 2212 4318 Discit
2245 4252 2397 4318 mens
2426 4240 2614 4318 nostra
2645 4239 2704 4290 in
2756 4238 3134 4318 Melanisedech
3173 4238 3509 4301 devotionem
3558 4261 3690 4318 erga

2114 4308 2212 4385 Dei
2282 4309 2509 4372 cultum,
2551 4312 2608 4361 in
2680 4324 2813 4385 rege
2874 4310 3239 4385 ‘Sodognorum
3313 4308 3686 4385 tentationem,

2113 4378 2289 4457 etiam
2313 4386 2603 4449 postquam
2632 4380 2776 4457 victa
2831 4375 2924 4457 sit,
2978 4380 3153 4435 adhuc
3197 4387 3566 4457 metuendam,
3624 4375 3687 4444 in

2112 4448 2423 4523 Abrahamo
2452 4448 2775 4520 contagium
2820 4453 3259 4523 intemperantia:
3303 4448 3692 4515 declinandum

2113 4521 2302 4601 Quare
2323 4521 2451 4575 huic
2477 4537 2679 4601 merces
2709 4526 2925 4601 tantum
2952 4521 3070 4594 post
3100 4527 3388 4601 victoriam
3404 4532 3691 4601 promitta-

2116 4595 2246 4646 tur:
2281 4593 2429 4666 isque
2453 4594 2782 4666 posteritatis
2810 4593 3003 4666 curam
3028 4598 3294 4666 praeferat
3322 4597 3351 4651 ‘I
3392 4593 3472 4655 Ad
3512 4605 3686 4655 extre-

2115 4678 2267 4741 mum
2295 4662 2479 4741 eodem
2528 4663 2841 4741 Abrahamo
2865 4665 2932 4741 ab
2980 4662 3316 4741 aruspicinm
3351 4670 3690 4741 superstitio-

2113 4735 2277 4810 nibus
2303 4733 2546 4810 defenso,
2572 4736 2841 4810 sacriﬁcii
2868 4736 2936 4790 ab
2965 4737 3082 4807 ipso
3111 4733 3281 4792 oblati
3296 4733 3587 4810 multiplex
3606 4740 3690 4793 inp

2112 4805 2428 4875 terpretatio
2457 4805 2835 4877 subjungitur.

2113 4893 2200 4945 45.
2235 4891 2314 4947 De
2357 4890 2775 4949 Melchisedech
2790 4894 2867 4948 in
2889 4898 3140 4949 tractatu
3174 4894 3379 4950 morali
3401 4894 3570 4966 plene
3599 4897 3688 4952 di-

2041 4978 2239 5035 ximus
2269 4979 2391 5050 (lib.
2422 4996 2439 5034 Ι
2470 4980 2535 5034 de
2573 4981 2867 5047 Abraham,
2901 4999 2949 5038 c.
2981 4982 3056 5053 3),
3110 4982 3168 5036 in
3201 4999 3314 5053 quo
3369 4987 3426 5037 et
3473 4986 3686 5055 myste-

2044 5067 2198 5122 rium
2229 5084 2603 5141 nequaquam
2635 5071 2993 5141 praeteritum
3016 5086 3082 5125 ac
3094 5069 3551 5141 praetermissum
3578 5076 3684 5128 est.

2046 5217 2159 5273 que
2190 5203 2261 5256 ad
2293 5217 2492 5257 vocem
2524 5201 2720 5255 Choba.

2119 5274 2229 5344 (16)
2258 5273 2422 5347 Apud
2452 5277 2742 5347 Romanos
2772 5271 3018 5347 legionis
3047 5270 3284 5347 signum
3315 5279 3439 5329 erat
3467 5274 3685 5347 aquila,

2119 5286 2229 5344 (lo)
2258 5286 2301 5329 Α
2348 5286 2422 5328 ua
2454 5286 2742 5327 uomanos
2773 5286 2823 5325 1e
2868 5288 3018 5327 ionis
3047 5287 3096 5325 sn
3142 5288 3190 5326 ni

2048 5343 2223 5399 draco
2245 5291 2519 5399 cohortis.
2552 5342 2753 5409 Veget.
2788 5287 2886 5398 Ιίῗ.
2922 5358 2999 5409 x1,
3022 5357 3073 5406 ο,
3100 5286 3190 5397 ῗ3.

2121 5361 2223 5399 aco
2245 5358 2519 5399 cohortis.
2562 5358 2633 5395 ve
2679 5358 2753 5397 et.
2789 5358 2886 5398 no.
2922 5358 2999 5409 x1,
3022 5358 3073 5406 ο,
3105 5358 3190 5397 1s.

2117 5416 2233 5487 (17)
2251 5416 2405 5493 Mss._
2435 5430 2532 5493 sex
2565 5358 2711 5467 Gell.
2758 5428 2896 5493 cum
2933 5414 3097 5493 Am”
3149 5417 3365 5486 suisque
3403 5432 3459 5471 se
3496 5419 3693 5493 probat

2049 5483 2252 5559 (Long.
2282 5485 2489 5559 probet)
2523 5483 2885 5537 sermonibus.
2910 5484 3171 5559 _Verum,
3200 5483 3399 5559 quam
3442 5483 3693 5558 proclive

2050 5556 2127 5611 sit
2157 5556 2378 5685 calca—mto
2411 5556 2561 5611 inter
2580 5570 2748 5611 voces
2774 5557 2982 5625 prodat
3007 5560 3063 5613 et
3086 5556 3283 5627 probat
3301 5556 3492 5616 errare
3522 5577 3693 5617 nemo

2051 5645 2166 5685 non
2198 5646 2252 5684 v1
2297 5646 2327 5685 e
2366 5671 2378 5685 .
3038 5672 3047 5679 .

2051 5645 2166 5686 non
2198 5629 2378 5686 videt.
