4166 6154
555 251 672 376 499

2017 303 2082 364 S.
2130 297 2504 365 AMBROSII

3802 316 3901 382 ’500

555 438 672 494 Hoc
701 435 827 496 loco
858 444 1052 497 autem
1085 441 1229 499 satis
1250 449 1337 500 est
1405 441 1546 497 illud
1603 444 1920 500 adznonere
1979 437 2191 508 solum,
2226 435 2280 504 Α
2312 444 2535 497 mentes
2568 437 2881 498 invitantur
2946 439 3272 516 promissis,
3343 439 3630 516 erigantur
3684 458 3900 522 speratis

555 530 708 600 quod
741 549 906 589 mens
939 533 1107 606 plena
1144 535 1465 606 prudentia
1517 533 1878 606 justitiaque
1938 530 2197 588 devotior

555 619 632 675 sit
655 637 791 694 erga
805 622 901 678 Dei
925 624 1166 690 cultum,
1191 628 1248 679 et
1266 625 1524 680 decimas
1550 631 1712 680 terra
1735 622 2033 696 gignentia
2085 620 2196 691 (18)

558 707 617 764 in
651 710 958 776 fructibus,
983 713 1151 781 juxta
1180 711 1442 769 altiorem
1477 714 1848 786 prudentiam
1890 713 1948 767 in
1977 728 2043 767 eo
2082 708 2197 764 sol-

556 801 654 853 vat
687 818 699 867 ;
733 804 795 855 ut
816 800 1224 872 perfectionem
1251 803 1515 858 omnium
1547 819 1830 860 sensuum
1862 807 2033 872 atque
2064 815 2196 870 ope-

561 903 694 942 rum
725 905 964 942 suorum
994 888 1108 945 Deo
1144 891 1383 958 deferat,
1419 891 1562 947 nihil
1597 891 1707 947 sibi
1761 894 2008 960 arroget,
2071 902 2198 957 qua

557 991 620 1030 se
647 991 841 1047 regere
873 993 986 1032 non
1022 984 1231 1049 potest,
1263 981 1458 1036 divino
1492 981 1604 1037 nisi
1641 983 1833 1036 favore
1884 977 2031 1033 fulta
2087 975 2189 1030 sit.

558 1061 818 1136 Denique
851 1067 949 1121 ubi
973 1085 1034 1122 se
1064 1068 1270 1126 vicisse
1303 1075 1488 1142 putat,
1522 1075 1780 1127 tentatur
1810 1073 1984 1139 atque
2019 1066 2202 1120 inces-

557 1150 730 1208 situr.
770 1154 888 1209 Hoc
918 1157 1190 1228 exprimit
1217 1163 1274 1214 et
1317 1161 1485 1216 docet
1534 1160 1725 1226 lectio,
1783 1157 1923 1230 quia
1971 1167 2202 1224 semper

558 1241 866 1298 adversum
901 1246 1204 1316 passiones
1227 1250 1484 1320 corporis
1509 1266 1673 1304 mens
1698 1253 1896 1303 nostra
1919 1250 2200 1315 tanquam

560 1329 615 1384 in
649 1332 908 1388 excubiis
939 1335 1110 1390 debet
1140 1339 1514 1407 pratendere.
1545 1339 1692 1404 Quid
1724 1337 1880 1393 enim
1913 1338 2001 1391 est
2045 1329 2200 1404 quod

557 1418 640 1478 ait
673 1438 685 1475 :
720 1423 849 1488 Rex,
885 1423 1098 1494 inquit,
1149 1425 1505 1481 Sodomorum
1551 1429 1722 1482 exivit
1768 1427 1982 1482 obviam
2021 1426 2199 1488 Abrae,

561 1517 611 1564 cl
641 1509 834 1564 dixit:
861 1513 938 1566 Da
969 1513 1106 1568 mihi
1153 1515 1416 1583 homines,
1463 1533 1626 1588 equos
1673 1521 1855 1572 autem
1900 1531 2051 1571 sume
2103 1515 2204 1568 tibi

559 1596 714 1666 (Gen.
748 1615 863 1668 xiv,
899 1601 984 1668 11)
1021 1619 1033 1668 ;
1067 1602 1179 1657 nisi
1212 1605 1366 1674 quod
1401 1610 1533 1676 post
1564 1605 1668 1660 has
1734 1604 1974 1660 luxuriae
2024 1604 2200 1658 victo-

561 1685 680 1742 rias
717 1688 804 1743 vis
827 1690 1094 1759 quadam
1128 1691 1390 1748 libidinis
1423 1699 1612 1765 potest
1660 1693 1988 1748 rationabili
2039 1710 2201 1748 men-

2307 530 2716 588 mercedibus:
2749 532 2904 588 bona
2953 549 3118 588 mens
3167 548 3295 604 qua
3350 533 3478 589 sine
3523 541 3768 608 responsi
3813 561 3904 602 εω.

2307 620 2470 676 lestis
2501 621 2835 694 syngrapha
2863 621 3150 679 ceriamen
3181 622 3451 694 arripuit,
3485 627 3713 695 gemina
3742 628 3905 691 laudis

2310 711 2562 765 fructum
2590 711 2838 784 acquirit
2863 711 2971 766 sibi
3007 729 3018 766 ε
3051 717 3114 767 ut
3151 715 3208 768 et
3238 712 3731 773 confidentissime
3765 721 3910 778 forti-

2310 800 2554 866 tudinis,
2587 806 2641 855 et
2691 800 3041 872 plenissima
3102 801 3426 858 devotionis
3479 806 3718 876 gratiam
3763 808 3906 867 locet.

2309 889 2472 952 Quod
2505 889 2576 945 de
2605 894 2806 945 sancto
2838 889 3133 946 Abraham
3162 891 3441 947 astimari
3474 896 3768 952 convenit:
3797 901 3916 972 quia

2311 982 2367 1033 et
2396 977 2656 1033 divinum
2717 979 2968 1034 favorem
3002 995 3116 1034 non
3181 979 3402 1051 despici
3429 998 3489 1036 se
3543 984 3718 1052 justis
3775 987 3915 1043 duxit

2309 1065 2610 1122 doloribus
2641 1068 2774 1139 (19),
2809 1071 2866 1123 et
2895 1067 3123 1123 hostem
3157 1067 3408 1140 perculit
3463 1070 3731 1142 despectu
3786 1075 3914 1144 peri-

2310 1155 2448 1222 culi,
2482 1157 2636 1228 quod
2684 1156 2946 1229 gloriosa
2979 1157 3091 1212 sibi
3137 1174 3236 1228 pro
3270 1156 3491 1213 ultione
3523 1158 3752 1231 pietatis
3798 1164 3914 1218 sub-

2309 1247 2569 1302 eundum
2633 1248 2877 1319 putavit.
2912 1247 3011 1302 Dei
3079 1263 3312 1318 quoque
3377 1246 3435 1302 in
3468 1264 3534 1303 eo
3604 1250 3918 1320 pradicatur

2302 1336 2555 1406 justitia,
2582 1336 2682 1407 qui
2717 1334 3243 1391 remunerationem
3278 1335 3388 1406 piis
3421 1335 3711 1392 mentibus
3741 1355 3842 1393 non
3865 1356 3920 1394 ex

2311 1423 2654 1479 necessitate
2679 1423 2971 1494 promissi,
3005 1424 3103 1479 sed
3138 1440 3205 1478 ex
3234 1423 3528 1494 aquitatis
3557 1441 3672 1479 sua
3697 1432 3922 1482 contem-

2311 1512 2568 1584 platione
2599 1511 2863 1584 largitur,
2913 1512 3191 1583 judicans
3222 1512 3468 1584 dignum
3511 1511 3630 1569 fore
3680 1515 3823 1585 quod
3878 1515 3926 1570 hi

2312 1603 2412 1673 qui
2446 1601 2722 1656 millitant
2753 1603 2880 1657 sine
2902 1602 3099 1673 aliqua
3128 1601 3413 1656 mercedis
3441 1601 3709 1657 humana
3763 1619 3923 1658 remu-

2313 1692 2610 1746 neratione
2677 1691 2997 1763 repositum
3038 1690 3292 1745 habeant
3368 1689 3678 1761 pramium
3717 1690 3771 1746 in
3821 1692 3929 1762 ejus

558 1775 635 1831 tis
664 1776 1000 1848 subrepere,
1041 1785 1106 1834 ut
1144 1780 1414 1837 infundat
1443 1782 1493 1837 ei
1522 1782 1950 1838 irrationabiles
1981 1781 2200 1854 passio-
2235 1803 2284 1868 Β
2316 1779 2594 1848 bonitate,
2637 1780 2731 1834 cui
2762 1779 3125 1834 devovendas
3168 1778 3398 1834 animas
3451 1795 3593 1834 suas
3646 1779 3933 1836 aestimave-

561 1881 667 1920 nes
694 1864 722 1918 ?

632 1955 724 2010 46.
766 1954 877 2010 Sed
932 1957 1191 2026 perfecta
1261 1960 1471 2014 mentis
1517 1964 1625 2024 est,
1661 1960 1806 2016 nihil
1833 1961 1903 2016 de
1936 1959 2203 2027 terrenis,

561 2041 708 2096 nihil
737 2043 809 2098 de
829 2045 1230 2115 corporalibus
1257 2047 1543 2104 illecebris
1571 2065 1891 2113 assumere,
1913 2049 2207 2104 abstinere

563 2147 597 2185 a
624 2131 890 2187 terrenis.
923 2135 1058 2189 Ideo
1087 2135 1376 2192 Abraham
1407 2137 1548 2192 dicit
1581 2154 1594 2192 :
1662 2138 1821 2193 Nihil
1874 2155 2093 2193 sumam
2139 2139 2208 2192 ab

562 2221 812 2274 omnibus
841 2224 952 2276 tuis
981 2223 1140 2292 (Ibid.
1188 2227 1300 2293 23).
1331 2227 1508 2291 Quasi
1557 2226 1894 2299 contagium
1953 2225 2208 2282 declinat

563 2308 715 2364 832
749 2309 1230 2382 intemperantia,
1266 2314 1432 2385 quasi
1464 2313 1653 2370 labem
1694 2315 1907 2386 refugit
1936 2332 2210 2387 corpora-

562 2394 712 2452 lium
743 2413 1047 2469 sensuum,
1112 2401 1524 2459 delectationes
1575 2405 1778 2460 mundi
1816 2403 2023 2474 rejicit,
2059 2421 2210 2476 qua-

565 2501 699 2540 rens
741 2503 867 2558 qua
899 2504 1078 2559 supra
1117 2492 1406 2547 mundum
1430 2497 1587 2560 sunt,
1621 2493 1730 2548 hoc
1760 2499 1868 2559 est,
1903 2493 2210 2548 extendere

541 2590 778 2653 ‘manus
809 2576 880 2630 ad
914 2577 1481 2636 Dominum.Manus
1539 2581 1804 2653 operaria
1870 2582 2058 2637 virtus
2123 2585 2213 2636 est

564 2663 792 2719 anima.
828 2664 985 2724 Hanc
1015 2683 1129 2722 non
1163 2670 1232 2724 ad
1267 2674 1506 2725 terrena
1535 2671 1760 2726 arboris
1810 2687 2074 2741 pomum,
2108 2670 2209 2725 sed

564 2751 635 2805 ad
663 2751 980 2808 Dominum
1010 2757 1265 2811 extendit
1301 2774 1312 2810 :
1369 2759 1474 2824 Qui
1511 2761 1658 2827 fecit,
1693 2758 1902 2829 inquit,
1946 2759 2142 2814 calum
2162 2766 2214 2814 et

534 2843 772 2916 [terram
807 2839 972 2909 (Ibid.
1010 2843 1124 2908 22),
1160 2843 1268 2898 hoc
1302 2850 1411 2909 est,
1444 2845 1876 2918 intelligibilem
1907 2851 1964 2902 et
2011 2847 2212 2902 visibi-

571 2924 685 2980 lem
721 2926 1138 2984 substantiam.
1177 2930 1564 3003 lntelligibilis
1622 2935 1778 2989 enim
1805 2935 1945 2985 οῢσία
2003 2934 2213 2990 calum

568 3016 702 3069 est:
742 3014 989 3071 visibilis
1027 3017 1115 3072 vel
1175 3019 1470 3075 sensibilis
1535 3022 1868 3079 substantia
1921 3028 2075 3079 terra
2105 3027 2212 3079 est.

568 3101 718 3174 Ergo
757 3103 1048 3175 signiﬁcat
1079 3107 1234 3177 quod
1267 3107 1536 3164 virtutem
1563 3111 1770 3166 anima
1794 3128 1914 3168 sua
1939 3113 2010 3167 ad
2041 3128 2211 3184 supe-

570 3166 724 3246 riora
753 3166 1042 3260 extendat,
1077 3166 1142 3248 ut
1198 3212 1266 3250 ex
1315 3195 1413 3251 illa
1473 3197 1825 3271 intelligibili
1877 3166 2285 3256 subistaritiac1

570 3278 896 3335 theoretica
930 3281 1054 3336 vita
1086 3283 1290 3339 induat
1357 3284 1749 3356 altitudinem,
1775 3294 2047 3360 spectans
2099 3307 2213 3345 non

572 3365 673 3420 illa
712 3383 835 3438 qua
864 3368 1155 3438 videntur,
1187 3373 1288 3428 sed
1319 3390 1446 3444 qua
1492 3393 1605 3431 non
1638 3376 1925 3444 videntur,
1960 3379 2065 3433 hoc
2104 3382 2212 3444 est,

580 3471 694 3509 non
727 3459 974 3523 terrena,
1012 3476 1125 3514 non
1154 3463 1497 3532 corporalia,
1545 3482 1660 3520 non
1721 3467 2050 3538 praesentia,
2113 3466 2214 3521 sed

575 3541 978 3615 incorporalia,
1003 3552 1234 3615 aterna,
1259 3550 1513 3607 coelestia
1554 3571 1566 3608 :
1602 3554 1672 3608 de
1704 3554 1818 3610 ista
1857 3560 2050 3609 autem
2074 3554 2216 3609 visi-

575 3629 676 3685 bili
711 3633 1042 3691 substantia
1072 3639 1413 3708 operatoria
1445 3645 1621 3712 atque
1655 3643 1841 3698 civilis
1893 3643 2213 3716 disciplina

574 3726 839 3792 capessat
860 3722 1128 3795 gratiam.

642 3811 1070 3876 47,Subtexuit
1094 3813 1186 3870 his
1248 3817 1549 3873 oraculum
1618 3819 1848 3874 Domini
1915 3821 2209 3876 dicentis:

571 3897 1148 3971 Nolitimere,Abram,
1179 3920 1275 3972 ego
1295 3910 1572 3975 protegam
1589 3911 1872 3970 te,merces
1896 3916 1991 3963 tua
2038 3910 2212 3963 multa

569 3987 1141 4059 eritvalde(Gen.xv,
1174 3993 1253 4062 1).
1294 3993 1493 4056 Quare
1538 4011 1643 4050 cur
1673 4000 1804 4067 post
1854 3995 1986 4051 belli
2038 4013 2212 4068 even-

572 4075 1116 4148 tum?Spondenda
1149 4081 1434 4137 mercedis
1466 4081 1629 4138 locus
1652 4100 1805 4138 nunc
1836 4087 1981 4139 erat.
2018 4085 2211 4140 Minus

569 4161 724 4218 enim
758 4164 1023 4221 mirabile
1049 4167 1282 4234 faceret,
1316 4169 1367 4224 si
1417 4176 1655 4226 secutus
1704 4172 2063 4242 promissum
2109 4173 2207 4228 Dei

569 4255 723 4306 esset
750 4251 978 4308 hostem
1009 4255 1274 4312 adorsus.
1335 4257 1598 4313 Victoria
1629 4276 1868 4315 securus
1913 4277 2206 4332 processe-

572 4340 660 4391 rat
688 4339 760 4392 ad
792 4341 1158 4412 triumphum
1191 4345 1379 4417 magis
1423 4347 1718 4412 invitatus,
1777 4366 1955 4418 quam
2013 4367 2208 4420 prom-

571 4428 706 4494 ptus
736 4427 808 4480 ad
838 4428 1106 4498 gloriam,
1140 4433 1222 4487 vel
1255 4434 1324 4487 ad
1362 4434 1758 4491 ulciscendum
1788 4437 2016 4508 pietatis
2049 4437 2206 4493 dolo-

2318 1869 2453 1924 rint.
2489 1868 2678 1925 Simul
2710 1868 2849 1940 quia
2880 1867 3109 1924 adoreis
3139 1866 3364 1922 bellicis
3395 1883 3466 1922 ex
3503 1883 3614 1923 usu
3647 1867 3825 1940 ipsius
3865 1868 3932 1922 vi-

2315 1957 2636 2013 ctoria.aut
2665 1957 2971 2012 hominum
3001 1956 3188 2028 gratia
3217 1958 3492 2026 paratum
3525 1961 3614 2012 est
3627 1956 3932 2028 pramium:

2316 2045 2551 2118 pietatis
2582 2051 2800 2113 autem,
2836 2050 2892 2102 et
2935 2044 3328 2117 parsimonia,
3381 2044 3686 2115 puritatis,
3743 2050 3938 2099 caetera-

2318 2151 2566 2206 rumque
2596 2134 2755 2190 velut
2785 2133 3141 2206 privatarum
3175 2133 3466 2188 virtutum
3493 2151 3528 2188 a
3558 2133 3675 2188 Deo
3706 2133 3936 2189 solvitur.

2317 2224 2454 2288 Qua
2486 2223 2798 2279 manifesta
2825 2226 2964 2279 sunt
2992 2222 3354 2289 hominibus,
3418 2221 3535 2292 ipsi
3595 2237 3940 2278 remuneran-

2319 2317 2440 2368 tur.
2479 2312 2692 2368 Omnia
2720 2316 2919 2366 autem
2951 2309 3283 2376 manifesta,
3326 2310 3434 2365 sed
3468 2309 3588 2364 alia
3647 2310 3942 2374 manifesta,

2321 2399 2437 2456 alia
2468 2401 2706 2469 incerta,
2739 2405 2796 2455 et
2826 2399 3076 2454 maxime
3100 2398 3326 2454 occulta
3356 2399 3580 2454 cordis.
3619 2398 3775 2454 Unde
3804 2402 3854 2453 et
3867 2396 3944 2451 ille

2321 2490 2404 2544 ait
2435 2506 2447 2543 :
2483 2491 2693 2545 Incerta
2721 2497 2771 2544 et
2797 2489 3005 2544 occulta
3034 2487 3214 2544 cordis
3260 2487 3378 2559 (20)
3411 2488 3786 2557 manifestasti
3831 2485 3947 2540 mihi

2322 2579 2494 2648 (Psal.
2530 2595 2580 2644 ι,
2636 2580 2714 2648 8),
2746 2593 2993 2648 quorum
3029 2579 3325 2648 spectator
3376 2580 3438 2630 et
3467 2579 3759 2631 scrutator
3816 2574 3944 2629 Deus

2322 2671 2430 2722 est.
2477 2667 2600 2722 Non
2667 2682 2803 2738 ergo
2869 2680 3144 2736 magnam
3210 2663 3553 2719 mercedem
3618 2661 3952 2736 promisisset

2321 2753 2586 2820 Abraha,
2620 2755 2731 2809 nisi
2765 2769 2972 2825 puram
3003 2753 3264 2808 animam
3296 2752 3373 2807 ab
3409 2751 3579 2807 omni
3635 2749 3947 2821 contagione

2322 2843 2667 2899 delictorum
2689 2841 3042 2913 judicasset.

2396 2933 2487 2987 48.
2529 2932 2752 2987 Sancta
2791 2935 2987 2986 tamen
3014 2937 3070 2985 et
3137 2929 3504 3002 prepheticae
3564 2930 3778 2985 mentis
3836 2942 3954 2983 cura

2325 3023 2513 3092 major
2541 3019 2899 3092 posteritatis
2931 3022 3217 3090 perpetua
3249 3022 3362 3073 est.
3401 3018 3622 3074 Partus
3671 3017 3823 3073 enim
3875 3030 3956 3068 sa-

2329 3109 2555 3182 pientia
2587 3110 2738 3166 883
2771 3113 2827 3163 et
2858 3108 2991 3162 ﬁdei
3029 3106 3439 3162 hareditatem
3475 3107 3791 3163 desiderat.
3850 3103 3958 3159 Ideo

2325 3199 2447 3254 ait:
2486 3198 2624 3265 Quid
2656 3198 2794 3252 mihi
2849 3196 3004 3252 dabis
3035 3200 3060 3249 .9
3121 3198 3240 3261 Ego
3304 3199 3510 3251 autem
3573 3195 3819 3251 dimittor
3867 3191 3962 3245 sine

2324 3287 2457 3356 ﬁliis
2487 3286 2638 3356 (Gen.
2671 3303 2761 3351 xv,
2795 3288 2876 3354 2).
2936 3284 3198 3340 Ecclesia
3257 3284 3542 3340 sobolem
3601 3281 3962 3345 desiderabat,

2323 3393 2452 3431 eam
2485 3376 2881 3430 sucessionem
2913 3374 3144 3445 petebat
3174 3389 3301 3444 qua
3341 3389 3467 3428 non
3529 3376 3691 3429 esset
3747 3367 3964 3432 servilis,

2324 3465 2426 3520 sed
2457 3464 2638 3519 libera
2669 3481 2680 3517 :
2718 3479 2832 3517 non
2864 3463 3190 3517 secundum
3221 3477 3498 3526 carnem,
3537 3462 3641 3517 sed
3674 3458 3965 3516 secundum

2324 3553 2594 3623 gratiam.
2637 3552 2887 3622 Ideoque
2916 3548 3258 3621 hujusmodi
3289 3566 3670 3622 responsum
3733 3547 3967 3603 divinum

2325 3639 2645 3706 resultavit,
2695 3657 2810 3711 quo
2855 3639 3095 3694 edoctus
3139 3637 3369 3693 audivit
3430 3641 3598 3709 (21):
3664 3638 3874 3709 Respice
3925 3636 3970 3686 in

2320 3730 2540 3795 calum,
2571 3733 2625 3783 et
2671 3745 2902 3783 numera
2958 3727 3164 3795 stellas,
3222 3728 3272 3780 si
3321 3735 3486 3797 potes
3549 3740 3864 3782 numerare.
3919 3724 3970 3775 Et

2321 3819 2484 3873 ducit.
2515 3818 2606 3872 Sic
2630 3819 2735 3872 erit
2754 3832 2935 3871 semen
2979 3820 3155 3869 tuum.
3204 3817 3267 3869 Et
3315 3814 3576 3871 credidit
3621 3816 3825 3871 Abram
3869 3811 3973 3872 Deo,

2321 3909 2714 3977 elreputatum
2743 3909 2819 3960 est
2873 3906 2926 3959 ei
2978 3903 3048 3957 ad
3096 3905 3394 3974 justitiam
3425 3904 3597 3971 (Gen.
3661 3921 3755 3958 xv.
3813 3902 3863 3965 3,
3909 3899 3971 3962 6).

2319 3996 2467 4060 Quid
2499 3993 2798 4050 credidit?
2824 3993 2941 4048 Hoc
2970 3996 3079 4060 est,
3118 4007 3234 4046 non
3268 3991 3482 4048 solum
3554 3990 3975 4047 multitudinem

2321 4082 2670 4154 populorum
2708 4082 2766 4136 in
2806 4079 3104 4136 Christum
3173 4081 3593 4146 credentium,
3656 4080 3760 4135 sed
3819 4077 3970 4132 etiam

2319 4171 2564 4225 calestis
2597 4170 2792 4242 gratia
2833 4169 3224 4240 splendorem,
3258 4173 3317 4222 et
3355 4170 3868 4225 resurrectionem
3913 4161 3979 4215 vi-

2321 4258 2760 4314 taimmortalis
2793 4256 2975 4312 soboli
3027 4255 3298 4311 Ecclesia
3366 4258 3794 4313 deferendam.
3850 4250 3973 4318 Quid

2317 4355 2405 4404 est
2434 4355 2628 4403 autem
2657 4347 2811 4418 quod
2843 4346 2924 4402 ait
2965 4362 2978 4398 :
3009 4344 3211 4399 Eduxit
3243 4361 3380 4400 eum
3453 4349 3620 4417 foras
3668 4345 3827 4418 (Ibid.
3881 4344 3930 4409 5)
3961 4337 3982 4389 Ῥ

2317 4438 2622 4508 Tanquam
2655 4437 2808 4490 foras
2838 4432 3107 4489 educitur
3137 4432 3462 4505 propheta,
3530 4439 3600 4490 ut
3631 4437 3799 4490 exeat
3856 4431 3984 4484 fores

567 4527 689 4567 rem
723 4522 983 4584 paratus.
1038 4518 1404 4590 Propositum
1441 4523 1545 4594 pia
1607 4525 1821 4581 mentis
1884 4527 2206 4581 mercedem
2243 4529 2288 4594 ι)
2319 4523 2597 4596 corporis,
2632 4527 2688 4577 et
2719 4521 3022 4594 angustias
3051 4521 3246 4576 carnis
3273 4523 3655 4593 operientis,
3704 4539 3771 4578 ac
3823 4514 3984 4590 Spiri-

570 4616 684 4655 non
717 4605 952 4674 expetit,
995 4607 1094 4660 sed
1128 4624 1228 4677 pro
1298 4611 1561 4666 mercede
1629 4612 1803 4668 habet
1870 4614 2005 4668 boni
2072 4616 2202 4670 facti

567 4691 1009 4759 conscientiam,
1042 4699 1099 4750 et
1157 4696 1307 4766 justi
1339 4699 1530 4769 operis
1595 4702 1886 4756 atl‘ectum.
1930 4707 2206 4776 Angusta

635 4835 747 4906 (18)
778 4835 943 4912 Rom.
978 4835 1140 4912 edit.,
1178 4844 1335 4895 terra
1364 4842 1729 4912 gignentium.
1765 4843 1903 4898 Alia
1935 4862 2000 4900 ac
2058 4864 2202 4904 mss.

563 4922 788 4988 omnes.
829 4909 991 4963 terra
1017 4909 1318 4988 gignentia.
1353 4909 1451 4988 Est
1483 4918 1676 4988 autem
1723 4915 1800 4970 ibi
1832 4915 2055 4988 ellipsis
2084 4918 2206 4974 dic-

565 4977 814 5057 tionum,
840 4995 964 5057 qua
993 4988 1143 5057 sunt,
1176 4983 1261 5035 vel
1291 4984 1520 5038 scilicet.
1550 4984 1680 5057 ΥοΧ
1720 4988 1916 5050 etiam,
1935 4977 1950 4988 ³
1972 4990 2202 5057 gignen-

562 5052 660 5135 tia,
695 5049 922 5135 passive
949 5050 1226 5135 “sumitur
1282 5070 1383 5135 pro
1431 5055 1664 5135 genitis,
1691 5049 2201 5135 quemadmedum

561 5121 777 5245 vegetus
850 5120 1062 5175 dicitur
1136 5138 1168 5176 a
1243 5120 1500 5194 probatis
1576 5120 1909 5182 aucturibus
1985 5131 2042 5184 in
2104 5134 2199 5203 qui

561 5206 625 5245 ve
671 5208 807 5245 iur.
1403 5235 1434 5245 _

559 5206 807 5245 venitur.

632 5261 743 5329 (19)
773 5260 1006 5316 Nullam
1037 5262 1145 5316 hoc
1177 5263 1298 5320 loco
1326 5266 1713 5322 differentiam
1749 5286 1888 5324 mss.
1913 5271 2000 5324 vel
2059 5273 2195 5328 edit.

560 5346 674 5399 pra
707 5347 769 5386 se
795 5332 1007 5412 ferunt,
1043 5333 1343 5412 nisiqued
1379 5337 1475 5390 ubi
1508 5355 1711 5412 omnes
1742 5341 1892 5412 edit.
1923 5347 1979 5396 et
2027 5343 2201 5412 pleri-

558 5416 669 5483 que
701 5418 845 5483 mss.
887 5403 1316 5483 habent-ﬁlictis
1347 5410 1643 5483 erroribus,
1678 5411 1842 5464 Corb.
1881 5403 2044 5482 legit;
2075 5415 2196 5483 jus-

557 5471 626 5522 tis
720 5471 1019 5547 doloribus.
1085 5471 1268 5547 Magis
1319 5482 1639 5545 commode,
1694 5497 1826 5535 cum
1878 5471 1969 5536 de}
2002 5471 2198 5540 dolore

553 5555 667 5625 quo
697 5541 1028 5625 patriarcha
1057 5545 1129 5598 ob
1163 5541 1359 5625 fratris
1390 5549 1573 5606 filium
1608 5541 1843 5622 captum
1879 5558 2052 5625 atque
2095 5557 2194 5612 ab-

541 5613 766 5678 juctum
799 5613 1048 5668 affectus
1091 5627 1234 5690 erat,
1266 5619 1361 5674 hic
1429 5613 1694 5692 agatur.‘
1735 5625 1911 5694 Atqui
1958 5613 2198 5684 lvidetur

2317 4620 2413 4669 tus
2444 4611 2630 4668 sancti
2664 4611 3034 4666 infusionem.
3069 4613 3126 4664 et
3155 4609 3321 4664 velut
3379 4613 3733 4683 quamdam
3775 4611 3983 4664 descen-

2315 4700 2537 4756 sionem
2585 4700 2792 4754 videat.
2839 4699 3074 4769 Oportet
3116 4714 3220 4753 nos
3267 4714 3535 4772 quoque
3589 4699 3754 4756 exire
3790 4714 3857 4754 ex
3908 4693 3986 4748 his

2315 4842 2485 4916 ulcus
2506 4839 2742 4911 aliquod
2776 4838 2835 4894 in
2868 4837 2999 4894 aliis
3033 4839 3294 4916 vocibus
3328 4839 3721 4916 delitescere
3756 4859 3768 4908 ;
3807 4849 3986 4916 neque

2316 4913 2469 4969 enim
2503 4909 2702 4982 aptum
2763 4926 3000 4985 sensum
3033 4909 3170 4985 hinc
3203 4909 3452 4985 elicias.
3489 4914 3541 4970 si
3587 4914 3886 4985 despicise,
3940 4909 3988 4960 in

2313 4986 2630 5056 desperasse,
2665 4987 2768 5056 aut
2811 4982 3061 5036 divinum
3106 4983 3387 5050 favorem,
3428 4984 3494 5038 in
3559 4982 3761 5040 divino
3802 4991 3988 5053 [ai-Ore.

2316 5054 2426 5110 non
2464 5054 2806 5109 mutaveris.

2385 5128 2494 5195 (20)
2522 5127 2866 5179 Constanter
2893 5122 2951 5176 in
2985 5122 3470 5192 Bibliislegitur,
3505 5129 3742 5182 incerta
3773 5135 3823 5181 et
3853 5137 3989 5195 oecu-

2312 5193 2396 5252 lta'
2418 5198 2707 5271 sapientiae
2734 5204 2865 5271 tua.
2893 5195 3108 5271 Tamen
3132 5198 3268 5271 ante
3324 5197 3752 5271 Ambrosium
3777 5267 3787 5271 _
3811 5193 3986 5271 Orige-

2313 5286 2415 5324 nes
2446 5263 2602 5322 h'unc
2635 5266 2825 5320 locum
2852 5263 3110 5320 laudavit
3141 5263 3280 5320 etin
3317 5268 3525 5323 textu.
3578 5267 3824 5325 Videsis
3876 5263 3988 5320 Phi-

2309 5339 2523 5395 localia
2555 5354 2681 5408 cap.
2718 5336 2802 5389 18.

2379 5412 2491 5478 (21)
2524 5405 2662 5482 Mss.
2697 5409 2897 5471 'I‘orn.,
2929 5405 3086 5482 Vale.
3120 5410 3180 5482 et
3235 5411 3398 5482 ant.‘
3431 5411 3616 5472 edit,
3670 5425 3777 5482 quo
3808 5408 3988 5482 electus

2308 5482 2535 5536 audivit.
2573 5481 2762 5538 Rom..
2809 5478 2949 5550 quod
3006 5478 3217 5550 electus_
3271 5479 3542 5550 audivit,
3606 5478 3749 5537 Mss.
3810 5478 3984 5538 (Ἰοῖ-1).,

2310 5553 2511 5623 Long,
2544 5551 2704 5608 Colb.
2738 5554 2794 5604 et
2822 5546 2990 5615 Maz.,
3021 5564 3126 5619 quo
3155 5546 3392 5603 edoctus
3427 5546 3548 5608 etc'.
