4166 6154
302 269 398 336 5οὸ

1542 277 1646 339 DE
1695 267 2103 337 ABRAHAM
2148 269 2298 335 LIB.
2348 271 2424 335 II.

3575 275 3694 341 506

301 423 416 466 cum
443 408 609 470 lectio
636 414 848 475 factam
878 417 1119 484 esti-nat,
1153 428 1267 471 non
1300 411 1511 469 factam
1543 408 1770 476 avium,
1807 407 1923 464 uti-
1955 408 2196 474 A-mev,
2230 403 2340 463 hoc
2399 410 2506 476 est,
2555 405 2856 482 superiora
2884 407 3022 484 (29),
3069 409 3238 484 quasi
3271 405 3420 469 oculi
3453 409 3691 485 quidam

300 511 398 570 que
415 500 459 556 si
491 501 770 576 inspectio
800 506 1009 562 fuisset
1035 506 1308 571 istorum,
1331 503 1502 558 etiam
1536 500 1732 554 avium
1775 497 1932 551 facta

297 593 432 644 esset
459 590 685 658 divisio,
720 601 783 650 ut
825 596 987 650 ﬁeret
1029 593 1333 665 inspectio.
1367 590 1512 655 Quid
1564 587 1614 643 si
1646 585 1793 642 fidei
1829 601 1931 640 no-

296 680 413 732 stra:
437 678 544 734 hoc
564 683 870 739 convenit?
901 685 968 739 Et
987 683 1116 739 ideo
1139 682 1294 753 quod
1318 696 1496 752 snpra
1518 673 1931 748 aruspicinam

295 765 469 823 verbis
499 771 667 826 nobis
696 772 797 826 dat
826 772 1060 827 traditio
1089 771 1480 842 requiramus.
1512 766 1798 823 Diximus
1835 779 1932 818 su-

294 869 391 925 pra
435 856 570 927 quia
618 858 677 913 in
723 858 907 915 vitula
960 865 1175 916 terram
1225 857 1568 930 accipimus,
1627 855 1688 910 in
1752 868 1934 924 capra

293 958 515 1013 aquam,
549 946 605 1001 in
639 947 816 1004 ariete
847 965 1059 1014 aerem,
1091 948 1248 1020 quod
1275 947 1400 1019 ipso
1433 946 1668 1002 nomine
1698 939 1929 1014 colligi-

290 1034 398 1093 tur.
427 1035 577 1103 quod
606 1035 781 1092 trima
811 1037 882 1092 ad
913 1036 1262 1092 sacriﬁcium
1291 1037 1445 1091 sumi
1469 1032 1930 1107 jubentur,quia

293 1122 434 1173 terra
464 1119 589 1191 ipsa
618 1122 774 1179 inter
801 1128 918 1178 tres
949 1123 1231 1179 dividitur
1260 1123 1482 1195 species
1512 1121 1603 1178 sui
1625 1123 1748 1187 ;aut
1770 1118 1926 1173 enim

291 1206 598 1277 continens,
632 1217 734 1266 aut
764 1211 976 1277 insula,
1007 1217 1106 1268 aut
1126 1211 1438 1284 peninsula
1459 1216 1547 1267 est
1580 1227 1592 1265 :
1627 1227 1780 1282 aqua
1800 1208 1930 1280 ipsa

290 1293 347 1349 in
375 1295 497 1362 tria,
531 1298 672 1368 quia
719 1305 822 1355 aut
865 1317 1021 1355 mare
1066 1305 1175 1367 est,
1229 1305 1330 1356 aut
1378 1300 1558 1365 ﬂuvii,
1591 1303 1692 1354 aut
1742 1298 1926 1364 lacus;

290 1400 413 1440 nam
438 1385 651 1457 fontes,
686 1394 790 1444 aut
818 1389 975 1460 putei
1004 1391 1230 1461 privata
1280 1389 1512 1460 negotia
1553 1403 1928 1459 nequaquam

288 1472 444 1544 digna
470 1474 767 1532 divisione
822 1476 1076 1549 generali
1127 1482 1185 1532 et
1221 1476 1483 1549 publica;
1531 1475 1692 1548 putei
1723 1476 1930 1543 latent,

286 1561 447 1618 fontes
492 1563 630 1620 aliis
679 1566 966 1638 originem
1013 1570 1310 1639 praestant.
1345 1569 1458 1622 Aer
1489 1581 1724 1638 quoque
1755 1566 1934 1621 habet

276 1651 574 1710 divisiones
607 1659 953 1727 temporum
981 1655 1154 1726 veris,
1187 1655 1930 1723 aestatis,autumni,hiber-

266 1741 339 1809 ni;
368 1747 425 1798 et
457 1743 588 1799 haec
624 1745 941 1800 mundana
967 1745 1178 1802 divisio
1212 1748 1321 1800 est.
1343 1746 1465 1809 Quo
1497 1745 1607 1800 hoc
1639 1743 1934 1815 proﬁciat?

261 1833 319 1890 Ut
346 1850 807 1907 cognoscamus
833 1835 1013 1892 Deum
1045 1852 1174 1892 esse
1205 1835 1416 1890 horum
1459 1839 1756 1890 auctorem
1806 1849 1936 1889 mo-

258 1923 721 1996 deratoremque
753 1925 1042 1993 omnium,
1077 1925 1179 1996 qui
1211 1923 1486 1979 omnibus
1536 1923 1802 1978 ordinem
1846 1938 1931 1978 re-

262 2012 361 2068 bus
387 2012 658 2081 dederit,
697 2017 758 2068 et
792 2030 856 2068 ea
889 2013 1169 2069 divisione
1202 2012 1556 2072 distinxerit,
1588 2018 1652 2066 ut
1682 2011 1776 2066 his
1825 2009 1940 2066 col-

267 2100 400 2173 ligas
430 2118 618 2173 posse
650 2101 769 2157 tibi
801 2102 983 2157 Deum
1014 2103 1276 2158 conferre
1308 2118 1436 2172 quae
1463 2102 1556 2172 pie
1589 2100 1940 2172 postulas,et

279 2191 509 2263 spondet
532 2190 817 2263 implere.

342 2280 480 2335 887
519 2279 615 2333 56.
651 2279 861 2349 Itaque
916 2279 1211 2334 Abraham
1247 2278 1388 2350 quia
1437 2277 1797 2348 promittenti
1828 2277 1937 2332 Do-

284 2367 430 2424 mino
460 2372 632 2423 terrae
667 2367 1068 2423 haereditatem
1103 2367 1485 2439 responderat
1518 2384 1529 2420 :
1569 2366 1713 2422 Unde
1740 2381 1941 2435 cogno-

284 2474 421 2513 scam
464 2459 595 2530 quia
655 2457 828 2512 haeres
875 2473 964 2512 ero
1014 2465 1180 2513 terra:
1226 2456 1394 2526 hujus
1423 2453 1574 2524 (Gen.
1607 2472 1700 2523 xv,
1734 2455 1810 2526 8),
1843 2471 1945 2526 per

286 2545 411 2602 illas
440 2546 671 2619 species
703 2544 1029 2601 hostiarum
1060 2545 1508 2611 informatur,ut
1538 2543 1734 2599 credat
1759 2544 1942 2599 Deum

287 2651 407 2691 esse
437 2651 623 2706 supra
655 2633 1074 2705 mundum,qui
1107 2633 1383 2688 universa
1416 2647 1545 2702 quae
1575 2630 1780 2686 mundi
1807 2635 1946 2687 sunt

288 2724 523 2796 provida
553 2722 933 2779 distinctione
961 2721 1224 2778 diviserit
1258 2737 1272 2778 :
1307 2720 1407 2776 sed
1441 2736 1507 2775 ea
1538 2737 1663 2792 quae
1686 2725 1825 2776 sunt
1857 2720 1942 2776 di-

291 2813 406 2869 visa
453 2810 674 2868 resolvi
719 2815 940 2883 postea,
974 2827 1042 2866 ea
1088 2815 1288 2866 autem
1336 2826 1464 2881 qua:
1515 2826 1630 2864 non
1672 2814 1811 2865 sunt
1856 2809 1945 2864 di-

293 2901 410 2957 visa
439 2903 604 2972 (aves
653 2900 833 2964 enim,
865 2899 975 2954 hoc
1022 2903 1130 2966 est,
1168 2901 1459 2954 turturem
1506 2902 1566 2953 et
1610 2898 1945 2954 columbam

290 3007 398 3047 non
450 2989 679 3059 divisit)
724 3004 1027 3060 nunquam
1085 2987 1317 3054 resolvi,
1354 2987 1498 3042 ﬁdes
1546 2988 1704 3042 enim
1753 2993 1950 3043 manet

289 3080 536 3151 integra,
562 3094 693 3150 qua:
728 3076 1008 3132 columbae
1041 3093 1202 3132 more
1225 3076 1284 3130 in
1317 3074 1570 3132 sublime
1602 3075 1943 3148 subrigitur.

2044 495 2342 563 contrarii,
2378 497 2718 554 rationabile
2746 502 2835 554 est
2863 502 2923 554 et
2947 498 3386 557 irrationabile.
3420 499 3693 557 Rationa-

2042 581 2164 638 bile
2203 583 2400 655 ipsum
2441 587 2722 643 dividitur
2759 588 2913 643 circa
2951 593 3204 646 mentem
3243 594 3301 646 et
3339 605 3690 646 sermonem.

2045 671 2334 730 Sensibile
2393 677 2519 746 ejus
2573 676 2634 731 in
2696 676 2961 731 auditum
2993 683 3050 733 et
3077 678 3291 745 visum,
3322 679 3538 751 quibus
3565 678 3694 734 vita:

2043 762 2224 832 hujus
2253 763 2589 820 cumulatur
2616 765 2974 837 gratia.Nam
3001 767 3143 822 odor
3172 773 3230 824 et
3257 773 3466 840 gustus
3496 767 3696 824 vitalis

2044 867 2190 906 usus
2219 851 2494 908 videntur
2531 854 2924 910 necessarium
2973 856 3226 927 praebere
3276 856 3692 930 minjsterium.

2042 940 2224 996 Nares
2264 941 2395 1014 jugi
2450 944 2589 998 ﬂatu
2621 943 3034 1014 aspirationem
3076 945 3404 1018 recipiendo
3435 945 3694 1013 vitalem,

2041 1029 2382 1086 continuato
2415 1033 2669 1103 quodam
2705 1032 3094 1088 substantiam
3127 1034 3386 1089 hominis
3421 1034 3550 1089 cibo
3593 1051 3697 1107 pa-

2040 1121 2234 1173 scunt.
2299 1118 2522 1175 Gustus
2574 1123 2767 1174 autem
2819 1123 2957 1191 potu
3007 1120 3314 1194 epulisque
3361 1127 3696 1193 generatur.

2040 1205 2288 1271 Quintus
2321 1223 2453 1263 vero
2485 1224 2716 1276 sensus,
2749 1207 2856 1263 hoc
2906 1212 3014 1275 est,
3044 1213 3255 1278 tactas,
3298 1209 3454 1266 velut
3500 1210 3700 1266 admi-

2041 1299 2170 1351 stus
2199 1299 2289 1350 est
2321 1294 2440 1352 illis
2470 1301 2742 1368 quatuor.
2776 1297 2930 1352 Odor
2959 1301 3016 1353 et
3043 1306 3251 1369 gustus
3278 1299 3546 1369 quaedam
3571 1315 3698 1354 ma-

2040 1384 2128 1457 gis
2164 1383 2445 1466 alimenta
2501 1389 2641 1442 sunt
2697 1386 2973 1457 corporis,
3001 1387 3216 1458 quibus
3274 1388 3453 1458 hujus
3502 1387 3703 1444 carnis

2042 1472 2253 1529 militia
2284 1473 2756 1530 subsistit.Visus
2788 1491 2920 1530 vero
2950 1478 3008 1530 et
3038 1476 3278 1532 auditus
3310 1480 3565 1533 mentem
3603 1475 3706 1534 ad-

2035 1562 2266 1634 juvant.
2301 1562 2396 1617 Hae
2428 1567 2567 1619 sunt
2597 1562 2913 1618 divisiones
2945 1580 3071 1634 quae
3102 1565 3426 1624 secundum
3459 1577 3701 1622 carnem

2045 1654 2310 1707 nostram
2357 1651 2735 1723 animamque
2791 1669 2824 1706 a
2881 1668 3113 1708 summo
3162 1658 3461 1725 operatore
3497 1651 3706 1710 divisa

2045 1743 2206 1795 sunt.

2117 1829 2206 1883 58.
2237 1827 2402 1884 Unde
2433 1832 2660 1901 oportet
2707 1844 2812 1883 nos
2855 1827 3123 1901 colligere
3174 1829 3315 1901 quia
3362 1829 3537 1886 etiam
3591 1827 3710 1882 iste

2047 1918 2310 1974 mundus
2366 1917 2526 1974 velut
2577 1934 2681 1990 per
2729 1918 2995 1974 membra
3041 1919 3308 1993 quaedam
3348 1918 3608 1993 gemina,
3650 1917 3714 1970 et

2045 2011 2333 2079 tanquam
2398 2015 2744 2079 ἀντιπρόσωποι
2799 2006 3151 2063 distributus
3207 2013 3296 2066 est
3355 2025 3368 2063 :
3431 2013 3588 2078 terra
3646 2002 3710 2058 in

2048 2101 2280 2152 montes
2310 2101 2369 2151 et
2396 2095 2456 2151 in
2488 2113 2745 2168 campos,
2776 2100 2840 2152 ut
2869 2101 3008 2152 sunt
3032 2101 3229 2169 partes
3274 2097 3460 2155 nostri
3498 2102 3714 2163 corpo-

2049 2184 2133 2240 ris
2165 2185 2434 2242 elatiores
2466 2185 2613 2253 aliae,
2633 2186 2758 2241 aliis
2791 2185 3101 2258 planiores.
3127 2187 3401 2244 Eminent
3429 2178 3714 2255 scapulae.

2050 2279 2108 2330 et
2138 2276 2354 2348 pedum
2387 2277 2711 2347 superiora,
2743 2274 2829 2331 vel
2874 2292 3158 2331 manuum
3194 2295 3206 2332 :
3251 2275 3439 2334 latera
3483 2282 3622 2326 vero
3662 2267 3723 2320 6t

2049 2362 2329 2420 inferiora
2359 2363 2621 2431 cervicis,
2650 2363 2810 2420 velut
2838 2363 3014 2420 valles
3044 2365 3181 2421 trita
3205 2371 3262 2421 et
3293 2375 3554 2424 concava
3584 2353 3721 2427 (30)-

2053 2454 2217 2519 Quod
2266 2458 2323 2510 et
2371 2455 2442 2509 de
2485 2453 2616 2510 vola
2661 2470 2873 2510 manus
2923 2453 3243 2527 intelligere
3282 2454 3450 2514 licet.
3481 2447 3632 2506 Nam
3663 2441 3728 2500 in

2053 2541 2181 2614 ipso
2209 2541 2481 2599 calcaneo
2514 2542 2679 2615 pedis
2708 2542 2964 2598 eminere
2994 2541 3126 2612 alia,
3155 2544 3369 2603 media
3398 2543 3600 2602 autem
3647 2535 3731 2592 si-

2055 2635 2235 2688 nuata
2271 2647 2401 2688 esse
2439 2631 2574 2703 quis
2613 2630 2886 2687 dubitat?
2924 2635 3093 2703 Aqua
3131 2631 3189 2687 in
3231 2637 3403 2692 mari
3441 2627 3622 2699 salsa,
3672 2627 3733 2688 in

2057 2719 2300 2776 flumine
2339 2719 2548 2788 dulcis,
2592 2719 2679 2776 vel
2719 2720 2779 2776 in
2835 2719 3114 2776 fontibus.
3157 2721 3258 2776 Est
3325 2741 3435 2784 aer
3489 2721 3735 2785 hiberno

2058 2807 2493 2880 frigidus,veris
2524 2807 2828 2865 mensibus
2859 2813 3501 2881 temperatus,calidus
3524 2821 3729 2884 astate.

2057 2897 2206 2969 Ergo
2239 2897 2352 2953 ista
2381 2896 2578 2988 divisit
2603 2901 2887 2988 operator.
2916 2898 3166 2954 Mentem
3197 2905 3413 2963 autem
3441 2914 3728 2988 nostram,

2059 3002 2189 3057 quae
2239 2988 2412 3043 modo
2456 2985 2674 3054 avium,
2720 2987 3003 3043 virtutum
3054 2990 3208 3046 888
3259 2991 3638 3062 diversarum
3663 2985 3730 3066 (et

2060 3073 2276 3146 vigoris
2334 3077 2425 3132 sui
2482 3078 2644 3131 vecta
2700 3075 2981 3148 remigiis,
3024 3093 3200 3151 super
3237 3082 3455 3142 coelum
3510 3094 3721 3167 evolat,

289 3147 551 3224 lustrans
579 3147 861 3238 superna,
911 3171 966 3222 et
1012 3165 1378 3237 spiritalibus
1411 3163 1638 3220 alarum
1688 3147 1949 3238 remigiis
1981 3147 2023 3213 Ο
2063 3180 2180 3220 non
2220 3164 2438 3231 divisit,
2480 3164 2618 3236 quia
2654 3147 2921 3220 Trinitati
2962 3147 3218 3224 adhaeret
3264 3169 3549 3232 dividenti

287 3257 498 3313 caelum
550 3255 1002 3312 circumvolans.
1048 3254 1288 3310 Turturi
1344 3269 1576 3325 quoque
1625 3271 1793 3309 mens
1851 3254 1951 3311 illa

287 3347 607 3412 confertur,
643 3361 772 3415 quae
804 3345 922 3398 avis
969 3361 1079 3399 usu
1131 3343 1306 3399 istius
1339 3341 1577 3397 secretis
1628 3341 1824 3410 alitur,
1860 3344 1947 3397 in-

288 3434 655 3508 telligibilem
682 3432 843 3487 illam
875 3436 930 3488 et
962 3432 1272 3489 indivisam
1322 3446 1590 3502 quaerens
1643 3430 1948 3487 Trinitatis

287 3521 1013 3594 substantiam,refugiens
1043 3521 1274 3593 plebem
1302 3518 1623 3591 quamdam
1655 3523 1949 3574 creatura-

288 3628 417 3667 rum
467 3615 527 3666 et
575 3625 864 3681 corporea:
913 3627 974 3665 se
1023 3627 1138 3664 non
1190 3609 1448 3664 miscens
1491 3607 1945 3680 congregationi,

290 3704 469 3772 atque
501 3700 576 3755 ab
609 3698 772 3754 omni
805 3699 1145 3769 passionum
1179 3699 1309 3753 labe
1333 3713 1663 3752 secernens.
1697 3697 1813 3752 Hoc
1855 3714 1945 3752 sa-

291 3788 578 3844 criﬁcium
610 3788 684 3843 de
715 3791 770 3842 te
801 3788 1078 3859 poscitur.
1125 3787 1234 3852 Qui
1285 3786 1434 3842 tales
1487 3787 1655 3841 offert
1704 3785 1948 3854 hostias,

293 3878 467 3934 ﬁdem
491 3882 549 3934 et
568 3876 980 3932 castimoniam
1014 3874 1654 3947 mentis,simplicitatis
1677 3877 1946 3949 gratiam,

295 3965 603 4021 cbaritatis
633 3968 692 4020 et
721 3963 882 4036 pacis
904 3965 1332 4035 aﬁ‘ectum,ipse
1364 3981 1426 4020 se
1457 3965 1635 4020 beatae
1661 3963 1821 4021 illius
1844 3968 1952 4020 ter-

295 4070 370 4109 rte
393 4053 662 4128 agnoscit
691 4054 1158 4110 haeredemzsicut
1178 4054 1355 4110 etiam
1381 4053 1668 4110 Dominus
1692 4056 1950 4127 apertius

297 4141 355 4196 in
385 4142 700 4216 Evangelia
731 4142 1044 4198 declaravit
1071 4143 1270 4199 dicens
1303 4160 1316 4197 :
1351 4145 1506 4199 Beati
1547 4145 1790 4214 paciﬁci,
1824 4160 1951 4215 quo-

300 4232 459 4287 niam
486 4234 594 4303 ipsi
619 4231 971 4303 possidebunt
999 4240 1201 4288 terram
1233 4232 1344 4302 (28)
1368 4233 1572 4303 (Matth.
1605 4249 1661 4300 v,
1691 4233 1768 4304 9).

368 4321 458 4374 57.
492 4319 702 4391 Accipe
734 4319 908 4375 aliam
941 4321 1306 4376 divisionem.
1343 4321 1486 4376 Caro
1542 4337 1776 4392 quoque
1807 4339 1948 4378 nos-

298 4410 389 4463 tra
419 4409 546 4480 ipsa
576 4409 678 4464 Dei
711 4409 1071 4466 ordinatione
1101 4409 1288 4465 divisa
1315 4410 1489 4466 habet
1522 4411 1786 4466 membra
1824 4427 1947 4466 om-

2059 3252 2175 3320 nia,
2228 3253 2337 3309 soli
2390 3252 2669 3308 indivisae.
2735 3253 2897 3310 Unde
2955 3255 3286 3330 philosophi
3348 3265 3715 3334 superiorem

2059 3342 2264 3397 mundi
2323 3341 2503 3414 hujus
2559 3343 2954 3400 substantiam
2993 3364 3174 3420 quam
3215 3349 3431 3408 aethera
3477 3362 3710 3426 vocant,

2058 3447 2174 3486 non
2207 3447 2274 3485 ex
2303 3434 2640 3486 caaterorum
2673 3429 3096 3492 elementorum
3126 3437 3330 3493 volunt
3361 3440 3712 3500 admistione

2057 3523 2324 3574 constare
2358 3537 2370 3573 :
2404 3519 2506 3574 sed
2547 3518 2936 3589 splendidam,
2987 3528 3044 3580 et
3089 3526 3274 3582 multo
3325 3527 3710 3602 refulgentem

2057 3605 2300 3676 lumine,
2347 3624 2471 3680 quae
2529 3624 2645 3663 non
2699 3611 2862 3663 terrae
2909 3613 3236 3683 sordidum,
3277 3631 3383 3670 nec
3422 3634 3713 3691 aquarum

2058 3695 2392 3764 humidum,
2426 3712 2530 3752 nec
2560 3696 2709 3752 aeris
2741 3698 3115 3768 nebulosum,
3163 3719 3267 3758 nec
3320 3703 3475 3774 ignis
3525 3706 3713 3778 ipsius

2058 3783 2302 3840 rutilum
2363 3785 2684 3857 quidquam
2752 3788 3015 3858 recipiat,
3058 3807 3127 3845 ex
3188 3790 3395 3862 quinta
3453 3794 3710 3864 quadam

2056 3881 2206 3945 αὖσξᾳ
2235 3891 2362 3930 esse
2401 3879 2754 3943 asserunt,et
2775 3874 2937 3932 velut
2964 3879 3258 3935 volucrem
3290 3880 3497 3934 mundi
3531 3880 3711 3951 hujus

2058 3967 2313 4019 mentem
2340 3964 2679 4021 velociorem
2713 3965 3127 4040 purioremque
3156 3981 3283 4023 esse
3313 3969 3537 4023 caeteris
3578 3985 3710 4040 par-

2056 4052 2236 4109 tibus.
2271 4053 2416 4108 Nam
2449 4052 2574 4108 alia:
2606 4052 2790 4109 miste
2822 4054 2936 4110 sibi
2987 4062 3044 4112 et
3091 4059 3369 4112 concretae
3402 4061 3561 4113 sunt.
3592 4056 3710 4113 Nos

2058 4144 2253 4196 autem
2277 4141 2422 4197 nihil
2450 4141 2764 4198 materialis
2785 4145 3229 4217 compositionis
3251 4144 3514 4202 immune
3536 4149 3712 4218 atque

1983 4295 1993 4304 ε
2059 4228 2318 4286 alienum
2348 4234 2646 4302 putamus,
2681 4235 2890 4302 praeter
2936 4233 3098 4290 illam
3150 4233 3336 4290 solam
3369 4235 3709 4291 venerandae

2056 4318 2358 4374 Trinitatis
2389 4318 2797 4386 substantiam,
2834 4337 2961 4392 qum
2993 4337 3126 4378 vere
3155 4339 3304 4394 pura
3351 4339 3416 4377 ac
3462 4322 3712 4396 simplex

2058 4406 2297 4463 sincerae
2328 4408 2822 4479 impermistazque
2852 4415 3073 4466 natura;
3101 4415 3208 4468 est:
3235 4413 3505 4484 quamvis
3529 4412 3709 4486 aliqui

301 4496 418 4551 nia.
449 4503 566 4554 Duo
599 4497 751 4554 oculi
795 4503 952 4565 sunt,
984 4499 1133 4554 binae
1180 4516 1372 4567 aures,
1406 4500 1533 4554 dum
1564 4515 1744 4570 gena,
1778 4516 1950 4555 nares
1982 4519 2026 4582 υ
2057 4500 2262 4568 putent
2312 4497 2383 4551 de
2435 4495 2536 4552 illa
2585 4497 2792 4568 quinta
2821 4509 2968 4570 οὺσιᾳ
3000 4499 3191 4555 lucem
3222 4516 3350 4556 esse
3382 4499 3707 4568 clariorem,

299 4583 519 4652 divisae,
551 4587 815 4643 dentium
866 4588 1196 4660 geminatus
1245 4589 1407 4655 ordo,
1442 4589 1642 4654 ubera,
1677 4588 1945 4660 scapulae,

301 4689 534 4744 manus,
604 4676 809 4744 latera,
877 4677 1115 4742 femora,
1203 4694 1412 4750 genua,
1485 4693 1677 4745 crura,
1749 4679 1948 4749 pedes,

299 4777 496 4819 nonne
525 4764 663 4819 bina
693 4765 908 4832 omnia,
941 4770 1004 4820 ut
1033 4766 1282 4822 subnixa
1311 4766 1624 4838 geminatis
1667 4766 1950 4822 subsidiis

298 4853 501 4909 omnia
530 4856 730 4909 nostra
752 4853 910 4910 obire
937 4855 1243 4910 videantur
1271 4855 1504 4910 ofﬁcia?
1533 4855 1744 4910 Anima
1772 4853 1948 4910 etiam

298 4939 647 4999 divisionem
677 4960 920 4999 suarum
951 4945 1168 5015 patitur
1197 4944 1552 5016 portionum.
1604 4944 1750 5000 Nam
1789 4952 1949 5017 διορα-

373 5101 489 5174 (28)
518 5104 602 5158 Ita
651 5120 794 5178 mss.
846 5104 1036 5178 Co_r_~b.,
1089 5106 1291 5178 Long.,
1342 5104 1504 5160 Colb.
1546 5109 1605 5160 et
1644 5104 1796 5171 Maz;
1851 5103 1951 5159 alii

297 5184 465 5248 vero,
512 5175 817 5248 etgprisca:
862 5175 1019 5243 edit.,
1068 5175 1240 5232 Beati'
1263 5177 1502 5248 paciﬁci,
1553 5178 1813 5248 quoniam
1847 5177 1954 5245 ipsi

297 5241 896 5320 Deumpidebunnhrel
926 5241 1181 5320 quaniam
1213 5241 1321 5319 ip'si
1344 5241 1693 5320 possidebunt
1722 5241 1947 5320 terra—im.

298 5313 348 5365 A
382 5316 600 5384 quibus
633 5317 908 5373 omnibus
931 5313 1245 5374 discedens
1284 5313 1449 5375 Rom.
1484 5319 1657 5374 habet
1699 5322 1762 5371 ut
1809 5317 1950 5372 Vul-

301 5389 466 5461 gata,
495 5389 651 5461 Beati
677 5389 879 5442 mundo
928 5391 1098 5453 corde,
1132 5395 1387 5460 quoniam
1436 5392 1541 5461 ipsi
1587 5392 1756 5444 Deum
1803 5387 1950 5444 vide-

302 5454 465 5524 bunt,
494 5460 575 5513 vel
603 5460 746 5514 beati
791 5463 965 5527 mites,
993 5454 1248 5532 quoniam
1296 5465 1404 5534 ipsi
1445 5454 1795 5532 possidebunt
1841 5463 1947 5514 ter-

301 5541 433 5581 ram
442 5569 454 5581 .

377 5599 491 5668 (29)
526 5601 838 5670 Superiora,
875 5603 1100 5675 supple,
1135 5605 1338 5660 animae
1371 5605 1540 5675 cujus
1591 5603 1717 5658 ideo
1756 5606 1950 5674 partes

2057 4585 2128 4640 de
2185 4602 2301 4656 qua
2330 4584 2537 4640 dixerit
2582 4584 2758 4640 David
2795 4588 2949 4658 quod
2983 4589 3136 4644 Deus
3184 4588 3260 4645 sit
3289 4588 3712 4657 circumdatus,

2059 4673 2248 4729 lucem
2282 4675 2434 4729 sicut
2459 4674 3048 4748 vestimentum(Psal.
3073 4695 3170 4746 cn,
3199 4681 3274 4746 2),
3309 4681 3366 4734 et
3395 4676 3707 4748 Apostolus

2059 4762 2361 4833 scripserit
2390 4762 2461 4817 de
2495 4763 2621 4835 ipso
2651 4764 3052 4837 omnipotente
3077 4767 3210 4831 Deo,
3245 4766 3401 4838 quod
3434 4764 3581 4819 soi-us
3607 4763 3707 4819 ha-

2061 4852 2178 4907 beat
2218 4853 2707 4923 immortalitatem,
2739 4857 2790 4907 et
2837 4854 3011 4911 lucem
3042 4855 3247 4910 habitet
3275 4853 3709 4908 inaccessibilem

2065 4943 2114 5013 (Ι
2140 4943 2273 4996 Tim.
2305 4958 2383 5008 v1,
2414 4941 2524 5011 46).

2061 5101 2393 5174 superiores
2421 5115 2557 5174 esse
2585 5098 3091 5174 dicit,facul_tate_m
3123 5098 3420 5174 cogitandi
3449 5101 3709 5174 acratio-

2061 5170 2382 5242 cinandi,et
2413 5171 2744 5227 facultatem
2775 5170 3230 5242 sentiendi,quia
3260 5170 3352 5226 his
3374 5172 3708 5242 passiones,

2062 5245 2182 5300 sive
2215 5241 2527 5314 facultates
2549 5241 2835 5298 irascendi
2857 5245 2914 5314 et
2933 5241 3709 5314 concupiscendi’inferiores

2061 5320 2204 5371 sunt
2245 5333 2311 5371 ac
2362 5312 2964 5387 minusunecessariae.
2996 5312 3419 5387 sub'siopanxQ
3464 5331 3597 5387 vero
3649 5315 3708 5371 id

2062 5388 2217 5459 quod
2246 5391 2524 5459 xoytqrzxdv
2555 5383 2817 5459 dixerat,_
2841 5383 2950 5440 hoc
2998 5384 3124 5440 loco
3168 5383 3706 5457 comprehenditur.

2133 5459 2243 5530 (30)
2276 5453 2424 5535 Edit.
2457 5471 2683 5535 omnes,
2706 5453 2874 5535 valles
2905 5459 3072 5514 terra?
3121 5462 3172 5514 et
3219 5453 3470 5528 con—cava,
3507 5463 3712 5516 contra

2063 5527 2206 5587 mss.
2229 5527 2500 5585 omnium
2535 5527 2962 5584 auctoritatem.
