4026 6186
424 287 541 353 507

497 428 585 484 59.
619 425 744 492 Qua
771 428 966 483 autem
997 422 1223 483 ratione
1249 420 1457 482 dixerit
1475 422 1630 498 quod
1662 439 1797 482 aves
1829 424 2064 482 descen-
2091 425 2147 493 Α

427 516 620 576 derint
665 532 843 588 supra
895 514 1084 573 divisa
1135 532 1377 588 corpora
1405 512 1620 582 vitulis,
1649 530 1856 586 capris,
1888 519 2063 587 atque

425 606 623 661 arietis
647 605 800 672 (Gen.
833 623 926 674 xv,
962 607 1072 675 tl),
1104 622 1215 661 non
1262 604 1428 659 facile
1471 604 1717 677 reperio,
1768 602 1879 659 nisi
1907 602 2063 675 quod

426 694 623 751 omnia
665 699 916 760 terrena,
951 693 1261 759 maritima,
1296 698 1470 764 atque
1516 693 1645 765 ipsa
1686 693 1843 749 aeria
1896 692 2067 763 plena

426 790 568 840 sunt
595 784 943 840 insidiarum
973 799 1039 838 ac
1070 782 1886 854 perturbationum.Videntur
1907 783 2061 836 enim

426 890 564 931 aves
618 875 742 929 ista:
791 872 901 927 cibi
953 888 1129 925 causa
1167 871 1541 927 descendisse
1566 888 1746 942 supra
1800 887 2061 942 corpora.

426 962 773 1019 Naturaliter
803 965 998 1015 autem
1025 958 1393 1015 violentiores
1438 960 1806 1031 potioresque
1843 959 2065 1015 viribus

425 1067 602 1122 super
630 1048 980 1104 inﬁrmiores
1013 1048 1266 1117 irruuut,
1299 1054 1355 1103 et
1385 1047 1552 1120 quasi
1583 1048 1832 1103 mortuis
1862 1064 2065 1119 corpo-

424 1139 590 1194 ribus
646 1137 1015 1201 iucumbunt,
1066 1155 1134 1192 ex
1188 1136 1504 1207 improviso
1562 1137 1924 1209 frequentius
1986 1135 2063 1190 ir-

424 1232 715 1282 ruentes:
758 1225 867 1290 vel,
909 1226 1063 1297 quod
1126 1224 1319 1279 verius
1380 1230 1540 1297 puto,
1601 1225 1740 1297 quia
1795 1224 2066 1297 princeps

425 1316 629 1371 mundi
680 1314 880 1387 hujus,
913 1320 969 1369 et
1010 1316 1274 1370 volucres
1323 1313 1471 1380 cmli,
1521 1314 1917 1386 spiritualium
1967 1329 2066 1368 ne—

424 1405 619 1477 quitias
652 1421 778 1476 qua:
812 1408 951 1460 sunt
981 1404 1038 1459 in
1070 1403 1422 1469 caelestibus,
1473 1420 1572 1459 eos
1619 1404 1719 1475 qui
1766 1403 2068 1457 mundana

424 1493 822 1550 sollicitudine
855 1509 1109 1564 curaque
1140 1491 1314 1547 dtvisi
1340 1491 1663 1564 sunt,gravi
1687 1494 1847 1547 motu
1878 1490 2064 1545 inces-

423 1590 634 1643 sant,et
663 1580 819 1637 velut
847 1581 1129 1637 cadavera
1159 1584 1521 1636 mortuorum
1552 1579 1868 1636 dilacerent
1897 1580 2067 1634 dente

422 1688 647 1743 aspero.
680 1670 761 1726 De
793 1670 884 1726 his
913 1669 1067 1725 enim
1101 1669 1324 1724 dictum
1354 1674 1445 1725 est
1478 1686 1490 1723 :
1527 1671 1787 1740 Relinque
1823 1674 2067 1723 mortuos

420 1760 651 1832 sepelire
691 1762 929 1815 mortuos
984 1775 1108 1814 suos
1164 1759 1313 1830 (Luc.
1369 1775 1440 1823 IX,
1489 1758 1603 1824 60),
1637 1758 1775 1829 quia
1820 1762 1958 1813 sunt
1995 1755 2066 1811 de

420 1865 598 1922 regno
628 1847 844 1903 diaboli
891 1847 991 1919 qui
1038 1847 1097 1901 in
1137 1847 1399 1919 seipsum
1432 1846 1655 1902 divisus
1684 1851 1791 1903 est.
1824 1846 1930 1911 Qui
1961 1862 2063 1901 au-

417 1943 540 1993 tem
572 1942 711 1994 sunt
741 1937 812 1993 de
839 1952 1015 2009 regno
1043 1935 1388 2007 Dei,quibus
1419 1935 1563 1991 dicit
1591 1935 1765 1990 Jesus
1790 1951 1802 1989 :
1829 1936 2067 2005 Regnum

419 2027 518 2082 Dei
569 2028 720 2081 intra
768 2042 857 2081 vos
902 2030 980 2082 est
1034 2025 1184 2096 (Luc.
1236 2042 1372 2090 xvu,
1421 2025 1535 2095 21),
1567 2023 1627 2079 hi
1661 2040 1774 2079 non
1807 2028 1946 2079 sunt
1976 2023 2061 2078 di-

417 2104 549 2181 visi,
584 2114 725 2187 quia
749 2114 1047 2170 adhasrent
1070 2119 1204 2180 Deo,
1237 2115 1499 2185 quoniam
1546 2114 1641 2184 qui
1680 2112 1925 2168 adhmret
1953 2128 2063 2166 me-

420 2205 631 2270 retrici,
666 2220 838 2257 unum
881 2219 1073 2274 corpz-s
1103 2206 1180 2257 est
1212 2221 1232 2256 :
1263 2204 1438 2257 Erunt
1484 2203 1651 2268 enim,
1704 2203 1909 2273 inquit,
1958 2200 2066 2256 duo

421 2278 481 2347 in
510 2308 676 2347 carne
706 2308 838 2346 una.
870 2292 973 2359 Qui
1001 2296 1186 2346 autem
1233 2291 1471 2346 adhaeret
1525 2292 1755 2345 Domino
1785 2306 1939 2344 unus
1952 2291 2064 2361 spi-

420 2382 561 2437 ritus
590 2387 667 2436 est
696 2381 743 2450 (l
773 2380 893 2434 Cor.
944 2397 1022 2446 v1,
1080 2380 1140 2434 l6
1184 2383 1241 2434 et
1296 2381 1376 2433 l7.
1428 2378 1528 2434 Isti
1577 2394 1712 2451 ergo
1764 2395 1879 2434 non
1928 2380 2067 2434 sunt

420 2472 655 2524 mortua
686 2484 949 2540 corpora,
982 2472 1049 2522 ut
1093 2467 1352 2523 volucres
1409 2466 1535 2522 coeli
1586 2467 1897 2522 comedent
1944 2483 2065 2532 eos,

420 2557 523 2613 sed
555 2561 694 2612 sunt
723 2555 987 2628 spiritus,
1029 2556 1167 2611 facit
1210 2556 1386 2611 etiam
1435 2555 1589 2611 Deus
1639 2554 1879 2628 angelos
1928 2572 2067 2611 suos

419 2643 951 2717 spiritus.Denique
974 2661 1154 2715 supra
1176 2644 1509 2699 columbam
1541 2649 1597 2699 et
1627 2647 1917 2699 turturem
1950 2659 2066 2699 non

417 2730 1009 2802 descenderunt,quia
1038 2731 1233 2787 divisas
1264 2731 1388 2788 istas
1418 2749 1550 2788 aves
1581 2749 1694 2787 non
1724 2736 1908 2788 erant.
1941 2733 2067 2787 Non

417 2826 559 2878 sunt
589 2820 744 2876 enim
776 2820 945 2876 divisi
971 2822 1121 2891 justi
1154 2821 1371 2892 quibus
1402 2820 1640 2890 dicitur,
1675 2825 1741 2875 ut
1776 2821 1895 2876 sint
1924 2821 2065 2875 sim-

420 2909 598 2983 plices
647 2909 797 2964 sicut
844 2908 1132 2964 columbaa
1160 2908 1371 2980 (Matth.
1411 2926 1466 2975 x,
1503 2910 1610 2977 16).
1640 2908 1892 2979 Ideoque
1929 2907 2072 2963 dicit

420 2995 620 3063 David,
650 2996 788 3068 quia
815 3000 867 3051 et
894 3012 1085 3068 passer
1114 2998 1322 3052 invenit
1368 2997 1476 3052 sibi
1518 2996 1757 3064 domum,
1789 3000 1840 3051 et
1886 3000 2071 3051 turtur

422 3084 615 3140 nidum
638 3084 749 3140 sibi
778 3085 874 3139 ubi
903 3089 1127 3156 reponat
1153 3084 1334 3157 pullos
1364 3100 1486 3140 suos
1517 3084 1685 3154 (Psal.
1731 3101 1960 3150 LXXXIII,
1991 3084 2068 3155 ὦ).

1868 286 1946 367 ε.
1997 283 2370 356 AMBROSII

3660 299 3752 363 508

2821 417 3047 484 CAPUT
3086 421 3180 482 IX.

2174 512 2372 588 Quare,
2685 528 2930 588 excessus
2956 529 3022 572 ac
3064 516 3260 588 timore
3304 527 3458 588 super
3498 516 3760 585 Abraham;

2245 587 2444 658 quidve
2474 587 2744 644 redditum
2783 586 2960 644 eidem
2988 587 3271 644 oraculum
3296 586 3497 644 desum
3522 593 3764 660 posterita-

2245 661 2376 714 tatis
2429 660 2874 731 peregrinatione
2927 664 2981 715 et
3005 730 3014 731 ί
3038 660 3297 714 servitute
3346 659 3405 713 in
3457 659 3679 731 Aegypto,
3715 663 3766 719 de

2244 730 2437 804 morte
2460 732 2705 804 propria,
2732 730 2903 804 deque
2951 730 3610 804 liberatione‘posteritatis
3650 735 3767 804 ejus-

2245 801 2367 856 dem
2394 802 2698 873 signiﬁcet?
2719 802 2831 869 Quo
2851 801 3082 872 denique
3103 802 3242 857 visio
3264 802 3491 870 flamma:
3514 801 3768 874 atque'for-

2245 874 2397 928 nucis
2422 874 2693 944 pertineat
2709 877 2736 927 2'

2245 962 2334 1017 61.
2361 961 2623 1033 Denique
2652 977 2830 1033 quam
2860 960 2969 1016 hoc
2993 960 3287 1017 Abraham
3316 959 3553 1031 spiritali
3580 966 3632 1017 et
3658 977 3768 1033 pro-

2176 1049 2405 1122 phetico
2437 1051 2645 1106 all‘ectu
2679 1049 2875 1105 fecerit
2905 1048 3213 1121 sequentia
3242 1049 3463 1104 docent.
3496 1050 3629 1104 Nam
3665 1050 3772 1105 solis

2174 1154 2366 1195 occasu
2394 1155 2639 1195 excessus
2667 1138 2859 1195 cecidit
2887 1154 3053 1210 super
3080 1154 3207 1193 eum
3232 1156 3251 1191 :
3281 1143 3333 1193 et
3362 1152 3475 1192 ecce
3502 1140 3653 1193 timor
3677 1155 3773 1192 ma-

2175 1244 2316 1297 gnus
2345 1232 2398 1283 et
2426 1229 2737 1284 tenebrosus
2767 1228 3017 1283 incubuit
3042 1243 3205 1299 super
3231 1242 3356 1281 eum
3383 1226 3529 1293 (Gen.
3560 1244 3644 1293 xv,
3683 1227 3773 1297 12).

2174 1317 2459 1372 Excessus
2490 1317 2789 1389 prophetis
2819 1316 2945 1372 ﬁeri
2978 1315 3146 1380 solet,
3181 1315 3332 1370 sicut
3362 1313 3535 1370 babes
3564 1314 3775 1385 Prophe-

2176 1408 2296 1460 tam
2327 1405 2544 1460 dixisse
2577 1421 2591 1460 :
2626 1407 2742 1477 Ego
2770 1404 2895 1460 dixi
2923 1406 2982 1459 in
3002 1419 3223 1459 excessu
3250 1418 3368 1457 meo
3399 1420 3418 1457 :
3450 1402 3624 1457 Jmnis
3649 1402 3776 1456 homo

2173 1493 2411 1550 mendae:
2439 1494 2608 1565 (Psal.
2643 1494 2850 1565 cxv,2).
2881 1493 3115 1549 Excedit
3143 1491 3298 1547 enim
3333 1506 3495 1546 mens
3525 1489 3777 1562 propheta:

2177 1582 2335 1637 velut
2365 1584 2510 1638 lines
2552 1582 2841 1654 quosdam
2883 1580 3155 1636 humanis
3199 1580 3537 1653 prudentiae,
3579 1577 3781 1651 quando

2176 1669 2435 1743 repletur
2463 1670 2600 1727 Deo.
2634 1670 2702 1726 Et
2724 1674 2859 1725 ante
2889 1673 3130 1726 evacuat
3171 1685 3233 1724 se
3277 1665 3703 1740 cogitationibus
3737 1668 3783 1719 et

2096 1795 2144 1860 Β
2178 1758 2702 1832 disceptationibus
2732 1756 2931 1815 seaculi
2962 1757 3235 1829 hujus,ut
3264 1754 3591 1813 advenienti
3619 1753 3785 1826 gratis

2176 1848 2426 1921 spiritali
2458 1865 2669 1921 puram
2700 1864 2763 1904 se
2787 1854 2843 1903 et
2874 1846 3231 1903 exinanitam
3263 1845 3535 1917 praebeat,
3555 1857 3787 1914 superve-

2175 1938 2318 2004 niat,
2350 1938 2409 1993 iu
2440 1953 2570 1993 eam
2603 1936 2856 2009 Spiritus
2888 1941 3128 1992 sanctus
3180 1951 3400 2005 magna
3448 1949 3509 1989 se
3537 1933 3589 1987 vi
3617 1931 3784 1986 inlun-

2175 2026 2429 2092 dens,ita
2456 2031 2518 2081 ut
2549 2042 2715 2081 mens
2744 2024 3004 2081 hominis
3033 2024 3227 2080 subito
3256 2023 3546 2078 turbetur.
3562 2019 3788 2089 Denique

2174 2114 2419 2188 angelus
2464 2114 2620 2170 venit
2665 2114 2738 2170 ad
2789 2112 3057 2179 Mariam,
3102 2116 3160 2168 et
3206 2127 3345 2167 cum
3397 2108 3691 2166 sedulitate
3738 2110 3784 2161 et

2176 2204 2364 2275 gratia
2392 2202 2566 2269 venit,
2600 2207 2656 2257 et
2685 2207 2880 2258 tamen
2925 2200 3107 2257 Maria
3154 2206 3319 2255 mota
3359 2204 3450 2255 est
3495 2198 3551 2253 in
3582 2196 3788 2251 introitu

2176 2293 2324 2363 ejus.
2360 2291 2521 2347 Unde
2550 2289 2793 2363 angelus
2824 2290 2907 2346 ait
2936 2290 3009 2345 ad
3037 2306 3166 2346 eam
3201 2306 3214 2344 :
3246 2294 3332 2346 Ne
3371 2291 3578 2355 timeas,
3624 2285 3791 2349 Maria,

2176 2382 2437 2437 invenisti
2463 2382 2615 2435 enim
2643 2381 2883 2451 gratiam
2910 2379 3056 2450 apud
3084 2379 3255 2434 Deum
3284 2397 3307 2433 :
3334 2382 3388 2434 et
3416 2392 3530 2432 ecce
3555 2374 3793 2443 concipias

2178 2472 2239 2525 in
2286 2478 2457 2537 utero,
2507 2472 2559 2524 et
2597 2469 2783 2540 paries
2827 2468 3010 2538 ﬁlium
3054 2468 3208 2535 (Luc.
3243 2484 3284 2533 ι,
3321 2468 3411 2532 30,
3443 2465 3556 2533 31).
3601 2463 3795 2534 Cogno-

2177 2559 2400 2616 scimus
2453 2573 2590 2631 ergo
2641 2557 2784 2629 quia
2827 2557 3062 2629 quando
3106 2555 3264 2611 venit
3309 2556 3499 2627 gratia
3524 2552 3620 2608 Dei
3648 2564 3799 2620 super

2178 2646 2575 2720 propheticum
2625 2649 2902 2715 mentem,
2949 2643 3143 2701 subito
3198 2643 3396 2709 irruit,
3428 2646 3486 2699 et
3513 2640 3639 2697 inde
3666 2638 3798 2693 incu-

2177 2735 2375 2792 buisse
2402 2740 2462 2791 et
2492 2734 2772 2791 cecidisse
2802 2750 2977 2806 super
3006 2732 3329 2806 prophetas
3373 2730 3642 2804 Spiritum
3688 2742 3799 2782 san-

2178 2830 2337 2881 ctum
2362 2824 2636 2896 legimus,
2668 2822 2806 2895 quia
2830 2837 3135 2878 excessum
3176 2821 3423 2892 patitur,
3453 2823 3510 2875 et
3540 2816 3795 2876 turbatur,

2177 2919 2234 2969 et
2263 2912 2450 2980 timet,
2481 2918 2538 2968 et
2567 2910 2921 2984 quibusdam
2964 2908 3310 2983 ignorantiae
3337 2914 3396 2965 et
3426 2903 3800 2979 imprudentia:

2179 3001 2436 3058 tenebris
2469 3000 2823 3067 oll‘unditur;
2857 2999 3012 3055 sicut
3040 3004 3097 3055 et
3128 2998 3187 3053 in
3218 2998 3470 3054 Actibus
3514 2991 3801 3066 aspostolo-

2181 3108 2312 3147 rum
2343 3088 2593 3162 legimus
2622 3091 2756 3161 (Act.
2790 3105 2867 3155 IX,
2897 3088 2952 3153 3,
2977 3086 3032 3157 ἅ)
3065 3086 3205 3159 quia
3235 3082 3629 3142 circumfulsit
3656 3094 3806 3150 super

422 3173 554 3230 Haec
584 3173 885 3245 spectabat
910 3172 1233 3239 Abraham,
1269 3173 1388 3229 haec
1422 3173 1707 3245 profundo
1734 3178 1791 3227 et
1820 3170 2068 3244 spiritali
2101 3161 2144 3228 C
2183 3161 2425 3236 Sauluui
2457 3178 2529 3233 de
2558 3176 2723 3239 οωιο,
2751 3180 2807 3232 et
2836 3175 3063 3243 cecidit,
3094 3180 3153 3230 et
3193 3174 3440 3230 horrore
3487 3169 3662 3228 animi
3700 3172 3805 3221 tur-

422 3262 830 3319 cousiderabat
860 3262 1097 3317 intuitu.

489 3352 579 3407 60.
614 3350 863 3422 Ideoque
894 3350 1181 3423 scriptum
1230 3354 1319 3405 est
1368 3368 1381 3406 :
1435 3350 1679 3407 Consedit
1708 3350 1822 3405 illis
1866 3350 2070 3406 Abram

423 3439 576 3511 (Gen.
609 3457 701 3507 xv,
734 3440 839 3508 10),
875 3455 991 3495 non
1022 3438 1190 3512 quasi
1222 3438 1588 3512 aruspicinae,
1622 3440 1719 3495 sed
1755 3439 1924 3511 quasi
1956 3455 2067 3495 cm-

422 3528 587 3584 lestis
619 3527 988 3584 revelationis
1020 3528 1327 3600 interpres,
1351 3527 1520 3601 signa
1550 3528 1757 3583 divinae
1790 3527 2070 3601 operatio-

425 3617 516 3678 nis
547 3616 874 3690 explorans.
910 3617 1073 3674 Mens
1104 3618 1261 3672 enim
1293 3616 1513 3673 directa
1561 3617 1632 3674 ad
1676 3616 1888 3673 Christi
1938 3633 2068 3688 gra-

424 3706 563 3762 tiam
595 3706 828 3762 videbat
857 3706 1013 3762 hunc
1047 3706 1335 3762 mundum
1367 3706 1604 3778 plenum
1636 3723 1764 3763 esse
1791 3706 2069 3778 iniquita-

424 3796 523 3859 tis,
558 3811 683 3866 qun
713 3794 869 3850 velut
900 3812 933 3850 a
962 3812 1195 3851 summo
1226 3795 1349 3851 ccnli
1386 3794 1691 3863 volaret,et
1716 3795 2072 3867 Opprimeret

427 3884 694 3939 infirmos
726 3889 889 3939 terra;
926 3901 938 3937 :
973 3883 1318 3956 pudicitiam
1349 3888 1566 3953 autem,
1600 3884 1794 3949 tidem,
1828 3882 2069 3938 sinceri-

427 3978 607 4028 tatem
643 3972 820 4028 nullis
850 3989 977 4028 esse
1003 3973 1283 4028 obnoxias
1313 3971 1689 4044 passionibus
1715 3989 1727 4027 :
1754 3972 1907 4027 339
1938 3987 2069 4026 ava-

428 4062 621 4118 ritiam
652 4077 807 4127 vero,
839 4066 895 4116 et
925 4060 1349 4117 sollicitudines
1396 4058 1592 4116 saeculi
1641 4059 1856 4131 quibus
1895 4059 2072 4115 sull'o-

428 4152 637 4207 cantur
666 4150 763 4222 qui
796 4150 1015 4205 habent
1044 4149 1366 4221 voluptates
1396 4149 1750 4215 divitiarum,
1770 4147 2073 4205 dilacerari

430 4255 495 4295 ac
527 4238 726 4293 dividi.
758 4238 919 4293 Unde
949 4244 1005 4294 et
1030 4238 1243 4293 divitiae
1275 4238 1440 4292 dictae
1471 4242 1613 4292 sunt
1641 4253 1790 4292 curae
1821 4243 1879 4292 et
1917 4236 2073 4310 cogi-

433 4326 679 4382 tationes
731 4327 935 4382 mundi
984 4327 1164 4397 hujus
1217 4327 1328 4400 (31)
1379 4328 1565 4382 Matth.
1598 4343 1719 4393 xm,
1754 4325 1866 4398 22),
1918 4326 2072 4398 quod

326 4472 337 4481 ί
435 4416 690 4468 mentem
720 4414 999 4481 dividant,
1024 4421 1199 4489 atque
1229 4415 1287 4470 in
1319 4415 1611 4470 diversum
1644 4415 1996 4482 scindant,et
2016 4414 2075 4470 in

433 4506 628 4574 partes
670 4502 924 4570 trahant,
977 4521 1081 4560 nec
1128 4505 1327 4561 sinant
1381 4504 1779 4575 incorruptam
1837 4520 1965 4559 esse
2021 4507 2080 4558 et
2109 4524 2156 4589 Β

434 4592 743 4661 integram.
775 4590 877 4644 Vir
906 4608 1041 4663 ergo
1071 4593 1323 4663 paciﬁcos
1370 4591 1583 4646 mentis
1632 4591 1988 4657 considebat,
2021 4595 2078 4646 et

433 4678 841 4736 considerabat
869 4686 1157 4750 quatenus
1179 4680 1483 4752 prohibere
1503 4679 1772 4736 cominus
1803 4683 2083 4751 possetea

434 4767 610 4835 mala,
643 4785 769 4840 qua:
802 4767 1141 4825 hominibus
1172 4768 1555 4838 invehuntur;
1609 4784 1776 4824 mens
1806 4768 1961 4824 enim
1993 4785 2082 4823 sa-

434 4857 649 4931 pientis
681 4857 787 4912 viri
838 4874 903 4913 ac
946 4858 1095 4929 justi
1141 4858 1359 4913 mederi
1391 4856 1586 4913 studet
1624 4856 1902 4912 humanis
1933 4856 2080 4913 casi-

434 4948 627 5015 bus,et
664 4946 970 5019 prohibere
1001 4963 1067 5002 ac
1099 4963 1355 5003 resecare
1386 4946 1716 5001 animarum
1747 4951 2080 5001 nostrarum

434 5036 685 5092 labores.

510 5177 621 5250 (31)
652 5179 780 5232 Am.
814 5184 989 5250 atque
1020 5179 1176 5246 Era.,
1213 5178 1359 5236 Unde
1404 5186 1453 5233 et
1500 5177 1690 5250 divisse
1733 5176 1895 5233 dictae
1931 5181 2080 5244 sunt,

438 5247 600 5318 quod,
632 5252 738 5303 etc.
782 5247 937 5318 Gilll,
983 5251 1129 5306 Unde
1175 5254 1226 5306 et
1269 5250 1482 5306 divitia?
1528 5247 1691 5303 dictae
1736 5252 1864 5303 sunt
1910 5263 2083 5318 curae,

441 5317 600 5387 quod,
635 5322 741 5373 etc.
775 5320 939 5375 Rom.
973 5322 1211 5387 omittit,
1245 5336 1414 5377 curae.
1447 5320 1733 5374 Videntur
1762 5322 1955 5374 autem
1992 5317 2086 5374 hic

442 5387 771 5461 signiﬁcare
822 5393 1195 5448 Ambrosium
1249 5409 1468 5459 vocem,
1518 5391 1749 5461 divitiae,
1802 5406 1835 5444 a
1889 5389 2084 5456 verbo,

441 5458 644 5531 divido,
677 5458 927 5516 voluisse
957 5464 1289 5531 deductam,
1322 5458 1459 5519 cum
1488 5458 1740 5517 minime
1770 5461 2087 5517 obscurum

444 5530 521 5583 sit
552 5530 737 5604 vimm
772 5538 1038 5589 sanctum
1072 5530 1330 5589 alludere
1378 5536 1449 5590 ad
1493 5532 1685 5590 locum
1734 5549 1765 5588 e
1811 5531 2089 5604 parabola

446 5602 760 5667 seminum,
795 5620 964 5674 quem
998 5606 1621 5662 notavimusNostram
1653 5602 1849 5661 autem
1882 5603 2087 5660 lectio-

2179 3260 2353 3325 batus
2395 3271 2504 3335 est,
2537 3272 2602 3340 et
2638 3264 2873 3320 ‘audivit
2928 3280 3125 3320 vocem
3179 3263 3252 3319 de
3305 3261 3448 3319 cmlo
3497 3261 3805 3316 dicentem:

2176 3358 2365 3424 Saule,
2388 3355 2576 3421 Saule,
2609 3353 2742 3425 quid
2771 3369 2859 3409 me
2886 3353 3227 3425 persequeris
3271 3350 3439 3424 (Ibid.
3472 3349 3568 3421 4)?
3611 3342 3809 3403 Desinit

2176 3446 2335 3503 enim
2383 3444 2578 3500 videre
2625 3441 2946 3510 saecularia,
2979 3441 3079 3513 qui
3123 3440 3335 3512 incipit
3383 3438 3587 3496 audire
3613 3432 3806 3490 divina.

2178 3535 2341 3591 Unde
2370 3538 2428 3589 et
2457 3533 2728 3588 timorem
2774 3528 3019 3585 Abrahze
3068 3532 3127 3584 et
3176 3530 3455 3585 tenebras
3488 3522 3681 3582 mirari
3709 3535 3806 3575 non

2177 3622 2373 3691 debes,
2422 3618 2592 3692 quasi
2643 3621 2848 3690 praeter
2898 3616 3172 3671 virtutem
3226 3620 3334 3670 aut
3383 3611 3655 3668 meritum
3698 3607 3809 3678 ejus

2178 3708 2517 3776 acciderint,
2568 3724 2704 3763 cum
2754 3704 3170 3778 prophetarum
3217 3698 3635 3759 consuetudini
3688 3710 3803 3751 con-

2178 3814 2386 3873 gruere
2430 3798 2716 3864 advertas,
2748 3793 2984 3865 quando
3033 3793 3337 3864 adjuncta,
3372 3796 3436 3847 ut
3484 3783 3811 3861 cognoscant

2179 3888 2376 3943 futura
2404 3886 2537 3957 (32).

2250 3976 2341 4031 62.
2392 3972 2679 4030 Continuo
2722 3973 2919 4026 autem
2979 3968 3203 4025 dictum
3262 3967 3451 4025 habes
3504 3965 3576 4022 ad
3631 3976 3755 4019 eum
3797 3975 3809 4012 :

2182 4063 2408 4121 Sciendo
2449 4063 2584 4117 scies
2632 4058 2775 4132 quod
2813 4058 3178 4131 peregrinum
3223 4059 3335 4112 erit
3381 4071 3566 4112 semen
3595 4062 3740 4108 tuum
3767 4048 3817 4100 in

2181 4162 2327 4211 terra
2355 4168 2467 4208 non
2506 4166 2628 4215 sua,
2676 4156 2728 4204 et
2774 4148 2997 4203 servitio
3041 4147 3450 4218 opprimentur,
3483 4147 3535 4199 et
3579 4135 3819 4196 nocebunt

2181 4245 2285 4309 eis,
2341 4244 2393 4296 et
2451 4238 2823 4294 humiliabunt
2872 4251 2960 4291 eos
3007 4236 3170 4290 annis
3227 4232 3650 4305 quadringentis
3686 4224 3819 4298 (Gen.

2184 4348 2276 4396 xv,
2309 4329 2420 4400 l3).
2454 4326 2657 4383 Merito
2704 4324 3051 4380 tenebrosus
3082 4324 3236 4379 840
3267 4322 3481 4378 horror
3509 4324 3566 4375 et
3596 4328 3824 4387 magnus

2186 4421 2374 4475 factus
2402 4418 2511 4482 est,
2544 4413 2684 4486 quia
2711 4428 2926 4486 magna
2955 4410 3192 4467 oracula
3239 4411 3677 4474 deferebantur,
3707 4415 3826 4458 cum

2188 4507 2258 4563 de
2306 4502 2522 4578 populo
2570 4500 2921 4558 saeculorum
2970 4500 3221 4556 dabatur
3272 4502 3655 4571 praeceptum.
3686 4493 3823 4555 Quo-

2189 4595 2363 4651 modo
2396 4598 2515 4648 tam
2546 4590 2713 4647 facile
2744 4605 2948 4662 capere
2979 4578 3136 4644 istud
3171 4604 3345 4644 mens
3376 4588 3643 4643 humana
3685 4584 3826 4653 pote-

2188 4689 2298 4750 rat,
2330 4680 2581 4738 maxime
2611 4695 2738 4749 quaa
2769 4677 3213 4745 admonebatur,
3247 4684 3317 4732 ut
3348 4678 3410 4731 in
3442 4676 3554 4731 hac
3595 4664 3827 4744 peregri-

2189 4774 2430 4827 naretur
2472 4766 2664 4824 terra?
2694 4766 2821 4823 Non
2869 4764 3027 4821 enim
3073 4772 3192 4820 tam
3241 4782 3373 4837 quae
3425 4765 3635 4820 futurae
3681 4755 3831 4814 erant

2190 4848 2655 4922 declarabantur,
2687 4872 2814 4928 qua:
2845 4853 3382 4927 praescribebantur
3411 4870 3542 4923 quae
3588 4843 3832 4905 facienda

2191 4948 2362 5005 nobis
2388 4947 2579 5004 forent
2612 4962 2624 5000 :
2656 4945 3041 5012 Peregrinum,
3076 4942 3292 5015 inquit,
3327 4945 3439 4998 erit
3466 4954 3651 4996 semen
3669 4940 3831 4995 tuum,

2192 5037 2313 5094 sive
2337 5035 2477 5109 quia
2506 5049 2710 5090 omnes
2739 5030 3008 5088 homines
3035 5030 3328 5104 peregrini
3354 5046 3489 5087 esse
3512 5028 3832 5085 debeamus,

2194 5194 2329 5235 nem
2359 5176 2727 5251 constituunt
2755 5190 2871 5251 non
2902 5172 3074 5251 modo
3096 5187 3197 5251 sex
3220 5187 3532 5251 mss:quos
3560 5158 3835 5251 consului-

2195 5267 2349 5317 mus,
2383 5249 2482 5305 sed
2524 5246 2722 5313 etiam,
2751 5250 2897 5317 teste
2925 5242 3080 5317 βίη.
3132 5243 3192 5299 in
3239 5237 3425 5317 variis
3477 5237 3831 5313 lectionibus.

2195 5313 2361 5377 Sorb'.
2409 5317 2724 5390 exemplar,
2758 5320 2833 5390 et
2877 5313 3566 5390 Dion._vetu_stissimum
3618 5325 3738 5382 quae
3781 5320 3832 5357 ιιι

2197 5393 2327 5448 istis
2357 5385 2726 5448 bibliothecis
2744 5387 2869 5459 jam
2903 5403 3018 5441 non
3049 5385 3459 5459 inveniuntur.

2268 5464 2379 5536 (32)
2410 5463 2626 5519 Omnes
2655 5452 2793 5536 edit.
2827 5475 2959 5536 cum
2991 5457 3182 5513 tribus
3211 5473 3386 5536 mss.,
3420 5452 3638 5536 qqgndo
3655 5459 3834 5536 (om-

2196 5520 2376 5591 scunt,
2398 5536 2614 5606 futuaa.
2644 5531 2801 5606 _Mss.
2837 5530 3119 5606 quinque,
3150 5520 3395 5606 quando_
3414 5520 3689 5606 adjuncta,
3733 5520 3833 5574 etc.

2197 5601 2794 5677 Subintelligendum,
2823 5601 2951 5656 sunt
2976 5601 3142 5656 timor
3164 5603 3215 5656 et
3243 5601 3515 5667 tenebrae,
3548 5601 3653 5652 etc.
