  <div class='ocr_page' id='page_1' title='image "/cluster/home/n/w/nwhite01/storage/ocr_20150623/14/hvd.32044048207138/260.png"; bbox 0 0 4026 6186; ppageno 0'>
   <div class='ocr_carea' id='block_1_1' title="bbox 282 350 385 418">
    <p class='ocr_par' dir='ltr' id='par_1_1' title="bbox 282 350 385 418">
     <span class='ocr_line' id='line_1_1' title="bbox 282 350 385 418; baseline -0.01 0"><span class='ocrx_word' id='word_1_1' title='bbox 282 350 385 418; x_wconf 80' lang='lat'>509</span> 
     </span>
    </p>
   </div>
   <div class='ocr_carea' id='block_1_2' title="bbox 1544 320 2388 407">
    <p class='ocr_par' dir='ltr' id='par_1_2' title="bbox 1544 320 2388 407">
     <span class='ocr_line' id='line_1_2' title="bbox 1544 320 2388 407; baseline -0.009 0"><span class='ocrx_word' id='word_1_2' title='bbox 1544 344 1645 407; x_wconf 73' lang='lat' dir='ltr'>mc</span> <span class='ocrx_word' id='word_1_3' title='bbox 1689 320 2073 406; x_wconf 73' lang='lat' dir='ltr'>ABBAIiAM</span> <span class='ocrx_word' id='word_1_4' title='bbox 2120 340 2265 405; x_wconf 81' lang='lat' dir='ltr'>1.1a.</span> <span class='ocrx_word' id='word_1_5' title='bbox 2312 339 2388 403; x_wconf 80' lang='grc' dir='ltr'>ιι.</span> 
     </span>
    </p>
   </div>
   <div class='ocr_carea' id='block_1_3' title="bbox 3553 322 3671 400">
    <p class='ocr_par' dir='ltr' id='par_1_3' title="bbox 3553 322 3671 400">
     <span class='ocr_line' id='line_1_3' title="bbox 3553 322 3671 400; baseline 0.008 -1"><span class='ocrx_word' id='word_1_6' title='bbox 3553 322 3671 400; x_wconf 73' lang='grc' dir='ltr'>δίο</span> 
     </span>
    </p>
   </div>
   <div class='ocr_carea' id='block_1_4' title="bbox 282 473 3668 555">
    <p class='ocr_par' dir='ltr' id='par_1_4' title="bbox 282 473 3668 555">
     <span class='ocr_line' id='line_1_4' title="bbox 282 473 3668 555; baseline -0.004 -10"><span class='ocrx_word' id='word_1_7' title='bbox 282 486 334 545; x_wconf 90' lang='lat' dir='ltr'>in</span> <span class='ocrx_word' id='word_1_8' title='bbox 357 484 467 545; x_wconf 86' lang='lat' dir='ltr'>hac</span> <span class='ocrx_word' id='word_1_9' title='bbox 496 489 673 552; x_wconf 85' lang='lat' dir='ltr'>terra,</span> <span class='ocrx_word' id='word_1_10' title='bbox 704 482 966 543; x_wconf 89' lang='lat' dir='ltr'>omnium</span> <span class='ocrx_word' id='word_1_11' title='bbox 997 477 1211 540; x_wconf 88' lang='lat' dir='ltr'>etenim</span> <span class='ocrx_word' id='word_1_12' title='bbox 1244 482 1406 555; x_wconf 90' lang='lat' dir='ltr'>pater</span> <span class='ocrx_word' id='word_1_13' title='bbox 1454 482 1541 536; x_wconf 89' lang='lat' dir='ltr'>est</span> <span class='ocrx_word' id='word_1_14' title='bbox 1581 476 1907 534; x_wconf 77' lang='lat' dir='ltr'>Abraham:</span> <span class='ocrx_word' id='word_1_15' title='bbox 1945 475 1999 545; x_wconf 75' lang='grc' dir='ltr'><strong>Α</strong></span> <span class='ocrx_word' id='word_1_16' title='bbox 2029 478 2409 551; x_wconf 88' lang='lat' dir='ltr'>sumpserunt</span> <span class='ocrx_word' id='word_1_17' title='bbox 2438 476 2509 533; x_wconf 90' lang='lat' dir='ltr'>ab</span> <span class='ocrx_word' id='word_1_18' title='bbox 2540 473 2821 549; x_wconf 68' lang='lat' dir='ltr'>[Egyptiis</span> <span class='ocrx_word' id='word_1_19' title='bbox 2854 479 3075 533; x_wconf 85' lang='lat' dir='ltr'>mutuo.</span> <span class='ocrx_word' id='word_1_20' title='bbox 3107 474 3194 531; x_wconf 85' lang='lat' dir='ltr'>vel</span> <span class='ocrx_word' id='word_1_21' title='bbox 3231 491 3424 543; x_wconf 81' lang='lat' dir='ltr'>aurea,</span> <span class='ocrx_word' id='word_1_22' title='bbox 3457 474 3668 547; x_wconf 85' lang='lat' dir='ltr'>inquit,</span> 
     </span>
    </p>
   </div>
   <div class='ocr_carea' id='block_1_5' title="bbox 284 567 1915 649">
    <p class='ocr_par' dir='ltr' id='par_1_5' title="bbox 284 567 1915 649">
     <span class='ocr_line' id='line_1_5' title="bbox 284 567 1915 649; baseline -0.008 -14"><span class='ocrx_word' id='word_1_23' title='bbox 284 577 391 635; x_wconf 84' lang='lat' dir='ltr'>sive</span> <span class='ocrx_word' id='word_1_24' title='bbox 420 576 561 649; x_wconf 90' lang='lat' dir='ltr'>quia</span> <span class='ocrx_word' id='word_1_25' title='bbox 590 592 793 631; x_wconf 84' lang='lat' dir='ltr'>verum</span> <span class='ocrx_word' id='word_1_26' title='bbox 825 589 1023 630; x_wconf 86' lang='lat' dir='ltr'>semen</span> <span class='ocrx_word' id='word_1_27' title='bbox 1040 570 1283 628; x_wconf 65' lang='lat' dir='ltr'>Abrahm</span> <span class='ocrx_word' id='word_1_28' title='bbox 1312 568 1788 643; x_wconf 84' lang='lat' dir='ltr'>peregrineturin</span> <span class='ocrx_word' id='word_1_29' title='bbox 1805 567 1915 623; x_wconf 90' lang='lat' dir='ltr'>hoc</span> 
     </span>
    </p>
   </div>
   <div class='ocr_carea' id='block_1_6' title="bbox 290 655 1914 729">
    <p class='ocr_par' dir='ltr' id='par_1_6' title="bbox 290 655 1914 729">
     <span class='ocr_line' id='line_1_6' title="bbox 290 655 1914 729; baseline -0.007 -7"><span class='ocrx_word' id='word_1_30' title='bbox 290 667 521 722; x_wconf 90' lang='lat' dir='ltr'>mundo.</span> <span class='ocrx_word' id='word_1_31' title='bbox 548 663 698 721; x_wconf 87' lang='lat' dir='ltr'>Illud</span> <span class='ocrx_word' id='word_1_32' title='bbox 738 663 894 720; x_wconf 85' lang='lat' dir='ltr'>enim</span> <span class='ocrx_word' id='word_1_33' title='bbox 926 678 1126 718; x_wconf 91' lang='lat' dir='ltr'>verum</span> <span class='ocrx_word' id='word_1_34' title='bbox 1176 675 1375 716; x_wconf 84' lang='lat' dir='ltr'>semen</span> <span class='ocrx_word' id='word_1_35' title='bbox 1423 663 1533 725; x_wconf 89' lang='lat' dir='ltr'>est,</span> <span class='ocrx_word' id='word_1_36' title='bbox 1584 659 1654 713; x_wconf 91' lang='lat' dir='ltr'>de</span> <span class='ocrx_word' id='word_1_37' title='bbox 1685 672 1799 729; x_wconf 90' lang='lat' dir='ltr'>quo</span> <span class='ocrx_word' id='word_1_38' title='bbox 1830 655 1914 712; x_wconf 85' lang='lat' dir='ltr'>di-</span> 
     </span>
    </p>
   </div>
   <div class='ocr_carea' id='block_1_7' title="bbox 291 736 1912 820">
    <p class='ocr_par' dir='ltr' id='par_1_7' title="bbox 291 736 1912 820">
     <span class='ocr_line' id='line_1_7' title="bbox 291 736 1912 820; baseline -0.006 -9"><span class='ocrx_word' id='word_1_39' title='bbox 291 761 439 811; x_wconf 89' lang='lat' dir='ltr'>ctum</span> <span class='ocrx_word' id='word_1_40' title='bbox 471 757 600 811; x_wconf 88' lang='lat' dir='ltr'>est:</span> <span class='ocrx_word' id='word_1_41' title='bbox 635 753 695 808; x_wconf 90' lang='lat' dir='ltr'>In</span> <span class='ocrx_word' id='word_1_42' title='bbox 744 754 895 808; x_wconf 82' lang='lat' dir='ltr'>Isaac</span> <span class='ocrx_word' id='word_1_43' title='bbox 943 752 1047 806; x_wconf 88' lang='lat' dir='ltr'>erit</span> <span class='ocrx_word' id='word_1_44' title='bbox 1066 765 1246 805; x_wconf 87' lang='lat' dir='ltr'>semen</span> <span class='ocrx_word' id='word_1_45' title='bbox 1296 752 1448 803; x_wconf 89' lang='lat' dir='ltr'>tuum</span> <span class='ocrx_word' id='word_1_46' title='bbox 1482 746 1629 820; x_wconf 85' lang='lat' dir='ltr'>(Gen.</span> <span class='ocrx_word' id='word_1_47' title='bbox 1654 764 1768 811; x_wconf 70' lang='lat' dir='ltr'>xxx,</span> <span class='ocrx_word' id='word_1_48' title='bbox 1804 736 1912 816; x_wconf 76' lang='lat' dir='ltr'>l2).</span> 
     </span>
    </p>
   </div>
   <div class='ocr_carea' id='block_1_8' title="bbox 286 834 1913 916">
    <p class='ocr_par' dir='ltr' id='par_1_8' title="bbox 286 834 1913 916">
     <span class='ocr_line' id='line_1_8' title="bbox 286 834 1913 916; baseline -0.007 -16"><span class='ocrx_word' id='word_1_49' title='bbox 286 844 530 916; x_wconf 84' lang='lat' dir='ltr'>Denique</span> <span class='ocrx_word' id='word_1_50' title='bbox 563 842 665 915; x_wconf 87' lang='lat' dir='ltr'>qui</span> <span class='ocrx_word' id='word_1_51' title='bbox 692 858 754 897; x_wconf 90' lang='lat' dir='ltr'>se</span> <span class='ocrx_word' id='word_1_52' title='bbox 783 839 1028 896; x_wconf 64' lang='lat' dir='ltr'>Abrahae</span> <span class='ocrx_word' id='word_1_53' title='bbox 1061 838 1353 905; x_wconf 70' lang='lat' dir='ltr'>haeredem</span> <span class='ocrx_word' id='word_1_54' title='bbox 1407 836 1762 910; x_wconf 77' lang='lat' dir='ltr'>agnoscebat</span> <span class='ocrx_word' id='word_1_55' title='bbox 1795 834 1913 891; x_wconf 87' lang='lat' dir='ltr'>ait:</span> 
     </span>
    </p>
   </div>
   <div class='ocr_carea' id='block_1_9' title="bbox 281 925 1917 1001">
    <p class='ocr_par' dir='ltr' id='par_1_9' title="bbox 281 925 1917 1001">
     <span class='ocr_line' id='line_1_9' title="bbox 281 925 1917 1001; baseline -0.007 -12"><span class='ocrx_word' id='word_1_56' title='bbox 281 933 489 991; x_wconf 78' lang='lat' dir='ltr'>Advena</span> <span class='ocrx_word' id='word_1_57' title='bbox 534 948 631 1001; x_wconf 88' lang='lat' dir='ltr'>ego</span> <span class='ocrx_word' id='word_1_58' title='bbox 676 947 799 986; x_wconf 88' lang='lat' dir='ltr'>sum</span> <span class='ocrx_word' id='word_1_59' title='bbox 848 931 904 984; x_wconf 88' lang='lat' dir='ltr'>in</span> <span class='ocrx_word' id='word_1_60' title='bbox 953 930 1053 985; x_wconf 83' lang='lat' dir='ltr'>hac</span> <span class='ocrx_word' id='word_1_61' title='bbox 1089 937 1237 983; x_wconf 74' lang='lat' dir='ltr'>terra</span> <span class='ocrx_word' id='word_1_62' title='bbox 1284 935 1334 982; x_wconf 90' lang='lat' dir='ltr'>et</span> <span class='ocrx_word' id='word_1_63' title='bbox 1385 928 1726 999; x_wconf 87' lang='lat' dir='ltr'>peregrinus,</span> <span class='ocrx_word' id='word_1_64' title='bbox 1752 925 1917 995; x_wconf 64' lang='lat' dir='ltr'>Esicut</span> 
     </span>
    </p>
   </div>
   <div class='ocr_carea' id='block_1_10' title="bbox 282 1014 1917 1093">
    <p class='ocr_par' dir='ltr' id='par_1_10' title="bbox 282 1014 1917 1093">
     <span class='ocr_line' id='line_1_10' title="bbox 282 1014 1917 1093; baseline -0.007 -14"><span class='ocrx_word' id='word_1_65' title='bbox 282 1038 457 1079; x_wconf 86' lang='lat' dir='ltr'>omnes</span> <span class='ocrx_word' id='word_1_66' title='bbox 483 1025 669 1093; x_wconf 86' lang='lat' dir='ltr'>patres</span> <span class='ocrx_word' id='word_1_67' title='bbox 698 1021 807 1074; x_wconf 86' lang='lat' dir='ltr'>mei</span> <span class='ocrx_word' id='word_1_68' title='bbox 837 1018 1003 1091; x_wconf 85' lang='lat' dir='ltr'>(Psal.</span> <span class='ocrx_word' id='word_1_69' title='bbox 1037 1034 1266 1083; x_wconf 79' lang='lat' dir='ltr'>xxxvnl,</span> <span class='ocrx_word' id='word_1_70' title='bbox 1301 1016 1407 1087; x_wconf 90' lang='grc'>13).</span> <span class='ocrx_word' id='word_1_71' title='bbox 1457 1015 1565 1081; x_wconf 87' lang='lat' dir='ltr'>Qui</span> <span class='ocrx_word' id='word_1_72' title='bbox 1613 1014 1770 1070; x_wconf 86' lang='lat' dir='ltr'>enim</span> <span class='ocrx_word' id='word_1_73' title='bbox 1818 1029 1917 1086; x_wconf 87' lang='lat' dir='ltr'>pe-</span> 
     </span>
    </p>
   </div>
   <div class='ocr_carea' id='block_1_11' title="bbox 285 1103 1919 1184">
    <p class='ocr_par' dir='ltr' id='par_1_11' title="bbox 285 1103 1919 1184">
     <span class='ocr_line' id='line_1_11' title="bbox 285 1103 1919 1184; baseline -0.008 -15"><span class='ocrx_word' id='word_1_74' title='bbox 285 1111 547 1184; x_wconf 82' lang='lat' dir='ltr'>regrinus</span> <span class='ocrx_word' id='word_1_75' title='bbox 577 1109 673 1164; x_wconf 89' lang='lat' dir='ltr'>hic</span> <span class='ocrx_word' id='word_1_76' title='bbox 705 1108 898 1173; x_wconf 85' lang='lat' dir='ltr'>fuerit,</span> <span class='ocrx_word' id='word_1_77' title='bbox 949 1106 1090 1163; x_wconf 83' lang='lat' dir='ltr'>civis</span> <span class='ocrx_word' id='word_1_78' title='bbox 1140 1106 1199 1162; x_wconf 92' lang='lat' dir='ltr'>in</span> <span class='ocrx_word' id='word_1_79' title='bbox 1248 1105 1382 1160; x_wconf 57' lang='lat' dir='ltr'>caelo</span> <span class='ocrx_word' id='word_1_80' title='bbox 1428 1109 1535 1173; x_wconf 89' lang='lat' dir='ltr'>est,</span> <span class='ocrx_word' id='word_1_81' title='bbox 1590 1103 1688 1176; x_wconf 90' lang='lat' dir='ltr'>qui</span> <span class='ocrx_word' id='word_1_82' title='bbox 1724 1107 1919 1159; x_wconf 89' lang='lat' dir='ltr'>autem</span> 
     </span>
    </p>
   </div>
   <div class='ocr_carea' id='block_1_12' title="bbox 284 1193 1917 1256">
    <p class='ocr_par' dir='ltr' id='par_1_12' title="bbox 284 1193 1917 1256">
     <span class='ocr_line' id='line_1_12' title="bbox 284 1193 1917 1256; baseline -0.006 0"><span class='ocrx_word' id='word_1_83' title='bbox 284 1202 334 1256; x_wconf 92' lang='lat' dir='ltr'>in</span> <span class='ocrx_word' id='word_1_84' title='bbox 365 1200 474 1256; x_wconf 90' lang='lat' dir='ltr'>hac</span> <span class='ocrx_word' id='word_1_85' title='bbox 505 1205 662 1255; x_wconf 89' lang='lat' dir='ltr'>terra</span> <span class='ocrx_word' id='word_1_86' title='bbox 691 1213 925 1253; x_wconf 90' lang='lat' dir='ltr'>omnem</span> <span class='ocrx_word' id='word_1_87' title='bbox 957 1196 1163 1252; x_wconf 68' lang='lat' dir='ltr'>anima:</span> <span class='ocrx_word' id='word_1_88' title='bbox 1195 1212 1313 1250; x_wconf 66' lang='lat' dir='ltr'>suae</span> <span class='ocrx_word' id='word_1_89' title='bbox 1348 1193 1738 1250; x_wconf 73' lang='lat' dir='ltr'>substantiam</span> <span class='ocrx_word' id='word_1_90' title='bbox 1783 1209 1917 1247; x_wconf 93' lang='lat' dir='ltr'>con-</span> 
     </span>
    </p>
   </div>
   <div class='ocr_carea' id='block_1_13' title="bbox 285 1282 1919 1360">
    <p class='ocr_par' dir='ltr' id='par_1_13' title="bbox 285 1282 1919 1360">
     <span class='ocr_line' id='line_1_13' title="bbox 285 1282 1919 1360; baseline -0.006 -15"><span class='ocrx_word' id='word_1_91' title='bbox 285 1289 634 1346; x_wconf 85' lang='lat' dir='ltr'>stituendam</span> <span class='ocrx_word' id='word_1_92' title='bbox 667 1286 974 1360; x_wconf 82' lang='lat' dir='ltr'>putaverit,</span> <span class='ocrx_word' id='word_1_93' title='bbox 1007 1284 1524 1355; x_wconf 62' lang='lat' dir='ltr'>hareditatemquc</span> <span class='ocrx_word' id='word_1_94' title='bbox 1543 1282 1724 1354; x_wconf 87' lang='lat' dir='ltr'>hujus</span> <span class='ocrx_word' id='word_1_95' title='bbox 1756 1286 1919 1337; x_wconf 77' lang='lat' dir='ltr'>terra:</span> 
     </span>
    </p>
   </div>
   <div class='ocr_carea' id='block_1_14' title="bbox 285 1369 1919 1450">
    <p class='ocr_par' dir='ltr' id='par_1_14' title="bbox 285 1369 1919 1450">
     <span class='ocr_line' id='line_1_14' title="bbox 285 1369 1919 1450; baseline -0.007 -15"><span class='ocrx_word' id='word_1_96' title='bbox 285 1377 699 1450; x_wconf 87' lang='lat' dir='ltr'>acquirendam</span> <span class='ocrx_word' id='word_1_97' title='bbox 731 1373 1108 1431; x_wconf 81' lang='lat' dir='ltr'>exsultaverit</span> <span class='ocrx_word' id='word_1_98' title='bbox 1134 1374 1266 1446; x_wconf 84' lang='lat'>(33),</span> <span class='ocrx_word' id='word_1_99' title='bbox 1300 1390 1334 1428; x_wconf 89' lang='lat' dir='ltr'>a</span> <span class='ocrx_word' id='word_1_100' title='bbox 1364 1372 1463 1428; x_wconf 90' lang='lat' dir='ltr'>Dei</span> <span class='ocrx_word' id='word_1_101' title='bbox 1524 1388 1701 1443; x_wconf 86' lang='lat' dir='ltr'>regno</span> <span class='ocrx_word' id='word_1_102' title='bbox 1727 1369 1919 1426; x_wconf 84' lang='lat' dir='ltr'>exclu-</span> 
     </span>
    </p>
   </div>
   <div class='ocr_carea' id='block_1_15' title="bbox 285 1459 1920 1537">
    <p class='ocr_par' dir='ltr' id='par_1_15' title="bbox 285 1459 1920 1537">
     <span class='ocr_line' id='line_1_15' title="bbox 285 1459 1920 1537; baseline -0.007 -14"><span class='ocrx_word' id='word_1_103' title='bbox 285 1468 470 1524; x_wconf 91' lang='lat' dir='ltr'>detur.</span> <span class='ocrx_word' id='word_1_104' title='bbox 503 1465 666 1522; x_wconf 86' lang='lat' dir='ltr'>Unde</span> <span class='ocrx_word' id='word_1_105' title='bbox 694 1463 1007 1537; x_wconf 85' lang='lat' dir='ltr'>Apostolus</span> <span class='ocrx_word' id='word_1_106' title='bbox 1038 1462 1106 1518; x_wconf 89' lang='lat' dir='ltr'>ad</span> <span class='ocrx_word' id='word_1_107' title='bbox 1139 1461 1339 1518; x_wconf 81' lang='lat' dir='ltr'>fideles</span> <span class='ocrx_word' id='word_1_108' title='bbox 1368 1462 1545 1529; x_wconf 89' lang='lat' dir='ltr'>viros,</span> <span class='ocrx_word' id='word_1_109' title='bbox 1568 1465 1623 1515; x_wconf 89' lang='lat' dir='ltr'>et</span> <span class='ocrx_word' id='word_1_110' title='bbox 1653 1459 1805 1515; x_wconf 85' lang='lat' dir='ltr'>cives</span> <span class='ocrx_word' id='word_1_111' title='bbox 1832 1462 1920 1513; x_wconf 90' lang='lat' dir='ltr'>Je-</span> 
     </span>
    </p>
   </div>
   <div class='ocr_carea' id='block_1_16' title="bbox 285 1548 1923 1626">
    <p class='ocr_par' dir='ltr' id='par_1_16' title="bbox 285 1548 1923 1626">
     <span class='ocr_line' id='line_1_16' title="bbox 285 1548 1923 1626; baseline -0.005 -14"><span class='ocrx_word' id='word_1_112' title='bbox 285 1554 538 1612; x_wconf 88' lang='lat' dir='ltr'>rusalem</span> <span class='ocrx_word' id='word_1_113' title='bbox 570 1554 728 1609; x_wconf 90' lang='lat' dir='ltr'>illius</span> <span class='ocrx_word' id='word_1_114' title='bbox 760 1570 887 1626; x_wconf 68' lang='lat' dir='ltr'>quae</span> <span class='ocrx_word' id='word_1_115' title='bbox 920 1554 976 1606; x_wconf 90' lang='lat' dir='ltr'>in</span> <span class='ocrx_word' id='word_1_116' title='bbox 1026 1550 1167 1608; x_wconf 77' lang='lat' dir='ltr'>coelo</span> <span class='ocrx_word' id='word_1_117' title='bbox 1199 1555 1308 1619; x_wconf 89' lang='lat' dir='ltr'>est,</span> <span class='ocrx_word' id='word_1_118' title='bbox 1364 1555 1420 1606; x_wconf 91' lang='lat' dir='ltr'>et</span> <span class='ocrx_word' id='word_1_119' title='bbox 1470 1549 1736 1606; x_wconf 70' lang='lat' dir='ltr'>Ecclesiae</span> <span class='ocrx_word' id='word_1_120' title='bbox 1769 1548 1923 1605; x_wconf 82' lang='lat' dir='ltr'>ﬁlios</span> 
     </span>
    </p>
   </div>
   <div class='ocr_carea' id='block_1_17' title="bbox 285 1639 1919 1714">
    <p class='ocr_par' dir='ltr' id='par_1_17' title="bbox 285 1639 1919 1714">
     <span class='ocr_line' id='line_1_17' title="bbox 285 1639 1919 1714; baseline -0.006 -13"><span class='ocrx_word' id='word_1_121' title='bbox 285 1645 422 1701; x_wconf 88' lang='lat' dir='ltr'>dicit</span> <span class='ocrx_word' id='word_1_122' title='bbox 449 1662 462 1701; x_wconf 92' lang='lat'>:</span> <span class='ocrx_word' id='word_1_123' title='bbox 497 1645 638 1713; x_wconf 85' lang='lat' dir='ltr'>Ergo</span> <span class='ocrx_word' id='word_1_124' title='bbox 661 1643 784 1714; x_wconf 90' lang='lat' dir='ltr'>jam</span> <span class='ocrx_word' id='word_1_125' title='bbox 812 1657 922 1697; x_wconf 86' lang='lat' dir='ltr'>non</span> <span class='ocrx_word' id='word_1_126' title='bbox 967 1643 1095 1697; x_wconf 89' lang='lat' dir='ltr'>estis</span> <span class='ocrx_word' id='word_1_127' title='bbox 1141 1639 1362 1696; x_wconf 74' lang='lat' dir='ltr'>advenae</span> <span class='ocrx_word' id='word_1_128' title='bbox 1406 1642 1569 1710; x_wconf 89' lang='lat' dir='ltr'>atque</span> <span class='ocrx_word' id='word_1_129' title='bbox 1593 1640 1876 1711; x_wconf 87' lang='lat' dir='ltr'>peregrini</span> <span class='ocrx_word' id='word_1_130' title='bbox 1907 1654 1919 1691; x_wconf 91' lang='lat'>:</span> 
     </span>
    </p>
   </div>
   <div class='ocr_carea' id='block_1_18' title="bbox 283 1727 1919 1800">
    <p class='ocr_par' dir='ltr' id='par_1_18' title="bbox 283 1727 1919 1800">
     <span class='ocr_line' id='line_1_18' title="bbox 283 1727 1919 1800; baseline -0.005 -10"><span class='ocrx_word' id='word_1_131' title='bbox 283 1734 368 1790; x_wconf 79' lang='lat' dir='ltr'>sed</span> <span class='ocrx_word' id='word_1_132' title='bbox 412 1735 541 1789; x_wconf 67' lang='lat' dir='ltr'>estis</span> <span class='ocrx_word' id='word_1_133' title='bbox 589 1734 730 1786; x_wconf 85' lang='lat' dir='ltr'>cives</span> <span class='ocrx_word' id='word_1_134' title='bbox 775 1733 1108 1797; x_wconf 85' lang='lat' dir='ltr'>sanctorum,</span> <span class='ocrx_word' id='word_1_135' title='bbox 1159 1738 1209 1784; x_wconf 90' lang='lat' dir='ltr'>et</span> <span class='ocrx_word' id='word_1_136' title='bbox 1254 1728 1533 1785; x_wconf 74' lang='lat' dir='ltr'>domestici</span> <span class='ocrx_word' id='word_1_137' title='bbox 1585 1730 1677 1785; x_wconf 90' lang='lat' dir='ltr'>Dei</span> <span class='ocrx_word' id='word_1_138' title='bbox 1706 1727 1919 1800; x_wconf 82' lang='lat' dir='ltr'>(Ephes.</span> 
     </span>
    </p>
   </div>
   <div class='ocr_carea' id='block_1_19' title="bbox 283 1819 2002 1918">
    <p class='ocr_par' dir='ltr' id='par_1_19' title="bbox 283 1819 2002 1918">
     <span class='ocr_line' id='line_1_19' title="bbox 283 1819 2002 1918; baseline -0.006 -39"><span class='ocrx_word' id='word_1_139' title='bbox 283 1841 337 1890; x_wconf 86' lang='lat' dir='ltr'>Il,</span> <span class='ocrx_word' id='word_1_140' title='bbox 373 1823 485 1894; x_wconf 86' lang='grc'>19).</span> <span class='ocrx_word' id='word_1_141' title='bbox 518 1820 646 1877; x_wconf 88' lang='lat' dir='ltr'>Non</span> <span class='ocrx_word' id='word_1_142' title='bbox 676 1837 813 1894; x_wconf 82' lang='lat' dir='ltr'>ergo</span> <span class='ocrx_word' id='word_1_143' title='bbox 843 1820 964 1875; x_wconf 67' lang='lat' dir='ltr'>hec</span> <span class='ocrx_word' id='word_1_144' title='bbox 997 1823 1152 1876; x_wconf 86' lang='lat' dir='ltr'>terra</span> <span class='ocrx_word' id='word_1_145' title='bbox 1182 1822 1382 1918; x_wconf 73' lang='lat' dir='ltr'>nostra</span> <span class='ocrx_word' id='word_1_146' title='bbox 1414 1823 1522 1887; x_wconf 89' lang='lat' dir='ltr'>est,</span> <span class='ocrx_word' id='word_1_147' title='bbox 1559 1819 1629 1873; x_wconf 87' lang='lat' dir='ltr'>de</span> <span class='ocrx_word' id='word_1_148' title='bbox 1670 1834 1786 1889; x_wconf 90' lang='lat' dir='ltr'>qua</span> <span class='ocrx_word' id='word_1_149' title='bbox 1817 1833 1918 1918; x_wconf 82' lang='lat' dir='ltr'>po-</span> <span class='ocrx_word' id='word_1_150' title='bbox 1953 1851 2002 1918; x_wconf 83' lang='lat' dir='ltr'><strong>B</strong></span> 
     </span>
    </p>
   </div>
   <div class='ocr_carea' id='block_1_20' title="bbox 284 1907 1924 1983">
    <p class='ocr_par' dir='ltr' id='par_1_20' title="bbox 284 1907 1924 1983">
     <span class='ocr_line' id='line_1_20' title="bbox 284 1907 1924 1983; baseline -0.004 -16"><span class='ocrx_word' id='word_1_151' title='bbox 284 1916 393 1968; x_wconf 83' lang='lat' dir='ltr'>test</span> <span class='ocrx_word' id='word_1_152' title='bbox 423 1909 701 1983; x_wconf 82' lang='lat' dir='ltr'>princeps</span> <span class='ocrx_word' id='word_1_153' title='bbox 724 1908 931 1964; x_wconf 89' lang='lat' dir='ltr'>mundi</span> <span class='ocrx_word' id='word_1_154' title='bbox 964 1909 1145 1978; x_wconf 88' lang='lat' dir='ltr'>hujus</span> <span class='ocrx_word' id='word_1_155' title='bbox 1174 1907 1365 1964; x_wconf 83' lang='lat' dir='ltr'>dicere</span> <span class='ocrx_word' id='word_1_156' title='bbox 1392 1908 1704 1963; x_wconf 87' lang='lat' dir='ltr'>ostendens</span> <span class='ocrx_word' id='word_1_157' title='bbox 1728 1907 1924 1962; x_wconf 82' lang='lat' dir='ltr'>omnia</span> 
     </span>
    </p>
   </div>
   <div class='ocr_carea' id='block_1_21' title="bbox 285 1997 1926 2073">
    <p class='ocr_par' dir='ltr' id='par_1_21' title="bbox 285 1997 1926 2073">
     <span class='ocr_line' id='line_1_21' title="bbox 285 1997 1926 2073; baseline -0.003 -18"><span class='ocrx_word' id='word_1_158' title='bbox 285 2016 461 2073; x_wconf 84' lang='lat' dir='ltr'>regna</span> <span class='ocrx_word' id='word_1_159' title='bbox 512 1998 673 2055; x_wconf 84' lang='lat' dir='ltr'>orbis</span> <span class='ocrx_word' id='word_1_160' title='bbox 716 2002 920 2053; x_wconf 74' lang='lat' dir='ltr'>terrae:</span> <span class='ocrx_word' id='word_1_161' title='bbox 973 1998 1086 2053; x_wconf 88' lang='lat' dir='ltr'>Tibi</span> <span class='ocrx_word' id='word_1_162' title='bbox 1137 1997 1274 2053; x_wconf 84' lang='lat' dir='ltr'>dabo</span> <span class='ocrx_word' id='word_1_163' title='bbox 1315 2000 1631 2068; x_wconf 82' lang='lat' dir='ltr'>potestatem</span> <span class='ocrx_word' id='word_1_164' title='bbox 1680 1997 1839 2064; x_wconf 86' lang='lat' dir='ltr'>hanc,</span> <span class='ocrx_word' id='word_1_165' title='bbox 1875 1998 1926 2051; x_wconf 88' lang='lat' dir='ltr'>si</span> 
     </span>
    </p>
   </div>
   <div class='ocr_carea' id='block_1_22' title="bbox 280 2085 1927 2163">
    <p class='ocr_par' dir='ltr' id='par_1_22' title="bbox 280 2085 1927 2163">
     <span class='ocr_line' id='line_1_22' title="bbox 280 2085 1927 2163; baseline -0.003 -19"><span class='ocrx_word' id='word_1_166' title='bbox 280 2088 570 2163; x_wconf 77' lang='lat' dir='ltr'>precidem</span> <span class='ocrx_word' id='word_1_167' title='bbox 595 2087 909 2143; x_wconf 85' lang='lat' dir='ltr'>adoraveris</span> <span class='ocrx_word' id='word_1_168' title='bbox 930 2104 1016 2142; x_wconf 89' lang='lat' dir='ltr'>me</span> <span class='ocrx_word' id='word_1_169' title='bbox 1046 2086 1257 2158; x_wconf 81' lang='lat' dir='ltr'>(Matth.</span> <span class='ocrx_word' id='word_1_170' title='bbox 1293 2103 1365 2153; x_wconf 79' lang='lat' dir='ltr'>iv,</span> <span class='ocrx_word' id='word_1_171' title='bbox 1399 2086 1455 2157; x_wconf 88' lang='lat'>8)</span> <span class='ocrx_word' id='word_1_172' title='bbox 1482 2105 1493 2141; x_wconf 91' lang='lat'>:</span> <span class='ocrx_word' id='word_1_173' title='bbox 1528 2090 1698 2141; x_wconf 90' lang='lat' dir='ltr'>erunt</span> <span class='ocrx_word' id='word_1_174' title='bbox 1730 2085 1927 2140; x_wconf 87' lang='lat' dir='ltr'>omnia</span> 
     </span>
    </p>
   </div>
   <div class='ocr_carea' id='block_1_23' title="bbox 286 2173 1927 2248">
    <p class='ocr_par' dir='ltr' id='par_1_23' title="bbox 286 2173 1927 2248">
     <span class='ocr_line' id='line_1_23' title="bbox 286 2173 1927 2248; baseline -0.003 -15"><span class='ocrx_word' id='word_1_175' title='bbox 286 2184 383 2233; x_wconf 88' lang='lat' dir='ltr'>tua</span> <span class='ocrx_word' id='word_1_176' title='bbox 412 2193 542 2248; x_wconf 70' lang='lat' dir='ltr'>quae</span> <span class='ocrx_word' id='word_1_177' title='bbox 576 2174 689 2232; x_wconf 87' lang='lat' dir='ltr'>sibi</span> <span class='ocrx_word' id='word_1_178' title='bbox 720 2174 891 2231; x_wconf 85' lang='lat' dir='ltr'>alieni</span> <span class='ocrx_word' id='word_1_179' title='bbox 913 2175 1231 2243; x_wconf 82' lang='lat' dir='ltr'>vindicant,</span> <span class='ocrx_word' id='word_1_180' title='bbox 1256 2180 1311 2231; x_wconf 90' lang='lat' dir='ltr'>et</span> <span class='ocrx_word' id='word_1_181' title='bbox 1332 2175 1562 2230; x_wconf 87' lang='lat' dir='ltr'>servitio</span> <span class='ocrx_word' id='word_1_182' title='bbox 1586 2173 1927 2247; x_wconf 88' lang='lat' dir='ltr'>opprimunt</span> 
     </span>
    </p>
   </div>
   <div class='ocr_carea' id='block_1_24' title="bbox 286 2262 1924 2340">
    <p class='ocr_par' dir='ltr' id='par_1_24' title="bbox 286 2262 1924 2340">
     <span class='ocr_line' id='line_1_24' title="bbox 286 2262 1924 2340; baseline -0.004 -17"><span class='ocrx_word' id='word_1_183' title='bbox 286 2265 568 2340; x_wconf 88' lang='lat' dir='ltr'>populum</span> <span class='ocrx_word' id='word_1_184' title='bbox 600 2265 721 2331; x_wconf 88' lang='lat' dir='ltr'>Dei,</span> <span class='ocrx_word' id='word_1_185' title='bbox 755 2268 820 2320; x_wconf 92' lang='lat' dir='ltr'>ut</span> <span class='ocrx_word' id='word_1_186' title='bbox 849 2266 1030 2321; x_wconf 86' lang='lat' dir='ltr'>servis</span> <span class='ocrx_word' id='word_1_187' title='bbox 1061 2265 1189 2335; x_wconf 87' lang='lat' dir='ltr'>ejus</span> <span class='ocrx_word' id='word_1_188' title='bbox 1236 2280 1463 2332; x_wconf 90' lang='lat' dir='ltr'>nocere,</span> <span class='ocrx_word' id='word_1_189' title='bbox 1508 2267 1565 2319; x_wconf 90' lang='lat' dir='ltr'>et</span> <span class='ocrx_word' id='word_1_190' title='bbox 1612 2262 1924 2319; x_wconf 89' lang='lat' dir='ltr'>humiliare</span> 
     </span>
    </p>
   </div>
   <div class='ocr_carea' id='block_1_25' title="bbox 287 2351 1926 2425">
    <p class='ocr_par' dir='ltr' id='par_1_25' title="bbox 287 2351 1926 2425">
     <span class='ocr_line' id='line_1_25' title="bbox 287 2351 1926 2425; baseline -0.004 -14"><span class='ocrx_word' id='word_1_191' title='bbox 287 2359 566 2412; x_wconf 88' lang='lat' dir='ltr'>conentur</span> <span class='ocrx_word' id='word_1_192' title='bbox 597 2358 830 2410; x_wconf 89' lang='lat' dir='ltr'>sanctos</span> <span class='ocrx_word' id='word_1_193' title='bbox 862 2353 983 2409; x_wconf 90' lang='lat' dir='ltr'>Dei.</span> <span class='ocrx_word' id='word_1_194' title='bbox 1009 2353 1269 2424; x_wconf 89' lang='lat' dir='ltr'>Denique</span> <span class='ocrx_word' id='word_1_195' title='bbox 1299 2351 1424 2425; x_wconf 89' lang='lat' dir='ltr'>ipse</span> <span class='ocrx_word' id='word_1_196' title='bbox 1456 2352 1637 2407; x_wconf 88' lang='lat' dir='ltr'>Filius</span> <span class='ocrx_word' id='word_1_197' title='bbox 1657 2352 1755 2406; x_wconf 90' lang='lat' dir='ltr'>Dei</span> <span class='ocrx_word' id='word_1_198' title='bbox 1779 2351 1926 2406; x_wconf 89' lang='lat' dir='ltr'>nihil</span> 
     </span>
    </p>
   </div>
   <div class='ocr_carea' id='block_1_26' title="bbox 287 2441 1921 2514">
    <p class='ocr_par' dir='ltr' id='par_1_26' title="bbox 287 2441 1921 2514">
     <span class='ocr_line' id='line_1_26' title="bbox 287 2441 1921 2514; baseline -0.002 -14"><span class='ocrx_word' id='word_1_199' title='bbox 287 2444 391 2501; x_wconf 79' lang='lat' dir='ltr'>sibi</span> <span class='ocrx_word' id='word_1_200' title='bbox 425 2461 495 2500; x_wconf 81' lang='lat' dir='ltr'>ex</span> <span class='ocrx_word' id='word_1_201' title='bbox 524 2443 634 2499; x_wconf 90' lang='lat' dir='ltr'>hoc</span> <span class='ocrx_word' id='word_1_202' title='bbox 666 2443 885 2498; x_wconf 90' lang='lat' dir='ltr'>mundo</span> <span class='ocrx_word' id='word_1_203' title='bbox 911 2441 1324 2497; x_wconf 89' lang='lat' dir='ltr'>vindicandum</span> <span class='ocrx_word' id='word_1_204' title='bbox 1361 2441 1604 2514; x_wconf 85' lang='lat' dir='ltr'>putavit,</span> <span class='ocrx_word' id='word_1_205' title='bbox 1625 2441 1782 2497; x_wconf 90' lang='lat' dir='ltr'>unde</span> <span class='ocrx_word' id='word_1_206' title='bbox 1804 2441 1921 2496; x_wconf 86' lang='lat' dir='ltr'>ait:</span> 
     </span>
    </p>
   </div>
   <div class='ocr_carea' id='block_1_27' title="bbox 293 2531 1925 2603">
    <p class='ocr_par' dir='ltr' id='par_1_27' title="bbox 293 2531 1925 2603">
     <span class='ocr_line' id='line_1_27' title="bbox 293 2531 1925 2603; baseline -0.004 -13"><span class='ocrx_word' id='word_1_207' title='bbox 293 2536 438 2591; x_wconf 77' lang='lat' dir='ltr'>Venit</span> <span class='ocrx_word' id='word_1_208' title='bbox 469 2532 664 2588; x_wconf 83' lang='lat' dir='ltr'>mundi</span> <span class='ocrx_word' id='word_1_209' title='bbox 691 2533 854 2603; x_wconf 83' lang='lat' dir='ltr'>hujus</span> <span class='ocrx_word' id='word_1_210' title='bbox 880 2533 1155 2603; x_wconf 83' lang='lat' dir='ltr'>princeps,</span> <span class='ocrx_word' id='word_1_211' title='bbox 1188 2538 1238 2585; x_wconf 91' lang='lat' dir='ltr'>et</span> <span class='ocrx_word' id='word_1_212' title='bbox 1284 2532 1346 2585; x_wconf 89' lang='lat' dir='ltr'>in</span> <span class='ocrx_word' id='word_1_213' title='bbox 1386 2546 1473 2585; x_wconf 87' lang='lat' dir='ltr'>me</span> <span class='ocrx_word' id='word_1_214' title='bbox 1517 2531 1756 2585; x_wconf 74' lang='lat' dir='ltr'>inveniet</span> <span class='ocrx_word' id='word_1_215' title='bbox 1782 2531 1925 2585; x_wconf 80' lang='lat' dir='ltr'>nihil</span> 
     </span>
    </p>
   </div>
   <div class='ocr_carea' id='block_1_28' title="bbox 284 2618 1929 2693">
    <p class='ocr_par' dir='ltr' id='par_1_28' title="bbox 284 2618 1929 2693">
     <span class='ocr_line' id='line_1_28' title="bbox 284 2618 1929 2693; baseline -0.004 -13"><span class='ocrx_word' id='word_1_216' title='bbox 284 2624 460 2693; x_wconf 85' lang='lat' dir='ltr'>(Joan.</span> <span class='ocrx_word' id='word_1_217' title='bbox 489 2638 609 2689; x_wconf 70' lang='lat' dir='ltr'>xxv,</span> <span class='ocrx_word' id='word_1_218' title='bbox 655 2621 775 2691; x_wconf 87' lang='grc'>30).</span> <span class='ocrx_word' id='word_1_219' title='bbox 822 2620 1043 2676; x_wconf 86' lang='lat' dir='ltr'>Diversi</span> <span class='ocrx_word' id='word_1_220' title='bbox 1090 2635 1227 2691; x_wconf 82' lang='lat' dir='ltr'>ergo</span> <span class='ocrx_word' id='word_1_221' title='bbox 1277 2618 1499 2674; x_wconf 89' lang='lat' dir='ltr'>domini</span> <span class='ocrx_word' id='word_1_222' title='bbox 1559 2618 1616 2673; x_wconf 91' lang='lat' dir='ltr'>in</span> <span class='ocrx_word' id='word_1_223' title='bbox 1650 2619 1929 2675; x_wconf 88' lang='lat' dir='ltr'>servitute</span> 
     </span>
    </p>
   </div>
   <div class='ocr_carea' id='block_1_29' title="bbox 288 2706 1929 2775">
    <p class='ocr_par' dir='ltr' id='par_1_29' title="bbox 288 2706 1929 2775">
     <span class='ocr_line' id='line_1_29' title="bbox 288 2706 1929 2775; baseline -0.004 -7"><span class='ocrx_word' id='word_1_224' title='bbox 288 2729 393 2768; x_wconf 90' lang='lat' dir='ltr'>nos</span> <span class='ocrx_word' id='word_1_225' title='bbox 450 2710 656 2767; x_wconf 89' lang='lat' dir='ltr'>volunt</span> <span class='ocrx_word' id='word_1_226' title='bbox 712 2715 929 2775; x_wconf 90' lang='lat' dir='ltr'>tenere,</span> <span class='ocrx_word' id='word_1_227' title='bbox 986 2709 1240 2764; x_wconf 84' lang='lat' dir='ltr'>incessat</span> <span class='ocrx_word' id='word_1_228' title='bbox 1297 2706 1590 2773; x_wconf 87' lang='lat' dir='ltr'>diabolus,</span> <span class='ocrx_word' id='word_1_229' title='bbox 1648 2707 1929 2764; x_wconf 84' lang='lat' dir='ltr'>infestant</span> 
     </span>
    </p>
   </div>
   <div class='ocr_carea' id='block_1_30' title="bbox 282 2796 1931 2874">
    <p class='ocr_par' dir='ltr' id='par_1_30' title="bbox 282 2796 1931 2874">
     <span class='ocr_line' id='line_1_30' title="bbox 282 2796 1931 2874; baseline -0.002 -17"><span class='ocrx_word' id='word_1_230' title='bbox 282 2800 475 2874; x_wconf 84' lang='lat' dir='ltr'>angeli</span> <span class='ocrx_word' id='word_1_231' title='bbox 521 2800 652 2871; x_wconf 84' lang='lat' dir='ltr'>ejus</span> <span class='ocrx_word' id='word_1_232' title='bbox 712 2797 1014 2871; x_wconf 88' lang='lat' dir='ltr'>passiones</span> <span class='ocrx_word' id='word_1_233' title='bbox 1074 2802 1385 2869; x_wconf 90' lang='lat' dir='ltr'>motusque</span> <span class='ocrx_word' id='word_1_234' title='bbox 1451 2797 1711 2868; x_wconf 89' lang='lat' dir='ltr'>corporis</span> <span class='ocrx_word' id='word_1_235' title='bbox 1773 2796 1931 2854; x_wconf 88' lang='lat' dir='ltr'>velut</span> 
     </span>
    </p>
   </div>
   <div class='ocr_carea' id='block_1_31' title="bbox 285 2885 1930 2958">
    <p class='ocr_par' dir='ltr' id='par_1_31' title="bbox 285 2885 1930 2958">
     <span class='ocr_line' id='line_1_31' title="bbox 285 2885 1930 2958; baseline -0.002 -14"><span class='ocrx_word' id='word_1_236' title='bbox 285 2887 588 2948; x_wconf 89' lang='lat' dir='ltr'>domestici</span> <span class='ocrx_word' id='word_1_237' title='bbox 625 2891 799 2958; x_wconf 88' lang='lat' dir='ltr'>atque</span> <span class='ocrx_word' id='word_1_238' title='bbox 827 2885 1091 2942; x_wconf 87' lang='lat' dir='ltr'>intestini</span> <span class='ocrx_word' id='word_1_239' title='bbox 1137 2885 1335 2943; x_wconf 88' lang='lat' dir='ltr'>hostes</span> <span class='ocrx_word' id='word_1_240' title='bbox 1386 2885 1731 2957; x_wconf 84' lang='lat' dir='ltr'>inquietant.</span> <span class='ocrx_word' id='word_1_241' title='bbox 1766 2886 1930 2941; x_wconf 89' lang='lat' dir='ltr'>Foris</span> 
     </span>
    </p>
   </div>
   <div class='ocr_carea' id='block_1_32' title="bbox 283 2973 1931 3051">
    <p class='ocr_par' dir='ltr' id='par_1_32' title="bbox 283 2973 1931 3051">
     <span class='ocr_line' id='line_1_32' title="bbox 283 2973 1931 3051; baseline -0.003 -17"><span class='ocrx_word' id='word_1_242' title='bbox 283 2995 514 3051; x_wconf 74' lang='lat' dir='ltr'>pugnae,</span> <span class='ocrx_word' id='word_1_243' title='bbox 550 2976 713 3031; x_wconf 88' lang='lat' dir='ltr'>intus</span> <span class='ocrx_word' id='word_1_244' title='bbox 744 2975 986 3031; x_wconf 90' lang='lat' dir='ltr'>timores</span> <span class='ocrx_word' id='word_1_245' title='bbox 1015 2993 1027 3029; x_wconf 91' lang='lat'>:</span> <span class='ocrx_word' id='word_1_246' title='bbox 1063 2974 1203 3030; x_wconf 81' lang='lat' dir='ltr'>foris</span> <span class='ocrx_word' id='word_1_247' title='bbox 1237 2990 1467 3047; x_wconf 64' lang='lat' dir='ltr'>pugna,</span> <span class='ocrx_word' id='word_1_248' title='bbox 1521 2973 1681 3030; x_wconf 88' lang='lat' dir='ltr'>intus</span> <span class='ocrx_word' id='word_1_249' title='bbox 1712 2975 1931 3047; x_wconf 89' lang='lat' dir='ltr'>cupidi-</span> 
     </span>
    </p>
   </div>
   <div class='ocr_carea' id='block_1_33' title="bbox 285 3062 1931 3135">
    <p class='ocr_par' dir='ltr' id='par_1_33' title="bbox 285 3062 1931 3135">
     <span class='ocr_line' id='line_1_33' title="bbox 285 3062 1931 3135; baseline -0.002 -13"><span class='ocrx_word' id='word_1_250' title='bbox 285 3070 454 3123; x_wconf 80' lang='lat' dir='ltr'>tates.</span> <span class='ocrx_word' id='word_1_251' title='bbox 487 3064 696 3121; x_wconf 88' lang='lat' dir='ltr'>Aliena</span> <span class='ocrx_word' id='word_1_252' title='bbox 726 3068 815 3120; x_wconf 85' lang='lat' dir='ltr'>est</span> <span class='ocrx_word' id='word_1_253' title='bbox 844 3062 999 3118; x_wconf 90' lang='lat' dir='ltr'>enim</span> <span class='ocrx_word' id='word_1_254' title='bbox 1031 3063 1243 3118; x_wconf 90' lang='lat' dir='ltr'>interni</span> <span class='ocrx_word' id='word_1_255' title='bbox 1293 3062 1553 3135; x_wconf 89' lang='lat' dir='ltr'>corporis</span> <span class='ocrx_word' id='word_1_256' title='bbox 1596 3063 1931 3120; x_wconf 84' lang='lat' dir='ltr'>substantia</span> 
     </span>
    </p>
   </div>
   <div class='ocr_carea' id='block_1_34' title="bbox 282 3151 1980 3226">
    <p class='ocr_par' dir='ltr' id='par_1_34' title="bbox 282 3151 1980 3226">
     <span class='ocr_line' id='line_1_34' title="bbox 282 3151 1980 3226; baseline -0.003 -16"><span class='ocrx_word' id='word_1_257' title='bbox 282 3152 527 3226; x_wconf 88' lang='lat' dir='ltr'>puritati</span> <span class='ocrx_word' id='word_1_258' title='bbox 560 3151 774 3219; x_wconf 88' lang='lat' dir='ltr'>cordis,</span> <span class='ocrx_word' id='word_1_259' title='bbox 809 3156 865 3208; x_wconf 90' lang='lat' dir='ltr'>et</span> <span class='ocrx_word' id='word_1_260' title='bbox 892 3151 1023 3207; x_wconf 91' lang='lat' dir='ltr'>ideo</span> <span class='ocrx_word' id='word_1_261' title='bbox 1064 3152 1389 3225; x_wconf 87' lang='lat' dir='ltr'>impugnat,</span> <span class='ocrx_word' id='word_1_262' title='bbox 1441 3151 1530 3207; x_wconf 89' lang='lat' dir='ltr'>vel</span> <span class='ocrx_word' id='word_1_263' title='bbox 1573 3156 1725 3208; x_wconf 85' lang='lat' dir='ltr'>certe</span> <span class='ocrx_word' id='word_1_264' title='bbox 1758 3168 1929 3224; x_wconf 91' lang='lat' dir='ltr'>rcpu-</span> <span class='ocrx_word' id='word_1_265' title='bbox 1968 3157 1980 3226; x_wconf 66' lang='grc' dir='ltr'>ς</span> 
     </span>
    </p>
   </div>
   <div class='ocr_carea' id='block_1_35' title="bbox 2024 566 3669 640">
    <p class='ocr_par' dir='ltr' id='par_1_35' title="bbox 2024 566 3669 640">
     <span class='ocr_line' id='line_1_35' title="bbox 2024 566 3669 640; baseline 0.001 -18"><span class='ocrx_word' id='word_1_266' title='bbox 2024 566 2110 622; x_wconf 83' lang='lat' dir='ltr'>vel</span> <span class='ocrx_word' id='word_1_267' title='bbox 2146 571 2417 640; x_wconf 87' lang='lat' dir='ltr'>argentea</span> <span class='ocrx_word' id='word_1_268' title='bbox 2448 567 2664 639; x_wconf 88' lang='lat' dir='ltr'>quibus</span> <span class='ocrx_word' id='word_1_269' title='bbox 2691 567 2763 622; x_wconf 92' lang='lat' dir='ltr'>ad</span> <span class='ocrx_word' id='word_1_270' title='bbox 2813 571 3048 640; x_wconf 83' lang='lat' dir='ltr'>tempus</span> <span class='ocrx_word' id='word_1_271' title='bbox 3100 571 3426 634; x_wconf 82' lang='lat' dir='ltr'>uterentur,</span> <span class='ocrx_word' id='word_1_272' title='bbox 3470 584 3669 623; x_wconf 88' lang='lat' dir='ltr'>secum</span> 
     </span>
    </p>
   </div>
   <div class='ocr_carea' id='block_1_36' title="bbox 2027 657 3667 730">
    <p class='ocr_par' dir='ltr' id='par_1_36' title="bbox 2027 657 3667 730">
     <span class='ocr_line' id='line_1_36' title="bbox 2027 657 3667 730; baseline -0.002 -17"><span class='ocrx_word' id='word_1_273' title='bbox 2027 657 2373 723; x_wconf 88' lang='lat' dir='ltr'>auferant,et</span> <span class='ocrx_word' id='word_1_274' title='bbox 2399 657 3414 730; x_wconf 66' lang='lat' dir='ltr'>depraedentur.£gyptios(Exod.xn,</span> <span class='ocrx_word' id='word_1_275' title='bbox 3442 657 3532 724; x_wconf 85' lang='lat'>35,</span> <span class='ocrx_word' id='word_1_276' title='bbox 3556 659 3667 729; x_wconf 84' lang='lat'>36).</span> 
     </span>
    </p>
   </div>
   <div class='ocr_carea' id='block_1_37' title="bbox 2027 745 3669 818">
    <p class='ocr_par' dir='ltr' id='par_1_37' title="bbox 2027 745 3669 818">
     <span class='ocr_line' id='line_1_37' title="bbox 2027 745 3669 818; baseline 0.001 -16"><span class='ocrx_word' id='word_1_277' title='bbox 2027 746 2155 802; x_wconf 68' lang='lat' dir='ltr'>Haec</span> <span class='ocrx_word' id='word_1_278' title='bbox 2182 763 2319 802; x_wconf 86' lang='lat' dir='ltr'>vasa</span> <span class='ocrx_word' id='word_1_279' title='bbox 2350 751 2696 818; x_wconf 81' lang='lat' dir='ltr'>acceperunt</span> <span class='ocrx_word' id='word_1_280' title='bbox 2744 745 3037 802; x_wconf 85' lang='lat' dir='ltr'>voluntate</span> <span class='ocrx_word' id='word_1_281' title='bbox 3074 746 3326 814; x_wconf 87' lang='lat' dir='ltr'>Domini,</span> <span class='ocrx_word' id='word_1_282' title='bbox 3380 751 3437 803; x_wconf 89' lang='lat' dir='ltr'>et</span> <span class='ocrx_word' id='word_1_283' title='bbox 3469 764 3669 803; x_wconf 87' lang='lat' dir='ltr'>secum</span> 
     </span>
    </p>
   </div>
   <div class='ocr_carea' id='block_1_38' title="bbox 2026 835 3672 909">
    <p class='ocr_par' dir='ltr' id='par_1_38' title="bbox 2026 835 3672 909">
     <span class='ocr_line' id='line_1_38' title="bbox 2026 835 3672 909; baseline 0 -17"><span class='ocrx_word' id='word_1_284' title='bbox 2026 853 2094 892; x_wconf 90' lang='lat' dir='ltr'>ea</span> <span class='ocrx_word' id='word_1_285' title='bbox 2125 836 2417 902; x_wconf 87' lang='lat' dir='ltr'>auferunt,</span> <span class='ocrx_word' id='word_1_286' title='bbox 2452 835 2591 907; x_wconf 89' lang='lat' dir='ltr'>quia</span> <span class='ocrx_word' id='word_1_287' title='bbox 2620 836 3065 892; x_wconf 86' lang='lat' dir='ltr'>resurrectionis</span> <span class='ocrx_word' id='word_1_288' title='bbox 3098 835 3200 891; x_wconf 85' lang='lat' dir='ltr'>filii</span> <span class='ocrx_word' id='word_1_289' title='bbox 3250 840 3409 902; x_wconf 88' lang='lat' dir='ltr'>sunt,</span> <span class='ocrx_word' id='word_1_290' title='bbox 3455 837 3672 909; x_wconf 85' lang='lat' dir='ltr'>quibus</span> 
     </span>
    </p>
   </div>
   <div class='ocr_carea' id='block_1_39' title="bbox 2028 925 3674 999">
    <p class='ocr_par' dir='ltr' id='par_1_39' title="bbox 2028 925 3674 999">
     <span class='ocr_line' id='line_1_39' title="bbox 2028 925 3674 999; baseline 0 -19"><span class='ocrx_word' id='word_1_291' title='bbox 2028 925 2273 981; x_wconf 85' lang='lat' dir='ltr'>dicitur:</span> <span class='ocrx_word' id='word_1_292' title='bbox 2302 927 2449 981; x_wconf 76' lang='lat'>34]</span> <span class='ocrx_word' id='word_1_293' title='bbox 2486 926 2603 981; x_wconf 76' lang='lat' dir='ltr'>Non</span> <span class='ocrx_word' id='word_1_294' title='bbox 2647 925 2853 997; x_wconf 82' lang='lat' dir='ltr'>peribit</span> <span class='ocrx_word' id='word_1_295' title='bbox 2888 926 3118 997; x_wconf 81' lang='lat' dir='ltr'>capillus</span> <span class='ocrx_word' id='word_1_296' title='bbox 3167 927 3231 982; x_wconf 83' lang='lat' dir='ltr'>de</span> <span class='ocrx_word' id='word_1_297' title='bbox 3276 928 3455 999; x_wconf 84' lang='lat' dir='ltr'>capite</span> <span class='ocrx_word' id='word_1_298' title='bbox 3500 930 3674 983; x_wconf 84' lang='lat' dir='ltr'>vestro</span> 
     </span>
    </p>
   </div>
   <div class='ocr_carea' id='block_1_40' title="bbox 2029 1013 3672 1088">
    <p class='ocr_par' dir='ltr' id='par_1_40' title="bbox 2029 1013 3672 1088">
     <span class='ocr_line' id='line_1_40' title="bbox 2029 1013 3672 1088; baseline 0.001 -19"><span class='ocrx_word' id='word_1_299' title='bbox 2029 1016 2179 1085; x_wconf 84' lang='lat' dir='ltr'>(Luc.</span> <span class='ocrx_word' id='word_1_300' title='bbox 2215 1031 2330 1081; x_wconf 78' lang='lat' dir='ltr'>xx1,</span> <span class='ocrx_word' id='word_1_301' title='bbox 2366 1015 2473 1083; x_wconf 76' lang='lat'>18).</span> <span class='ocrx_word' id='word_1_302' title='bbox 2508 1014 2663 1069; x_wconf 80' lang='lat' dir='ltr'>Vasa</span> <span class='ocrx_word' id='word_1_303' title='bbox 2712 1014 2834 1069; x_wconf 70' lang='lat' dir='ltr'>haec</span> <span class='ocrx_word' id='word_1_304' title='bbox 2888 1013 3135 1086; x_wconf 58' lang='lat' dir='ltr'>.tEgyptii</span> <span class='ocrx_word' id='word_1_305' title='bbox 3196 1014 3502 1083; x_wconf 87' lang='lat' dir='ltr'>dederunt,</span> <span class='ocrx_word' id='word_1_306' title='bbox 3547 1033 3672 1088; x_wconf 76' lang='lat' dir='ltr'>qure</span> 
     </span>
    </p>
   </div>
   <div class='ocr_carea' id='block_1_41' title="bbox 2030 1103 3675 1176">
    <p class='ocr_par' dir='ltr' id='par_1_41' title="bbox 2030 1103 3675 1176">
     <span class='ocr_line' id='line_1_41' title="bbox 2030 1103 3675 1176; baseline 0.001 -16"><span class='ocrx_word' id='word_1_307' title='bbox 2030 1105 2100 1160; x_wconf 92' lang='lat' dir='ltr'>de</span> <span class='ocrx_word' id='word_1_308' title='bbox 2128 1113 2279 1160; x_wconf 86' lang='lat' dir='ltr'>terra</span> <span class='ocrx_word' id='word_1_309' title='bbox 2326 1103 2659 1159; x_wconf 87' lang='lat' dir='ltr'>afllictionis</span> <span class='ocrx_word' id='word_1_310' title='bbox 2704 1108 2844 1159; x_wconf 90' lang='lat' dir='ltr'>sunt</span> <span class='ocrx_word' id='word_1_311' title='bbox 2890 1109 3230 1176; x_wconf 89' lang='lat' dir='ltr'>assumpta;</span> <span class='ocrx_word' id='word_1_312' title='bbox 3283 1109 3341 1160; x_wconf 88' lang='lat' dir='ltr'>et</span> <span class='ocrx_word' id='word_1_313' title='bbox 3389 1109 3529 1160; x_wconf 87' lang='lat' dir='ltr'>sunt</span> <span class='ocrx_word' id='word_1_314' title='bbox 3559 1105 3675 1161; x_wconf 87' lang='lat' dir='ltr'>alia</span> 
     </span>
    </p>
   </div>
   <div class='ocr_carea' id='block_1_42' title="bbox 2031 1192 3668 1265">
    <p class='ocr_par' dir='ltr' id='par_1_42' title="bbox 2031 1192 3668 1265">
     <span class='ocr_line' id='line_1_42' title="bbox 2031 1192 3668 1265; baseline 0.001 -17"><span class='ocrx_word' id='word_1_315' title='bbox 2031 1210 2226 1261; x_wconf 89' lang='lat' dir='ltr'>aurea,</span> <span class='ocrx_word' id='word_1_316' title='bbox 2262 1193 2375 1248; x_wconf 86' lang='lat' dir='ltr'>alia</span> <span class='ocrx_word' id='word_1_317' title='bbox 2406 1198 2697 1265; x_wconf 87' lang='lat' dir='ltr'>argentea,</span> <span class='ocrx_word' id='word_1_318' title='bbox 2733 1192 2872 1265; x_wconf 89' lang='lat' dir='ltr'>quia</span> <span class='ocrx_word' id='word_1_319' title='bbox 2892 1194 3083 1249; x_wconf 90' lang='lat' dir='ltr'>omnis</span> <span class='ocrx_word' id='word_1_320' title='bbox 3105 1194 3474 1250; x_wconf 87' lang='lat' dir='ltr'>creaturaDei</span> <span class='ocrx_word' id='word_1_321' title='bbox 3497 1195 3668 1261; x_wconf 86' lang='lat' dir='ltr'>bona,</span> 
     </span>
    </p>
   </div>
   <div class='ocr_carea' id='block_1_43' title="bbox 2030 1282 3671 1356">
    <p class='ocr_par' dir='ltr' id='par_1_43' title="bbox 2030 1282 3671 1356">
     <span class='ocr_line' id='line_1_43' title="bbox 2030 1282 3671 1356; baseline -0.001 -17"><span class='ocrx_word' id='word_1_322' title='bbox 2030 1288 2086 1339; x_wconf 91' lang='lat' dir='ltr'>et</span> <span class='ocrx_word' id='word_1_323' title='bbox 2119 1282 2369 1338; x_wconf 77' lang='lat' dir='ltr'>maxime</span> <span class='ocrx_word' id='word_1_324' title='bbox 2400 1282 2658 1339; x_wconf 86' lang='lat' dir='ltr'>hominis</span> <span class='ocrx_word' id='word_1_325' title='bbox 2688 1283 2744 1337; x_wconf 90' lang='lat' dir='ltr'>in</span> <span class='ocrx_word' id='word_1_326' title='bbox 2773 1282 2941 1338; x_wconf 79' lang='lat' dir='ltr'>terris</span> <span class='ocrx_word' id='word_1_327' title='bbox 2960 1282 3467 1354; x_wconf 65' lang='lat' dir='ltr'>priestantissima,</span> <span class='ocrx_word' id='word_1_328' title='bbox 3495 1299 3671 1356; x_wconf 88' lang='lat' dir='ltr'>quam</span> 
     </span>
    </p>
   </div>
   <div class='ocr_carea' id='block_1_44' title="bbox 2030 1371 3674 1444">
    <p class='ocr_par' dir='ltr' id='par_1_44' title="bbox 2030 1371 3674 1444">
     <span class='ocr_line' id='line_1_44' title="bbox 2030 1371 3674 1444; baseline 0.001 -18"><span class='ocrx_word' id='word_1_329' title='bbox 2030 1371 2335 1427; x_wconf 86' lang='lat' dir='ltr'>honoravit</span> <span class='ocrx_word' id='word_1_330' title='bbox 2365 1372 2541 1440; x_wconf 87' lang='lat' dir='ltr'>Deus,</span> <span class='ocrx_word' id='word_1_331' title='bbox 2575 1376 2639 1427; x_wconf 90' lang='lat' dir='ltr'>ut</span> <span class='ocrx_word' id='word_1_332' title='bbox 2661 1373 2973 1444; x_wconf 83' lang='lat' dir='ltr'>inspiraret</span> <span class='ocrx_word' id='word_1_333' title='bbox 3003 1373 3060 1426; x_wconf 93' lang='lat' dir='ltr'>in</span> <span class='ocrx_word' id='word_1_334' title='bbox 3090 1372 3297 1428; x_wconf 81' lang='lat' dir='ltr'>faciem</span> <span class='ocrx_word' id='word_1_335' title='bbox 3329 1373 3460 1444; x_wconf 87' lang='lat' dir='ltr'>ejus</span> <span class='ocrx_word' id='word_1_336' title='bbox 3503 1372 3674 1444; x_wconf 90' lang='lat' dir='ltr'>spiri-</span> 
     </span>
    </p>
   </div>
   <div class='ocr_carea' id='block_1_45' title="bbox 2030 1460 3673 1532">
    <p class='ocr_par' dir='ltr' id='par_1_45' title="bbox 2030 1460 3673 1532">
     <span class='ocr_line' id='line_1_45' title="bbox 2030 1460 3673 1532; baseline 0.001 -17"><span class='ocrx_word' id='word_1_337' title='bbox 2030 1464 2155 1515; x_wconf 89' lang='lat' dir='ltr'>tum</span> <span class='ocrx_word' id='word_1_338' title='bbox 2224 1460 2373 1528; x_wconf 68' lang='lat' dir='ltr'>vitaa,</span> <span class='ocrx_word' id='word_1_339' title='bbox 2435 1467 2490 1516; x_wconf 89' lang='lat' dir='ltr'>et</span> <span class='ocrx_word' id='word_1_340' title='bbox 2547 1461 2821 1517; x_wconf 89' lang='lat' dir='ltr'>omnibus</span> <span class='ocrx_word' id='word_1_341' title='bbox 2877 1461 3193 1532; x_wconf 67' lang='lat' dir='ltr'>praeﬁceret</span> <span class='ocrx_word' id='word_1_342' title='bbox 3250 1462 3673 1518; x_wconf 84' lang='lat' dir='ltr'>animantibus.</span> 
     </span>
    </p>
   </div>
   <div class='ocr_carea' id='block_1_46' title="bbox 2032 1548 3675 1621">
    <p class='ocr_par' dir='ltr' id='par_1_46' title="bbox 2032 1548 3675 1621">
     <span class='ocr_line' id='line_1_46' title="bbox 2032 1548 3675 1621; baseline 0.002 -18"><span class='ocrx_word' id='word_1_343' title='bbox 2032 1549 2159 1603; x_wconf 62' lang='lat' dir='ltr'>Haec</span> <span class='ocrx_word' id='word_1_344' title='bbox 2191 1548 2292 1603; x_wconf 89' lang='lat' dir='ltr'>illa</span> <span class='ocrx_word' id='word_1_345' title='bbox 2320 1554 2461 1605; x_wconf 90' lang='lat' dir='ltr'>sunt</span> <span class='ocrx_word' id='word_1_346' title='bbox 2485 1566 2624 1605; x_wconf 89' lang='lat' dir='ltr'>vasa</span> <span class='ocrx_word' id='word_1_347' title='bbox 2656 1550 2725 1605; x_wconf 88' lang='lat' dir='ltr'>de</span> <span class='ocrx_word' id='word_1_348' title='bbox 2752 1549 2969 1621; x_wconf 89' lang='lat' dir='ltr'>quibus</span> <span class='ocrx_word' id='word_1_349' title='bbox 3001 1550 3138 1605; x_wconf 82' lang='lat' dir='ltr'>dicit</span> <span class='ocrx_word' id='word_1_350' title='bbox 3168 1551 3484 1621; x_wconf 84' lang='lat' dir='ltr'>Apostolus</span> <span class='ocrx_word' id='word_1_351' title='bbox 3509 1567 3521 1604; x_wconf 91' lang='lat'>:</span> <span class='ocrx_word' id='word_1_352' title='bbox 3570 1553 3675 1606; x_wconf 86' lang='lat' dir='ltr'>Ha-</span> 
     </span>
    </p>
   </div>
   <div class='ocr_carea' id='block_1_47' title="bbox 2035 1638 3671 1714">
    <p class='ocr_par' dir='ltr' id='par_1_47' title="bbox 2035 1638 3671 1714">
     <span class='ocr_line' id='line_1_47' title="bbox 2035 1638 3671 1714; baseline 0.001 -21"><span class='ocrx_word' id='word_1_353' title='bbox 2035 1640 2218 1694; x_wconf 84' lang='lat' dir='ltr'>bemus</span> <span class='ocrx_word' id='word_1_354' title='bbox 2249 1638 2569 1694; x_wconf 77' lang='lat' dir='ltr'>thesaurum</span> <span class='ocrx_word' id='word_1_355' title='bbox 2601 1641 2661 1693; x_wconf 86' lang='lat' dir='ltr'>in</span> <span class='ocrx_word' id='word_1_356' title='bbox 2690 1641 2835 1693; x_wconf 84' lang='lat' dir='ltr'>vasis</span> <span class='ocrx_word' id='word_1_357' title='bbox 2885 1640 3148 1709; x_wconf 84' lang='lat' dir='ltr'>ﬁctilibus</span> <span class='ocrx_word' id='word_1_358' title='bbox 3199 1640 3268 1711; x_wconf 86' lang='lat' dir='ltr'>(II</span> <span class='ocrx_word' id='word_1_359' title='bbox 3326 1643 3451 1698; x_wconf 89' lang='lat' dir='ltr'>Cor.</span> <span class='ocrx_word' id='word_1_360' title='bbox 3488 1659 3562 1709; x_wconf 85' lang='lat' dir='ltr'>IV,</span> <span class='ocrx_word' id='word_1_361' title='bbox 3595 1643 3671 1714; x_wconf 87' lang='lat'>7).</span> 
     </span>
    </p>
   </div>
   <div class='ocr_carea' id='block_1_48' title="bbox 2034 1726 3680 1805">
    <p class='ocr_par' dir='ltr' id='par_1_48' title="bbox 2034 1726 3680 1805">
     <span class='ocr_line' id='line_1_48' title="bbox 2034 1726 3680 1805; baseline 0.002 -23"><span class='ocrx_word' id='word_1_362' title='bbox 2034 1726 2162 1782; x_wconf 71' lang='lat' dir='ltr'>Haec</span> <span class='ocrx_word' id='word_1_363' title='bbox 2195 1731 2282 1783; x_wconf 87' lang='lat' dir='ltr'>est</span> <span class='ocrx_word' id='word_1_364' title='bbox 2310 1727 2488 1783; x_wconf 84' lang='lat' dir='ltr'>vestis</span> <span class='ocrx_word' id='word_1_365' title='bbox 2544 1726 2943 1799; x_wconf 48' lang='lat' dir='ltr'>iEgyptiorum</span> <span class='ocrx_word' id='word_1_366' title='bbox 3004 1744 3121 1799; x_wconf 91' lang='lat' dir='ltr'>qua</span> <span class='ocrx_word' id='word_1_367' title='bbox 3175 1729 3420 1805; x_wconf 86' lang='lat' dir='ltr'>vestitur</span> <span class='ocrx_word' id='word_1_368' title='bbox 3483 1731 3680 1785; x_wconf 86' lang='lat' dir='ltr'>anima</span> 
     </span>
    </p>
   </div>
   <div class='ocr_carea' id='block_1_49' title="bbox 2035 1815 3677 1889">
    <p class='ocr_par' dir='ltr' id='par_1_49' title="bbox 2035 1815 3677 1889">
     <span class='ocr_line' id='line_1_49' title="bbox 2035 1815 3677 1889; baseline 0.002 -18"><span class='ocrx_word' id='word_1_369' title='bbox 2035 1820 2256 1883; x_wconf 86' lang='lat' dir='ltr'>nostra,</span> <span class='ocrx_word' id='word_1_370' title='bbox 2288 1818 2353 1871; x_wconf 91' lang='lat' dir='ltr'>ut</span> <span class='ocrx_word' id='word_1_371' title='bbox 2380 1815 2726 1888; x_wconf 89' lang='lat' dir='ltr'>locupletior</span> <span class='ocrx_word' id='word_1_372' title='bbox 2751 1816 2888 1872; x_wconf 89' lang='lat' dir='ltr'>hinc</span> <span class='ocrx_word' id='word_1_373' title='bbox 2919 1818 3170 1886; x_wconf 90' lang='lat' dir='ltr'>recedat,</span> <span class='ocrx_word' id='word_1_374' title='bbox 3205 1823 3263 1873; x_wconf 90' lang='lat' dir='ltr'>et</span> <span class='ocrx_word' id='word_1_375' title='bbox 3293 1835 3408 1889; x_wconf 90' lang='lat' dir='ltr'>quo</span> <span class='ocrx_word' id='word_1_376' title='bbox 3438 1818 3533 1874; x_wconf 91' lang='lat' dir='ltr'>hic</span> <span class='ocrx_word' id='word_1_377' title='bbox 3584 1835 3677 1875; x_wconf 85' lang='lat' dir='ltr'>ve-</span> 
     </span>
    </p>
   </div>
   <div class='ocr_carea' id='block_1_50' title="bbox 2037 1903 3676 1976">
    <p class='ocr_par' dir='ltr' id='par_1_50' title="bbox 2037 1903 3676 1976">
     <span class='ocr_line' id='line_1_50' title="bbox 2037 1903 3676 1976; baseline 0.002 -17"><span class='ocrx_word' id='word_1_378' title='bbox 2037 1903 2343 1961; x_wconf 88' lang='lat' dir='ltr'>hementer</span> <span class='ocrx_word' id='word_1_379' title='bbox 2372 1904 2700 1976; x_wconf 86' lang='lat' dir='ltr'>laborabat,</span> <span class='ocrx_word' id='word_1_380' title='bbox 2740 1904 3040 1962; x_wconf 86' lang='lat' dir='ltr'>liberetur.</span> <span class='ocrx_word' id='word_1_381' title='bbox 3076 1907 3202 1962; x_wconf 84' lang='lat' dir='ltr'>Non</span> <span class='ocrx_word' id='word_1_382' title='bbox 3261 1906 3452 1963; x_wconf 92' lang='lat' dir='ltr'>solum</span> <span class='ocrx_word' id='word_1_383' title='bbox 3519 1906 3676 1963; x_wconf 89' lang='lat' dir='ltr'>enim</span> 
     </span>
    </p>
   </div>
   <div class='ocr_carea' id='block_1_51' title="bbox 2035 1994 3679 2067">
    <p class='ocr_par' dir='ltr' id='par_1_51' title="bbox 2035 1994 3679 2067">
     <span class='ocr_line' id='line_1_51' title="bbox 2035 1994 3679 2067; baseline 0.001 -17"><span class='ocrx_word' id='word_1_384' title='bbox 2035 1995 2227 2050; x_wconf 89' lang='lat' dir='ltr'>omnis</span> <span class='ocrx_word' id='word_1_385' title='bbox 2256 1997 2525 2051; x_wconf 89' lang='lat' dir='ltr'>creatura</span> <span class='ocrx_word' id='word_1_386' title='bbox 2554 1994 2908 2066; x_wconf 87' lang='lat' dir='ltr'>ingemiscit,</span> <span class='ocrx_word' id='word_1_387' title='bbox 2941 2001 2997 2050; x_wconf 90' lang='lat' dir='ltr'>et</span> <span class='ocrx_word' id='word_1_388' title='bbox 3041 1997 3310 2067; x_wconf 89' lang='lat' dir='ltr'>parturit,</span> <span class='ocrx_word' id='word_1_389' title='bbox 3359 1998 3459 2052; x_wconf 89' lang='lat' dir='ltr'>sed</span> <span class='ocrx_word' id='word_1_390' title='bbox 3504 1996 3679 2052; x_wconf 89' lang='lat' dir='ltr'>etiam</span> 
     </span>
    </p>
   </div>
   <div class='ocr_carea' id='block_1_52' title="bbox 2036 2082 3773 2156">
    <p class='ocr_par' dir='ltr' id='par_1_52' title="bbox 2036 2082 3773 2156">
     <span class='ocr_line' id='line_1_52' title="bbox 2036 2082 3773 2156; baseline 0.002 -15"><span class='ocrx_word' id='word_1_391' title='bbox 2036 2102 2163 2154; x_wconf 92' lang='lat' dir='ltr'>nos,</span> <span class='ocrx_word' id='word_1_392' title='bbox 2197 2085 2378 2140; x_wconf 89' lang='lat' dir='ltr'>donec</span> <span class='ocrx_word' id='word_1_393' title='bbox 2411 2082 2602 2139; x_wconf 89' lang='lat' dir='ltr'>veniat</span> <span class='ocrx_word' id='word_1_394' title='bbox 2645 2083 2967 2156; x_wconf 83' lang='lat' dir='ltr'>redemptio</span> <span class='ocrx_word' id='word_1_395' title='bbox 3009 2086 3267 2155; x_wconf 48' lang='lat' dir='ltr'>corporis</span> <span class='ocrx_word' id='word_1_396' title='bbox 3309 2088 3513 2143; x_wconf 89' lang='lat' dir='ltr'>nostri.</span> <span class='ocrx_word' id='word_1_397' title='bbox 3569 2090 3679 2145; x_wconf 85' lang='lat' dir='ltr'>Ha-</span> <span class='ocrx_word' id='word_1_398' title='bbox 3768 2104 3773 2107; x_wconf 73' lang='lat'><em>‘</em></span> 
     </span>
    </p>
   </div>
   <div class='ocr_carea' id='block_1_53' title="bbox 2036 2173 3683 2250">
    <p class='ocr_par' dir='ltr' id='par_1_53' title="bbox 2036 2173 3683 2250">
     <span class='ocr_line' id='line_1_53' title="bbox 2036 2173 3683 2250; baseline 0.003 -20"><span class='ocrx_word' id='word_1_399' title='bbox 2036 2175 2131 2230; x_wconf 90' lang='lat' dir='ltr'>bet</span> <span class='ocrx_word' id='word_1_400' title='bbox 2150 2174 2437 2230; x_wconf 84' lang='lat' dir='ltr'>Dominus</span> <span class='ocrx_word' id='word_1_401' title='bbox 2459 2190 2657 2228; x_wconf 91' lang='lat' dir='ltr'>curam</span> <span class='ocrx_word' id='word_1_402' title='bbox 2679 2173 2871 2245; x_wconf 88' lang='lat' dir='ltr'>operis</span> <span class='ocrx_word' id='word_1_403' title='bbox 2895 2173 3009 2241; x_wconf 89' lang='lat' dir='ltr'>sui,</span> <span class='ocrx_word' id='word_1_404' title='bbox 3043 2174 3218 2231; x_wconf 87' lang='lat' dir='ltr'>habet</span> <span class='ocrx_word' id='word_1_405' title='bbox 3238 2180 3461 2232; x_wconf 57' lang='lat' dir='ltr'>natura</span> <span class='ocrx_word' id='word_1_406' title='bbox 3492 2194 3683 2250; x_wconf 87' lang='lat' dir='ltr'>prom-</span> 
     </span>
    </p>
   </div>
   <div class='ocr_carea' id='block_1_54' title="bbox 2036 2261 3675 2335">
    <p class='ocr_par' dir='ltr' id='par_1_54' title="bbox 2036 2261 3675 2335">
     <span class='ocr_line' id='line_1_54' title="bbox 2036 2261 3675 2335; baseline 0.004 -18"><span class='ocrx_word' id='word_1_407' title='bbox 2036 2269 2147 2335; x_wconf 72' lang='lat' dir='ltr'>ptae</span> <span class='ocrx_word' id='word_1_408' title='bbox 2175 2263 2232 2317; x_wconf 91' lang='lat' dir='ltr'>in</span> <span class='ocrx_word' id='word_1_409' title='bbox 2266 2261 2580 2334; x_wconf 85' lang='lat' dir='ltr'>plerisque,</span> <span class='ocrx_word' id='word_1_410' title='bbox 2615 2262 2685 2316; x_wconf 86' lang='lat' dir='ltr'>ad</span> <span class='ocrx_word' id='word_1_411' title='bbox 2730 2262 3013 2318; x_wconf 90' lang='lat' dir='ltr'>rationem</span> <span class='ocrx_word' id='word_1_412' title='bbox 3064 2264 3179 2334; x_wconf 84' lang='lat'>(36)</span> <span class='ocrx_word' id='word_1_413' title='bbox 3239 2282 3304 2320; x_wconf 88' lang='lat' dir='ltr'>ac</span> <span class='ocrx_word' id='word_1_414' title='bbox 3334 2265 3675 2323; x_wconf 87' lang='lat' dir='ltr'>benevolen-</span> 
     </span>
    </p>
   </div>
   <div class='ocr_carea' id='block_1_55' title="bbox 2035 2347 3679 2422">
    <p class='ocr_par' dir='ltr' id='par_1_55' title="bbox 2035 2347 3679 2422">
     <span class='ocr_line' id='line_1_55' title="bbox 2035 2347 3679 2422; baseline 0.004 -17"><span class='ocrx_word' id='word_1_415' title='bbox 2035 2348 2201 2405; x_wconf 88' lang='lat' dir='ltr'>tiam.</span> <span class='ocrx_word' id='word_1_416' title='bbox 2234 2349 2432 2420; x_wconf 79' lang='lat' dir='ltr'>Neque</span> <span class='ocrx_word' id='word_1_417' title='bbox 2463 2349 2619 2403; x_wconf 90' lang='lat' dir='ltr'>enim</span> <span class='ocrx_word' id='word_1_418' title='bbox 2650 2347 2835 2403; x_wconf 83' lang='lat' dir='ltr'>excidi</span> <span class='ocrx_word' id='word_1_419' title='bbox 2858 2354 2913 2404; x_wconf 84' lang='lat' dir='ltr'>et</span> <span class='ocrx_word' id='word_1_420' title='bbox 2936 2351 3119 2420; x_wconf 86' lang='lat' dir='ltr'>perire</span> <span class='ocrx_word' id='word_1_421' title='bbox 3145 2352 3402 2422; x_wconf 82' lang='lat' dir='ltr'>patimur</span> <span class='ocrx_word' id='word_1_422' title='bbox 3422 2355 3679 2412; x_wconf 89' lang='lat' dir='ltr'>arbores.</span> 
     </span>
    </p>
   </div>
   <div class='ocr_carea' id='block_1_56' title="bbox 2037 2437 3685 2516">
    <p class='ocr_par' dir='ltr' id='par_1_56' title="bbox 2037 2437 3685 2516">
     <span class='ocr_line' id='line_1_56' title="bbox 2037 2437 3685 2516; baseline 0.006 -25"><span class='ocrx_word' id='word_1_423' title='bbox 2037 2455 2288 2510; x_wconf 90' lang='lat' dir='ltr'>quarum</span> <span class='ocrx_word' id='word_1_424' title='bbox 2322 2437 2477 2492; x_wconf 90' lang='lat' dir='ltr'>circa</span> <span class='ocrx_word' id='word_1_425' title='bbox 2508 2438 2729 2509; x_wconf 88' lang='lat' dir='ltr'>primos</span> <span class='ocrx_word' id='word_1_426' title='bbox 2762 2438 2987 2494; x_wconf 87' lang='lat' dir='ltr'>fructus</span> <span class='ocrx_word' id='word_1_427' title='bbox 3011 2441 3181 2496; x_wconf 90' lang='lat' dir='ltr'>nobis</span> <span class='ocrx_word' id='word_1_428' title='bbox 3208 2442 3400 2498; x_wconf 87' lang='lat' dir='ltr'>fetura</span> <span class='ocrx_word' id='word_1_429' title='bbox 3420 2461 3685 2516; x_wconf 89' lang='lat' dir='ltr'>prorum-</span> 
     </span>
    </p>
   </div>
   <div class='ocr_carea' id='block_1_57' title="bbox 2039 2525 3684 2600">
    <p class='ocr_par' dir='ltr' id='par_1_57' title="bbox 2039 2525 3684 2600">
     <span class='ocr_line' id='line_1_57' title="bbox 2039 2525 3684 2600; baseline 0.006 -20"><span class='ocrx_word' id='word_1_430' title='bbox 2039 2526 2143 2599; x_wconf 91' lang='lat' dir='ltr'>pit,</span> <span class='ocrx_word' id='word_1_431' title='bbox 2178 2526 2225 2582; x_wconf 90' lang='lat' dir='ltr'>si</span> <span class='ocrx_word' id='word_1_432' title='bbox 2258 2525 2575 2598; x_wconf 87' lang='lat' dir='ltr'>posteriore</span> <span class='ocrx_word' id='word_1_433' title='bbox 2605 2530 2773 2581; x_wconf 65' lang='lat' dir='ltr'>{etate</span> <span class='ocrx_word' id='word_1_434' title='bbox 2803 2544 2901 2583; x_wconf 88' lang='lat' dir='ltr'>eas</span> <span class='ocrx_word' id='word_1_435' title='bbox 2933 2532 3255 2585; x_wconf 89' lang='lat' dir='ltr'>autventus</span> <span class='ocrx_word' id='word_1_436' title='bbox 3279 2532 3554 2600; x_wconf 88' lang='lat' dir='ltr'>decutiat,</span> <span class='ocrx_word' id='word_1_437' title='bbox 3584 2540 3684 2590; x_wconf 90' lang='lat' dir='ltr'>aut</span> 
     </span>
    </p>
   </div>
   <div class='ocr_carea' id='block_1_58' title="bbox 2038 2614 3679 2681">
    <p class='ocr_par' dir='ltr' id='par_1_58' title="bbox 2038 2614 3679 2681">
     <span class='ocr_line' id='line_1_58' title="bbox 2038 2614 3679 2681; baseline 0.004 -10"><span class='ocrx_word' id='word_1_438' title='bbox 2038 2614 2125 2671; x_wconf 90' lang='lat' dir='ltr'>sol</span> <span class='ocrx_word' id='word_1_439' title='bbox 2156 2615 2382 2681; x_wconf 81' lang='lat' dir='ltr'>adurat,</span> <span class='ocrx_word' id='word_1_440' title='bbox 2419 2619 2519 2670; x_wconf 89' lang='lat' dir='ltr'>aut</span> <span class='ocrx_word' id='word_1_441' title='bbox 2545 2614 2889 2671; x_wconf 78' lang='lat' dir='ltr'>sut’ﬁcienda</span> <span class='ocrx_word' id='word_1_442' title='bbox 2933 2620 2989 2671; x_wconf 88' lang='lat' dir='ltr'>et</span> <span class='ocrx_word' id='word_1_443' title='bbox 3035 2618 3539 2677; x_wconf 89' lang='lat' dir='ltr'>subministranda</span> <span class='ocrx_word' id='word_1_444' title='bbox 3567 2623 3679 2678; x_wconf 88' lang='lat' dir='ltr'>vir-</span> 
     </span>
    </p>
   </div>
   <div class='ocr_carea' id='block_1_59' title="bbox 2036 2703 3682 2779">
    <p class='ocr_par' dir='ltr' id='par_1_59' title="bbox 2036 2703 3682 2779">
     <span class='ocr_line' id='line_1_59' title="bbox 2036 2703 3682 2779; baseline 0.005 -20"><span class='ocrx_word' id='word_1_445' title='bbox 2036 2708 2159 2760; x_wconf 86' lang='lat' dir='ltr'>tute</span> <span class='ocrx_word' id='word_1_446' title='bbox 2185 2703 2552 2759; x_wconf 88' lang='lat' dir='ltr'>sieeitatibus</span> <span class='ocrx_word' id='word_1_447' title='bbox 2582 2703 2813 2758; x_wconf 81' lang='lat' dir='ltr'>deﬁciat</span> <span class='ocrx_word' id='word_1_448' title='bbox 2844 2704 3178 2761; x_wconf 87' lang='lat' dir='ltr'>substantia</span> <span class='ocrx_word' id='word_1_449' title='bbox 3212 2707 3322 2779; x_wconf 83' lang='lat'>(37)</span> <span class='ocrx_word' id='word_1_450' title='bbox 3349 2724 3361 2761; x_wconf 94' lang='lat'>:</span> <span class='ocrx_word' id='word_1_451' title='bbox 3405 2710 3507 2764; x_wconf 91' lang='lat' dir='ltr'>sed</span> <span class='ocrx_word' id='word_1_452' title='bbox 3561 2727 3682 2767; x_wconf 88' lang='lat' dir='ltr'>me-</span> 
     </span>
    </p>
   </div>
   <div class='ocr_carea' id='block_1_60' title="bbox 2037 2792 3683 2855">
    <p class='ocr_par' dir='ltr' id='par_1_60' title="bbox 2037 2792 3683 2855">
     <span class='ocr_line' id='line_1_60' title="bbox 2037 2792 3683 2855; baseline 0.004 -7"><span class='ocrx_word' id='word_1_453' title='bbox 2037 2792 2285 2848; x_wconf 76' lang='lat' dir='ltr'>lioribus</span> <span class='ocrx_word' id='word_1_454' title='bbox 2345 2793 2506 2848; x_wconf 88' lang='lat' dir='ltr'>auris</span> <span class='ocrx_word' id='word_1_455' title='bbox 2565 2792 2894 2849; x_wconf 74' lang='lat' dir='ltr'>differimus</span> <span class='ocrx_word' id='word_1_456' title='bbox 2951 2794 3392 2851; x_wconf 75' lang='lat' dir='ltr'>examinandas.</span> <span class='ocrx_word' id='word_1_457' title='bbox 3440 2798 3510 2852; x_wconf 86' lang='lat' dir='ltr'>Et</span> <span class='ocrx_word' id='word_1_458' title='bbox 3554 2799 3683 2855; x_wconf 90' lang='lat' dir='ltr'>ideo</span> 
     </span>
    </p>
   </div>
   <div class='ocr_carea' id='block_1_61' title="bbox 2039 2880 3682 2943">
    <p class='ocr_par' dir='ltr' id='par_1_61' title="bbox 2039 2880 3682 2943">
     <span class='ocr_line' id='line_1_61' title="bbox 2039 2880 3682 2943; baseline 0.004 -7"><span class='ocrx_word' id='word_1_459' title='bbox 2039 2880 2324 2936; x_wconf 89' lang='lat' dir='ltr'>Dominus</span> <span class='ocrx_word' id='word_1_460' title='bbox 2355 2880 2508 2936; x_wconf 88' lang='lat' dir='ltr'>Deus</span> <span class='ocrx_word' id='word_1_461' title='bbox 2539 2884 2738 2935; x_wconf 86' lang='lat' dir='ltr'>noster</span> <span class='ocrx_word' id='word_1_462' title='bbox 2780 2881 2942 2936; x_wconf 72' lang='lat' dir='ltr'>bonaa</span> <span class='ocrx_word' id='word_1_463' title='bbox 2997 2880 3313 2940; x_wconf 79' lang='lat' dir='ltr'>voluntatis</span> <span class='ocrx_word' id='word_1_464' title='bbox 3347 2901 3682 2943; x_wconf 86' lang='lat' dir='ltr'>remunera-</span> 
     </span>
    </p>
   </div>
   <div class='ocr_carea' id='block_1_62' title="bbox 2039 2968 3685 3046">
    <p class='ocr_par' dir='ltr' id='par_1_62' title="bbox 2039 2968 3685 3046">
     <span class='ocr_line' id='line_1_62' title="bbox 2039 2968 3685 3046; baseline 0.003 -22"><span class='ocrx_word' id='word_1_465' title='bbox 2039 2973 2150 3035; x_wconf 88' lang='lat' dir='ltr'>tor,</span> <span class='ocrx_word' id='word_1_466' title='bbox 2183 2969 2358 3025; x_wconf 87' lang='lat' dir='ltr'>etiam</span> <span class='ocrx_word' id='word_1_467' title='bbox 2418 2968 2622 3041; x_wconf 71' lang='lat' dir='ltr'>prima:</span> <span class='ocrx_word' id='word_1_468' title='bbox 2674 2970 2874 3024; x_wconf 72' lang='lat' dir='ltr'>fetura:</span> <span class='ocrx_word' id='word_1_469' title='bbox 2923 2974 3099 3042; x_wconf 88' lang='lat' dir='ltr'>atque</span> <span class='ocrx_word' id='word_1_470' title='bbox 3148 2972 3366 3028; x_wconf 89' lang='lat' dir='ltr'>indolis</span> <span class='ocrx_word' id='word_1_471' title='bbox 3412 2973 3523 3046; x_wconf 90' lang='lat'>(38)</span> <span class='ocrx_word' id='word_1_472' title='bbox 3556 2992 3685 3032; x_wconf 90' lang='lat' dir='ltr'>con-</span> 
     </span>
    </p>
   </div>
   <div class='ocr_carea' id='block_1_63' title="bbox 2040 3056 3682 3133">
    <p class='ocr_par' dir='ltr' id='par_1_63' title="bbox 2040 3056 3682 3133">
     <span class='ocr_line' id='line_1_63' title="bbox 2040 3056 3682 3133; baseline 0.005 -20"><span class='ocrx_word' id='word_1_473' title='bbox 2040 3056 2482 3129; x_wconf 90' lang='lat' dir='ltr'>templationem</span> <span class='ocrx_word' id='word_1_474' title='bbox 2510 3057 2733 3113; x_wconf 83' lang='lat' dir='ltr'>habens</span> <span class='ocrx_word' id='word_1_475' title='bbox 2765 3076 2938 3115; x_wconf 89' lang='lat' dir='ltr'>omne</span> <span class='ocrx_word' id='word_1_476' title='bbox 2970 3059 3168 3133; x_wconf 88' lang='lat' dir='ltr'>colligi</span> <span class='ocrx_word' id='word_1_477' title='bbox 3216 3061 3436 3133; x_wconf 86' lang='lat' dir='ltr'>patitur</span> <span class='ocrx_word' id='word_1_478' title='bbox 3471 3065 3682 3123; x_wconf 66' lang='lat' dir='ltr'>animae</span> 
     </span>
    </p>
   </div>
   <div class='ocr_carea' id='block_1_64' title="bbox 2045 3146 3685 3218">
    <p class='ocr_par' dir='ltr' id='par_1_64' title="bbox 2045 3146 3685 3218">
     <span class='ocr_line' id='line_1_64' title="bbox 2045 3146 3685 3218; baseline 0.005 -17"><span class='ocrx_word' id='word_1_479' title='bbox 2045 3150 2254 3202; x_wconf 76' lang='lat' dir='ltr'>nostra:</span> <span class='ocrx_word' id='word_1_480' title='bbox 2279 3146 2698 3218; x_wconf 87' lang='lat' dir='ltr'>patrimonium</span> <span class='ocrx_word' id='word_1_481' title='bbox 2729 3152 2785 3203; x_wconf 89' lang='lat' dir='ltr'>et</span> <span class='ocrx_word' id='word_1_482' title='bbox 2833 3149 3132 3217; x_wconf 85' lang='lat' dir='ltr'>reservari,</span> <span class='ocrx_word' id='word_1_483' title='bbox 3181 3151 3360 3205; x_wconf 87' lang='lat' dir='ltr'>futuri</span> <span class='ocrx_word' id='word_1_484' title='bbox 3403 3152 3685 3210; x_wconf 88' lang='lat' dir='ltr'>adventus</span> 
     </span>
    </p>
   </div>
   <div class='ocr_carea' id='block_1_65' title="bbox 283 3214 2902 3316">
    <p class='ocr_par' dir='ltr' id='par_1_65' title="bbox 283 3214 2902 3316">
     <span class='ocr_line' id='line_1_65' title="bbox 283 3214 2902 3316; baseline -0.002 -17"><span class='ocrx_word' id='word_1_485' title='bbox 283 3214 443 3316; x_wconf 67' lang='lat' dir='ltr'>gnat.</span> <span class='ocrx_word' id='word_1_486' title='bbox 478 3240 708 3298; x_wconf 87' lang='lat' dir='ltr'>Bellum</span> <span class='ocrx_word' id='word_1_487' title='bbox 739 3214 874 3314; x_wconf 82' lang='lat' dir='ltr'>ergo</span> <span class='ocrx_word' id='word_1_488' title='bbox 906 3214 1311 3312; x_wconf 74' lang='lat' dir='ltr'>quotidianum</span> <span class='ocrx_word' id='word_1_489' title='bbox 1342 3214 1449 3310; x_wconf 80' lang='lat' dir='ltr'>est,</span> <span class='ocrx_word' id='word_1_490' title='bbox 1482 3244 1538 3296; x_wconf 91' lang='lat' dir='ltr'>et</span> <span class='ocrx_word' id='word_1_491' title='bbox 1556 3240 1707 3295; x_wconf 90' lang='lat' dir='ltr'>intra</span> <span class='ocrx_word' id='word_1_492' title='bbox 1740 3214 1931 3296; x_wconf 71' lang='lat' dir='ltr'>castra</span> <span class='ocrx_word' id='word_1_493' title='bbox 1963 3214 2005 3281; x_wconf 79' lang='lat' dir='ltr'>C</span> <span class='ocrx_word' id='word_1_494' title='bbox 2045 3233 2187 3289; x_wconf 79' lang='lat' dir='ltr'>illud</span> <span class='ocrx_word' id='word_1_495' title='bbox 2219 3214 2572 3307; x_wconf 40' lang='lat' dir='ltr'>pr‘Obaturus</span> <span class='ocrx_word' id='word_1_496' title='bbox 2604 3237 2902 3308; x_wconf 85' lang='lat' dir='ltr'>temperie.</span> 
     </span>
    </p>
   </div>
   <div class='ocr_carea' id='block_1_66' title="bbox 284 3328 1931 3403">
    <p class='ocr_par' dir='ltr' id='par_1_66' title="bbox 284 3328 1931 3403">
     <span class='ocr_line' id='line_1_66' title="bbox 284 3328 1931 3403; baseline -0.002 -15"><span class='ocrx_word' id='word_1_497' title='bbox 284 3333 488 3388; x_wconf 89' lang='lat' dir='ltr'>eadem</span> <span class='ocrx_word' id='word_1_498' title='bbox 520 3347 699 3403; x_wconf 83' lang='lat' dir='ltr'>grave</span> <span class='ocrx_word' id='word_1_499' title='bbox 729 3329 1016 3403; x_wconf 63' lang='lat' dir='ltr'>praelium,</span> <span class='ocrx_word' id='word_1_500' title='bbox 1049 3330 1231 3386; x_wconf 90' lang='lat' dir='ltr'>donec</span> <span class='ocrx_word' id='word_1_501' title='bbox 1263 3328 1415 3384; x_wconf 91' lang='lat' dir='ltr'>Deus</span> <span class='ocrx_word' id='word_1_502' title='bbox 1446 3328 1781 3385; x_wconf 88' lang='lat' dir='ltr'>misericors</span> <span class='ocrx_word' id='word_1_503' title='bbox 1808 3330 1931 3385; x_wconf 85' lang='lat' dir='ltr'>dia-</span> 
     </span>
    </p>
   </div>
   <div class='ocr_carea' id='block_1_67' title="bbox 284 3416 1932 3490">
    <p class='ocr_par' dir='ltr' id='par_1_67' title="bbox 284 3416 1932 3490">
     <span class='ocr_line' id='line_1_67' title="bbox 284 3416 1932 3490; baseline 0 -16"><span class='ocrx_word' id='word_1_504' title='bbox 284 3417 487 3474; x_wconf 76' lang='lat' dir='ltr'>bolum</span> <span class='ocrx_word' id='word_1_505' title='bbox 549 3422 728 3489; x_wconf 89' lang='lat' dir='ltr'>atque</span> <span class='ocrx_word' id='word_1_506' title='bbox 793 3417 1098 3473; x_wconf 90' lang='lat' dir='ltr'>ministros</span> <span class='ocrx_word' id='word_1_507' title='bbox 1163 3418 1292 3490; x_wconf 90' lang='lat' dir='ltr'>ejus</span> <span class='ocrx_word' id='word_1_508' title='bbox 1327 3417 1575 3489; x_wconf 90' lang='lat' dir='ltr'>judicet,</span> <span class='ocrx_word' id='word_1_509' title='bbox 1627 3416 1932 3488; x_wconf 88' lang='lat' dir='ltr'>passiones</span> 
     </span>
    </p>
   </div>
   <div class='ocr_carea' id='block_1_68' title="bbox 284 3505 1936 3579">
    <p class='ocr_par' dir='ltr' id='par_1_68' title="bbox 284 3505 1936 3579">
     <span class='ocr_line' id='line_1_68' title="bbox 284 3505 1936 3579; baseline 0.001 -17"><span class='ocrx_word' id='word_1_510' title='bbox 284 3508 640 3579; x_wconf 86' lang='lat' dir='ltr'>restinguat,</span> <span class='ocrx_word' id='word_1_511' title='bbox 671 3522 737 3561; x_wconf 86' lang='lat' dir='ltr'>ac</span> <span class='ocrx_word' id='word_1_512' title='bbox 769 3506 1045 3577; x_wconf 87' lang='lat' dir='ltr'>subjiciat</span> <span class='ocrx_word' id='word_1_513' title='bbox 1072 3508 1253 3561; x_wconf 91' lang='lat' dir='ltr'>menti</span> <span class='ocrx_word' id='word_1_514' title='bbox 1276 3505 1488 3561; x_wconf 65' lang='lat' dir='ltr'>sedulae</span> <span class='ocrx_word' id='word_1_515' title='bbox 1513 3506 1644 3577; x_wconf 65' lang='lat'>(31),</span> <span class='ocrx_word' id='word_1_516' title='bbox 1668 3506 1936 3577; x_wconf 82' lang='lat' dir='ltr'>exquirat</span> 
     </span>
    </p>
   </div>
   <div class='ocr_carea' id='block_1_69' title="bbox 283 3594 1933 3667">
    <p class='ocr_par' dir='ltr' id='par_1_69' title="bbox 283 3594 1933 3667">
     <span class='ocr_line' id='line_1_69' title="bbox 283 3594 1933 3667; baseline -0.001 -16"><span class='ocrx_word' id='word_1_517' title='bbox 283 3596 517 3652; x_wconf 85' lang='lat' dir='ltr'>animas</span> <span class='ocrx_word' id='word_1_518' title='bbox 552 3600 786 3650; x_wconf 87' lang='lat' dir='ltr'>nostras</span> <span class='ocrx_word' id='word_1_519' title='bbox 815 3595 887 3650; x_wconf 87' lang='lat' dir='ltr'>de</span> <span class='ocrx_word' id='word_1_520' title='bbox 917 3594 1190 3651; x_wconf 86' lang='lat' dir='ltr'>omnibus</span> <span class='ocrx_word' id='word_1_521' title='bbox 1220 3595 1579 3663; x_wconf 84' lang='lat' dir='ltr'>oll‘cnsionis,</span> <span class='ocrx_word' id='word_1_522' title='bbox 1613 3600 1669 3650; x_wconf 90' lang='lat' dir='ltr'>et</span> <span class='ocrx_word' id='word_1_523' title='bbox 1692 3595 1933 3667; x_wconf 89' lang='lat' dir='ltr'>periculi</span> 
     </span>
    </p>
   </div>
   <div class='ocr_carea' id='block_1_70' title="bbox 286 3682 1936 3757">
    <p class='ocr_par' dir='ltr' id='par_1_70' title="bbox 286 3682 1936 3757">
     <span class='ocr_line' id='line_1_70' title="bbox 286 3682 1936 3757; baseline -0.001 -16"><span class='ocrx_word' id='word_1_524' title='bbox 286 3685 470 3748; x_wconf 88' lang='lat' dir='ltr'>nostri</span> <span class='ocrx_word' id='word_1_525' title='bbox 504 3685 867 3750; x_wconf 87' lang='lat' dir='ltr'>auctoribus,</span> <span class='ocrx_word' id='word_1_526' title='bbox 902 3684 1001 3757; x_wconf 90' lang='lat' dir='ltr'>qui</span> <span class='ocrx_word' id='word_1_527' title='bbox 1043 3682 1159 3739; x_wconf 87' lang='lat' dir='ltr'>ait:</span> <span class='ocrx_word' id='word_1_528' title='bbox 1220 3684 1552 3755; x_wconf 86' lang='lat' dir='ltr'>Sanguinem</span> <span class='ocrx_word' id='word_1_529' title='bbox 1609 3686 1936 3740; x_wconf 85' lang='lat' dir='ltr'>animarum</span> 
     </span>
    </p>
   </div>
   <div class='ocr_carea' id='block_1_71' title="bbox 282 3772 1936 3844">
    <p class='ocr_par' dir='ltr' id='par_1_71' title="bbox 282 3772 1936 3844">
     <span class='ocr_line' id='line_1_71' title="bbox 282 3772 1936 3844; baseline 0 -16"><span class='ocrx_word' id='word_1_530' title='bbox 282 3779 593 3830; x_wconf 85' lang='lat' dir='ltr'>vestrarum</span> <span class='ocrx_word' id='word_1_531' title='bbox 620 3774 918 3844; x_wconf 72' lang='lat' dir='ltr'>exquiram</span> <span class='ocrx_word' id='word_1_532' title='bbox 944 3772 1009 3828; x_wconf 84' lang='lat' dir='ltr'>de</span> <span class='ocrx_word' id='word_1_533' title='bbox 1045 3773 1297 3827; x_wconf 86' lang='lat' dir='ltr'>manibus</span> <span class='ocrx_word' id='word_1_534' title='bbox 1343 3775 1591 3828; x_wconf 86' lang='lat' dir='ltr'>omnium</span> <span class='ocrx_word' id='word_1_535' title='bbox 1640 3773 1936 3828; x_wconf 84' lang='lat' dir='ltr'>bestiarum</span> 
     </span>
    </p>
   </div>
   <div class='ocr_carea' id='block_1_72' title="bbox 286 3860 1935 3935">
    <p class='ocr_par' dir='ltr' id='par_1_72' title="bbox 286 3860 1935 3935">
     <span class='ocr_line' id='line_1_72' title="bbox 286 3860 1935 3935; baseline -0.001 -16"><span class='ocrx_word' id='word_1_536' title='bbox 286 3863 440 3935; x_wconf 84' lang='lat' dir='ltr'>(Gen.</span> <span class='ocrx_word' id='word_1_537' title='bbox 474 3880 554 3930; x_wconf 69' lang='grc' dir='ltr'>ιχ,</span> <span class='ocrx_word' id='word_1_538' title='bbox 585 3863 664 3933; x_wconf 93' lang='lat'>5).</span> <span class='ocrx_word' id='word_1_539' title='bbox 698 3862 768 3916; x_wconf 90' lang='lat' dir='ltr'>Et</span> <span class='ocrx_word' id='word_1_540' title='bbox 796 3862 1052 3918; x_wconf 86' lang='lat' dir='ltr'>Joannes</span> <span class='ocrx_word' id='word_1_541' title='bbox 1104 3860 1249 3916; x_wconf 87' lang='lat' dir='ltr'>vidit</span> <span class='ocrx_word' id='word_1_542' title='bbox 1292 3865 1349 3916; x_wconf 90' lang='lat' dir='ltr'>et</span> <span class='ocrx_word' id='word_1_543' title='bbox 1379 3861 1557 3917; x_wconf 84' lang='lat' dir='ltr'>dixit:</span> <span class='ocrx_word' id='word_1_544' title='bbox 1620 3862 1760 3930; x_wconf 86' lang='lat' dir='ltr'>Quia</span> <span class='ocrx_word' id='word_1_545' title='bbox 1789 3878 1935 3918; x_wconf 88' lang='lat' dir='ltr'>mors</span> 
     </span>
    </p>
   </div>
   <div class='ocr_carea' id='block_1_73' title="bbox 284 3952 1931 4037">
    <p class='ocr_par' dir='ltr' id='par_1_73' title="bbox 284 3952 1931 4037">
     <span class='ocr_line' id='line_1_73' title="bbox 284 3952 1931 4037; baseline 0.001 -30"><span class='ocrx_word' id='word_1_546' title='bbox 284 3956 347 4007; x_wconf 82' lang='lat' dir='ltr'>et</span> <span class='ocrx_word' id='word_1_547' title='bbox 396 3954 652 4023; x_wconf 76' lang='lat' dir='ltr'>infernus</span> <span class='ocrx_word' id='word_1_548' title='bbox 704 3952 863 4006; x_wconf 85' lang='lat' dir='ltr'>missi</span> <span class='ocrx_word' id='word_1_549' title='bbox 916 3954 1043 4006; x_wconf 84' lang='lat' dir='ltr'>sunt</span> <span class='ocrx_word' id='word_1_550' title='bbox 1099 3952 1158 4005; x_wconf 84' lang='lat' dir='ltr'>in</span> <span class='ocrx_word' id='word_1_551' title='bbox 1209 3959 1469 4020; x_wconf 83' lang='lat' dir='ltr'>stagnum</span> <span class='ocrx_word' id='word_1_552' title='bbox 1535 3952 1680 4037; x_wconf 81' lang='lat' dir='ltr'>ignis</span> <span class='ocrx_word' id='word_1_553' title='bbox 1746 3952 1931 4023; x_wconf 82' lang='lat' dir='ltr'>(Apoc.</span> 
     </span>
    </p>
   </div>
   <div class='ocr_carea' id='block_1_74' title="bbox 286 4041 1376 4111">
    <p class='ocr_par' dir='ltr' id='par_1_74' title="bbox 286 4041 1376 4111">
     <span class='ocr_line' id='line_1_74' title="bbox 286 4041 1376 4111; baseline 0.001 -16"><span class='ocrx_word' id='word_1_554' title='bbox 286 4057 384 4107; x_wconf 66' lang='lat' dir='ltr'>xx,</span> <span class='ocrx_word' id='word_1_555' title='bbox 422 4041 531 4111; x_wconf 81' lang='grc'>14).</span> <span class='ocrx_word' id='word_1_556' title='bbox 1372 4047 1376 4051; x_wconf 90' lang='grc'><strong>’</strong></span> 
     </span>
    </p>
   </div>
   <div class='ocr_carea' id='block_1_75' title="bbox 358 4127 1932 4201">
    <p class='ocr_par' dir='ltr' id='par_1_75' title="bbox 358 4127 1932 4201">
     <span class='ocr_line' id='line_1_75' title="bbox 358 4127 1932 4201; baseline 0 -17"><span class='ocrx_word' id='word_1_557' title='bbox 358 4130 445 4185; x_wconf 88' lang='lat'>63.</span> <span class='ocrx_word' id='word_1_558' title='bbox 479 4134 689 4201; x_wconf 89' lang='lat' dir='ltr'>Itaque</span> <span class='ocrx_word' id='word_1_559' title='bbox 718 4127 1151 4199; x_wconf 83' lang='lat' dir='ltr'>exibuntjusti,</span> <span class='ocrx_word' id='word_1_560' title='bbox 1186 4132 1249 4183; x_wconf 91' lang='lat' dir='ltr'>ut</span> <span class='ocrx_word' id='word_1_561' title='bbox 1275 4127 1421 4183; x_wconf 89' lang='lat' dir='ltr'>nihil</span> <span class='ocrx_word' id='word_1_562' title='bbox 1474 4128 1546 4183; x_wconf 88' lang='lat' dir='ltr'>de</span> <span class='ocrx_word' id='word_1_563' title='bbox 1594 4145 1699 4184; x_wconf 91' lang='lat' dir='ltr'>suo</span> <span class='ocrx_word' id='word_1_564' title='bbox 1733 4128 1932 4184; x_wconf 87' lang='lat' dir='ltr'>dimit-</span> 
     </span>
    </p>
   </div>
   <div class='ocr_carea' id='block_1_76' title="bbox 285 4216 1930 4290">
    <p class='ocr_par' dir='ltr' id='par_1_76' title="bbox 285 4216 1930 4290">
     <span class='ocr_line' id='line_1_76' title="bbox 285 4216 1930 4290; baseline 0 -17"><span class='ocrx_word' id='word_1_565' title='bbox 285 4221 414 4273; x_wconf 87' lang='lat' dir='ltr'>tant</span> <span class='ocrx_word' id='word_1_566' title='bbox 442 4219 501 4274; x_wconf 91' lang='lat' dir='ltr'>in</span> <span class='ocrx_word' id='word_1_567' title='bbox 533 4217 646 4273; x_wconf 90' lang='lat' dir='ltr'>hac</span> <span class='ocrx_word' id='word_1_568' title='bbox 676 4222 868 4273; x_wconf 89' lang='lat' dir='ltr'>terra:</span> <span class='ocrx_word' id='word_1_569' title='bbox 904 4233 974 4272; x_wconf 91' lang='lat' dir='ltr'>ne</span> <span class='ocrx_word' id='word_1_570' title='bbox 1005 4216 1192 4288; x_wconf 88' lang='lat' dir='ltr'>spolia</span> <span class='ocrx_word' id='word_1_571' title='bbox 1222 4233 1422 4273; x_wconf 90' lang='lat' dir='ltr'>eorum</span> <span class='ocrx_word' id='word_1_572' title='bbox 1456 4217 1747 4273; x_wconf 88' lang='lat' dir='ltr'>resideant</span> <span class='ocrx_word' id='word_1_573' title='bbox 1776 4220 1930 4290; x_wconf 88' lang='lat' dir='ltr'>apud</span> 
     </span>
    </p>
   </div>
   <div class='ocr_carea' id='block_1_77' title="bbox 287 4305 1930 4376">
    <p class='ocr_par' dir='ltr' id='par_1_77' title="bbox 287 4305 1930 4376">
     <span class='ocr_line' id='line_1_77' title="bbox 287 4305 1930 4376; baseline 0.001 -17"><span class='ocrx_word' id='word_1_574' title='bbox 287 4305 511 4363; x_wconf 87' lang='lat' dir='ltr'>incolas</span> <span class='ocrx_word' id='word_1_575' title='bbox 541 4310 599 4362; x_wconf 90' lang='lat' dir='ltr'>et</span> <span class='ocrx_word' id='word_1_576' title='bbox 628 4321 999 4376; x_wconf 87' lang='lat' dir='ltr'>possessores</span> <span class='ocrx_word' id='word_1_577' title='bbox 1030 4305 1201 4361; x_wconf 89' lang='lat' dir='ltr'>istius</span> <span class='ocrx_word' id='word_1_578' title='bbox 1244 4309 1430 4362; x_wconf 65' lang='lat' dir='ltr'>terrae.</span> <span class='ocrx_word' id='word_1_579' title='bbox 1479 4306 1586 4370; x_wconf 89' lang='lat' dir='ltr'>Qui</span> <span class='ocrx_word' id='word_1_580' title='bbox 1637 4306 1812 4362; x_wconf 90' lang='lat' dir='ltr'>etiam</span> <span class='ocrx_word' id='word_1_581' title='bbox 1846 4308 1930 4362; x_wconf 89' lang='lat' dir='ltr'>sic</span> 
     </span>
    </p>
   </div>
   <div class='ocr_carea' id='block_1_78' title="bbox 287 4394 1927 4467">
    <p class='ocr_par' dir='ltr' id='par_1_78' title="bbox 287 4394 1927 4467">
     <span class='ocr_line' id='line_1_78' title="bbox 287 4394 1927 4467; baseline 0 -17"><span class='ocrx_word' id='word_1_582' title='bbox 287 4394 538 4450; x_wconf 83' lang='lat' dir='ltr'>abibunt</span> <span class='ocrx_word' id='word_1_583' title='bbox 568 4394 639 4450; x_wconf 89' lang='lat' dir='ltr'>de</span> <span class='ocrx_word' id='word_1_584' title='bbox 698 4400 854 4451; x_wconf 78' lang='lat' dir='ltr'>terra</span> <span class='ocrx_word' id='word_1_585' title='bbox 908 4394 1136 4467; x_wconf 64' lang='lat' dir='ltr'>{Egypti</span> <span class='ocrx_word' id='word_1_586' title='bbox 1203 4395 1338 4462; x_wconf 90' lang='lat' dir='ltr'>ista,</span> <span class='ocrx_word' id='word_1_587' title='bbox 1370 4400 1434 4450; x_wconf 91' lang='lat' dir='ltr'>ut</span> <span class='ocrx_word' id='word_1_588' title='bbox 1466 4411 1603 4450; x_wconf 87' lang='lat' dir='ltr'>vasa</span> <span class='ocrx_word' id='word_1_589' title='bbox 1655 4394 1766 4466; x_wconf 89' lang='grc'>(35)</span> <span class='ocrx_word' id='word_1_590' title='bbox 1802 4412 1927 4466; x_wconf 83' lang='lat' dir='ltr'>quae</span> 
     </span>
    </p>
   </div>
   <div class='ocr_carea' id='block_1_79' title="bbox 360 4535 1930 4617">
    <p class='ocr_par' dir='ltr' id='par_1_79' title="bbox 360 4535 1930 4617">
     <span class='ocr_line' id='line_1_79' title="bbox 360 4535 1930 4617; baseline 0.001 -27"><span class='ocrx_word' id='word_1_591' title='bbox 360 4537 468 4617; x_wconf 87' lang='lat'>(33)</span> <span class='ocrx_word' id='word_1_592' title='bbox 501 4535 670 4591; x_wconf 82' lang='lat' dir='ltr'>Rom.</span> <span class='ocrx_word' id='word_1_593' title='bbox 699 4536 860 4601; x_wconf 87' lang='lat' dir='ltr'>edit.,</span> <span class='ocrx_word' id='word_1_594' title='bbox 923 4536 1318 4617; x_wconf 72' lang='lat' dir='ltr'>acquirendum</span> <span class='ocrx_word' id='word_1_595' title='bbox 1371 4536 1478 4591; x_wconf 87' lang='lat' dir='ltr'>sibi</span> <span class='ocrx_word' id='word_1_596' title='bbox 1533 4537 1930 4617; x_wconf 56' lang='lat' dir='ltr'>emistimavefit</span> 
     </span>
    </p>
   </div>
   <div class='ocr_carea' id='block_1_80' title="bbox 2110 3323 3687 3399">
    <p class='ocr_par' dir='ltr' id='par_1_80' title="bbox 2110 3323 3687 3399">
     <span class='ocr_line' id='line_1_80' title="bbox 2110 3323 3687 3399; baseline 0.006 -22"><span class='ocrx_word' id='word_1_597' title='bbox 2110 3325 2203 3379; x_wconf 69' lang='grc'>64.</span> <span class='ocrx_word' id='word_1_598' title='bbox 2237 3323 2462 3379; x_wconf 89' lang='lat' dir='ltr'>Memor</span> <span class='ocrx_word' id='word_1_599' title='bbox 2489 3324 2684 3396; x_wconf 88' lang='lat' dir='ltr'>itaque</span> <span class='ocrx_word' id='word_1_600' title='bbox 2713 3325 2805 3380; x_wconf 92' lang='lat' dir='ltr'>sui</span> <span class='ocrx_word' id='word_1_601' title='bbox 2841 3326 3103 3383; x_wconf 90' lang='lat' dir='ltr'>muneris</span> <span class='ocrx_word' id='word_1_602' title='bbox 3151 3328 3301 3399; x_wconf 90' lang='lat' dir='ltr'>quod</span> <span class='ocrx_word' id='word_1_603' title='bbox 3358 3328 3687 3388; x_wconf 85' lang='lat' dir='ltr'>immortale</span> 
     </span>
    </p>
   </div>
   <div class='ocr_carea' id='block_1_81' title="bbox 2041 3410 3688 3489">
    <p class='ocr_par' dir='ltr' id='par_1_81' title="bbox 2041 3410 3688 3489">
     <span class='ocr_line' id='line_1_81' title="bbox 2041 3410 3688 3489; baseline 0.005 -22"><span class='ocrx_word' id='word_1_604' title='bbox 2041 3410 2224 3467; x_wconf 89' lang='lat' dir='ltr'>voluit</span> <span class='ocrx_word' id='word_1_605' title='bbox 2252 3428 2382 3467; x_wconf 86' lang='lat' dir='ltr'>esse</span> <span class='ocrx_word' id='word_1_606' title='bbox 2412 3413 2612 3485; x_wconf 78' lang='lat' dir='ltr'>aequis,</span> <span class='ocrx_word' id='word_1_607' title='bbox 2649 3414 2747 3469; x_wconf 89' lang='lat' dir='ltr'>sed</span> <span class='ocrx_word' id='word_1_608' title='bbox 2782 3414 2831 3470; x_wconf 92' lang='lat' dir='ltr'>si</span> <span class='ocrx_word' id='word_1_609' title='bbox 2863 3415 3033 3488; x_wconf 89' lang='lat' dir='ltr'>culpa</span> <span class='ocrx_word' id='word_1_610' title='bbox 3066 3434 3181 3471; x_wconf 89' lang='lat' dir='ltr'>non</span> <span class='ocrx_word' id='word_1_611' title='bbox 3231 3417 3581 3489; x_wconf 87' lang='lat' dir='ltr'>obrepsisset</span> <span class='ocrx_word' id='word_1_612' title='bbox 3629 3424 3688 3475; x_wconf 89' lang='lat' dir='ltr'>et</span> 
     </span>
    </p>
   </div>
   <div class='ocr_carea' id='block_1_82' title="bbox 2043 3500 3683 3575">
    <p class='ocr_par' dir='ltr' id='par_1_82' title="bbox 2043 3500 3683 3575">
     <span class='ocr_line' id='line_1_82' title="bbox 2043 3500 3683 3575; baseline 0.005 -21"><span class='ocrx_word' id='word_1_613' title='bbox 2043 3500 2233 3573; x_wconf 77' lang='lat' dir='ltr'>gravis</span> <span class='ocrx_word' id='word_1_614' title='bbox 2266 3518 2389 3571; x_wconf 75' lang='lat' dir='ltr'>qua:</span> <span class='ocrx_word' id='word_1_615' title='bbox 2420 3501 2553 3557; x_wconf 92' lang='lat' dir='ltr'>fecit</span> <span class='ocrx_word' id='word_1_616' title='bbox 2579 3506 2641 3556; x_wconf 90' lang='lat' dir='ltr'>ut</span> <span class='ocrx_word' id='word_1_617' title='bbox 2672 3519 2785 3557; x_wconf 91' lang='lat' dir='ltr'>non</span> <span class='ocrx_word' id='word_1_618' title='bbox 2820 3505 3117 3575; x_wconf 84' lang='lat' dir='ltr'>expediret</span> <span class='ocrx_word' id='word_1_619' title='bbox 3145 3505 3414 3562; x_wconf 90' lang='lat' dir='ltr'>homines</span> <span class='ocrx_word' id='word_1_620' title='bbox 3461 3507 3560 3564; x_wconf 90' lang='lat' dir='ltr'>diu</span> <span class='ocrx_word' id='word_1_621' title='bbox 3601 3507 3683 3562; x_wconf 83' lang='lat' dir='ltr'>vi-</span> 
     </span>
    </p>
   </div>
   <div class='ocr_carea' id='block_1_83' title="bbox 2043 3587 3684 3667">
    <p class='ocr_par' dir='ltr' id='par_1_83' title="bbox 2043 3587 3684 3667">
     <span class='ocr_line' id='line_1_83' title="bbox 2043 3587 3684 3667; baseline 0.007 -25"><span class='ocrx_word' id='word_1_622' title='bbox 2043 3604 2192 3654; x_wconf 89' lang='lat' dir='ltr'>vere,</span> <span class='ocrx_word' id='word_1_623' title='bbox 2228 3587 2307 3642; x_wconf 88' lang='lat' dir='ltr'>ait</span> <span class='ocrx_word' id='word_1_624' title='bbox 2353 3588 2425 3643; x_wconf 91' lang='lat' dir='ltr'>ad</span> <span class='ocrx_word' id='word_1_625' title='bbox 2479 3588 2816 3646; x_wconf 86' lang='lat' dir='ltr'>Abraham:</span> <span class='ocrx_word' id='word_1_626' title='bbox 2883 3596 2961 3646; x_wconf 85' lang='lat' dir='ltr'>Tu</span> <span class='ocrx_word' id='word_1_627' title='bbox 3007 3598 3190 3649; x_wconf 88' lang='lat' dir='ltr'>autem</span> <span class='ocrx_word' id='word_1_628' title='bbox 3248 3596 3352 3650; x_wconf 86' lang='lat' dir='ltr'>ibis</span> <span class='ocrx_word' id='word_1_629' title='bbox 3382 3597 3450 3652; x_wconf 88' lang='lat' dir='ltr'>ab</span> <span class='ocrx_word' id='word_1_630' title='bbox 3475 3613 3684 3667; x_wconf 85' lang='lat' dir='ltr'>paren-</span> 
     </span>
    </p>
   </div>
   <div class='ocr_carea' id='block_1_84' title="bbox 2044 3680 3682 3756">
    <p class='ocr_par' dir='ltr' id='par_1_84' title="bbox 2044 3680 3682 3756">
     <span class='ocr_line' id='line_1_84' title="bbox 2044 3680 3682 3756; baseline 0.007 -25"><span class='ocrx_word' id='word_1_631' title='bbox 2044 3686 2121 3732; x_wconf 87' lang='lat' dir='ltr'>tes</span> <span class='ocrx_word' id='word_1_632' title='bbox 2150 3680 2271 3731; x_wconf 84' lang='lat' dir='ltr'>tuos</span> <span class='ocrx_word' id='word_1_633' title='bbox 2302 3693 2422 3731; x_wconf 81' lang='lat' dir='ltr'>cum</span> <span class='ocrx_word' id='word_1_634' title='bbox 2447 3694 2595 3748; x_wconf 78' lang='lat' dir='ltr'>pace,</span> <span class='ocrx_word' id='word_1_635' title='bbox 2646 3681 2888 3735; x_wconf 79' lang='lat' dir='ltr'>nutritus</span> <span class='ocrx_word' id='word_1_636' title='bbox 2934 3683 2993 3735; x_wconf 88' lang='lat' dir='ltr'>in</span> <span class='ocrx_word' id='word_1_637' title='bbox 3030 3691 3300 3739; x_wconf 85' lang='lat' dir='ltr'>senectute</span> <span class='ocrx_word' id='word_1_638' title='bbox 3349 3686 3486 3740; x_wconf 86' lang='lat' dir='ltr'>bona</span> <span class='ocrx_word' id='word_1_639' title='bbox 3526 3686 3682 3756; x_wconf 86' lang='lat' dir='ltr'>(Gen.</span> 
     </span>
    </p>
   </div>
   <div class='ocr_carea' id='block_1_85' title="bbox 2042 3765 3682 3845">
    <p class='ocr_par' dir='ltr' id='par_1_85' title="bbox 2042 3765 3682 3845">
     <span class='ocr_line' id='line_1_85' title="bbox 2042 3765 3682 3845; baseline 0.009 -27"><span class='ocrx_word' id='word_1_640' title='bbox 2042 3782 2134 3831; x_wconf 88' lang='lat' dir='ltr'>xv,</span> <span class='ocrx_word' id='word_1_641' title='bbox 2174 3765 2276 3835; x_wconf 82' lang='grc'>15).</span> <span class='ocrx_word' id='word_1_642' title='bbox 2312 3765 2533 3821; x_wconf 85' lang='lat' dir='ltr'>Patitur</span> <span class='ocrx_word' id='word_1_643' title='bbox 2564 3784 2668 3822; x_wconf 91' lang='lat' dir='ltr'>nos</span> <span class='ocrx_word' id='word_1_644' title='bbox 2691 3767 2987 3825; x_wconf 88' lang='lat' dir='ltr'>discedere</span> <span class='ocrx_word' id='word_1_645' title='bbox 3028 3771 3142 3841; x_wconf 88' lang='lat'>(39)</span> <span class='ocrx_word' id='word_1_646' title='bbox 3191 3789 3258 3826; x_wconf 84' lang='lat' dir='ltr'>ex</span> <span class='ocrx_word' id='word_1_647' title='bbox 3308 3772 3416 3829; x_wconf 88' lang='lat' dir='ltr'>hoc</span> <span class='ocrx_word' id='word_1_648' title='bbox 3451 3777 3682 3845; x_wconf 71' lang='lat' dir='ltr'>saeculo,</span> 
     </span>
    </p>
   </div>
   <div class='ocr_carea' id='block_1_86' title="bbox 2044 3854 3684 3930">
    <p class='ocr_par' dir='ltr' id='par_1_86' title="bbox 2044 3854 3684 3930">
     <span class='ocr_line' id='line_1_86' title="bbox 2044 3854 3684 3930; baseline 0.006 -20"><span class='ocrx_word' id='word_1_649' title='bbox 2044 3858 2101 3910; x_wconf 90' lang='lat' dir='ltr'>et</span> <span class='ocrx_word' id='word_1_650' title='bbox 2132 3854 2464 3910; x_wconf 84' lang='lat' dir='ltr'>secessione</span> <span class='ocrx_word' id='word_1_651' title='bbox 2496 3854 2704 3910; x_wconf 72' lang='lat' dir='ltr'>anima:</span> <span class='ocrx_word' id='word_1_652' title='bbox 2737 3856 2846 3912; x_wconf 90' lang='lat' dir='ltr'>hoc</span> <span class='ocrx_word' id='word_1_653' title='bbox 2879 3874 3090 3930; x_wconf 88' lang='lat' dir='ltr'>corpus</span> <span class='ocrx_word' id='word_1_654' title='bbox 3127 3859 3452 3917; x_wconf 87' lang='lat' dir='ltr'>resolvatur</span> <span class='ocrx_word' id='word_1_655' title='bbox 3479 3864 3537 3918; x_wconf 89' lang='lat' dir='ltr'>in</span> <span class='ocrx_word' id='word_1_656' title='bbox 3571 3869 3684 3920; x_wconf 90' lang='lat' dir='ltr'>ter-</span> 
     </span>
    </p>
   </div>
   <div class='ocr_carea' id='block_1_87' title="bbox 2046 3944 3684 4020">
    <p class='ocr_par' dir='ltr' id='par_1_87' title="bbox 2046 3944 3684 4020">
     <span class='ocr_line' id='line_1_87' title="bbox 2046 3944 3684 4020; baseline 0.007 -23"><span class='ocrx_word' id='word_1_657' title='bbox 2046 3959 2170 3998; x_wconf 88' lang='lat' dir='ltr'>ram</span> <span class='ocrx_word' id='word_1_658' title='bbox 2204 3960 2394 4009; x_wconf 89' lang='lat' dir='ltr'>suam,</span> <span class='ocrx_word' id='word_1_659' title='bbox 2425 3949 2482 3999; x_wconf 91' lang='lat' dir='ltr'>et</span> <span class='ocrx_word' id='word_1_660' title='bbox 2513 3944 2613 3999; x_wconf 86' lang='lat' dir='ltr'>fiat</span> <span class='ocrx_word' id='word_1_661' title='bbox 2642 3945 2776 4001; x_wconf 80' lang='lat' dir='ltr'>ﬁnis</span> <span class='ocrx_word' id='word_1_662' title='bbox 2806 3947 3058 4017; x_wconf 86' lang='lat' dir='ltr'>peccati:</span> <span class='ocrx_word' id='word_1_663' title='bbox 3110 3948 3318 4003; x_wconf 89' lang='lat' dir='ltr'>deinde</span> <span class='ocrx_word' id='word_1_664' title='bbox 3360 3966 3463 4020; x_wconf 87' lang='lat' dir='ltr'>per</span> <span class='ocrx_word' id='word_1_665' title='bbox 3492 3969 3684 4008; x_wconf 87' lang='lat' dir='ltr'>resur-</span> 
     </span>
    </p>
   </div>
   <div class='ocr_carea' id='block_1_88' title="bbox 2046 4032 3681 4112">
    <p class='ocr_par' dir='ltr' id='par_1_88' title="bbox 2046 4032 3681 4112">
     <span class='ocr_line' id='line_1_88' title="bbox 2046 4032 3681 4112; baseline 0.007 -26"><span class='ocrx_word' id='word_1_666' title='bbox 2046 4032 2361 4088; x_wconf 89' lang='lat' dir='ltr'>rectionem</span> <span class='ocrx_word' id='word_1_667' title='bbox 2409 4034 2756 4089; x_wconf 86' lang='lat' dir='ltr'>reformetur</span> <span class='ocrx_word' id='word_1_668' title='bbox 2795 4035 3001 4091; x_wconf 68' lang='lat' dir='ltr'>divinae</span> <span class='ocrx_word' id='word_1_669' title='bbox 3050 4035 3421 4094; x_wconf 86' lang='lat' dir='ltr'>liberalitatis</span> <span class='ocrx_word' id='word_1_670' title='bbox 3474 4043 3681 4112; x_wconf 85' lang='lat' dir='ltr'>gratia.</span> 
     </span>
    </p>
   </div>
   <div class='ocr_carea' id='block_1_89' title="bbox 2042 4120 3681 4198">
    <p class='ocr_par' dir='ltr' id='par_1_89' title="bbox 2042 4120 3681 4198">
     <span class='ocr_line' id='line_1_89' title="bbox 2042 4120 3681 4198; baseline 0.006 -23"><span class='ocrx_word' id='word_1_671' title='bbox 2042 4120 2293 4192; x_wconf 90' lang='lat' dir='ltr'>Ideoque</span> <span class='ocrx_word' id='word_1_672' title='bbox 2321 4120 2461 4177; x_wconf 90' lang='lat' dir='ltr'>dicit</span> <span class='ocrx_word' id='word_1_673' title='bbox 2492 4124 2561 4177; x_wconf 91' lang='lat' dir='ltr'>ad</span> <span class='ocrx_word' id='word_1_674' title='bbox 2589 4123 2917 4179; x_wconf 88' lang='lat' dir='ltr'>Abraham:</span> <span class='ocrx_word' id='word_1_675' title='bbox 2954 4126 3023 4179; x_wconf 90' lang='lat' dir='ltr'>Tu</span> <span class='ocrx_word' id='word_1_676' title='bbox 3057 4126 3161 4181; x_wconf 86' lang='lat' dir='ltr'>ibis</span> <span class='ocrx_word' id='word_1_677' title='bbox 3202 4126 3271 4182; x_wconf 85' lang='lat' dir='ltr'>ad</span> <span class='ocrx_word' id='word_1_678' title='bbox 3313 4136 3497 4198; x_wconf 86' lang='lat' dir='ltr'>patres</span> <span class='ocrx_word' id='word_1_679' title='bbox 3545 4134 3681 4186; x_wconf 86' lang='lat' dir='ltr'>tuos.</span> 
     </span>
    </p>
   </div>
   <div class='ocr_carea' id='block_1_90' title="bbox 2041 4208 3685 4291">
    <p class='ocr_par' dir='ltr' id='par_1_90' title="bbox 2041 4208 3685 4291">
     <span class='ocr_line' id='line_1_90' title="bbox 2041 4208 3685 4291; baseline 0.006 -27"><span class='ocrx_word' id='word_1_680' title='bbox 2041 4208 2317 4265; x_wconf 90' lang='lat' dir='ltr'>Nonnulli</span> <span class='ocrx_word' id='word_1_681' title='bbox 2348 4215 2697 4282; x_wconf 88' lang='lat' dir='ltr'>putaverunt</span> <span class='ocrx_word' id='word_1_682' title='bbox 2729 4216 2923 4284; x_wconf 88' lang='lat' dir='ltr'>patres</span> <span class='ocrx_word' id='word_1_683' title='bbox 2951 4230 3079 4269; x_wconf 86' lang='lat' dir='ltr'>esse</span> <span class='ocrx_word' id='word_1_684' title='bbox 3112 4214 3419 4286; x_wconf 86' lang='lat' dir='ltr'>elementa,</span> <span class='ocrx_word' id='word_1_685' title='bbox 3454 4235 3524 4273; x_wconf 87' lang='lat' dir='ltr'>ex</span> <span class='ocrx_word' id='word_1_686' title='bbox 3555 4219 3685 4291; x_wconf 91' lang='lat' dir='ltr'>qui-</span> 
     </span>
    </p>
   </div>
   <div class='ocr_carea' id='block_1_91' title="bbox 2039 4299 3685 4380">
    <p class='ocr_par' dir='ltr' id='par_1_91' title="bbox 2039 4299 3685 4380">
     <span class='ocr_line' id='line_1_91' title="bbox 2039 4299 3685 4380; baseline 0.007 -28"><span class='ocrx_word' id='word_1_687' title='bbox 2039 4299 2151 4353; x_wconf 87' lang='lat' dir='ltr'>bus</span> <span class='ocrx_word' id='word_1_688' title='bbox 2182 4303 2411 4354; x_wconf 86' lang='lat' dir='ltr'>constat</span> <span class='ocrx_word' id='word_1_689' title='bbox 2441 4316 2573 4355; x_wconf 89' lang='lat' dir='ltr'>caro</span> <span class='ocrx_word' id='word_1_690' title='bbox 2605 4305 2805 4356; x_wconf 88' lang='lat' dir='ltr'>nostra</span> <span class='ocrx_word' id='word_1_691' title='bbox 2836 4302 2977 4356; x_wconf 89' lang='lat' dir='ltr'>dum</span> <span class='ocrx_word' id='word_1_692' title='bbox 3029 4303 3296 4371; x_wconf 89' lang='lat' dir='ltr'>vivimus,</span> <span class='ocrx_word' id='word_1_693' title='bbox 3347 4311 3404 4362; x_wconf 88' lang='lat' dir='ltr'>et</span> <span class='ocrx_word' id='word_1_694' title='bbox 3454 4307 3514 4362; x_wconf 90' lang='lat' dir='ltr'>in</span> <span class='ocrx_word' id='word_1_695' title='bbox 3558 4324 3685 4380; x_wconf 71' lang='lat' dir='ltr'>quae</span> 
     </span>
    </p>
   </div>
   <div class='ocr_carea' id='block_1_92' title="bbox 2040 4386 3686 4461">
    <p class='ocr_par' dir='ltr' id='par_1_92' title="bbox 2040 4386 3686 4461">
     <span class='ocr_line' id='line_1_92' title="bbox 2040 4386 3686 4461; baseline 0.009 -21"><span class='ocrx_word' id='word_1_696' title='bbox 2040 4386 2402 4443; x_wconf 85' lang='lat' dir='ltr'>resolvimur.</span> <span class='ocrx_word' id='word_1_697' title='bbox 2435 4389 2545 4444; x_wconf 81' lang='lat' dir='ltr'>Sed</span> <span class='ocrx_word' id='word_1_698' title='bbox 2578 4405 2684 4444; x_wconf 89' lang='lat' dir='ltr'>nos</span> <span class='ocrx_word' id='word_1_699' title='bbox 2716 4390 2817 4461; x_wconf 91' lang='lat' dir='ltr'>qui</span> <span class='ocrx_word' id='word_1_700' title='bbox 2841 4391 3219 4449; x_wconf 89' lang='lat' dir='ltr'>meminimus</span> <span class='ocrx_word' id='word_1_701' title='bbox 3243 4400 3487 4452; x_wconf 80' lang='lat' dir='ltr'>matrem</span> <span class='ocrx_word' id='word_1_702' title='bbox 3518 4398 3686 4454; x_wconf 91' lang='lat' dir='ltr'>nobis</span> 
     </span>
    </p>
   </div>
   <div class='ocr_carea' id='block_1_93' title="bbox 2112 4530 3681 4604">
    <p class='ocr_par' dir='ltr' id='par_1_93' title="bbox 2112 4530 3681 4604">
     <span class='ocr_line' id='line_1_93' title="bbox 2112 4530 3681 4604; baseline 0.006 -21"><span class='ocrx_word' id='word_1_703' title='bbox 2112 4530 2749 4604; x_wconf 86' lang='lat' dir='ltr'>(37_)Hanclectionem</span> <span class='ocrx_word' id='word_1_704' title='bbox 2808 4549 2937 4604; x_wconf 67' lang='lat' dir='ltr'>qua:</span> <span class='ocrx_word' id='word_1_705' title='bbox 2997 4536 3173 4589; x_wconf 87' lang='lat' dir='ltr'>trium</span> <span class='ocrx_word' id='word_1_706' title='bbox 3242 4554 3383 4593; x_wconf 89' lang='lat' dir='ltr'>mss.</span> <span class='ocrx_word' id='word_1_707' title='bbox 3447 4556 3512 4593; x_wconf 88' lang='lat' dir='ltr'>ac</span> <span class='ocrx_word' id='word_1_708' title='bbox 3544 4539 3681 4594; x_wconf 89' lang='lat' dir='ltr'>edit.</span> 
     </span>
    </p>
   </div>
   <div class='ocr_carea' id='block_1_94' title="bbox 289 4588 3688 4673">
    <p class='ocr_par' dir='ltr' id='par_1_94' title="bbox 289 4588 3688 4673">
     <span class='ocr_line' id='line_1_94' title="bbox 289 4588 3688 4673; baseline 0.001 -14"><span class='ocrx_word' id='word_1_709' title='bbox 289 4588 426 4663; x_wconf 68' lang='lat' dir='ltr'>Alia</span> <span class='ocrx_word' id='word_1_710' title='bbox 454 4588 666 4663; x_wconf 64' lang='lat' dir='ltr'>omnes</span> <span class='ocrx_word' id='word_1_711' title='bbox 687 4623 820 4662; x_wconf 91' lang='lat' dir='ltr'>cum</span> <span class='ocrx_word' id='word_1_712' title='bbox 849 4588 1011 4661; x_wconf 44' lang='lat' dir='ltr'>&#39;mss.‘</span> <span class='ocrx_word' id='word_1_713' title='bbox 1030 4608 1369 4661; x_wconf 88' lang='lat' dir='ltr'>omnibus...</span> <span class='ocrx_word' id='word_1_714' title='bbox 1402 4608 1783 4661; x_wconf 75' lang='lat' dir='ltr'>exsultaverit.</span> <span class='ocrx_word' id='word_1_715' title='bbox 1827 4608 1931 4663; x_wconf 87' lang='lat' dir='ltr'>Hie</span> <span class='ocrx_word' id='word_1_716' title='bbox 1964 4588 2010 4650; x_wconf 73' lang='grc' dir='ltr'>Ι)</span> <span class='ocrx_word' id='word_1_717' title='bbox 2043 4588 2306 4655; x_wconf 54' lang='grc' dir='ltr'>οῐῐῆῐιίίιῐῐ]</span> <span class='ocrx_word' id='word_1_718' title='bbox 2342 4607 2448 4669; x_wconf 79' lang='lat' dir='ltr'>est,</span> <span class='ocrx_word' id='word_1_719' title='bbox 2484 4619 2549 4657; x_wconf 86' lang='lat' dir='ltr'>eo</span> <span class='ocrx_word' id='word_1_720' title='bbox 2584 4588 2905 4659; x_wconf 56' lang='lat' dir='ltr'>retinemus</span> <span class='ocrx_word' id='word_1_721' title='bbox 2932 4607 3085 4673; x_wconf 73' lang='lat' dir='ltr'>Quod</span> <span class='ocrx_word' id='word_1_722' title='bbox 3120 4607 3234 4662; x_wconf 88' lang='lat' dir='ltr'>alia</span> <span class='ocrx_word' id='word_1_723' title='bbox 3264 4626 3378 4664; x_wconf 89' lang='lat' dir='ltr'>non</span> <span class='ocrx_word' id='word_1_724' title='bbox 3422 4614 3688 4664; x_wconf 90' lang='lat' dir='ltr'>occurrat</span> 
     </span>
    </p>
   </div>
   <div class='ocr_carea' id='block_1_95' title="bbox 288 4677 1931 4749">
    <p class='ocr_par' dir='ltr' id='par_1_95' title="bbox 288 4677 1931 4749">
     <span class='ocr_line' id='line_1_95' title="bbox 288 4677 1931 4749; baseline -0.001 -16"><span class='ocrx_word' id='word_1_725' title='bbox 288 4685 485 4733; x_wconf 83' lang='lat' dir='ltr'>autem</span> <span class='ocrx_word' id='word_1_726' title='bbox 518 4694 731 4734; x_wconf 88' lang='lat' dir='ltr'>sensus</span> <span class='ocrx_word' id='word_1_727' title='bbox 760 4694 890 4733; x_wconf 88' lang='lat' dir='ltr'>esse</span> <span class='ocrx_word' id='word_1_728' title='bbox 933 4684 1145 4749; x_wconf 91' lang='lat' dir='ltr'>potest,</span> <span class='ocrx_word' id='word_1_729' title='bbox 1197 4677 1571 4733; x_wconf 79' lang='lat' dir='ltr'>exsultaverit</span> <span class='ocrx_word' id='word_1_730' title='bbox 1620 4680 1774 4748; x_wconf 91' lang='lat' dir='ltr'>quod</span> <span class='ocrx_word' id='word_1_731' title='bbox 1820 4679 1931 4734; x_wconf 91' lang='lat' dir='ltr'>sibi</span> 
     </span>
    </p>
   </div>
   <div class='ocr_carea' id='block_1_96' title="bbox 287 4750 913 4815">
    <p class='ocr_par' dir='ltr' id='par_1_96' title="bbox 287 4750 913 4815">
     <span class='ocr_line' id='line_1_96' title="bbox 287 4750 913 4815; baseline -0.002 -11"><span class='ocrx_word' id='word_1_732' title='bbox 287 4750 643 4815; x_wconf 85' lang='lat' dir='ltr'>requirenda</span> <span class='ocrx_word' id='word_1_733' title='bbox 671 4750 769 4815; x_wconf 90' lang='lat' dir='ltr'>sit,</span> <span class='ocrx_word' id='word_1_734' title='bbox 804 4755 913 4804; x_wconf 87' lang='lat' dir='ltr'>etc.</span> 
     </span>
    </p>
   </div>
   <div class='ocr_carea' id='block_1_97' title="bbox 353 4766 1933 4904">
    <p class='ocr_par' dir='ltr' id='par_1_97' title="bbox 353 4766 1933 4904">
     <span class='ocr_line' id='line_1_97' title="bbox 394 4766 913 4815; baseline -0.002 -11"><span class='ocrx_word' id='word_1_735' title='bbox 394 4766 643 4806; x_wconf 86' lang='lat' dir='ltr'>mrenaa</span> <span class='ocrx_word' id='word_1_736' title='bbox 671 4766 769 4815; x_wconf 79' lang='lat' dir='ltr'>sit,</span> <span class='ocrx_word' id='word_1_737' title='bbox 804 4766 913 4804; x_wconf 78' lang='lat' dir='ltr'>etc.</span> 
     </span>
     <span class='ocr_line' id='line_1_98' title="bbox 353 4766 1933 4904; baseline 0 -29"><span class='ocrx_word' id='word_1_738' title='bbox 353 4766 469 4904; x_wconf 62' lang='grc' dir='ltr'>ί(Βί)</span> <span class='ocrx_word' id='word_1_739' title='bbox 519 4818 1080 4904; x_wconf 44' lang='lat' dir='ltr'>Itom,.ed;t.&#39;sola,</span> <span class='ocrx_word' id='word_1_740' title='bbox 1345 4819 1582 4904; x_wconf 53' lang='lat' dir='ltr'>feriatae.</span> <span class='ocrx_word' id='word_1_741' title='bbox 1632 4822 1933 4904; x_wconf 60' lang='lat' dir='ltr'>Etgentem</span> 
     </span>
    </p>
   </div>
   <div class='ocr_carea' id='block_1_98' title="bbox 286 4890 1933 4962">
    <p class='ocr_par' dir='ltr' id='par_1_98' title="bbox 286 4890 1933 4962">
     <span class='ocr_line' id='line_1_99' title="bbox 286 4890 1933 4962; baseline 0.003 -20"><span class='ocrx_word' id='word_1_742' title='bbox 286 4890 380 4946; x_wconf 82' lang='lat' dir='ltr'>cui</span> <span class='ocrx_word' id='word_1_743' title='bbox 422 4893 666 4947; x_wconf 80' lang='lat' dir='ltr'>servient</span> <span class='ocrx_word' id='word_1_744' title='bbox 696 4890 954 4962; x_wconf 82' lang='lat' dir='ltr'>judicabo</span> <span class='ocrx_word' id='word_1_745' title='bbox 1000 4906 1095 4958; x_wconf 86' lang='lat' dir='ltr'>ego</span> <span class='ocrx_word' id='word_1_746' title='bbox 1127 4891 1274 4962; x_wconf 71' lang='lat' dir='ltr'>dicit</span> <span class='ocrx_word' id='word_1_747' title='bbox 1338 4892 1614 4946; x_wconf 85' lang='lat' dir='ltr'>Dominus.</span> <span class='ocrx_word' id='word_1_748' title='bbox 1666 4894 1933 4962; x_wconf 74' lang='lat' dir='ltr'>Exquirat</span> 
     </span>
    </p>
   </div>
   <div class='ocr_carea' id='block_1_99' title="bbox 288 4960 1927 5034">
    <p class='ocr_par' dir='ltr' id='par_1_99' title="bbox 288 4960 1927 5034">
     <span class='ocr_line' id='line_1_100' title="bbox 288 4960 1927 5034; baseline 0.002 -19"><span class='ocrx_word' id='word_1_749' title='bbox 288 4966 398 5017; x_wconf 84' lang='lat' dir='ltr'>etc.</span> <span class='ocrx_word' id='word_1_750' title='bbox 456 4963 603 5018; x_wconf 87' lang='lat' dir='ltr'>Item</span> <span class='ocrx_word' id='word_1_751' title='bbox 665 4960 797 5033; x_wconf 83' lang='lat' dir='ltr'>post</span> <span class='ocrx_word' id='word_1_752' title='bbox 852 4960 1076 5032; x_wconf 89' lang='lat' dir='ltr'>aliquot</span> <span class='ocrx_word' id='word_1_753' title='bbox 1125 4961 1309 5034; x_wconf 85' lang='lat' dir='ltr'>lineas</span> <span class='ocrx_word' id='word_1_754' title='bbox 1363 4964 1425 5016; x_wconf 85' lang='lat' dir='ltr'>in</span> <span class='ocrx_word' id='word_1_755' title='bbox 1482 4971 1737 5031; x_wconf 83' lang='lat' dir='ltr'>stagnum</span> <span class='ocrx_word' id='word_1_756' title='bbox 1758 4960 1927 5034; x_wconf 73' lang='lat' dir='ltr'>ignis.</span> 
     </span>
    </p>
   </div>
   <div class='ocr_carea' id='block_1_100' title="bbox 287 5033 1934 5158">
    <p class='ocr_par' dir='ltr' id='par_1_100' title="bbox 287 5033 1934 5158">
     <span class='ocr_line' id='line_1_101' title="bbox 287 5033 1934 5158; baseline -0.001 -69"><span class='ocrx_word' id='word_1_757' title='bbox 287 5037 415 5158; x_wconf 49' lang='lat' dir='ltr'>fta?</span> <span class='ocrx_word' id='word_1_758' title='bbox 444 5034 718 5158; x_wconf 69' lang='lat' dir='ltr'>haectvero</span> <span class='ocrx_word' id='word_1_759' title='bbox 748 5038 1088 5089; x_wconf 81' lang='lat' dir='ltr'>revertentur</span> <span class='ocrx_word' id='word_1_760' title='bbox 1116 5033 1218 5089; x_wconf 88' lang='lat' dir='ltr'>huc</span> <span class='ocrx_word' id='word_1_761' title='bbox 1244 5050 1369 5088; x_wconf 87' lang='lat' dir='ltr'>cum</span> <span class='ocrx_word' id='word_1_762' title='bbox 1405 5034 1732 5105; x_wconf 84' lang='lat' dir='ltr'>supellectili</span> <span class='ocrx_word' id='word_1_763' title='bbox 1755 5034 1934 5089; x_wconf 83' lang='lat' dir='ltr'>multa</span> 
     </span>
     <span class='ocr_line' id='line_1_102' title="bbox 408 5119 644 5158; baseline -0.004 0"><span class='ocrx_word' id='word_1_764' title='bbox 408 5121 496 5158; x_wconf 88' lang='lat' dir='ltr'>ue.</span> <span class='ocrx_word' id='word_1_765' title='bbox 532 5119 564 5158; x_wconf 89' lang='lat' dir='ltr'>e</span> <span class='ocrx_word' id='word_1_766' title='bbox 592 5120 644 5158; x_wconf 93' lang='lat' dir='ltr'>c.</span> 
     </span>
    </p>
   </div>
   <div class='ocr_carea' id='block_1_101' title="bbox 408 5119 644 5172">
    <p class='ocr_par' dir='ltr' id='par_1_101' title="bbox 408 5119 644 5172">
     <span class='ocr_line' id='line_1_103' title="bbox 408 5119 644 5172; baseline -0.013 -12"><span class='ocrx_word' id='word_1_767' title='bbox 408 5121 496 5172; x_wconf 88' lang='lat' dir='ltr'>ue,</span> <span class='ocrx_word' id='word_1_768' title='bbox 532 5119 644 5159; x_wconf 79' lang='lat' dir='ltr'>etc.</span> 
     </span>
    </p>
   </div>
   <div class='ocr_carea' id='block_1_102' title="bbox 359 5174 1933 5248">
    <p class='ocr_par' dir='ltr' id='par_1_102' title="bbox 359 5174 1933 5248">
     <span class='ocr_line' id='line_1_104' title="bbox 359 5174 1933 5248; baseline -0.001 -17"><span class='ocrx_word' id='word_1_769' title='bbox 359 5174 469 5248; x_wconf 83' lang='lat'>(35)</span> <span class='ocrx_word' id='word_1_770' title='bbox 499 5174 653 5248; x_wconf 80' lang='lat' dir='ltr'>Edit.</span> <span class='ocrx_word' id='word_1_771' title='bbox 682 5190 886 5231; x_wconf 86' lang='lat' dir='ltr'>omnes</span> <span class='ocrx_word' id='word_1_772' title='bbox 916 5191 1050 5230; x_wconf 89' lang='lat' dir='ltr'>cum</span> <span class='ocrx_word' id='word_1_773' title='bbox 1083 5174 1278 5230; x_wconf 89' lang='lat' dir='ltr'>tribus</span> <span class='ocrx_word' id='word_1_774' title='bbox 1311 5191 1477 5248; x_wconf 82' lang='lat' dir='ltr'>mss.,</span> <span class='ocrx_word' id='word_1_775' title='bbox 1522 5176 1656 5243; x_wconf 64' lang='lat' dir='ltr'>Quae</span> <span class='ocrx_word' id='word_1_776' title='bbox 1711 5178 1933 5230; x_wconf 84' lang='lat' dir='ltr'>etiamsi</span> 
     </span>
    </p>
   </div>
   <div class='ocr_carea' id='block_1_103' title="bbox 288 5245 1929 5318">
    <p class='ocr_par' dir='ltr' id='par_1_103' title="bbox 288 5245 1929 5318">
     <span class='ocr_line' id='line_1_105' title="bbox 288 5245 1929 5318; baseline 0.001 -19"><span class='ocrx_word' id='word_1_777' title='bbox 288 5245 517 5302; x_wconf 74' lang='lat' dir='ltr'>abibunt</span> <span class='ocrx_word' id='word_1_778' title='bbox 546 5245 614 5301; x_wconf 86' lang='lat' dir='ltr'>de</span> <span class='ocrx_word' id='word_1_779' title='bbox 641 5253 788 5302; x_wconf 85' lang='lat' dir='ltr'>terra</span> <span class='ocrx_word' id='word_1_780' title='bbox 819 5248 927 5318; x_wconf 84' lang='lat' dir='ltr'>ista</span> <span class='ocrx_word' id='word_1_781' title='bbox 959 5263 1109 5318; x_wconf 79' lang='lat' dir='ltr'>vasa,</span> <span class='ocrx_word' id='word_1_782' title='bbox 1143 5251 1276 5311; x_wconf 89' lang='lat' dir='ltr'>etc.,</span> <span class='ocrx_word' id='word_1_783' title='bbox 1310 5246 1606 5318; x_wconf 89' lang='lat' dir='ltr'>mendose.</span> <span class='ocrx_word' id='word_1_784' title='bbox 1640 5251 1756 5301; x_wconf 75' lang='lat' dir='ltr'>Nos</span> <span class='ocrx_word' id='word_1_785' title='bbox 1786 5263 1929 5318; x_wconf 90' lang='lat' dir='ltr'>qua-</span> 
     </span>
    </p>
   </div>
   <div class='ocr_carea' id='block_1_104' title="bbox 287 5317 1927 5373">
    <p class='ocr_par' dir='ltr' id='par_1_104' title="bbox 287 5317 1927 5373">
     <span class='ocr_line' id='line_1_106' title="bbox 287 5317 1927 5373; baseline 0.001 -4"><span class='ocrx_word' id='word_1_786' title='bbox 287 5320 420 5373; x_wconf 88' lang='lat' dir='ltr'>tuor</span> <span class='ocrx_word' id='word_1_787' title='bbox 446 5335 595 5373; x_wconf 88' lang='lat' dir='ltr'>mss.</span> <span class='ocrx_word' id='word_1_788' title='bbox 657 5317 1003 5372; x_wconf 87' lang='lat' dir='ltr'>auctoritate</span> <span class='ocrx_word' id='word_1_789' title='bbox 1036 5317 1226 5372; x_wconf 86' lang='lat' dir='ltr'>Iocum</span> <span class='ocrx_word' id='word_1_790' title='bbox 1258 5317 1662 5372; x_wconf 84' lang='lat' dir='ltr'>correctiorem</span> <span class='ocrx_word' id='word_1_791' title='bbox 1695 5317 1927 5373; x_wconf 88' lang='lat' dir='ltr'>damus.</span> 
     </span>
    </p>
   </div>
   <div class='ocr_carea' id='block_1_105' title="bbox 359 5388 1927 5459">
    <p class='ocr_par' dir='ltr' id='par_1_105' title="bbox 359 5388 1927 5459">
     <span class='ocr_line' id='line_1_107' title="bbox 359 5388 1927 5459; baseline -0.001 -14"><span class='ocrx_word' id='word_1_792' title='bbox 359 5390 471 5459; x_wconf 82' lang='lat'>(36)</span> <span class='ocrx_word' id='word_1_793' title='bbox 504 5389 589 5445; x_wconf 89' lang='lat' dir='ltr'>Ita</span> <span class='ocrx_word' id='word_1_794' title='bbox 630 5389 827 5445; x_wconf 89' lang='lat' dir='ltr'>cuncti</span> <span class='ocrx_word' id='word_1_795' title='bbox 878 5405 1020 5444; x_wconf 88' lang='lat' dir='ltr'>mss.</span> <span class='ocrx_word' id='word_1_796' title='bbox 1076 5393 1133 5443; x_wconf 89' lang='lat' dir='ltr'>et</span> <span class='ocrx_word' id='word_1_797' title='bbox 1178 5392 1291 5459; x_wconf 77' lang='lat' dir='ltr'>vet.</span> <span class='ocrx_word' id='word_1_798' title='bbox 1342 5388 1479 5442; x_wconf 91' lang='lat' dir='ltr'>edit.</span> <span class='ocrx_word' id='word_1_799' title='bbox 1513 5392 1720 5458; x_wconf 64' lang='lat' dir='ltr'>praeter</span> <span class='ocrx_word' id='word_1_800' title='bbox 1751 5406 1927 5459; x_wconf 90' lang='lat' dir='ltr'>quam</span> 
     </span>
    </p>
   </div>
   <div class='ocr_carea' id='block_1_106' title="bbox 291 5458 1928 5532">
    <p class='ocr_par' dir='ltr' id='par_1_106' title="bbox 291 5458 1928 5532">
     <span class='ocr_line' id='line_1_108' title="bbox 291 5458 1928 5532; baseline -0.001 -17"><span class='ocrx_word' id='word_1_801' title='bbox 291 5458 442 5532; x_wconf 81' lang='lat' dir='ltr'>quod</span> <span class='ocrx_word' id='word_1_802' title='bbox 474 5461 577 5516; x_wconf 89' lang='lat' dir='ltr'>ubi</span> <span class='ocrx_word' id='word_1_803' title='bbox 613 5461 793 5515; x_wconf 90' lang='lat' dir='ltr'>nostri</span> <span class='ocrx_word' id='word_1_804' title='bbox 825 5460 893 5515; x_wconf 85' lang='lat' dir='ltr'>ad</span> <span class='ocrx_word' id='word_1_805' title='bbox 922 5461 1210 5532; x_wconf 80' lang='lat' dir='ltr'>rationem.</span> <span class='ocrx_word' id='word_1_806' title='bbox 1246 5458 1374 5532; x_wconf 79' lang='lat' dir='ltr'>Vat.</span> <span class='ocrx_word' id='word_1_807' title='bbox 1409 5474 1541 5512; x_wconf 88' lang='lat' dir='ltr'>cum</span> <span class='ocrx_word' id='word_1_808' title='bbox 1577 5459 1714 5513; x_wconf 89' lang='lat' dir='ltr'>edit.</span> <span class='ocrx_word' id='word_1_809' title='bbox 1750 5458 1928 5532; x_wconf 80' lang='lat' dir='ltr'>legit,</span> 
     </span>
    </p>
   </div>
   <div class='ocr_carea' id='block_1_107' title="bbox 290 5529 1930 5602">
    <p class='ocr_par' dir='ltr' id='par_1_107' title="bbox 290 5529 1930 5602">
     <span class='ocr_line' id='line_1_109' title="bbox 290 5529 1930 5602; baseline 0.001 -18"><span class='ocrx_word' id='word_1_810' title='bbox 290 5531 359 5584; x_wconf 83' lang='lat' dir='ltr'>ad</span> <span class='ocrx_word' id='word_1_811' title='bbox 399 5534 711 5587; x_wconf 77' lang='lat' dir='ltr'>oration-em</span> <span class='ocrx_word' id='word_1_812' title='bbox 758 5530 1142 5602; x_wconf 88' lang='lat' dir='ltr'>Subintellige</span> <span class='ocrx_word' id='word_1_813' title='bbox 1183 5529 1511 5602; x_wconf 80' lang='lat' dir='ltr'>utrobique,</span> <span class='ocrx_word' id='word_1_814' title='bbox 1573 5546 1762 5585; x_wconf 86' lang='lat' dir='ltr'>curam</span> <span class='ocrx_word' id='word_1_815' title='bbox 1802 5529 1930 5601; x_wconf 72' lang='lat' dir='ltr'>post</span> 
     </span>
    </p>
   </div>
   <div class='ocr_carea' id='block_1_108' title="bbox 290 5600 1929 5671">
    <p class='ocr_par' dir='ltr' id='par_1_108' title="bbox 290 5600 1929 5671">
     <span class='ocr_line' id='line_1_110' title="bbox 290 5600 1929 5671; baseline 0.002 -17"><span class='ocrx_word' id='word_1_816' title='bbox 290 5602 527 5658; x_wconf 86' lang='lat' dir='ltr'>verbum</span> <span class='ocrx_word' id='word_1_817' title='bbox 560 5603 738 5658; x_wconf 84' lang='lat' dir='ltr'>habet.</span> <span class='ocrx_word' id='word_1_818' title='bbox 769 5604 843 5657; x_wconf 80' lang='lat' dir='ltr'>At</span> <span class='ocrx_word' id='word_1_819' title='bbox 872 5602 1011 5657; x_wconf 91' lang='lat' dir='ltr'>edit.</span> <span class='ocrx_word' id='word_1_820' title='bbox 1045 5600 1211 5656; x_wconf 61' lang='lat' dir='ltr'>Item.</span> <span class='ocrx_word' id='word_1_821' title='bbox 1245 5600 1325 5655; x_wconf 89' lang='lat' dir='ltr'>ita</span> <span class='ocrx_word' id='word_1_822' title='bbox 1353 5617 1469 5671; x_wconf 71' lang='lat' dir='ltr'>praa</span> <span class='ocrx_word' id='word_1_823' title='bbox 1497 5616 1557 5655; x_wconf 90' lang='lat' dir='ltr'>se</span> <span class='ocrx_word' id='word_1_824' title='bbox 1597 5602 1731 5669; x_wconf 84' lang='lat' dir='ltr'>fert,</span> <span class='ocrx_word' id='word_1_825' title='bbox 1771 5600 1929 5657; x_wconf 80' lang='lat' dir='ltr'>habet</span> 
     </span>
    </p>
   </div>
   <div class='ocr_carea' id='block_1_109' title="bbox 292 5673 1628 5746">
    <p class='ocr_par' dir='ltr' id='par_1_109' title="bbox 292 5673 1628 5746">
     <span class='ocr_line' id='line_1_111' title="bbox 292 5673 1628 5746; baseline 0.001 -21"><span class='ocrx_word' id='word_1_826' title='bbox 292 5678 504 5729; x_wconf 58' lang='lat' dir='ltr'>natura</span> <span class='ocrx_word' id='word_1_827' title='bbox 530 5676 779 5745; x_wconf 71' lang='lat' dir='ltr'>prepriee</span> <span class='ocrx_word' id='word_1_828' title='bbox 808 5676 864 5729; x_wconf 89' lang='lat' dir='ltr'>in</span> <span class='ocrx_word' id='word_1_829' title='bbox 893 5674 1168 5746; x_wconf 86' lang='lat' dir='ltr'>plerisque</span> <span class='ocrx_word' id='word_1_830' title='bbox 1197 5673 1486 5743; x_wconf 81' lang='lat' dir='ltr'>rationem,</span> <span class='ocrx_word' id='word_1_831' title='bbox 1522 5677 1628 5727; x_wconf 89' lang='lat' dir='ltr'>etc.</span> 
     </span>
    </p>
   </div>
   <div class='ocr_carea' id='block_1_110' title="bbox 2046 4673 3687 4749">
    <p class='ocr_par' dir='ltr' id='par_1_110' title="bbox 2046 4673 3687 4749">
     <span class='ocr_line' id='line_1_112' title="bbox 2046 4673 3687 4749; baseline 0.006 -25"><span class='ocrx_word' id='word_1_832' title='bbox 2046 4673 2426 4749; x_wconf 45' lang='lat' dir='ltr'>emendation</span> <span class='ocrx_word' id='word_1_833' title='bbox 2471 4674 2696 4729; x_wconf 80' lang='lat' dir='ltr'>Etenim</span> <span class='ocrx_word' id='word_1_834' title='bbox 2745 4692 2889 4730; x_wconf 90' lang='lat' dir='ltr'>mss.</span> <span class='ocrx_word' id='word_1_835' title='bbox 2938 4677 3132 4749; x_wconf 52' lang='grc' dir='ltr'>βοτη,</span> <span class='ocrx_word' id='word_1_836' title='bbox 3185 4680 3383 4749; x_wconf 85' lang='lat' dir='ltr'>Long.,</span> <span class='ocrx_word' id='word_1_837' title='bbox 3439 4681 3594 4733; x_wconf 90' lang='lat' dir='ltr'>Colb.</span> <span class='ocrx_word' id='word_1_838' title='bbox 3632 4686 3687 4734; x_wconf 88' lang='lat' dir='ltr'>et</span> 
     </span>
    </p>
   </div>
   <div class='ocr_carea' id='block_1_111' title="bbox 2045 4741 3681 4811">
    <p class='ocr_par' dir='ltr' id='par_1_111' title="bbox 2045 4741 3681 4811">
     <span class='ocr_line' id='line_1_113' title="bbox 2045 4741 3681 4811; baseline 0.006 -16"><span class='ocrx_word' id='word_1_839' title='bbox 2045 4741 2188 4796; x_wconf 89' lang='lat' dir='ltr'>Maz.</span> <span class='ocrx_word' id='word_1_840' title='bbox 2223 4743 2307 4798; x_wconf 90' lang='lat' dir='ltr'>sic</span> <span class='ocrx_word' id='word_1_841' title='bbox 2333 4744 2566 4811; x_wconf 86' lang='lat' dir='ltr'>habent,</span> <span class='ocrx_word' id='word_1_842' title='bbox 2618 4750 2679 4799; x_wconf 86' lang='lat' dir='ltr'>ut</span> <span class='ocrx_word' id='word_1_843' title='bbox 2737 4748 2818 4801; x_wconf 80' lang='lat' dir='ltr'>sol</span> <span class='ocrx_word' id='word_1_844' title='bbox 2879 4741 3126 4804; x_wconf 73' lang='lat' dir='ltr'>adurat:</span> <span class='ocrx_word' id='word_1_845' title='bbox 3177 4752 3268 4805; x_wconf 84' lang='lat' dir='ltr'>sed</span> <span class='ocrx_word' id='word_1_846' title='bbox 3298 4741 3681 4805; x_wconf 67' lang='lat' dir='ltr'>melioribiw...</span> 
     </span>
    </p>
   </div>
   <div class='ocr_carea' id='block_1_112' title="bbox 2043 4816 3685 4894">
    <p class='ocr_par' dir='ltr' id='par_1_112' title="bbox 2043 4816 3685 4894">
     <span class='ocr_line' id='line_1_114' title="bbox 2043 4816 3685 4894; baseline 0.006 -28"><span class='ocrx_word' id='word_1_847' title='bbox 2043 4816 2463 4894; x_wconf 53' lang='lat' dir='ltr'>emaminandas,</span> <span class='ocrx_word' id='word_1_848' title='bbox 2488 4824 2548 4894; x_wconf 75' lang='lat' dir='ltr'>ut</span> <span class='ocrx_word' id='word_1_849' title='bbox 2567 4816 2891 4894; x_wconf 64' lang='lat' dir='ltr'>sufﬁcientia</span> <span class='ocrx_word' id='word_1_850' title='bbox 2914 4823 2963 4873; x_wconf 84' lang='lat' dir='ltr'>et</span> <span class='ocrx_word' id='word_1_851' title='bbox 2986 4821 3458 4894; x_wconf 63' lang='lat' dir='ltr'>subministranda</span> <span class='ocrx_word' id='word_1_852' title='bbox 3484 4821 3685 4894; x_wconf 83' lang='lat' dir='ltr'>virtute</span> 
     </span>
    </p>
   </div>
   <div class='ocr_carea' id='block_1_113' title="bbox 2041 4886 3684 4961">
    <p class='ocr_par' dir='ltr' id='par_1_113' title="bbox 2041 4886 3684 4961">
     <span class='ocr_line' id='line_1_115' title="bbox 2041 4886 3684 4961; baseline 0.006 -25"><span class='ocrx_word' id='word_1_853' title='bbox 2041 4886 2390 4961; x_wconf 75' lang='lat' dir='ltr'>siccitatibus</span> <span class='ocrx_word' id='word_1_854' title='bbox 2418 4886 2639 4961; x_wconf 75' lang='lat' dir='ltr'>deﬁciat</span> <span class='ocrx_word' id='word_1_855' title='bbox 2673 4892 2888 4961; x_wconf 81' lang='lat' dir='ltr'>vestris,</span> <span class='ocrx_word' id='word_1_856' title='bbox 2941 4893 3141 4945; x_wconf 69' lang='lat' dir='ltr'>(mimae</span> <span class='ocrx_word' id='word_1_857' title='bbox 3187 4891 3402 4961; x_wconf 84' lang='lat' dir='ltr'>deﬁciat</span> <span class='ocrx_word' id='word_1_858' title='bbox 3428 4891 3684 4946; x_wconf 87' lang='lat' dir='ltr'>substan-</span> 
     </span>
    </p>
   </div>
   <div class='ocr_carea' id='block_1_114' title="bbox 2044 4956 3682 5032">
    <p class='ocr_par' dir='ltr' id='par_1_114' title="bbox 2044 4956 3682 5032">
     <span class='ocr_line' id='line_1_116' title="bbox 2044 4956 3682 5032; baseline 0.005 -24"><span class='ocrx_word' id='word_1_859' title='bbox 2044 4956 2157 5032; x_wconf 58' lang='grc' dir='ltr'>Ιέίι.⁵</span> <span class='ocrx_word' id='word_1_860' title='bbox 2204 4957 2361 5032; x_wconf 52' lang='grc' dir='ltr'>ΟοΙὶ)ζ</span> <span class='ocrx_word' id='word_1_861' title='bbox 2417 4956 2491 5013; x_wconf 89' lang='lat' dir='ltr'>ac</span> <span class='ocrx_word' id='word_1_862' title='bbox 2541 4959 2684 5032; x_wconf 82' lang='lat' dir='ltr'>Maz.</span> <span class='ocrx_word' id='word_1_863' title='bbox 2740 4959 2866 5015; x_wconf 90' lang='lat' dir='ltr'>loco</span> <span class='ocrx_word' id='word_1_864' title='bbox 2926 4961 3120 5032; x_wconf 89' lang='lat' dir='ltr'>primi,</span> <span class='ocrx_word' id='word_1_865' title='bbox 3180 4956 3420 5031; x_wconf 79' lang='lat' dir='ltr'>deﬁciat,</span> <span class='ocrx_word' id='word_1_866' title='bbox 3453 4960 3682 5032; x_wconf 89' lang='lat' dir='ltr'>legunt,</span> 
     </span>
    </p>
   </div>
   <div class='ocr_carea' id='block_1_115' title="bbox 2041 5024 3684 5112">
    <p class='ocr_par' dir='ltr' id='par_1_115' title="bbox 2041 5024 3684 5112">
     <span class='ocr_line' id='line_1_117' title="bbox 2041 5024 3684 5112; baseline 0.006 -33"><span class='ocrx_word' id='word_1_867' title='bbox 2041 5024 2299 5112; x_wconf 43' lang='lat' dir='ltr'>desiverit...</span> <span class='ocrx_word' id='word_1_868' title='bbox 2326 5028 2459 5092; x_wconf 70' lang='lat' dir='ltr'>Quae</span> <span class='ocrx_word' id='word_1_869' title='bbox 2490 5031 2727 5101; x_wconf 90' lang='lat' dir='ltr'>quidem</span> <span class='ocrx_word' id='word_1_870' title='bbox 2781 5024 2975 5112; x_wconf 71' lang='lat' dir='ltr'>aperte</span> <span class='ocrx_word' id='word_1_871' title='bbox 3024 5024 3253 5112; x_wconf 54' lang='lat' dir='ltr'>vitiosa&#39;</span> <span class='ocrx_word' id='word_1_872' title='bbox 3278 5024 3419 5112; x_wconf 77' lang='lat' dir='ltr'>sunt</span> <span class='ocrx_word' id='word_1_873' title='bbox 3446 5024 3564 5104; x_wconf 41' lang='lat' dir='ltr'>etwa</span> <span class='ocrx_word' id='word_1_874' title='bbox 3596 5024 3684 5089; x_wconf 50' lang='lat' dir='ltr'>re;</span> 
     </span>
    </p>
   </div>
   <div class='ocr_carea' id='block_1_116' title="bbox 2041 5099 3686 5160">
    <p class='ocr_par' dir='ltr' id='par_1_116' title="bbox 2041 5099 3686 5160">
     <span class='ocr_line' id='line_1_118' title="bbox 2041 5099 3686 5160; baseline 0.005 -9"><span class='ocrx_word' id='word_1_875' title='bbox 2041 5099 2396 5155; x_wconf 89' lang='lat' dir='ltr'>centioribus</span> <span class='ocrx_word' id='word_1_876' title='bbox 2454 5099 2597 5156; x_wconf 77' lang='lat' dir='ltr'>mss.</span> <span class='ocrx_word' id='word_1_877' title='bbox 2649 5118 2714 5156; x_wconf 91' lang='lat' dir='ltr'>ac</span> <span class='ocrx_word' id='word_1_878' title='bbox 2745 5099 2883 5156; x_wconf 90' lang='lat' dir='ltr'>edit.</span> <span class='ocrx_word' id='word_1_879' title='bbox 2919 5102 2996 5156; x_wconf 90' lang='lat' dir='ltr'>ita</span> <span class='ocrx_word' id='word_1_880' title='bbox 3047 5102 3335 5157; x_wconf 90' lang='lat' dir='ltr'>dissident</span> <span class='ocrx_word' id='word_1_881' title='bbox 3366 5107 3429 5157; x_wconf 91' lang='lat' dir='ltr'>ut</span> <span class='ocrx_word' id='word_1_882' title='bbox 3478 5099 3686 5160; x_wconf 86' lang='lat' dir='ltr'>neutra</span> 
     </span>
    </p>
   </div>
   <div class='ocr_carea' id='block_1_117' title="bbox 2040 5166 3684 5244">
    <p class='ocr_par' dir='ltr' id='par_1_117' title="bbox 2040 5166 3684 5244">
     <span class='ocr_line' id='line_1_119' title="bbox 2040 5166 3684 5244; baseline 0.007 -23"><span class='ocrx_word' id='word_1_883' title='bbox 2040 5166 2210 5244; x_wconf 79' lang='lat' dir='ltr'>lectio</span> <span class='ocrx_word' id='word_1_884' title='bbox 2241 5188 2521 5244; x_wconf 85' lang='lat' dir='ltr'>germana</span> <span class='ocrx_word' id='word_1_885' title='bbox 2549 5189 2676 5244; x_wconf 86' lang='lat' dir='ltr'>esse</span> <span class='ocrx_word' id='word_1_886' title='bbox 2704 5173 2986 5244; x_wconf 79' lang='lat' dir='ltr'>videatur.</span> <span class='ocrx_word' id='word_1_887' title='bbox 3019 5173 3075 5226; x_wconf 89' lang='lat' dir='ltr'>Si</span> <span class='ocrx_word' id='word_1_888' title='bbox 3110 5175 3243 5244; x_wconf 89' lang='lat' dir='ltr'>quis</span> <span class='ocrx_word' id='word_1_889' title='bbox 3260 5190 3452 5229; x_wconf 89' lang='lat' dir='ltr'>veram</span> <span class='ocrx_word' id='word_1_890' title='bbox 3477 5180 3684 5232; x_wconf 87' lang='lat' dir='ltr'>nactus</span> 
     </span>
    </p>
   </div>
   <div class='ocr_carea' id='block_1_118' title="bbox 2042 5239 3396 5313">
    <p class='ocr_par' dir='ltr' id='par_1_118' title="bbox 2042 5239 3396 5313">
     <span class='ocr_line' id='line_1_120' title="bbox 2042 5239 3396 5313; baseline 0.004 -20"><span class='ocrx_word' id='word_1_891' title='bbox 2042 5239 2396 5303; x_wconf 43' lang='lat' dir='ltr'>fueritfeam</span> <span class='ocrx_word' id='word_1_892' title='bbox 2432 5242 2674 5313; x_wconf 69' lang='lat' dir='ltr'>publica:</span> <span class='ocrx_word' id='word_1_893' title='bbox 2705 5242 2942 5297; x_wconf 88' lang='lat' dir='ltr'>utilitati</span> <span class='ocrx_word' id='word_1_894' title='bbox 2974 5260 3087 5297; x_wconf 87' lang='lat' dir='ltr'>non</span> <span class='ocrx_word' id='word_1_895' title='bbox 3122 5239 3396 5300; x_wconf 85' lang='lat' dir='ltr'>invideat.</span> 
     </span>
    </p>
   </div>
   <div class='ocr_carea' id='block_1_119' title="bbox 2113 5312 3683 5387">
    <p class='ocr_par' dir='ltr' id='par_1_119' title="bbox 2113 5312 3683 5387">
     <span class='ocr_line' id='line_1_121' title="bbox 2113 5312 3683 5387; baseline 0.004 -20"><span class='ocrx_word' id='word_1_896' title='bbox 2113 5312 2224 5387; x_wconf 86' lang='lat'>(38)</span> <span class='ocrx_word' id='word_1_897' title='bbox 2258 5312 2472 5387; x_wconf 74' lang='lat' dir='ltr'>Omnes</span> <span class='ocrx_word' id='word_1_898' title='bbox 2503 5314 2641 5368; x_wconf 88' lang='lat' dir='ltr'>edit.</span> <span class='ocrx_word' id='word_1_899' title='bbox 2676 5329 2741 5367; x_wconf 88' lang='lat' dir='ltr'>ac</span> <span class='ocrx_word' id='word_1_900' title='bbox 2770 5318 2889 5387; x_wconf 81' lang='lat' dir='ltr'>tres</span> <span class='ocrx_word' id='word_1_901' title='bbox 2928 5329 3071 5369; x_wconf 88' lang='lat' dir='ltr'>mss.</span> <span class='ocrx_word' id='word_1_902' title='bbox 3121 5318 3322 5386; x_wconf 64' lang='lat' dir='ltr'>primae</span> <span class='ocrx_word' id='word_1_903' title='bbox 3363 5319 3565 5387; x_wconf 77' lang='lat' dir='ltr'>futurae</span> <span class='ocrx_word' id='word_1_904' title='bbox 3595 5320 3683 5372; x_wconf 88' lang='lat' dir='ltr'>in-</span> 
     </span>
    </p>
   </div>
   <div class='ocr_carea' id='block_1_120' title="bbox 2039 5380 3685 5455">
    <p class='ocr_par' dir='ltr' id='par_1_120' title="bbox 2039 5380 3685 5455">
     <span class='ocr_line' id='line_1_122' title="bbox 2039 5380 3685 5455; baseline 0.007 -21"><span class='ocrx_word' id='word_1_905' title='bbox 2039 5380 2306 5449; x_wconf 73' lang='lat' dir='ltr'>dolis,ut</span> <span class='ocrx_word' id='word_1_906' title='bbox 2356 5383 2530 5438; x_wconf 89' lang='lat' dir='ltr'>etiam</span> <span class='ocrx_word' id='word_1_907' title='bbox 2593 5400 2772 5455; x_wconf 85' lang='lat' dir='ltr'>supra</span> <span class='ocrx_word' id='word_1_908' title='bbox 2815 5383 3039 5455; x_wconf 87' lang='lat' dir='ltr'>aliquot</span> <span class='ocrx_word' id='word_1_909' title='bbox 3098 5380 3250 5442; x_wconf 74' lang='lat' dir='ltr'>retro</span> <span class='ocrx_word' id='word_1_910' title='bbox 3310 5380 3501 5455; x_wconf 82' lang='lat' dir='ltr'>lineis,</span> <span class='ocrx_word' id='word_1_911' title='bbox 3528 5392 3685 5445; x_wconf 86' lang='lat' dir='ltr'>nobis</span> 
     </span>
    </p>
   </div>
   <div class='ocr_carea' id='block_1_121' title="bbox 2038 5454 3680 5533">
    <p class='ocr_par' dir='ltr' id='par_1_121' title="bbox 2038 5454 3680 5533">
     <span class='ocr_line' id='line_1_123' title="bbox 2038 5454 3680 5533; baseline 0.005 -24"><span class='ocrx_word' id='word_1_912' title='bbox 2038 5456 2237 5533; x_wconf 71' lang='lat' dir='ltr'>[utam</span> <span class='ocrx_word' id='word_1_913' title='bbox 2266 5454 2801 5533; x_wconf 24' lang='lat' dir='ltr'>prorumpuntsSed</span> <span class='ocrx_word' id='word_1_914' title='bbox 2836 5461 3085 5525; x_wconf 83' lang='lat' dir='ltr'>quatuor</span> <span class='ocrx_word' id='word_1_915' title='bbox 3116 5475 3260 5514; x_wconf 87' lang='lat' dir='ltr'>mss.</span> <span class='ocrx_word' id='word_1_916' title='bbox 3292 5454 3548 5517; x_wconf 84' lang='lat' dir='ltr'>melioris</span> <span class='ocrx_word' id='word_1_917' title='bbox 3583 5477 3680 5516; x_wconf 90' lang='lat' dir='ltr'>no-</span> 
     </span>
    </p>
   </div>
   <div class='ocr_carea' id='block_1_122' title="bbox 2041 5526 2708 5585">
    <p class='ocr_par' dir='ltr' id='par_1_122' title="bbox 2041 5526 2708 5585">
     <span class='ocr_line' id='line_1_124' title="bbox 2041 5526 2708 5585; baseline -0.012 0"><span class='ocrx_word' id='word_1_918' title='bbox 2041 5526 2111 5585; x_wconf 79' lang='lat' dir='ltr'>tae</span> <span class='ocrx_word' id='word_1_919' title='bbox 2144 5526 2337 5581; x_wconf 92' lang='lat' dir='ltr'>locum</span> <span class='ocrx_word' id='word_1_920' title='bbox 2370 5526 2708 5580; x_wconf 88' lang='lat' dir='ltr'>restituunt.</span> 
     </span>
    </p>
   </div>
   <div class='ocr_carea' id='block_1_123' title="bbox 2112 5595 3682 5671">
    <p class='ocr_par' dir='ltr' id='par_1_123' title="bbox 2112 5595 3682 5671">
     <span class='ocr_line' id='line_1_125' title="bbox 2112 5595 3682 5671; baseline 0.008 -23"><span class='ocrx_word' id='word_1_921' title='bbox 2112 5596 2621 5671; x_wconf 32' lang='lat' dir='ltr'>(39)_Itom.‘edit_.,</span> <span class='ocrx_word' id='word_1_922' title='bbox 2649 5595 2743 5649; x_wconf 79' lang='lat' dir='ltr'>diu</span> <span class='ocrx_word' id='word_1_923' title='bbox 2777 5598 2974 5671; x_wconf 75' lang='lat' dir='ltr'>vivere.</span> <span class='ocrx_word' id='word_1_924' title='bbox 3008 5601 3230 5656; x_wconf 86' lang='lat' dir='ltr'>Patitur</span> <span class='ocrx_word' id='word_1_925' title='bbox 3259 5619 3356 5659; x_wconf 86' lang='lat' dir='ltr'>nos</span> <span class='ocrx_word' id='word_1_926' title='bbox 3395 5603 3682 5667; x_wconf 82' lang='lat' dir='ltr'>discedere,</span> 
     </span>
    </p>
   </div>
   <div class='ocr_carea' id='block_1_124' title="bbox 2039 5667 3313 5728">
    <p class='ocr_par' dir='ltr' id='par_1_124' title="bbox 2039 5667 3313 5728">
     <span class='ocr_line' id='line_1_126' title="bbox 2039 5667 3313 5728; baseline 0 0"><span class='ocrx_word' id='word_1_927' title='bbox 2039 5667 2279 5728; x_wconf 88' lang='lat' dir='ltr'>omissis</span> <span class='ocrx_word' id='word_1_928' title='bbox 2309 5667 2547 5724; x_wconf 89' lang='lat' dir='ltr'>vocibus</span> <span class='ocrx_word' id='word_1_929' title='bbox 2580 5668 2961 5727; x_wconf 88' lang='lat' dir='ltr'>intermediis.</span> <span class='ocrx_word' id='word_1_930' title='bbox 3304 5690 3313 5728; x_wconf 65' lang='grc' dir='ltr'>ξ</span> 
     </span>
    </p>
   </div>
  </div>
