4166 6154
442 235 553 299 5H

1901 239 1965 302 S.
2011 238 2386 307 AMBROSII

3734 255 3774 314 5
3783 253 3854 314 t2

442 390 574 433 esse
601 369 964 454 Jerusalem,
982 386 1114 449 qua
1140 387 1378 432 sursum
1407 372 1519 443 est,
1573 387 1701 447 quas
1755 370 1940 433 libera
1967 378 2079 445 est,
2112 377 2438 446 Asumma
2485 374 2808 452 prudentie
2855 381 3065 454 quarto
3113 382 3352 446 statum
3413 381 3626 447 ordine.
3669 385 3852 448 venit.

443 481 569 539 qua
601 470 693 522 est
719 468 906 522 mater
935 464 1203 522 omnium
1233 465 1524 531 nostrum,
1558 463 1714 522 sicut
1741 464 1882 522 dicit
1931 468 2081 540 Apo-

439 553 858 627 stolus(Galat.
916 573 990 623 IV,
1038 556 1152 625 26),
1200 552 1331 609 illos
1385 554 1719 611 asserintus
1755 559 1950 627 patres
1981 557 2084 629 qui

436 644 566 700 vitae
598 645 803 701 merito
836 649 894 700 et
923 643 1122 700 ordine
1155 647 1597 714 praecesserunt.
1625 643 1762 700 Erat
1791 643 1910 699 illic
1941 644 2081 702 Abel

437 733 534 807 pia
561 735 819 799 victima,
855 737 976 789 erat
1007 732 1138 804 pius
1171 736 1228 788 et
1255 736 1496 789 sanctus
1526 732 1744 801 Enoch,
1777 731 1901 789 erat
1939 734 2078 802 Noe,

437 825 510 880 ad
569 840 670 880 eos
716 822 1078 896 promittitur
1128 820 1421 877 Abraham
1482 821 1787 879 transitus.
1848 823 2083 880 Transit

435 913 590 970 enim
619 915 726 984 qut
753 913 825 967 de
853 912 970 968 hac
994 911 1114 968 vita
1146 911 1422 967 recedens
1454 911 1532 966 ad
1576 910 1754 967 vitam
1791 912 2081 986 demigrat

435 1003 698 1068 alteram,
733 1019 855 1073 qua.
875 1001 1019 1057 vivit
1048 1017 1216 1058 mens
1245 1000 1532 1074 sapientis
1559 1005 1618 1056 et
1639 1001 1789 1072 justi
1836 1001 1944 1056 viri
1975 1001 2075 1073 qui

432 1091 696 1150 nutritus
721 1095 808 1147 est
839 1091 898 1146 in
930 1107 1090 1162 pace.
1125 1091 1266 1145 Nam
1299 1090 1584 1164 insipiens
1615 1090 1675 1148 in
1709 1089 1858 1146 bello
1889 1091 2076 1146 nutri-

428 1185 528 1238 tur
557 1185 614 1237 et
641 1179 1075 1237 indisoordiis:
1102 1181 1304 1251 justus
1354 1179 1412 1235 in
1466 1184 1764 1236 senectute
1813 1181 1961 1236 bona
1992 1180 2074 1235 vi-

429 1272 530 1328 vit.
563 1271 689 1327 Non
721 1269 866 1328 dixit
898 1269 1091 1342 longa,
1125 1269 1224 1325 sed
1267 1269 1413 1325 bona
1464 1269 1616 1339 (Gen.
1648 1286 1738 1335 xv,
1794 1270 1902 1338 15),
1937 1269 2076 1341 quia

422 1363 626 1435 justus
693 1360 839 1416 bene
891 1357 1177 1415 senescit:
1229 1359 1585 1430 injustorum
1639 1361 1835 1415 autem
1879 1373 2071 1425 nemo,

429 1451 700 1524 quamvis
731 1447 913 1506 cervis
942 1447 1240 1504 vivacibus
1289 1447 1657 1504 diuturniore
1699 1447 1819 1503 vita
1847 1445 2071 1504 vixerit.

427 1541 582 1597 Nam
607 1538 706 1595 diu
737 1538 928 1594 vivere
955 1553 1270 1593 commune
1311 1535 1678 1608 sapientibus
1722 1539 1895 1608 atque
1929 1536 2072 1592 insi-

426 1629 726 1704 pientibus
758 1633 883 1685 est:
919 1628 1065 1683 bene
1096 1629 1292 1682 autem
1321 1625 1512 1682 vivere
1561 1624 1810 1698 speciale
1840 1623 2070 1698 sapien-

422 1721 500 1788 tis
525 1723 637 1788 est,
670 1719 838 1790 cujus
886 1719 1158 1776 senectus
1191 1714 1573 1816 venerabilis,
1626 1717 1686 1771 et
1707 1718 1866 1816 “tatas.
1902 1730 2068 1772 sene-
2100 1750 2149 1816 Β

421 1809 600 1872 elutis
625 1807 745 1864 vita
772 1805 1190 1863 immaculata:
1221 1821 1337 1862 non
1371 1803 1670 1872 diuturna,
1704 1803 1918 1876 inquit,
1969 1821 2069 1862 ne-

423 1917 538 1975 que
591 1913 836 1968 numero
883 1911 1172 1954 annorum
1229 1897 1590 1966 computata,
1660 1909 1764 1949 nec
1840 1891 2070 1966 capillis

421 1990 589 2062 capis
647 1988 802 2056 842
855 1985 916 2041 in
967 1984 1178 2059 capite,
1239 1983 1341 2041 sed
1385 1982 1660 2051 sensibus
1691 1983 1842 2054 (ϐαρ.
1879 2000 1954 2051 ιν,
1985 1983 2064 2054 8).

422 2081 524 2139 Ille
549 2093 688 2152 ergo
713 2077 864 2132 bene
892 2073 1162 2142 senescit,
1195 2072 1297 2146 qui
1325 2073 1474 2129 bene
1505 2071 1776 2130 senserit.

489 2171 580 2235 65.
633 2168 838 2237 Quarta
885 2168 1071 2220 autem
1118 2164 1469 2232 generatione
1515 2168 1856 2217 revertentur
1910 2160 2065 2231 (Gen.

420 2278 514 2330 xv,
549 2258 661 2324 16).
717 2253 974 2312 Historia
1019 2252 1258 2325 quidem
1305 2251 1379 2306 de
1413 2250 1634 2308 Judazis
1678 2250 1908 2305 videtur
1938 2265 2071 2306 cou-

418 2347 637 2414 venire,
670 2344 772 2418 qui
811 2343 867 2399 in
918 2343 1230 2416 Egyptum
1270 2339 1650 2404 transierunt,
1698 2342 1756 2394 et
1792 2338 1864 2394 de
1891 2341 2068 2412 Egy-

419 2443 524 2512 pte
547 2437 831 2494 exierunt.
864 2429 1286 2504 Quadringenti
1334 2429 1491 2485 enim
1540 2433 1598 2486 et
1645 2427 1887 2502 triginta
1929 2427 2066 2483 anni

419 2543 622 2594 eorum
655 2523 774 2580 illic
804 2519 990 2578 exacti
1021 2523 1180 2576 sunt.
1209 2519 1322 2576 Sed
1365 2534 1480 2575 non
1530 2533 1735 2574 omnes
1768 2519 2062 2583 centenos,

417 2618 648 2689 et-quot
671 2613 1011 2679 excurrunt,
1057 2625 1243 2666 annos
1291 2607 1581 2675 vixerunt,
1634 2605 1790 2662 sicut
1810 2604 2064 2677 Moyses,

417 2710 520 2766 aut
565 2706 740 2771 Jesus
785 2701 962 2768 Nave,
1016 2703 1082 2754 ut
1134 2700 1358 2770 quarta:
1387 2693 1783 2770 generationis
1831 2696 2064 2765 tempus

417 2792 744 2862 conveniat.
805 2789 971 2844 Unde
1037 2786 1354 2858 mysticum
1428 2782 1652 2856 aliquid
1730 2780 1920 2854 magis
1976 2796 2063 2836 re-

417 2885 746 2960 quiramus,
778 2893 844 2934 eo
875 2875 1034 2948 quod
1071 2877 1252 2930 tetras
1303 2872 1412 2944 (40)
1470 2869 1746 2960 omnibus
1804 2869 2066 2960 numeris

418 2976 556 3048 apta
585 2969 682 3036 sit,
715 2971 773 3023 et
802 2964 968 3022 radix
999 2962 1266 3035 quaedam
1315 2960 1555 3017 decimae
1610 2975 1674 3015 ac
1715 2959 2064 3016 fundamen-

416 3067 566 3130 tum,
598 3053 987 3117 hebdomadis
1007 3067 1239 3124 quoque
1270 3050 1488 3106 media.
1515 3048 1776 3121 Denique
1806 3063 2060 3120 nonage-

2199 467 2522 542 Meritoque
2553 473 2618 525 ut
2676 469 2726 527 si
2759 470 2894 543 quis
2926 474 3060 529 ante
3095 471 3205 529 sub
3262 490 3395 547 rege
3444 476 3670 552 Egypti
3717 477 3855 548 fuit,

2197 556 2537 614 maturioris
2567 562 2764 618 tamen
2798 559 3026 618 consilii
3056 560 3173 617 exit
3213 563 3283 618 de
3314 567 3598 634 potestate
3628 567 3768 638 ejus
3798 571 3860 623 et

2195 643 2383 719 legem
2416 645 2528 702 sibi
2557 648 2824 719 agnoscit
2853 651 3236 722 sequendam.
3269 653 3434 708 Tunc
3465 654 3529 710 tit
3577 655 3631 710 ei
3675 656 3857 712 istius

2198 734 2332 790 vitae
2363 751 2522 792 mare
2542 737 3054 807 pervium.Similis
3084 741 3231 797 ratio
3253 740 3346 798 his
3369 757 3494 813 quae
3508 744 3860 816 gignuntur

2193 822 2337 880 solo.
2369 823 2476 880 Ubi
2519 841 2719 882 semen
2772 843 3046 899 sparsum
3096 829 3288 897 fuerit,
3340 830 3584 887 solvitur
3615 833 3851 892 humo:

2193 915 2254 967 et.
2280 913 2468 984 primo
2499 915 2832 988 prorumpit
2857 916 2915 972 in
2946 917 3203 976 radicem
3253 919 3484 987 deinde,
3523 921 3852 993 germinat,

2189 999 2474 1058 formatur
2502 1002 2752 1074 fructus,
2803 1009 2859 1061 et
2903 1009 3104 1077 postea
3164 1007 3522 1065 maturescit.
3589 1009 3855 1068 Arbores

2189 1106 2424 1162 quoque
2453 1090 2596 1163 ipsas
2623 1093 2884 1166 primum
2912 1085 3168 1152 fructum
3197 1096 3413 1162 ferunt,
3459 1097 3674 1156 deinde
3718 1099 3853 1170 ipse

2187 1178 2463 1238 adolescit
2488 1181 2734 1252 fructus,
2781 1199 3019 1240 accessu
3050 1185 3329 1256 temporis
3351 1190 3539 1244 mutat
3556 1187 3848 1259 colorem,

2186 1272 2394 1340 quarto
2423 1270 2629 1328 ordine
2659 1277 3124 1341 consummatur,
3175 1272 3285 1330 hoc
3329 1279 3440 1342 est,
3489 1275 3844 1334 novissimo.

2184 1356 2273 1412 Ita
2303 1373 2439 1431 ergo
2469 1362 2528 1414 et
2567 1375 2674 1416 nos
2702 1360 2762 1416 in
2814 1365 2966 1416 terra
3016 1361 3125 1418 hac
3172 1361 3504 1419 afﬂictionis
3537 1364 3848 1437 fugiamus

2184 1444 2400 1503 lateres
2418 1447 2710 1504 formare:
2747 1449 2848 1505 sed
2881 1448 3157 1522 lacrymis
3186 1454 3245 1507 et
3301 1451 3522 1524 gemitu
3562 1467 3845 1524 provoce-

2187 1551 2321 1594 mus
2340 1534 2582 1594 Domini
2612 1535 3100 1606 misericordiam,
3134 1542 3200 1595 ut
3248 1539 3445 1596 mittat
3474 1541 3643 1600 nobis
3687 1542 3851 1617 Moy-

2184 1639 2288 1679 sen
2318 1627 2376 1680 et
2403 1629 2619 1693 Aaron,
2653 1624 2763 1682 hoc
2792 1630 2902 1694 est,
2947 1625 3137 1700 legem
3187 1631 3246 1684 et
3293 1629 3696 1706 sacerdotem:
3733 1633 3840 1690 sed

2183 1711 2353 1769 illum
2383 1729 2588 1769 verum
2615 1715 2983 1774 Sacerdotem
3000 1719 3058 1773 et
3079 1717 3452 1776 sacerdotum
3473 1718 3836 1795 principem,

2183 1801 2285 1873 qui
2344 1801 2490 1860 licet
2542 1801 2694 1860 inter
2741 1803 3010 1864 homines
3061 1809 3410 1878 versaretur,
3482 1807 3840 1866 dicebatur:
3881 1823 3888 1832 '

2179 1892 2313 1949 Ecce
2352 1893 2580 1962 spiritus
2626 1896 2754 1948 ante
2798 1895 3002 1964 faciem
3052 1898 3298 1954 nostram
3348 1895 3595 1953 Christus
3645 1889 3839 1956 Demi-

2177 1996 2284 2038 nus
2314 1980 2529 2052 (Thren.
2564 1997 2638 2048 IV,
2669 1981 2762 2056 20)
2787 2000 2800 2049 ;
2834 1986 2891 2038 et
2921 1981 3128 2040 liberet
3155 2000 3263 2040 nos
3292 1984 3363 2040 de
3393 1988 3549 2042 terra
3576 1986 3838 2059 (Egypti,

2179 2073 2248 2126 ut.
2273 2069 2493 2142 pascha
2523 2069 2756 2127 Domini
2785 2069 3168 2128 celebremus.
3200 2077 3478 2129 Feramus
3503 2073 3683 2130 etiam
3717 2076 3842 2132 fru-

2179 2161 2340 2216 ctum
2371 2157 2506 2216 fidei
2541 2159 2612 2215 ab
2661 2158 2792 2232 ipsa
2841 2160 3112 2232 pueritia,
3153 2177 3477 2234 augeamus
3525 2163 3586 2218 in
3625 2163 3837 2220 adole-

2179 2247 2420 2318 scentia,
2453 2246 2784 2307 coloremus
2812 2249 2965 2308 848
2990 2249 3050 2305 in
3069 2249 3402 2321 juventute,
3425 2251 3838 2324 compleamus

2177 2334 2237 2392 in
2269 2340 2586 2394 senectute.
2619 2338 2750 2396 Jam
2781 2337 2940 2396 enim
2971 2337 3197 2394 securis
3229 2341 3299 2396 ad
3325 2340 3578 2398 radicem
3597 2342 3837 2399 arboris

2177 2423 2370 2496 posita
2399 2428 2507 2494 est,
2541 2429 2610 2482 ut
2645 2427 2746 2499 qui
2796 2426 2955 2494 facit,
3005 2427 3263 2485 fructum
3313 2429 3476 2485 ferat.
3547 2429 3834 2488 Adultam

2175 2513 2354 2572 etiam
2384 2518 2798 2588 maturumque
2819 2519 3074 2588 segetem
3124 2521 3387 2573 nostram
3408 2534 3636 2575 messor
3675 2519 3836 2576 inve-

2175 2601 2321 2670 niat,
2355 2606 2422 2658 ut
2448 2607 2712 2662 maturos
2744 2603 2971 2660 fructus
3003 2603 3061 2660 in
3094 2605 3392 2676 apothecis
3422 2607 3722 2676 recondat,
3759 2626 3836 2665 ne

2175 2690 2530 2753 immaturos.
2582 2692 2772 2754 hiems
2823 2685 3242 2766 deprehendat,
3290 2699 3500 2751 ventus
3543 2696 3829 2765 decutiat,

2176 2769 2376 2853 pluvia
2402 2785 2760 2854 corrumpat.

2245 2869 2336 2926 66.
2369 2872 2486 2943 Ego
2535 2873 2733 2926 tamen
2777 2869 3028 2925 arbitror
3073 2869 3393 2946 significari
3441 2871 3632 2945 magis
3676 2871 3832 2932 inter

2175 2957 2491 3021 adVentum
2521 2958 2754 3015 Domini
2785 2959 3062 3030 priorem,
3086 2961 3150 3014 et
3172 2959 3502 3018 secundum
3530 2961 3630 3034 qui
3667 2962 3826 3020 futu-

2173 3063 2276 3106 rus
2306 3051 2396 3104 est
2415 3047 2628 3119 judicii
2660 3047 2807 3115 dies,
2839 3051 3074 3120 tempus
3107 3048 3387 3105 medium.
3422 3047 3558 3106 Ideo
3577 3051 3738 3107 enim
3771 3058 3827 3109 et

417 3118 607 3210 simus
638 3147 848 3204 tertius
877 3118 1451 3217 psalmus-scribitur
1474 3118 2062 3212 quarta—Sabbatiieo
2094 3118 2138 3187 C
2175 3135 2247 3192 ad
2280 3118 2430 3192 solis
2454 3151 2728 3192 occasum
2757 3138 2878 3192 viro
2909 3118 3252 3210 hujusmodi
3282 3137 3470 3196 factus
3517 3143 3607 3195 est
3648 3157 3831 3212 pavor

419 3241 576 3316 quod
605 3237 702 3295 hic
734 3248 1018 3292 numerus
1049 3229 1281 3286 medius
1312 3228 1392 3284 sit
1420 3227 1681 3316 priorum
1712 3230 1771 3282 et
1809 3241 2058 3298 sequen-

418 3331 592 3389 tium.
623 3328 774 3383 Tres
793 3322 949 3380 enim
982 3319 1316 3393 praecedunt
1343 3333 1500 3386 eum,
1559 3315 1812 3388 primus,
1851 3331 2058 3372 secun-

415 3420 548 3486 dus,
571 3413 819 3476 tertius;
871 3413 928 3466 et
973 3413 1090 3474 tres
1135 3409 1484 3478 sequuntur,
1529 3403 1794 3477 quintus,
1835 3407 2055 3469 sextus,

416 3505 725 3579 septimus.
770 3498 880 3566 Qui
929 3496 1086 3551 hunc
1135 3493 1430 3566 psalmum
1481 3490 1659 3560 canit,
1689 3490 1866 3548 .velut
1905 3489 2058 3563 aptis

415 3593 680 3655 numeris
709 3589 888 3646 vitam
921 3585 1096 3642 istius
1125 3581 1332 3639 mundi
1363 3581 1657 3654 transigit,
1683 3581 1852 3654 quasi
1881 3583 2058 3636 tetra-

413 3700 624 3758 gonus,
657 3684 714 3736 et
744 3675 996 3742 stabilis,
1026 3677 1204 3745 atque
1229 3671 1542 3745 perfectus.
1595 3671 1656 3724 In
1700 3673 1952 3742 quatuor
1981 3667 2057 3723 li-

414 3773 540 3830 bris
571 3770 809 3844 plenum
834 3762 1212 3835 Evangelium
1236 3765 1413 3833 atque
1435 3761 1758 3832 perfectum
1779 3762 1888 3814 est.
1913 3759 2060 3822 Qua-

411 3866 547 3927 tuor
575 3855 854 3916 animalia
877 3851 1124 3926 mystica
1161 3854 1321 3907 sunt.
1373 3848 1577 3920 Mundi
1627 3863 1860 3920 quoque
1886 3846 2056 3903 istius

412 3955 610 4025 partes
651 3949 904 4020 quatuor
951 3944 1110 4008 sunt,
1163 3955 1233 3994 ex
1291 3936 1508 4010 quibus
1559 3935 1901 4025 congregati
1953 3934 2057 3991 filii

412 4024 680 4098 Ecclesia:
712 4047 957 4108 regnum
1008 4027 1226 4084 Christi
1273 4024 1742 4083 sacratissimum
1771 4029 2064 4099 prepaga-’

412 4131 569 4196 runt,
619 4123 916 4181 venientes
965 4118 1036 4174 ab
1085 4116 1319 4173 Oriente
1365 4120 1542 4188 atque
1588 4114 1916 4185 Occidente,
1957 4115 2056 4170 Se-

412 4215 742 4290 ptentrione
771 4215 832 4267 et.
874 4206 1132 4266 Meridie.
1180 4203 1615 4277 Quad‘ripartito
1663 4203 1843 4278 igitur
1878 4203 2060 4260 latere

412 4309 618 4369 saneta
674 4298 928 4358 surrexit
978 4294 1256 4353 Ecclesia.
1308 4294 1490 4351 Decus
1537 4309 1770 4366 quoque
1825 4309 1905 4362 ex_.
1945 4293 2058 4364 isto

415 4408 660 4450 numero
693 4387 966 4460 assurgit.
1011 4385 1068 4442 Si
1101 4384 1258 4440 enim
1290 4386 1602 4439 connectas
1627 4383 1698 4437 ab
1730 4398 1846 4437 uno
1870 4397 2060 4453 usque

2171 3239 2444 3297 magnus,
2487 3223 2626 3296 quia
2657 3223 2954 3282 occidente
2983 3226 3104 3296 jam
3137 3227 3378 3294 mundo,
3412 3227 3679 3288 futurum
3730 3247 3827 3288 sa-

2173 3311 2460 3370 oriﬁcium
2492 3312 2921 3382 declarabatur,
2962 3329 3079 3386 quo
3111 3315 3372 3374 mundus
3409 3315 3825 3390 redimeretur,

2170 3402 2318 3460 fides
2373 3403 2531 3458 esset
2585 3400 2802 3470 hostia,
2849 3419 2976 3475 quae
3035 3419 3151 3458 non
3209 3403 3565 3462 divideretur
3608 3423 3644 3460 a
3683 3406 3826 3464 filiis

2169 3489 2436 3549 Abrahae.
2470 3490 2615 3546 Nam
2643 3491 2742 3563 qui
2773 3506 2904 3546 eam
2935 3489 3223 3563 dividunt,
3257 3509 3372 3548 non
3403 3496 3542 3552 sunt
3576 3494 3824 3552 Abrahae

2171 3578 2299 3637 filii.
2335 3579 2504 3636 Fides
2530 3583 2904 3652 comparatur
2933 3595 3111 3654 regno
3152 3579 3428 3637 oculorum
3456 3599 3468 3637 :
3501 3583 3698 3638 Simile
3749 3592 3833 3640 est

2172 3666 2332 3726 enim
2395 3683 2626 3740 regnum
2701 3668 2961 3728 oculorum
3027 3662 3202 3738 grano
3263 3671 3538 3742 sinapis...
3606 3672 3818 3742 (Matth.

2172 3773 2294 3827 xui,
2325 3757 2456 3826 31);
2483 3747 2546 3812 et
2575 3756 2770 3815 Simile
2797 3765 2881 3816 est
2906 3772 3145 3832 regnum
3199 3759 3456 3815 calorum
3508 3762 3827 3828 negotianti

2183 3837 2342 3917 (Ibid.
2372 3845 2462 3918 45)
2490 3844 2590 3916 qui
2619 3845 2761 3901 emit
2786 3861 3014 3920 agrum,
3048 3850 3106 3902 et
3144 3846 3366 3906 invenit
3395 3848 3455 3903 in
3487 3864 3552 3904 eo
3583 3865 3823 3924 marga-

2179 3935 2355 3991 ritam
2386 3933 2727 4006 pretiosam.
2761 3937 3025 4008 Regnum
3047 3935 3324 3991 caelorum
3352 3935 3672 3994 indivisum
3706 3925 3823 4006 est,

2174 4022 2314 4095 quia
2343 4038 2592 4096 regnum
2620 4022 2921 4082 Trinitatis
2947 4039 3134 4080 unum
3163 4027 3270 4082 est.
3305 4024 3438 4086 Ideo
3469 4029 3826 4097 perpetuum

2171 4115 2348 4184 atque
2381 4114 2686 4176 aeternum.
2736 4111 2876 4184 quia
2920 4111 3275 4179 indivisum;
3327 4129 3496 4170 omne
3536 4109 3696 4171 enim
3730 4131 3826 4173 re-

2169 4191 2356 4273 gnum
2387 4198 2642 4260 divisum
2675 4199 2842 4259 facile
2864 4200 3215 4274 destruetur.
3245 4199 3447 4260 Hostia
3466 4202 3643 4278 etiam
3676 4201 3830 4260 foret

2172 4288 2456 4362 pudicitia
2485 4287 2753 4350 Trinitati
2803 4289 3012 4360 dicata,
3058 4293 3192 4362 post
3241 4287 3388 4346 illud
3439 4290 3826 4360 sacriﬁcium,

2133 4411 2140 4416 -
2171 4377 2365 4434 vitulae
2397 4393 2628 4450 quoque
2658 4394 2762 4450 pro
2792 4376 3115 4445 laboribus,
3147 4377 3286 4450 quia
3315 4377 3699 4435 sacerdotalis
3734 4385 3831 4436 est

413 4483 486 4538 ad
530 4483 801 4554 quatuor,
854 4475 960 4532 hoc
989 4473 1160 4530 modo
1199 4471 1487 4528 decimam
1532 4471 1730 4527 facies.
1776 4470 2062 4542 Computa
2091 4487 2140 4553 Β
2168 4466 2445 4523 victima:
2480 4481 2665 4538 capra:
2690 4470 2914 4534 autem,
2965 4466 3107 4538 quia
3145 4482 3250 4539 pro
3300 4467 3555 4539 peccatis
3583 4467 3826 4546 hostia:

414 4585 622 4638 unum,
653 4565 801 4623 adde
833 4561 917 4619 illi
977 4564 1116 4628 duo,
1147 4561 1297 4616 ﬁunt
1327 4564 1446 4615 tres
1473 4577 1485 4614 :
1523 4559 1671 4616 adde
1700 4559 1890 4616 tribus
1921 4562 2058 4626 tres,

412 4661 564 4718 fiunt
591 4673 728 4716 sex:
763 4659 823 4714 et
851 4653 922 4709 ad
953 4669 1054 4709 sex
1097 4651 1244 4707 adde
1293 4653 1566 4722 quatuor,
1625 4647 1774 4704 flant
1839 4648 2060 4704 decem.

409 4751 616 4808 Tetras
644 4745 825 4819 igitur
855 4741 1054 4798 decem
1085 4738 1312 4812 implet,
1365 4738 1536 4794 decas
1581 4751 1893 4792 numerum
1936 4750 2062 4790 om-

413 4857 546 4896 nem
579 4831 1009 4909 complectitur.
1042 4833 1301 4896 Quatuor
1316 4842 1550 4901 quoque
1569 4827 1767 4881 aetates
1795 4827 1935 4881 sunt
1963 4823 2065 4880 ho-

412 4928 610 4997 minis,
645 4921 917 5000 pueritia,
947 4917 1358 4986 adolescentia,
1386 4916 1694 4987 juventus,
1726 4913 2059 4970 maturitas.

412 5015 700 5078 Paulatim
755 5010 1014 5082 assurgit
1065 5011 1124 5064 et
1165 5006 1465 5062 fundatur.
1520 5001 1820 5074 Sapientia
1866 5000 2063 5073 itaque

443 5245 447 5250 ‘
483 5237 617 5308 (40).
651 5234 932 5308 Sic__mss.
982 5247 1232 5308 omnes,
1255 5234 1313 5285 et
1357 5224 1803 5308 e_di~t."excepti‘s
1835 5221 2061 5305 ultimis

413 5294 623 5372 Parisl,
653 5305 869 5377 quibus
899 5319 959 5359 eo
989 5302 1128 5377 quod
1156 5294 1317 5368 trias,
1347 5303 1463 5377 etc.
1489 5294 1730 5352 Vitiose.
1756 5294 1881 5362 Non
1904 5294 2060 5377 enim

412 5369 962 5442 ternario'numero,
996 5369 1097 5428 sed
1131 5369 1504 5445 quaternario
1549 5384 1676 5440 qua:
1707 5370 2056 5437 sequuntur,

415 5447 1022 5524 possuntconvenire.
1242 5515 1254 5524 _
1382 5515 1391 5524 ‘
1450 5511 1502 5524 η

482 5522 594 5592 (At)
639 5517 847 5592 Colb.,_
877 5523 1082 5592 Lo_ng..,
1132 5515 1298 5592 Corb.
1345 5515 1402 5569 et
1450 5511 1618 5580 Maz.,
1661 5525 1782 5592 proA
1808 5511 1940 5579 ipsis
1967 5524 2059 5592 ae-

410 5579 534 5661 riis,
568 5579 684 5646 non
736 5579 889 5648 male
934 5579 1083 5641 Cum
1130 5585 1286 5644 enim
1336 5599 1517 5655 supra
1571 5579 1699 5654 cap.
1757 5584 1809 5648 8,
1859 5596 1918 5636 n.
1967 5579 2057 5650 50,

2174 4555 2394 4622 arietis,
2427 4554 2566 4628 quia
2597 4571 2701 4630 pro
2740 4555 2900 4611 omni
2933 4556 3174 4624 mundo,
3208 4560 3266 4612 et
3296 4573 3398 4628 pro
3447 4556 3594 4629 ipsis
3625 4556 3828 4613 arieti-

2175 4645 2292 4701 bus
2324 4646 2439 4716 (41)
2467 4643 2552 4700 vel
2581 4643 2935 4711 caelestibus,
2968 4661 3084 4700 non
3107 4644 3299 4702 solum
3323 4661 3427 4719 pro
3453 4640 3826 4720 hominibus,

2175 4749 2283 4792 nec
2312 4733 2506 4798 solum
2537 4750 2641 4805 pro
2671 4733 2860 4806 agnis,
2911 4733 3014 4790 sed
3061 4726 3238 4800 etiam
3265 4750 3392 4806 pro
3432 4733 3615 4812 hadis
3673 4751 3828 4808 quos

2173 4822 2514 4896 peccatricis
2555 4821 2952 4895 generationis
2998 4821 3180 4878 fetore
3228 4823 3406 4878 exuit.
3451 4822 3830 4879 Testiﬁcatur

2173 4910 2475 4969 oraculum
2507 4911 2740 4968 futuros
2773 4909 2967 4966 adhuc
2995 4909 3056 4965 in
3087 4915 3243 4968 terra
3273 4909 3610 4968 afﬂictionis
3639 4911 3824 4967 Abra-

2173 5001 2259 5056 hae
2294 4999 2536 5067 ﬁlios,ut
2564 4999 2622 5056 in
2654 5015 2880 5072 agnone
2910 4997 3232 5055 multorum
3261 5003 3318 5055 et
3337 4999 3608 5072 gravium,
3633 5003 3828 5057 certa-

2170 5239 2366 5294 aerem
2394 5239 2497 5294 per
2516 5221 2769 5294 arietem,
2784 5221 3108 5294 significari
3127 5221 3426 5294 scripserit
3450 5221 3826 5294 Ambrosius,

2171 5293 2364 5368 potuit
2384 5291 2812 5368 ~hocqvocabulo
2841 5291 3153 5368 designare
3181 5291 3442 5368 angelos,
3471 5293 3626 5356 unde
3653 5293 3828 5368 addi:

2175 5362 2862 5438 dit,1}elc_wlestibus,__eo
2908 5362 3072 5438 quod,
3115 5369 3182 5422 ut
3227 5362 3417 5438 Philo,
3468 5368 3671 5438 auctor
3708 5364 3827 5438 ipsi

2179 5434 2705 5517 familiarissimus.
2733 5435 2852 5517 lib.
2892 5434 2978 5517 de
3015 5435 3358 5517 Gigantibus,
3397 5434 3616 5517 tradit;
3665 5434 3833 5517 φυλαὶ

2170 5516 2222 5589 ξύ
2249 5506 2638 5589 εἰσριὶδξᾳτὰετὸγ.
2683 5515 2828 5589 ἀέρα.
2862 5506 3144 5589 ira-rogavit.
3200 5506 3359 5566 Idem
3426 5506 3669 5580 gemina
3729 5506 3828 5564 his

2167 5581 2346 5638 habet
2368 5577 2474 5635 lib.
2505 5579 2571 5637 de
2601 5577 2932 5652 Confusione
2963 5577 3304 5645 linguarum.
