4026 6186
251 337 346 398 513

1531 332 1632 394 DE
1673 331 2056 394 ABBAHAM
2102 329 2247 394 LIB.
2297 331 2371 392 ll.

3510 335 3625 396 514

250 470 460 526 minum
494 483 558 526 se
583 469 856 542 probent,
886 472 944 523 et
985 465 1066 524 ita
1094 479 1226 522 cum
1288 464 1475 522 multa
1531 464 1878 538 supellectili
1908 468 1961 534 Α
1993 466 2099 531 Qui
2132 466 2387 520 futuram
2421 464 2663 537 gloriam
2690 464 3209 533 demonstraverat,
3232 466 3628 526 debuit'etiam

251 567 544 617 aureorum
567 561 636 614 ‘et
666 560 1074 630 argenteorum
1107 554 1618 628 vasoru‘m‘spoliis
1663 553 1877 628 Opimia

251 651 438 706 exeant
458 651 514 704 et
534 649 898 704 revertantur
915 645 1145 712 animm,
1167 649 1343 718 atque
1363 647 1578 700 ‘exeant
1625 643 1880 716 pretiosa

251 737 600 811 possidentes
624 749 866 808 corpora
893 733 1254 790 diversarum
1285 733 1588 800 virtutum,
1611 735 1679 788 'et
1727 737 1878 803 βιω-

251 829 402 900 cipue
433 824 792 883 castimoniae
831 823 1270 897 possessionum
1316 823 1592 880 thesauro
1637 820 1876 895 repleta,

252 918 558 988 sumptura;
582 914 759 969 etiam
782 912 996 969 Christi
1011 912 1238 985 judicio
1269 912 1340 968 de
1369 910 1621 978 diabolo,
1648 915 1710 967 et
1752 911 1880 981 ejus

251 1003 545 1071 ministris,
575 1001 915 1075 ceterisque
965 1002 1065 1074 qui
1117 1001 1252 1058 sibi
1283 1000 1595 1058 voluerunt
1653 1007 1879 1067 nocere,

250 1093 573 1150 Vindictam.
602 1092 766 1148 Tunc
797 1091 907 1148 erit
947 1107 1124 1163 pavor
1164 1105 1418 1164 magnus
1471 1089 1646 1146 etiam
1687 1090 1880 1161 justo-

252 1199 389 1240 rum.
419 1181 604 1239 Nemo
635 1181 794 1237 enim
826 1181 952 1236 sine
996 1182 1252 1253 peccato.
1312 1179 1527 1235 Omnes
1583 1167 1884 1234 habebunt

257 1271 398 1346 quod
425 1270 692 1339 timeant,
715 1269 856 1341 quia
887 1269 1128 1341 impleta
1149 1271 1395 1341 'pecoa'ta
1424 1269 1613 1324 erunt.
1649 1266 1718 1322 Et
1747 1283 1881 1322 cum

254 1357 798 1434 superabundaverit
857 1361 1186 1430 peccatum,
1249 1355 1754 1430 superabundabit
1827 1358 1885 1413 et

253 1449 426 1525 gratia
443 1449 594 1521 (42.)

307 1539 394 1594 67.
427 1536 646 1594 Iterum
675 1552 799 1592 cum
816 1537 946 1608 jam
975 1536 1054 1591 sol
1093 1541 1225 1591 esset
1247 1535 1318 1590 ad
1357 1550 1630 1600 occasum,
1661 1535 1885 1605 ﬂamma

251 1631 383 1698 facta
414 1630 493 1683 est
518 1644 536 1680 :
569 1635 620 1682 et
649 1641 772 1682 ecce
799 1627 1012 1696 fornae:
1034 1624 1461 1698 fumigabunda,
1506 1627 1557 1679 et
1606 1623 1886 1696 lampades

254 1717 386 1787 ignis
407 1731 529 1787 qum
556 1715 1000 1787 pertransierunt
1027 1730 1127 1786 per
1156 1714 1346 1770 media
1371 1714 1548 1769 divisa
1579 1712 1694 1770 illa
1727 1714 1882 1785 (Gen.

1987 554 2336 612 conferenda
2365 553 2658 610 virtutum
2693 553 2899 610 merita
2927 553 3209 627 polliceri.
3237 556 3368 629 Ipse
3387 557 3551 615 enim
3576 563 3633 615 et

1989 643 2226 714 adju‘tor
2255 641 2672 711 laborantium,
2705 647 2760 700 et
2783 649 3185 700 remunerator
3231 646 3631 704 innocentium

1987 736 2094 789 est.
2127 733 2405 806 Egyptus
2435 733 2530 788 hic
2564 749 2778 788 nomen
2813 748 2927 789 non
2960 734 3233 807 regionis,
3285 736 3387 792 sed
3417 736 3630 793 flumi-

1989 822 2082 878 nis
2113 825 2218 878 est.
2273 822 2368 878 Sic
2417 822 2576 878 enim
2631 827 2852 878 veteres
2906 823 3101 878 Nilum
3160 826 3463 894 vocabant,
3513 826 3633 883 sive

1990 911 2146 984 quod
2177 911 2300 984 ipse
2332 910 2553 984 regioni
2583 927 2792 968 nomen
2835 912 3108 981 dedisset,
3170 914 3291 970 sive
3341 917 3496 988 quod
3537 933 3631 972 re-

1989 999 2180 1074 gionis
2229 1001 2549 1073 accepisset
2605 1001 2972 1056 vocabulum.
3037 1002 3297 1075 Denique
3352 1009 3409 1061 et
3465 1011 3634 1077 poeta

1989 1093 2222 1146 Graecus
2254 1089 2598 1146 testificatur
2628 1089 2708 1145 ita
2737 1107 2885 1154 esse,
2919 1090 3118 1146 dicens
3147 1109 3158 1145 :

1990 1190 2155 1247 Στῆσα
2184 1187 2228 1236 δ’
2256 1186 2306 1234 ἓν
2337 1187 2560 1251 Αἰγύπτῳ
2589 1190 2791 1251 ποταμῷ
2822 1189 2930 1246 νέας
2958 1187 3290 1251 ἀμφιελίσσας.

2703 1205 2791 1251 ιμῳ
2822 1205 2930 1246 vsa;
2958 1205 3290 1307 αμῧιελισσας.

2703 1251 2980 1321 (Homer.,
3057 1251 3224 1323 dyss.,
3251 1253 3313 1322 τε.)

1993 1357 2321 1429 Angustum
2357 1362 2553 1412 autem
2585 1361 2640 1412 et
2668 1356 2778 1412 vile
2805 1362 2913 1423 est,
2947 1361 3010 1412 ut
3039 1362 3316 1429 putemus
3347 1361 3502 1434 Quod
3530 1378 3634 1419 oms

1992 1444 2240 1501 lestibus
2265 1445 2452 1518 signis
2481 1450 2709 1502 terrena
2749 1447 3145 1518 spoponderit.
3195 1448 3398 1522 Itaque
3444 1451 3635 1508 consi-

1994 1535 2268 1592 deremus
2299 1551 2370 1590 ne
2395 1537 2540 1591 forte
2572 1536 2884 1608 perfectam
2927 1535 3346 1595 beatitudinem
3395 1543 3453 1596 et
3498 1547 3636 1598 c'on-

1995 1623 2450 1680 summationem
2513 1623 2799 1679 bonorum
2866 1625 3227 1695 meritorum,
3279 1627 3634 1700 promiserit.

1997 1712 2251 1768 Perfecta
2299 1711 2452 1768 enim
2514 1712 2813 1768 beatitudo
2873 1729 2936 1769 ex
2979 1713 3170 1770 tribus
3218 1716 3346 1773 istis
3411 1718 3640 1776 videtur

251 1823 330 1871 xv,
366 1805 475 1873 17).
504 1803 747 1860 Etiamsi
780 1803 1249 1858 dubitaretur‘de
1281 1801 1702 1875 superioribus,
1744 1819 1886 1859 cou-
1919 1839 1965 1904 Β
1995 1800 2334 1868 subsistere,
2362 1802 2644 1873 corporis,
2677 1811 2847 1874 alque
2879 1803 3109 1873 animae,
3143 1807 3199 1859 et
3239 1804 3641 1865 accidentibus

253 1896 544 1950 ﬁrmarent
575 1893 903 1966 sequentia,
938 1892 1175 1964 quando
1199 1893 1507 1948 flammam
1552 1893 1765 1948 factam
1813 1892 1886 1948 ad
1919 1890 1964 1904 ⁸’
1999 1890 2188 1958 bonis,
2223 1890 2561 1963 quaa'Grazci
2602 1899 2771 1948 ἐνόντα
2813 1891 3101 1959 dixerunt,
3153 1897 3218 1949 ut
3260 1893 3338 1950 sit
3383 1897 3641 1968 corporis

253 1999 513 2040 occasum
568 1982 843 2056 legimus,
919 1999 1047 2054 qua
1129 1980 1489 2037 illuminaret
1561 1981 1890 2054 vespertina

253 2071 447 2128 mundi
480 2073 747 2144 tempora
772 2075 828 2126 et
857 2069 1106 2142 fulgeret
1135 2069 1193 2124 in
1226 2070 1508 2139 tenebris,
1559 2087 1624 2126 ac
1673 2068 1886 2125 revela-

253 2166 330 2217 ret
359 2160 619 2216 latentia.
653 2158 915 2230 Denique
946 2159 1223 2214 continuo
1253 2159 1378 2215 visa
1409 2164 1498 2214 est
1549 2159 1751 2212 fornax
1799 2159 1890 2212 fu-

253 2249 623 2322 migabunda,
649 2248 816 2320 cujus
842 2247 1229 2304 similitudine
1251 2246 1497 2320 exprimi
1518 2246 1748 2303 videtur
1775 2247 1891 2302 vita

254 2339 498 2394 humane
536 2335 832 2410 implicata
863 2336 1272 2410 iniquitatibus
1300 2335 1493 2392 saeculi
1513 2337 1684 2392 istius
1715 2341 1889 2408 atque

254 2427 530 2494 involuta,
550 2441 662 2481 non
695 2425 918 2481 habens
944 2415 1060 2480 veri
1088 2424 1333 2497 fulgoris
1370 2424 1802 2492 claritudinem,
1835 2429 1892 2480 et

254 2517 618 2590 splendorem
669 2514 878 2571 ‘sinceri
919 2513 1183 2570 luminis.
1234 2513 1398 2570 Intus
1465 2515 1633 2586 quasi
1687 2514 1892 2570 fornax

252 2609 452 2661 aestuat
482 2603 728 2660 diversis
758 2603 1201 2676 cupiditatibus,
1234 2607 1291 2659 et
1332 2603 1688 2676 quibusdam
1732 2602 1892 2659 desi-

256 2695 546 2751 deriorum
569 2692 804 2749 anhelat
822 2693 1056 2765 ignibus
1081 2711 1093 2748 :
1121 2693 1260 2748 foris
1279 2691 1435 2748 velut
1455 2693 1707 2765 quodam
1732 2692 1893 2749 fumo

253 2783 546 2851 attexitur,
582 2798 655 2838 ne
685 2783 877 2838 videat
906 2781 1163 2838 veritatis
1216 2783 1370 2838 844
1401 2781 1630 2838 faciem.
1680 2781 1895 2836 Obum-

253 2873 495 2929 brantur
536 2871 736 2944 itaque
787 2877 846 2930 et
901 2871 1276 2926 obducuntur
1331 2870 1586 2943 quadam
1646 2869 1894 2942 caligine

253 2960 405 3016 oculi
437 2960 667 3028 animae,
700 2965 766 3015 ut
796 2959 1191 3016 confundatur
1220 2959 1391 3032 globo
1421 2960 1676 3033 quedam
1717 2958 1893 3014 fumi-

253 3050 447 3123 gantis
479 3047 770 3106 nubicula:
802 3048 1016 3104 mentis
1056 3053 1348 3122 aspectus,
1401 3064 1472 3105 ne
1507 3051 1665 3122 'pura
1711 3047 1897 3121 possit

253 3144 519 3212 spectare
550 3138 804 3212 negotia,
835 3137 1018 3193 donec
1037 3136 1299 3194 caelestes
1333 3135 1633 3210 lampades
1681 3136 1898 3210 dirigat

1998 1979 2364 2047 castimonia,
2398 1980 2699 2052 patientia,
2733 1980 2818 2036 vel
2854 1982 3259 2054 temperantia,
3310 1983 3389 2041 sit
3433 1986 3641 2044 animo

2000 2069 2310 2142 prudentia
2340 2073 2514 2142 atque
2553 2069 2804 2141 justitia.
2851 2071 3130 2144 .‘Egyptus
3190 2072 3370 2145 igitur
3422 2072 3640 2134 flumen
3719 2073 3726 2082 ’

2006 2158 2330 2230 corporalia
2359 2158 2588 2214 videtur
2633 2159 2981 2232 significare.
3037 2160 3199 2217 Unde
3229 2165 3287 2218 et
3323 2161 3482 2220 Geon
3530 2165 3642 2238 (43)

2001 2247 2152 2317 (Gen.
2186 2263 2246 2315 ιι,
2284 2246 2372 2319 l3)
2405 2247 2595 2304 dictus
2626 2252 2712 2304 est
2758 2249 2880 2320 ipse
2931 2248 3163 2316 fluvius,
3199 2251 3340 2323 quia
3376 2253 3447 2309 de
3488 2255 3643 2311 terra

2001 2336 2288 2408 figuratus
2325 2341 2414 2392 est
2469 2337 2662 2393 homo.
2716 2337 3042 2411 Euphrates
3077 2343 3272 2396 autem
3328 2358 3454 2414 que
3503 2348 3643 2400 sunt

2001 2425 2231 2492 animas,
2264 2441 2330 2481 eo
2361 2426 2515 2498 quod
2549 2427 2678 2481 fons
2709 2426 2786 2481 sit
2807 2427 3040 2498 justitia
3079 2433 3414 2486 caeterarum
3467 2431 3639 2490 virtu-

2002 2519 2150 2582 tum,
2185 2531 2313 2587 quae
2345 2513 2587 2571 virtutes
2616 2514 2761 2570 alias
2792 2515 3104 2573 illuminat.
3137 2517 3455 2576 Prudentia
3483 2521 3640 2579 enim

2001 2603 2128 2660 sine
2151 2603 2383 2675 justitia
2413 2608 2616 2660 nocet:
2653 2603 2931 2660 fortitudo
2961 2622 3192 2678 quoque
3223 2607 3336 2663 nisi
3377 2616 3504 2665 eam
3541 2611 3644 2681 ju-

2003 2692 2162 2748 stitia
2195 2696 2497 2764 temperet,
2531 2691 2918 2750 intolerabilis
2948 2694 3262 2751 insolentia
3299 2700 3410 2765 est,
3462 2697 3644 2755 furori

2003 2797 2179 2854 quam
2204 2779 2410 2838 rationi
2443 2780 2696 2854 propior,
2729 2781 3118 2839 dominationi
3153 2801 3330 2857 quam
3367 2783 3640 2858 libertati,

2003 2867 2298 2927 Sobrietas
2329 2873 2386 2924 et
2409 2871 2800 2942 temperantia
2837 2871 3061 2944 privata
3116 2874 3271 2930 bona
3328 2880 3488 2941 sunt,
3539 2893 3644 2935 nec

2005 2958 2111 3014 ulli
2145 2959 2275 3014 usui
2308 2959 2440 3030 (44),
2465 2958 2578 3014 nisi
2603 2960 2767 3031 justa
2797 2977 2933 3034 erga
2961 2961 3146 3018 Deum
3201 2964 3540 3032 reverentia,
3590 2971 3649 3022 et

2006 3047 2137 3103 fidei
2172 3051 2365 3103 mente
2393 3046 2666 3120 pietatem
2704 3048 2882 3106 colas.
2912 3049 3154 3107 Justitia
3203 3050 3327 3108 sola
3383 3057 3472 3109 est
3518 3069 3646 3126 quae

2003 3135 2248 3192 virtutes
2276 3151 2480 3192 omnes
2511 3137 3000 3210 complectitur,et
3027 3142 3398 3198 commendat
3414 3159 3641 3200 omnes.

255 3210 545 3284 Dominus
599 3210 790 3295 Jesus,
843 3225 953 3281 hoc
1011 3231 1118 3294 est,
1179 3225 1465 3300 fulgerem
1514 3225 1710 3298 gloriae
1754 3242 1897 3294 suae,
1929 3210 1972 3277 C
2004 3224 2336 3281 Accidentia
2355 3241 2587 3298 quoque
2623 3232 2761 3283 sunt
2792 3229 3234 3301 negotiationes,
3285 3236 3650 3302 mercaturae,

251 3317 513 3388 quando,
546 3315 757 3388 inquit,
789 3331 897 3370 non
928 3315 1249 3386 indigebunt
1273 3316 1397 3370 luce
1429 3314 1689 3382 lucernae,
1717 3319 1770 3370 et
1807 3314 1897 3370 lu-

249 3408 400 3462 mine
424 3407 600 3461 solis:
629 3406 896 3476 quoniam
927 3406 1040 3476 ipse
1069 3403 1332 3460 Dominus
1364 3405 1468 3459 erit
1500 3405 1598 3459 tua:
1641 3405 1897 3460 omnibus

251 3495 435 3568 (Apoc.
466 3493 718 3565 xxu,’5),
750 3497 808 3548 et
857 3493 983 3565 ipse
1040 3491 1397 3548 illuminabit
1447 3493 1646 3548 omnia
1691 3493 1897 3548 mundi

251 3583 448 3650 istius,
495 3597 749 3655 quorum
807 3598 988 3653 supra
1039 3579 1269 3652 cognita
1323 3584 1413 3636 est.
1461 3579 1689 3650 divisio,
1742 3597 1898 3636 nunc

252 3673 570 3728 manifesta
600 3671 658 3727 in
690 3669 934 3737 lumine,
981 3687 1094 3724 non
1147 3660 1250 3742 per
1292 3669 1596 3742 speculum
1648 3669 1707 3724 in
1757 3669 1899 3724 teni-

250 3768 473 3834 gmate,
499 3777 606 3817 nec
640 3759 696 3814 in
730 3764 912 3831 parte,
947 3759 1047 3814 sed
1081 3757 1224 3813 facie
1264 3758 1332 3812 ad
1388 3757 1594 3815 faciem
1639 3757 1901 3814 veritatis

250 3850 544 3922 soliditas,
574 3853 755 3922 atque
795 3847 937 3904 illud
985 3848 1140 3921 quod
1186 3846 1508 3920 perfectum
1557 3851 1664 3917 est,
1716 3847 1902 3920 possit

251 3939 457 3996 videri.

910 4021 1142 4080 CAPUT
1186 4024 1253 4080 V.

257 4117 395 4172 Cum
422 4117 634 4172 dicitur
687 4115 980 4181 Abraham,
1041 4113 1262 4169 Semini
1319 4117 1420 4169 tuo
1477 4114 1628 4170 dabo
1687 4118 1900 4170 terram

330 4188 481 4269 hanc
513 4187 671 4269 (Gen.
705 4201 798 4254 xv,
835 4188 938 4269 l8),
969 4186 1022 4241 ei
1057 4202 1206 4269 pera“
1230 4184 1497 4269 beatitudo
1534 4188 1900 4269 promittitur,

329 4257 722 4330 mam's'tamen
748 4257 1143 4330 praeﬁguntur
1162 4257 1422 4330 Ecclesia,
1453 4257 1614 4330 cujus
1637 4262 1796 4330 typus
1836 4261 1904 4313 in

332 4328 478 4387 sm
506 4331 708 4394 sterili,
742 4328 802 4384 ut
819 4330 1127 4400 Synagogae
1155 4331 1316 4399 atque
1357 4328 1630 4386 Mercium
1665 4328 1728 4384 in
1760 4331 1907 4398 Agar

329 4403 538 4458 ancilla
563 4402 916 4473 exprimitur.
947 4400 1077 4468 Quae
1105 4400 1291 4473 debeat
1307 4416 1429 4473 esse
1441 4402 1726 4473 sapientis
1763 4401 1904 4472 vigi-

332 4471 644 4537 lantia;et_
666 4472 797 4544 quid
829 4473 922 4539 sit,
973 4471 1115 4542 quod
1154 4471 1388 4528 Abrahae
1434 4471 1572 4527 Deus
1689 4471 1905 4526 llicetur

332 4546 450 4598 illis
475 4545 680 4598 verbis.
713 4543 948 4598 Auaebo
979 4547 1036 4598 te
1059 4540 1225 4598 valde
1249 4541 1402 4598 (Gen.
1432 4557 1570 4598 xvu.
1697 4547 1830 4598 'etc.

332 4546 450 4601 illis
475 4540 688 4612 verbis,
713 4543 948 4616 Augebo
979 4540 1036 4598 te
1059 4540 1225 4598 valde
1249 4541 1402 4613 (Gen.
1432 4557 1570 4611 xvu,
1601 4540 1702 4614 6),-

331 4654 418 4708 68.
449 4652 586 4709 Post
617 4650 739 4708 haec
768 4654 1034 4707 secutum
1066 4651 1156 4707 est
1176 4648 1481 4707 oraculum
1502 4648 1604 4706 Dei
1625 4649 1902 4706 dicentis:

262 4740 472 4798 Semini
501 4746 597 4797 tuo
649 4739 784 4795 dabo
840 4747 1048 4795 terram
1109 4739 1265 4810 hanc,
1314 4755 1349 4794 a
1402 4739 1632 4810 ﬂumine
1687 4738 1909 4812 «Egypti

261 4847 429 4903 usque
455 4830 527 4888 ad
551 4830 758 4900 ﬂumen
794 4825 1056 4900 magnum
1086 4827 1406 4901 Euphraten
1453 4827 1605 4900 (Gen.
1657 4844 1750 4896 xv,
1781 4827 1902 4897 48).

331 5023 443 5106 (42)
497 5021 680 5078 Iidem
736 5040 908 5090 mss.,
959 5026 1019 5078 ut
1062 5039 1185 5078 cum
1243 5039 1435 5095 sup....

262 5103 826 5238 ςῗνῗλξῑῧᾼιιιὶιιυοείιιε
851 5164 951 5238 hic
981 5169 1038 5220 et
1070 5163 1170 5221 lib.
1210 5163 1278 5238 de
1301 5165 1502 5220 Parad.
1538 5181 1588 5220 c.
1619 5165 1674 5232 3,
1705 5181 1763 5220 n.
1817 5165 1903 5231 14,

269 5233 437 5308 docet
458 5235 962 5308 Nilumeumdem
992 5253 1119 5293 esse
1149 5253 1216 5293 ac
1246 5235 1404 5294 Geon
1436 5252 1609 5308 quem
1641 5253 1711 5292 ex
1731 5251 1908 5308 para-

267 5307 394 5381 diso
423 5307 685 5381 terrestri
720 5308 898 5364 ﬂuere
936 5308 1249 5381 Scriptura
1283 5306 1481 5381 tradit.
1509 5307 1672 5381 pug
1709 5306 1906 5379 opinio

269 5379 373 5454 etsi
397 5380 555 5464 apud
577 5375 1315 5464 ,Ραίτεέξοὶοῐιιξιιιιὲἱριιεἰει
1352 5379 1425 5461 ab
1475 5375 1770 5464 aliquibus
1802 5382 1906 5464 ‘ta-

269 5451 396 5507 men
430 5448 711 5522 Eejicitur.
743 5448 886 5507 Vide
928 5451 1249 5521 Patavium,
1279 5448 1538 5506 Animad.
1570 5448 1849 5522 inEpiph.
1883 5469 1906 5518 ,-

269 5519 652 5594 Scaligerum,
682 5521 746 5594 de
769 5523 978 5579 emend.
1018 5524 1196 5594 Temp.
1227 5525 1285 5577 et
1310 5520 1478 5594 alios.
1605 5590 1638 5594 Α
1733 5591 1744 5594 _

335 5539 413 5578 an
459 5539 652 5591 erum,
682 5539 746 5578 ae
769 5539 978 5579 emena.
1018 5539 1196 5594 Iemp.
1227 5539 1285 5577 et
1310 5539 1478 5576 ωιοε.

335 5539 619 5680 (Milites.
639 5592 894 5680 .aliquo‘t,
922 5610 988 5680 ac
1017 5592 1156 5650 edit.
1183 5593 1470 5680 ‘queed‘am
1489 5679 1497 5680 ί
1519 5590 1904 5680 antiquiores,

269 5663 360 5725 nec
386 5667 564 5728 ullius
589 5665 690 5725 vi:
713 5663 963 5743 quodut
991 5663 1376 5728 amandarent
1412 5663 1782 5740 recentiores,
1814 5663 1904 5730 ins

1498 5021 1908 5095 superabundet

1661 4547 1830 4608 ,etc.
1935 4581 1982 4646 D

2007 3318 2064 3369 et
2093 3313 2482 3386 agriculturae,
2516 3317 2906 3388 competentia
2933 3327 3192 3390 quaestus
3221 3318 3488 3376 laborum
3520 3339 3651 3395 ope-

2007 3419 2257 3475 rumque
2290 3402 2594 3459 ruralium.
2629 3405 2779 3460 Sunt
2807 3407 2984 3463 etiam
3023 3408 3282 3481 corporis
3329 3409 3651 3470 accidentia

2007 3491 2345 3559 salubritas,
2380 3497 2438 3547 et
2485 3493 2636 3549 845
2692 3496 3077 3553 commoditas
3125 3497 3499 3568 valetudinis,
3547 3503 3646 3559 de-

2007 3597 2132 3650 cus,
2166 3579 2467 3649 fortitudo,
2501 3598 2629 3653 quae
2659 3597 2726 3637 ex
2758 3586 3017 3656 tempore
3068 3587 3361 3658 accidunt,
3410 3593 3466 3645 et
3512 3607 3646 3648 cum

2008 3673 2174 3724 etate
2206 3671 2530 3747 mutantur.

2077 3758 2167 3813 69.
2200 3758 2324 3814 Non
2357 3757 2706 3815 mediocrem
2741 3760 2891 3816 hanc
2923 3761 3210 3834 triplicem
3242 3767 3491 3838 gratiam
3539 3786 3647 3841 pu-

2008 3851 2117 3903 tes.
2147 3845 2340 3902 Habes
2372 3847 2529 3902 enim
2560 3849 2974 3921 perfectionem
3006 3853 3320 3922 perfectam
3361 3855 3418 3910 in
3466 3856 3648 3913 Evan-

2010 3935 2178 4010 gelio.
2214 3935 2359 3992 Nam
2395 3953 2528 3992 cum
2568 3937 2712 3993 dixit
2763 3938 3046 3995 Dominus
3092 3941 3266 3997 Jesus
3315 3941 3648 4015 legisperito

2007 4025 2133 4080 illi:
2193 4026 2400 4096 Diliges
2455 4028 2745 4082 Dominum
2805 4027 2975 4083 Deum
3027 4030 3184 4084 tuum
3261 4031 3468 4102 (Matth.
3510 4050 3650 4106 χχιι,

2008 4115 2125 4182 37,,
2164 4114 2376 4170 animae
2414 4115 2708 4185 justitiam
2754 4117 2994 4173 mandat
3041 4119 3373 4176 tenendam.
3405 4121 3651 4178 Etiamsi

2011 4203 2284 4260 honorari
2307 4207 2576 4276 parentes
2591 4207 2822 4276 justum
2840 4210 2948 4275 est,
2973 4211 3192 4278 quanto
3218 4209 3406 4282 magis
3427 4211 3653 4282 parenti

2012 4291 2276 4348 omnium
2301 4293 2522 4348 deferre
2554 4293 2723 4349 debet
2753 4293 3232 4352 honorificentia?
3262 4297 3486 4355 Rursus
3517 4316 3652 4371 cum

2012 4378 2187 4438 dicit:
2247 4383 2369 4438 Non
2425 4381 2647 4450 occides,
2705 4399 2815 4438 non
2869 4383 3233 4451 adulterium,
3287 4405 3395 4443 non
3439 4391 3655 4462 furtum

2011 4472 2199 4542 facies,
2233 4487 2343 4525 non
2387 4471 2595 4540 falsum
2649 4473 3021 4528 testimonium
3064 4473 3214 4531 dices
3270 4476 3478 4547 (Matth.
3538 4495 3652 4535 xxx.

2018 4560 2125 4632 18),
2156 4559 2404 4615 virtutes
2429 4559 2686 4632 corporis
2721 4561 3034 4617 servandas
3077 4563 3372 4622 admonet.
3425 4567 3488 4624 In
3517 4585 3658 4642 pos-

2015 4648 2329 4705 terioribus
2359 4665 2491 4704 vero
2524 4648 2746 4714 dicens,
2777 4649 2940 4706 Nemo
2971 4654 3052 4706 est
3080 4655 3180 4724 qui
3226 4653 3514 4727 relinquat
3556 4656 3658 4712 do-

2014 4753 2164 4793 mum
2206 4737 2316 4808 (45)
2382 4743 2477 4791 aut
2529 4739 2813 4808 parentes,
2880 4742 2977 4793 aut
3042 4753 3291 4807 uxorem,
3357 4747 3456 4795 aut
3516 4740 3659 4810 ﬁlios

2008 4833 2235 4900 propter
2261 4841 2494 4896 regnum
2526 4827 2644 4895 Dei,
2683 4834 2734 4882 et
2775 4841 2885 4884 non
2929 4828 3158 4899 recipiat
3202 4828 3401 4899 septies
3445 4831 3657 4884 tantum

2015 5019 2328 5094 duxerunt,
2360 5036 2460 5075 nec
2488 5020 2661 5077 ullius
2691 5022 2790 5077 vis.
2829 5021 2941 5078 Sed
2971 5019 3092 5094 etsi
3112 5036 3287 5094 sensu
3319 5037 3433 5094 non
3469 5025 3662 5094 careat

2015 5090 2363 5158 emendatio,
2409 5097 2668 5148 nostram
2710 5097 2906 5148 tamen
2955 5091 3194 5147 totidem
3239 5090 3450 5148 litteris
3497 5093 3659 5150 exhi-

2016 5163 2154 5218 bent
2184 5163 2554 5235 probationes
2581 5181 2746 5235 mss_.,
2777 5180 2976 5235 verum
2998 5163 3449 5235 Aita‘conjunctis
3499 5164 3658 5221 voci-

2015 5231 2394 5318 bus,H—ut‘_in_
2427 5251 2644 5316 'earum
2699 5233 2942 5318 lectione
2997 5231 3346 5290 hallucinari
3389 5253 3656 5318 pronum

2015 5306 2213 5362 fuerit.
2256 5306 2325 5361 Et
2381 5305 2516 5362 hinc
2573 5305 2958 5362 recentiorum
3016 5321 3158 5360 mss.
3217 5321 3284 5362 ac
3340 5305 3478 5363 edit.
3539 5325 3660 5366 cor-

2015 5383 2333 5576 ωζέἑῗᾞίο
2361 5444 2523 5518 locus
2561 5444 2736 5517 paulo
2783 5443 2953 5503 aliter
3005 5446 3258 5504 habetur
3313 5448 3372 5504 in
3409 5449 3655 5521 :Bibliis,

2015 5536 2077 5576 se
2122 5537 2156 5576 a
2183 5518 2469 5576 Cvnriano
2522 5515 2732 5574 iisdem
2766 5517 2958 5576 verbis
3009 5523 3214 5576 auster
3250 5518 3480 5576 citetur.
3514 5521 3655 5576 Vide

2015 5515 2156 5596 sedo
2183 5515 2469 5596 Cypriane
2501 5515 2732 5596 .ii'sdern
2766 5517 2958 5596 verbis
3009 5523 3214 5596 quater
3250 5518 3480 5582 citetur.
3514 5515 3658 5584 Vide

2015 5591 2118 5651 lib.
2147 5588 2316 5651 m'dd
2344 5589 2570 5664 Quirin.
2602 5603 2728 5667 cap.
2759 5588 2848 5651 46.
