4166 6154
460 227 601 287 515.

1924 220 1988 277 S.
2034 217 2409 279 AMBltOSll

3759 221 3877 282 516

458 376 603 413 nunc
658 359 719 411 in
777 358 874 410 hoc
930 362 1190 427 tempore,
1250 355 1308 410 in
1362 353 1562 409 saeculo
1615 353 1800 405 autem
1878 358 2101 404 uenturo
2134 352 2189 417 Α
2219 366 2294 415 iv,
2333 352 2433 421 lO).
2478 350 2737 422 Denique
2784 353 2953 423 quasi
3014 353 3302 413 inerudito
3361 354 3754 426 respondetur
3810 356 3863 411 ei

457 450 624 501 vitam
652 448 924 502 ademtam
952 443 1249 516 possidebit
1278 444 1427 507 (Luc.
1462 456 1619 504 xvm,
1653 440 1743 506 29,
1763 439 1875 509 30).
1912 455 2104 493 nonne

456 536 815 590 incrementa
844 534 1131 590 bonorum
1159 530 1547 586 accidentium
1569 545 1703 583 cum
1734 528 1943 583 anima:
1976 545 2093 583 cor-

454 624 733 696 porisque
764 621 1231 679 remuneratione
1262 617 1597 691 promittit?

523 713 614 766 70.
655 711 784 768 Haec
815 730 942 783 quae
973 706 1340 779 simplicibus
1371 706 1559 762 verbis
1590 722 1757 761 sacra
1806 703 2105 777 Scriptura

456 801 751 872 exprimit,
812 814 1023 869 magno
1081 796 1336 867 quodam
1407 795 1693 850 cothurno
1764 790 2103 848 Aristoteles

455 889 580 960 (lib.
617 890 837 945 [Et/lic.
873 904 922 950 c,
958 888 1010 957 8)
1041 890 1097 940 et
1132 882 1492 955 Peripatetici
1546 887 1881 955 personant,
1929 885 2101 952 atque

455 976 760 1032 extollunt.
784 974 1233 1047 Pythagoricum
1267 988 1501 1044 quoque
1541 972 1755 1043 dogma
1785 988 1913 1025 esse
1943 970 2099 1025 testi-

452 1066 704 1120 ficantur
733 1065 845 1123 sui.
892 1064 998 1117 Sed
1042 1062 1176 1133 quis
1223 1061 1458 1117 illorum
1511 1060 1759 1132 aquavit
1804 1061 2099 1115 Abraham

448 1159 713 1223 tempore
735 1152 762 1206 ‘2
794 1151 936 1216 Quis
967 1151 1312 1206 auctoritate
1343 1155 1400 1205 et
1431 1149 1718 1221 sapientia
1760 1147 2097 1213 Dominum,

450 1243 622 1313 cujus
652 1239 887 1296 oraculo
920 1238 1214 1294 Abraham
1248 1237 1495 1310 triplicis
1528 1237 1705 1308 hujus
1731 1238 1929 1309 gratias
1970 1253 2098 1291 mu-

451 1349 561 1399 nus
595 1328 906 1402 agnoscit?

521 1419 613 1475 7|.
650 1424 869 1475 Dantur
904 1423 1107 1477 autem.
1157 1418 1208 1473 ei
1270 1423 1547 1488 tanquam
1608 1415 1667 1470 in
1725 1412 2097 1487 disciplinam

449 1509 793 1582 alienigenae
817 1507 1107 1578 nationes,
1132 1514 1196 1562 ut
1220 1506 1555 1578 mensaequi
1578 1503 2099 1560 observantissime

449 1599 668 1655 recidat
698 1598 853 1664 vitia,
887 1598 1156 1654 emendet
1185 1603 1391 1651 errata.
1423 1596 1608 1667 Magis
1637 1601 1831 1650 tamen
1861 1594 2097 1649 evidens

447 1688 713 1745 Ecclesiae
741 1686 1070 1743 declaratur
1101 1685 1467 1758 mysterium,
1498 1684 1635 1756 quia
1666 1700 1768 1755 per
1798 1684 2097 1755 apostolos

446 1782 574 1848 ejus
607 1778 708 1850 qui
740 1781 879 1831 sunt
910 1774 1201 1839 Israelitaa,
1235 1789 1487 1845 quorum
1523 1777 1738 1843 patres,
1771 1777 1827 1826 et
1851 1788 1918 1826 ex
1957 1770 2093 1842 qui-

446 1871 554 1925 bus
587 1867 855 1939 patrihus
885 1865 1152 1920 Christus
1182 1863 1508 1918 secundum
1542 1876 1773 1917 carnem
1810 1861 1920 1915 sub
1970 1858 2095 1931 lege

445 1953 634 2013 factus
665 1959 772 2021 est,
815 1952 1223 2025 congreganda
1271 1949 1525 2005 Ecclesia
1584 1950 1730 2004 foret
1787 1948 2095 2004 credituris

446 2044 680 2119 populis
710 2042 1016 2098 nationum
1052 2042 1183 2113 (46).
1209 2040 1364 2105 Quos
1398 2057 1510 2095 non
1546 2039 1729 2094 otiose
1759 2039 1959 2093 decem
1993 2056 2095 2093 nu-

448 2150 608 2190 mero
642 2130 1012 2203 significavit,
1046 2129 1147 2184 sed
1183 2132 1243 2183 ut
1274 2128 1606 2183 ostenderet
1631 2128 1785 2198 quod
1826 2125 1910 2180 illi
1962 2130 2097 2182 ante

448 2221 678 2296 poi-fidi,
730 2219 830 2273 ubi
882 2235 1221 2273 mensuram
1273 2216 1507 2288 pictatis
1558 2215 1921 2286 implessent,
1964 2232 2095 2286 pro-

449 2314 594 2366 fecto
627 2312 823 2363 essent
853 2307 964 2378 (/47)
999 2306 1131 2362 lidei
1164 2305 1430 2378 adepturi
1454 2321 1746 2360 coronam.

516 2402 604 2455 7'2.
640 2396 901 2468 Denique
931 2395 1199 2467 sequitur
1258 2395 1397 2466 quia
1454 2394 1599 2448 Sara
1656 2410 1803 2448 uxor
1850 2393 2094 2448 Abrahae

450 2487 668 2544 sterilis
700 2485 889 2545 fuerat
916 2483 1064 2555 (Gen.
1099 2502 1253 2540 xxvx.
1294 2484 1377 2555 1):
1412 2487 1536 2537 erat
1561 2487 1757 2537 autem
1788 2486 1845 2537 et
1883 2481 2096 2538 ancilla

448 2576 715 2651 Atgyptia
744 2574 838 2630 cui
870 2590 1081 2629 nomen
1106 2576 1277 2646 Agar,
1312 2574 1466 2645 quod
1500 2574 1570 2628 ad
1605 2571 1922 2627 Ecclesium
1964 2588 2094 2642 per—

450 2670 632 2723 tinere
683 2665 741 2720 in
775 2682 842 2721 ea
898 2664 1256 2734 expositione
1288 2680 1465 2733 quam
1498 2663 1569 2717 de
1602 2660 1921 2715 moralibus
1954 2661 2092 2714 scri-

457 2757 730 2828 psimus,
790 2752 1125 2826 apostolicis
1181 2750 1492 2806 docuimus
1564 2748 1845 2819 exemplis
1897 2748 2025 2814 (lib.
2077 2766 2095 2803 ι

446 2847 508 2901 ile
538 2843 832 2900 Abraham.
868 2858 916 2897 c.
979 2841 1052 2911 4).
1096 2839 1351 2895 Ecclesia
1398 2839 1552 2893 enim
1615 2835 1832 2891 sterilis
1865 2836 2096 2899 videtur

451 2936 502 2987 in
540 2934 646 2987 hoc
680 2930 910 2997 saeculo,
946 2928 1084 3000 quia
1131 2944 1244 2981 non
1302 2924 1601 2980 smcularia
1658 2924 1929 2995 parturit,
1990 2942 2093 2980 nec

448 3020 771 3094 prmsentia,
802 3019 903 3074 sed
962 3018 1178 3080 futura,
1210 3015 1317 3069 hoc
1372 3019 1478 3077 est,
1536 3031 1650 3068 non
1712 3032 1778 3068 ea
1833 3030 1959 3083 quas
2011 3014 2091 3068 vi-

2219 439 2374 510 quod
2401 440 2729 495 erudiretur
2761 458 2793 495 a
2824 442 3070 498 Domino
3097 461 3109 498 :
3154 448 3270 514 Ego
3299 445 3550 515 aperiam
3579 459 3639 499 os
3677 448 3867 513 tuum,

2214 532 2267 582 et
2299 529 2577 585 instruam
2622 538 2672 585 te
2700 530 2840 602 quod
2866 531 3054 587 debeas
3086 533 3239 604 loqui
3266 532 3425 599 (Ibid.
3462 532 3567 589 12).

2287 619 2377 672 74.
2411 616 2759 674 Praeclarum
2791 625 2985 675 autem
3018 620 3382 692 mysterium,
3418 623 3573 692 quod
3607 619 3704 677 lex
3748 639 3870 679 non

2216 706 2360 761 satis
2391 705 2564 778 plena
2593 713 2754 775 erat;
2789 717 2850 763 ut
2879 710 3256 780 persuaderet
3284 709 3539 781 populis,
3571 713 3629 765 et
3660 714 3877 783 gentes

2213 788 2467 862 vocaret,
2491 794 2577 850 vel
2609 795 2747 868 quia
2777 796 2975 853 clausa
3003 799 3150 854 foret
3182 815 3367 870 usque
3397 799 3470 853 ad
3500 798 3721 855 Christi
3768 800 3875 855 ad-

2211 885 2594 955 ventum,qui
2625 902 2919 956 exponens
2979 887 3146 942 nobis
3202 886 3541 959 prophetica
3598 887 3871 956 oracula,

2212 976 2270 1028 et
2293 974 2592 1044 proferens
2646 975 2936 1030 Lectionis
2990 975 3202 1031 veteris
3257 975 3612 1042 testimonia,
3677 976 3870 1032 veluti

2212 1062 2505 1132 quoddam
2537 1080 2601 1118 os
2631 1061 2777 1136 legis
2804 1064 3048 1135 aperuit,
3075 1069 3138 1119 ut
3167 1064 3300 1119 ﬁdei
3330 1062 3552 1119 clamor
3577 1064 3638 1119 in
3669 1069 3870 1121 totum

2211 1150 2533 1221 perveniret
2589 1152 2810 1207 orbem.
2897 1152 3059 1208 Unde
3105 1159 3161 1208 et
3219 1152 3461 1225 mystice
3526 1152 3607 1208 ait
3678 1154 3865 1210 Sara:

2212 1238 2487 1294 Conclusit
2516 1257 2601 1296 me
2658 1242 2916 1297 Dominus
2972 1246 3029 1297 ut
3076 1258 3183 1297 non
3238 1243 3502 1314 parium;
3535 1243 3684 1298 intra
3733 1259 3870 1313 ergo

2207 1327 2277 1382 ad
2298 1329 2561 1384 ancillam
2590 1346 2790 1398 meam,
2823 1340 2872 1385 et
2899 1331 3083 1400 ﬁlium
3109 1333 3279 1402 facies
3308 1347 3379 1386 ea:
3408 1331 3508 1386 illa
3537 1331 3695 1402 (Gen.
3742 1349 3865 1399 xvr,

2208 1417 2283 1487 2).
2318 1420 2439 1483 Quo
2471 1423 2750 1490 agnoscat
2778 1417 2836 1473 in
2869 1419 3380 1491 praedestinatione
3416 1419 3597 1475 fuisse
3627 1435 3871 1493 semper

2209 1505 2524 1562 Ecclesiam
2583 1506 2704 1573 Dei,
2765 1513 2822 1563 et
2878 1512 3142 1580 paratam
3206 1508 3341 1564 fidei
3401 1508 3863 1578 fecunditatem,

2207 1596 2441 1665 quando
2464 1596 2698 1667 juberet
2730 1596 3012 1652 Dominus
3060 1613 3459 1668 prorumpere,
3506 1596 3606 1652 sed
3649 1595 3865 1653 volun-

2206 1687 2325 1739 tate
2356 1684 2587 1739 Domini
2618 1690 2770 1739 certo
2802 1690 3153 1740 reservatam
3188 1686 3454 1756 tempori.
3489 1685 3755 1757 Denique
3776 1686 3865 1742 sic

2207 1773 2491 1843 scriptum
2516 1778 2605 1828 est
2629 1790 2640 1827 :
2677 1774 2922 1843 Tempore
2949 1776 3161 1846 accepto
3186 1774 3449 1829 exaudiui
3474 1782 3550 1842 te,
3581 1778 3635 1829 et
3680 1775 3743 1828 in
3772 1774 3865 1831 die

2206 1862 2400 1917 salutis
2458 1862 2643 1932 (uljuvi
2697 1871 2746 1917 te
2793 1862 2920 1932 (ha.
2960 1879 3111 1929 xux,
3180 1863 3256 1933 ὃ).
3308 1862 3680 1918 Advertimus
3744 1862 3865 1919 ita-

2207 1965 2321 2021 que
2352 1951 2507 2022 quod
2540 1951 2857 2006 festinabat
2894 1950 3039 2007 ﬁdes
3090 1951 3377 2017 Ecclesiae,
3429 1952 3530 2007 sed
3575 1951 3864 2009 conclusa

2206 2046 2329 2095 erat
2383 2041 2508 2111 ejus
2569 2039 2917 2095 fecunditas.
2978 2042 3100 2106 Quo
3160 2042 3335 2095 verbo
3409 2041 3865 2097 demonstratur

2207 2128 2486 2201 quoniam
2534 2130 2906 2200 exspectabat
2961 2134 3169 2200 partus
3224 2129 3317 2185 sui
3367 2132 3652 2203 tempora,
3713 2133 3866 2203 quia

2207 2219 2365 2289 quod
2396 2217 2737 2273 conclusum
2767 2222 2856 2272 est
2885 2216 3042 2288 aperi
3070 2216 3236 2273 solet.
3270 2219 3396 2283 Qua
3441 2217 3666 2275 ratione
3716 2236 3865 2276 con-

2207 2307 2371 2362 clusa
2395 2306 2586 2369 fuerit,
2639 2306 2808 2361 docet
2856 2310 2910 2361 te
2956 2306 3272 2377 Apostolus
3316 2305 3561 2362 dicens:
3617 2308 3866 2364 Conclu-

2204 2398 2276 2451 sit
2304 2398 2450 2451 enim
2492 2397 2631 2450 Deus
2684 2396 2871 2450 omnia
2919 2396 2975 2449 in
3032 2394 3438 2462 incredulitate,
3488 2405 3547 2451 ut
3597 2398 3862 2453 omnibus

2205 2486 2617 2541 misereatur....
2653 2484 2825 2553 (Rom.
2859 2501 2937 2550 x1,
2970 2484 3081 2555 32).
3124 2483 3196 2539 Ut
3240 2500 3350 2539 non
3402 2485 3629 2540 talentis
3678 2502 3861 2559 neque

2206 2576 2501 2641 currentis,
2543 2572 2633 2628 sed
2682 2574 2997 2628 miserantis
3055 2574 3149 2628 Dei
3193 2574 3367 2642 (Rom.
3432 2591 3512 2641 1x,
3556 2574 3647 2645 16)
3696 2581 3859 2631 esset

2206 2662 2429 2734 gratia;
2464 2678 2537 2716 ne
2595 2667 2649 2716 te
2716 2662 2910 2735 ipsum
2941 2661 3320 2732 justiﬁcares,
3354 2662 3455 2717 sed
3504 2662 3707 2719 omnia
3744 2664 3859 2718 tri-

2207 2754 2417 2807 bueres
2447 2750 2564 2806 Deo
2586 2751 2681 2821 qui
2717 2756 2771 2806 te
2829 2750 3072 2807 vocavit.
3132 2752 3313 2806 Nemo
3372 2766 3508 2823 ergo
3561 2752 3861 2824 pigrescat

2206 2845 2261 2895 et
2289 2838 2723 2894 excusationem
2757 2839 3078 2909 praetendat
3116 2828 3350 2894 desidiae
3399 2856 3540 2905 suae,
3594 2856 3713 2910 quo
3764 2857 3856 2899 se-

2205 2927 2329 2983 rius
2386 2927 2602 2993 credat,
2662 2928 2801 2999 quia
2870 2927 3158 2999 scriptum
3225 2932 3313 2983 est
3384 2944 3499 2983 non
3574 2927 3855 2998 volentis,

2205 3034 2393 3088 neque
2426 3016 2712 3071 currentis
2759 3033 2908 3071 esse.
2960 3016 3296 3072 Consideret
3345 3016 3502 3071 enim
3552 3018 3698 3089 quid
3748 3019 3853 3074 ad-

448 3084 679 3166 dentur.
729 3084 915 3178 llujus
975 3103 1187 3160 ancilla
1217 3107 1305 3158 est
1363 3103 1687 3174 Synagoga,
1741 3101 1828 3155 vel
1887 3118 2090 3157 omnes
2122 3084 2165 3149 ί)
2204 3084 2392 3161 ditum
2425 3105 2519 3170 sit,
2552 3104 2655 3160 Sed
2702 3105 3036 3173 miserantis,
3091 3104 3304 3176 inquit,
3364 3107 3484 3161 Dei.
3545 3084 3750 3162 Talem
3799 3113 3857 3163 te

450 3202 717 3265 hieroses,
750 3214 876 3268 quae
909 3210 1125 3259 servos,
1180 3209 1294 3247 non
1339 3191 1553 3247 liberos
1601 3197 1775 3245 creat.
1842 3190 2091 3262 Ideoque

450 3299 603 3359 Agar
633 3286 848 3342 dicitur
902 3283 1189 3357 habitatio.
1253 3278 1475 3335 Etenim
1536 3280 1874 3351 temporalis
1925 3297 2090 3351 spem

450 3380 619 3442 fovet,
652 3392 767 3430 non
812 3376 1105 3446 perpetuae
1156 3369 1547 3442 possessionis
1603 3368 1853 3440 gratiam
1910 3373 2088 3423 tenet.

454 3468 649 3537 Itaque
683 3467 744 3517 ut
774 3479 888 3517 non
919 3458 1179 3514 insolens
1206 3463 1377 3530 partu
1410 3474 1683 3529 corporeo
1732 3458 1831 3511 ﬁat
1879 3456 2093 3512 ancilla

450 3558 599 3623 eius,
633 3553 812 3622 etjus
864 3548 1127 3605 Ecclesiae
1187 3548 1299 3602 sibi
1359 3546 1630 3613 vindicet,
1693 3546 1907 3600 dicitur
1964 3546 2086 3600 ibi:

448 3644 590 3712 l-Ijice
621 3639 891 3696 ancillam
918 3646 970 3693 et
996 3636 1184 3709 ﬁli-um
1211 3637 1331 3707 ejus
1353 3654 1374 3690 ,ο
1412 3651 1521 3690 non
1568 3637 1715 3689 enim
1764 3634 1941 3690 haeres
1986 3638 2093 3690 erit

448 3732 598 3801 [ilius
636 3729 860 3784 ancillae
890 3744 1017 3782 cum
1045 3726 1162 3797 filio
1190 3740 1307 3779 meo
1342 3726 1488 3780 Isaac
1518 3722 1669 3795 (Gen.
1704 3740 1817 3789 xxx,
1854 3723 1961 3791 tO).

461 3813 467 3819 ’
514 3822 599 3874 73.
636 3818 747 3875 Sed
779 3817 955 3872 etiam
990 3816 1047 3870 in
1081 3812 1331 3886 singulis
1361 3813 1501 3867 Sara
1529 3817 1636 3876 est,
1661 3816 1719 3866 et
1750 3810 1806 3865 in
1842 3810 2091 3883 singulis

445 3912 616 3981 Agar.
652 3908 796 3963 Sara
826 3905 1012 3961 virtus
1041 3920 1177 3958 vera
1214 3905 1323 3970 est,
1380 3918 1512 3955 vera
1569 3899 1888 3971 sapientia:
1939 3902 2092 3973 Agar

446 4000 641 4054 autem
674 3999 761 4053 est
817 3992 1092 4058 versutia,
1134 3996 1415 4062 tanquam
1466 3987 1679 4043 ancilla
1731 3988 2091 4061 perfectioris

448 4086 698 4142 \lt'lUllS.
724 4083 852 4140 Alia
875 4082 1031 4137 enim
1064 4078 1352 4152 sapientia
1382 4076 1685 4151 spiritalis,
1719 4078 1833 4133 alia
1864 4078 2092 4151 sapien-

447 4179 527 4231 tia
560 4176 737 4245 hujus
787 4171 1012 4227 mundi.
1076 4170 1208 4223 Ideo
1239 4167 1414 4223 etiam
1474 4167 1735 4238 IEgyptia
1791 4167 2087 4235 scribitur,

448 4264 581 4335 quia
625 4259 1024 4335 philosophica
1072 4256 1318 4312 eruditio
1368 4256 1683 4310 abundavit
1720 4255 1778 4310 in
1826 4258 2087 4328 ZEgyptn.

450 4352 703 4423 Denique
731 4354 785 4406 et
813 4350 1040 4421 Moyses
1071 4345 1336 4400 eruditus
1364 4348 1488 4400 erat
1518 4342 1575 4398 in
1606 4343 1766 4398 omni
1804 4345 2090 4417 sapientia

2200 3210 2337 3267 ergo
2368 3194 2557 3266 praebe
2583 3192 2752 3249 bouis
2779 3193 2992 3250 studiis
3022 3198 3079 3248 et
3111 3198 3384 3265 prompta
3408 3195 3545 3263 fide,
3577 3200 3639 3250 ut
3694 3196 3855 3253 Deus

2198 3284 2285 3338 tui
2316 3283 2679 3346 misereatur,
2713 3287 2770 3338 et
2801 3287 2962 3338 vocet
2992 3287 3045 3338 te
3077 3282 3232 3339 sicut
3266 3282 3579 3339 Ecclesiam
3612 3286 3855 3342 vocabit

2199 3371 2399 3427 dicens
2425 3389 2437 3426 :
2469 3372 2667 3426 Palam
2694 3374 2871 3441 factus
2901 3388 3024 3426 sum
3044 3388 3157 3427 non
3187 3374 3553 3443 quaerentibus
3580 3389 3669 3428 me
3712 3377 3852 3447 (48),

2199 3463 2434 3531 apparui
2464 3462 2534 3515 iis
2568 3462 2663 3531 qui
2681 3460 2747 3515 de
2776 3477 2861 3515 me
2889 3476 2998 3515 non
3026 3461 3439 3532 interrogabant
3459 3464 3737 3532 (Isu.va,
3778 3466 3851 3536 1).

2270 3551 2437 3605 ῑ5.Ει
2462 3554 2613 3604 recte
2644 3549 2948 3621 praemissa
2977 3555 3116 3605 sunt
3146 3550 3441 3621 inferiora,
3492 3555 3555 3606 ut
3600 3552 3853 3610 meliora

2200 3644 2597 3711 sequerentur.
2632 3637 2859 3709 Peperit
2880 3635 3093 3693 ancilla
3124 3655 3339 3705 servos,
3366 3644 3429 3693 ut
3455 3655 3553 3695 eos
3585 3639 3856 3699 Ecclesia

2197 3725 2413 3783 liberos
2445 3729 2675 3793 l'aceret,
2709 3730 2766 3782 et
2794 3728 2865 3782 de
2897 3727 3173 3783 servitute
3198 3727 3443 3800 pOpulos
3489 3729 3560 3783 ad
3609 3727 3855 3787 liberta-

2199 3820 2317 3872 tem
2341 3823 2588 3883 vocaret,
2622 3815 2693 3870 de
2719 3815 2891 3887 culpa
2922 3815 2993 3870 ad
3036 3814 3453 3883 innocentiam,
3503 3816 3572 3872 de
3624 3818 3859 3878 offensa

2201 3906 2273 3961 ad
2306 3903 2988 3978 gratiam..Singulorum
3022 3922 3257 3977 quoque
3288 3906 3593 3962 hominum
3615 3908 3664 3963 si
3710 3926 3855 3981 spe-

2200 3998 2322 4050 etes
2353 3993 2639 4062 ordinem,
2674 4010 2789 4049 non
2822 4010 3026 4050 omnes
3055 4012 3089 4050 a
3118 3994 3387 4066 perfectis
3409 3994 3857 4072 inchoaverunt,

2202 4099 2307 4139 nec
2354 4083 2510 4155 apud
2544 4100 2748 4139 omnes
2780 4088 3039 4155 tempore
3087 4083 3276 4156 prima
3325 4090 3433 4141 est.
3485 4086 3586 4141 sed
3638 4089 3859 4147 merito

2203 4172 2498 4244 antiquior
2526 4172 2782 4243 perfecta
2808 4172 3015 4227 virtus.
3044 4172 3354 4229 Prudentis
3411 4174 3587 4246 igitur
3636 4178 3864 4233 mentis

2201 4266 2291 4317 est
2330 4260 2724 4329 considerare,
2774 4260 3037 4332 qnandiu
3089 4261 3150 4316 in
3204 4263 3457 4334 perfecta
3503 4268 3593 4318 est
3631 4265 3860 4333 anima,

2202 4366 2329 4421 qum
2364 4352 2506 4404 sunt
2536 4364 2736 4404 secum
2779 4346 3078 4418 deliberet,
3113 4353 3177 4404 ut
3206 4349 3290 4404 vel
3324 4350 3382 4404 in
3431 4352 3865 4423 posterioribus

454 4439 881 4512 ,i'lgyptiorum,
904 4437 1006 4491 sed
1051 4434 1262 4505 abjecit
1313 4449 1442 4489 eam
1493 4432 1802 4505 praferens
1860 4432 2089 4506 {Egypti
2122 4453 2168 4517 Ι)
2201 4455 2263 4493 se
2292 4438 2554 4493 exerceat
2599 4436 2885 4492 virtutum
2937 4437 3293 4511 disciplinis,
3351 4439 3533 4495 donec
3592 4444 3863 4499 exercitii

450 4525 743 4585 thesauris
782 4524 1158 4598 opprobrium
1213 4539 1316 4594 pro
1366 4522 1521 4577 3-10
1570 4521 1785 4577 Christi
1838 4522 2091 4579 nomine.

449 4619 591 4673 Nam
626 4615 674 4671 si
728 4613 890 4670 illam
940 4612 1268 4685 judicasset
1325 4610 1580 4681 alicujus
1636 4611 1919 4667 momenti
1968 4627 2096 4667 esse

449 4704 821 4780 sapientiam,
855 4718 969 4757 non
1002 4692 1203 4773 utique
1262 4699 1537 4756 dixisset:
1589 4702 1789 4755 Precor
1842 4701 2094 4769 Domine,

448 4815 555 4851 non
585 4811 708 4849 sum
746 4793 943 4862 .lignus
972 4798 1102 4847 ante
1132 4789 1436 4845 hesternam
1486 4793 1536 4845 et
1592 4789 2095 4846 nudiustertianam

447 4889 609 4949 diem,
642 4898 816 4955 neque
845 4897 914 4936 ea:
942 4896 1045 4952 quo
1069 4881 1280 4948 cwpisti
1308 4880 1460 4949 loqui
1504 4895 1659 4933 servo
1709 4883 1799 4934 tuo
1820 4896 1840 4941 ;
1898 4880 2099 4949 gracili

449 4977 595 5029 enim
620 4971 978 5029 collocatione
1004 4973 1053 5025 et
1081 4969 1324 5024 tardiore
1349 4969 1539 5039 lingua
1586 4983 1680 5038 ego
1726 4984 1853 5025 sum
1899 4967 2094 5038 (Exod.

523 5187 631 5253 [46)
661 5185 784 5240 Vet.
819 5185 979 5251 edit.,
1012 5182 1321 5238 crediturus
1366 5182 1602 5254 populus
1658 5183 1965 5254 nationum.
2034 5182 2099 5236 Et

457 5259 658 5325 paucis
706 5256 973 5310 versibus
1022 5253 1610 5321 interiectis'eatdem
1671 5253 1834 5325 edit,
1894 5254 2098 5308 sterilis

450 5324 651 5395 βλέψαι,
689 5326 825 5395 quod
856 5327 925 5381 ad
958 5331 1099 5392 Em,
1150 5332 1257 5380 etc.
1322 5325 1644 5395 Utrumque
1698 5324 1889 5379 locum
1950 5340 2094 5380 mss.

451 5397 643 5469 Corh.,
671 5395 881 5469 liongq
915 5396 1083 5469 Coll).
1109 5401 1165 5451 et
1196 5397 1336 5453 Maz.
1371 5395 1545 5452 nobis
1581 5396 1988 5451 restituerunt.

450 5490 461 5497 ι
521 5468 611 5537 (47
670 5465 832 5522 Rom".
867 5465 997 5525 eod.
1032 5468 1198 5533 Maz.,
1226 5471 1465 5543 perfecta
1497 5474 1690 5523 essent.

523 5470 634 5611 (tsi
663 5535 787 5594 Vet.
810 5542 952 5599 edit.
990 5553 1123 5595 cum
1154 5554 1297 5599 mss.
1345 5538 1530 5610 Colb.,
1564 5539 1690 5599 Tori

523 5529 633 5615 (48)
663 5535 952 5599 Vet.edit.
990 5553 1123 5595 cum
1154 5529 1297 5599 mss.
1325 5529 1530 5610 'Colb.,
1564 5539 1762 5610 Torn.,
1825 5536 1982 5597 Vale.
2042 5545 2099 5601 et

2207 4544 2319 4583 usu
2350 4525 2634 4594 valescat;
2669 4526 2809 4581 dum
2842 4543 2974 4582 vero
3006 4544 3069 4583 se
3099 4529 3312 4583 erroris
3343 4528 3659 4586 involucris
3688 4548 3867 4590 exue~

2206 4616 2303 4682 rit,
2336 4620 2393 4671 et
2422 4615 2493 4670 ab
2525 4614 2684 4670 omni
2717 4615 3053 4670 enodaverit
3091 4616 3429 4683 offensione,
3477 4633 3861 4676 consumma-

2204 4708 2327 4760 tam
2360 4704 2448 4759 sui
2474 4702 2886 4776 purgationem
2934 4703 3237 4774 exhibens,
3292 4709 3431 4760 tunc
3484 4723 3590 4763 suo
3631 4706 3863 4765 nitatur

2206 4792 2409 4849 ordine
2441 4808 2686 4864 magnos
2719 4798 2920 4864 partus
2951 4792 3139 4849 edere.

2275 4882 2365 4936 76.
2399 4880 2682 4936 Praeterea
2727 4880 2945 4936 dicitur
2993 4881 3277 4938 Abrahae:
3337 4884 3464 4939 Esto
3511 4886 3630 4940 sine
3676 4902 3867 4959 repre~

2208 4969 2474 5026 hensione
2506 4968 2638 5041 (Gen
2692 4971 2955 5042 xvu,1):
3019 4971 3112 5026 cui
3164 4972 3415 5029 debetur
3458 4972 3705 5046 spiritus
3763 4991 3862 5034 sa-

2209 5183 2379 5250 Maz.,
2409 5188 2585 5255 factus
2608 5200 2731 5240 sum
2759 5186 3143 5255 quaerentibus
3169 5203 3291 5253 me;
3324 5185 3695 5256 recentiores,
3722 5192 3863 5316 (ζαθ-

2209 5263 2293 5311 tus
2312 5271 2432 5311 sum
2456 5272 2489 5310 a
2518 5273 2629 5312 non
2658 5257 3032 5316 querentibus
3060 5274 3147 5313 me
3172 5276 3185 5316 :
3210 5264 3469 5316 utrisque
3486 5274 3618 5315 cum
3643 5259 3717 5315 iis
3763 5276 3859 5316 em

2209 5263 2293 5311 tus
2312 5271 2432 5311 sum
2456 5272 2489 5310 a
2518 5273 2629 5331 non
2658 5257 3032 5331 quarentibus
3060 5274 3147 5313 me
3172 5276 3185 5323 ;
3210 5264 3469 5331 utraeque
3486 5274 3618 5315 cum
3643 5257 3859 5331 iisdem

2208 5344 2426 5402 mss,...
2460 5329 2557 5400 qui
2582 5344 2670 5383 me
2696 5343 2827 5383 non.
2872 5328 3080 5402 Melius
3140 5331 3245 5385 cod
3300 5328 3472 5402 Go'rb.
3530 5335 3586 5387 et
3642 5330 3859 5402 Long.,

2209 5349 2426 5393 11183,...
2460 5349 2553 5400 qui
2582 5349 2827 5383 menon.
2874 5349 3080 5384 Μθιιιιε
3140 5349 3245 5385 (3οα
3300 5349 3472 5386 LAOI‘D.
3530 5349 3586 5387 ΒΕ
3642 5349 3767 5389 μοι]
3816 5376 3856 5402 ι,

2206 5401 2383 5475 factus
2412 5415 2535 5455 sum
2561 5414 2668 5475 non
2692 5400 3067 5472 quaerentibus
3093 5417 3211 5471 me;
3263 5400 3479 5475 quibus
3525 5418 3657 5475 cum
3693 5349 3856 5464 ϐοῇ).

2209 5476 2265 5529 et
2292 5471 2458 5541 Mam,
2494 5473 2590 5547 qui
2618 5471 2683 5528 de
2704 5471 2797 5528 ine
2823 5486 2953 5541 non,
2995 5479 3104 5530 etc.
3281 5471 3297 5475 '
3568 5474 3601 5504 ί
