4026 6186
283 347 394 411 517

1576 346 1676 411 DE
1719 346 2105 410 ABRAHAM
2152 348 2297 409 LIB.
2346 347 2419 407 ll.

3561 354 3676 416 518

285 478 461 552 pienli
492 485 755 549 sanctus,
788 482 1031 555 integer,
1063 482 1209 538 bene
1262 481 1518 549 mobilis,
1574 478 1920 536 immacula-
1950 479 2006 545 Α
2038 477 2429 536 Circumcidite
2465 481 2734 537 duritiam
2780 483 2957 539 cordis
3013 486 3179 539 vestri
3234 484 3409 555 (Deut.
3460 502 3515 550 x,
3564 484 3674 556 16).

287 573 395 624 tus.
427 567 670 641 Oportet
694 570 872 641 igitur
895 572 1002 627 viri
1027 572 1310 644 sapientis
1358 571 1615 626 animam
1674 568 1767 625 die
1820 585 1919 624 no-

284 662 493 728 ctuque
524 658 582 712 in
612 658 882 715 exercitio
903 660 1035 731 jugi
1066 659 1302 733 specula
1330 658 1710 732 praetendere,
1768 673 1925 713 nun-

283 762 457 810 quam
508 763 715 803 somno
746 750 892 805 847
928 748 1350 823 indulgentem,
1383 746 1681 821 perpetuis
1708 744 1925 818 vigiliis

282 834 567 891 intentam
598 841 712 891 Deo
742 838 815 893 ad
839 837 1420 909 comprehensionem
1469 852 1665 891 rerum
1721 850 1924 891 earum

285 941 406 995 quas
439 931 599 990 sunt,
634 931 690 980 et
725 926 1094 997 singularum
1142 941 1458 982 causarum
1508 924 1923 998 cognitionem.

284 1012 388 1068 Sed
423 1014 601 1068 etiam
640 1016 969 1069 futurorum
1021 1014 1310 1086 interpres
1358 1013 1647 1085 sapientia
1676 1016 1784 1082 est,
1819 1012 1929 1067 scit

285 1100 594 1174 praterita,
624 1106 679 1157 et
709 1103 780 1158 de
808 1102 1021 1159 futuris
1049 1104 1319 1159 aastimat.
1350 1102 1472 1159 Scit
1497 1102 1786 1158 versutias
1806 1117 1925 1156 ser-

285 1206 546 1257 monum,
597 1194 655 1246 et
700 1191 1024 1248 solutiones
1085 1196 1591 1265 argumentorum.
1646 1191 1828 1262 Signa
1870 1195 1929 1245 et

288 1284 549 1334 monstra
573 1281 683 1335 scit
713 1283 1027 1352 antequam
1059 1280 1219 1347 ﬁant,
1253 1285 1310 1336 et
1327 1282 1568 1336 eventus
1598 1276 1928 1350 temporum

287 1375 335 1422 et
363 1367 740 1423 saeculorum.
772 1369 898 1425 Non
930 1372 1124 1440 potest
1154 1368 1335 1440 igitur
1364 1368 1555 1423 bonus
1585 1370 1761 1439 atque
1793 1381 1928 1438 pern

289 1456 472 1512 fectus
501 1473 617 1513 non
649 1472 775 1512 esse
806 1456 907 1529 qui
937 1456 1087 1513 hanc
1115 1456 1475 1529 acquisierit,
1524 1455 1664 1528 quia
1690 1459 1749 1511 et
1803 1471 1927 1511 om-

289 1562 415 1600 nem
450 1544 628 1601 habet
652 1545 950 1614 virtutem,
983 1549 1040 1602 et
1068 1545 1263 1618 imago
1301 1545 1582 1601 bonitatis
1626 1547 1733 1599 est.
1768 1543 1930 1600 Unde

288 1642 339 1689 et
368 1633 569 1689 seaculi
618 1632 794 1689 istius
844 1634 1120 1706 sophista
1169 1639 1470 1690 traxerunt
1526 1633 1929 1689 definitionem

288 1722 646 1792 hujusmodi,
680 1723 835 1794 quod
869 1723 1104 1795 sapiens
1136 1723 1225 1778 vir
1248 1723 1438 1778 bonus
1480 1722 1710 1778 dicendi
1778 1722 1929 1794 peri-

288 1814 378 1867 tus
409 1811 507 1866 sit.

349 1902 443 1956 77.
478 1900 809 1955 Redeamus
827 1915 983 1955 nunc
1014 1901 1085 1955 ad
1112 1900 1333 1955 donum
1364 1899 1464 1955 Dei
1497 1915 1613 1970 quo
1644 1899 1791 1954 nihil
1813 1898 1930 1972 ple-

288 1989 440 2044 nius.
475 1988 625 2052 Quid
655 1989 811 2044 enim
842 1986 1055 2044 melius
1076 1988 1368 2059 sapientia
1393 1987 1423 2043 7
1453 1988 1601 2052 Quid
1633 1989 1801 2060 pejus
1832 2005 1929 2043 va-

289 2077 465 2133 nitate
493 2077 522 2132 ?
552 2078 701 2143 Quid
731 2077 986 2133 deterius
1016 2076 1431 2149 superstitione
1457 2076 1485 2130 ?
1518 2076 1768 2149 Ideoque
1796 2082 1929 2133 tan-

289 2182 462 2237 quam
493 2165 546 2220 ei
576 2166 668 2220 cui
702 2166 1049 2237 promiserat
1077 2164 1503 2237 plenitudinem
1535 2165 1927 2236 perfectionis,

290 2255 369 2310 ait
400 2270 413 2309 :
447 2253 661 2324 Augebo
693 2261 744 2309 te
770 2254 947 2317 valde,
976 2262 1028 2309 et
1051 2269 1251 2325 ponam
1281 2261 1329 2309 te
1355 2254 1411 2308 in
1443 2258 1644 2324 gentes,
1674 2262 1729 2310 et
1783 2269 1931 2325 reges

291 2343 349 2398 de
374 2346 423 2398 te
450 2352 615 2398 erant
641 2344 799 2414 (Gen.
833 2345 971 2410 xvii,
996 2343 1089 2412 6):
1124 2342 1263 2413 quia
1292 2344 1421 2413 ejus
1463 2341 1563 2413 qui
1596 2342 1787 2398 fidelis
1844 2349 1935 2399 est

292 2433 420 2502 (49),
454 2436 615 2487 totus
647 2431 904 2487 mundus
934 2430 1271 2486 divitiarum
1301 2437 1411 2498 est,
1442 2436 1500 2485 et
1528 2435 1794 2503 augetur,
1818 2449 1931 2487 non

292 2521 577 2576 minuitur
605 2524 670 2575 ut
697 2519 933 2575 stultus.
969 2519 1210 2574 Ponitur
1240 2519 1299 2574 in
1342 2522 1548 2591 gentes
1596 2520 1925 2588 Abraham,

294 2610 396 2664 hoc
412 2615 523 2675 est,
563 2609 709 2664 fides
737 2612 867 2679 ejus
906 2609 977 2663 ad
1009 2613 1212 2680 gentes
1262 2608 1635 2677 transfertur,
1666 2615 1725 2664 et
1767 2624 1933 2681 reges

293 2697 481 2753 seaculi
514 2697 618 2769 qui
675 2696 1070 2763 crediderunt,
1120 2700 1177 2751 et
1205 2712 1267 2751 se
1331 2695 1655 2768 subjiciunt
1686 2696 1934 2753 Domino

290 2785 424 2842 Jesu
446 2785 542 2841 cui
569 2785 785 2841 dicitur
818 2802 829 2840 :
866 2784 982 2840 Tibi
1022 2785 1247 2856 offerent
1294 2800 1446 2854 reges
1473 2801 1707 2841 munera
1762 2787 1933 2857 (Psal.

294 2891 459 2939 vau,
487 2873 601 2944 30).
651 2873 767 2929 Nec
798 2871 942 2927 illud
1000 2873 1346 2939 absurdum,
1408 2872 1549 2944 quia
1601 2889 1669 2929 ex
1726 2890 1936 2947 genere

292 2962 537 3019 Abrahae
596 2979 712 3018 non
765 2960 957 3016 solum
1016 2976 1181 3034 reges
1238 2965 1412 3017 erunt
1477 2962 1779 3033 dignitate,
1840 2980 1936 3020 ve-

294 3067 424 3106 rum
454 3050 635 3106 etiam
673 3049 761 3104 illi
819 3065 983 3121 reges
1038 3049 1139 3120 qui
1191 3054 1427 3121 peccato
1487 3066 1602 3105 non
1662 3052 1934 3119 serviant,

295 3156 396 3195 nec
424 3139 621 3194 vincat
651 3154 749 3193 eos
780 3137 1023 3204 malitia,
1056 3153 1236 3208 supra
1263 3153 1411 3209 quos
1470 3154 1714 3211 regnum
1778 3156 1936 3196 mors

292 3245 407 3283 non
464 3227 698 3283 habeat.
760 3225 970 3281 Mentis
1030 3205 1299 3297 quoque-
1337 3226 1500 3281 bona
1533 3205 1938 3300 'cognovimus
1969 3205 2011 3272 (ἶ

292 3333 455 3389 reges
507 3331 637 3372 esse
694 3320 751 3370 et
807 3314 1098 3385 principes
1154 3314 1539 3382 inventiones,
1598 3332 1725 3387 quis
1786 3317 1937 3373 sicut

291 3404 589 3460 Abraham
620 3401 933 3459 mediocris
971 3402 1209 3473 quidem
1261 3404 1656 3475 generationis
1703 3422 1938 3477 proven-

292 3499 409 3563 tus,
442 3510 561 3549 non
594 3491 792 3559 habet,
822 3494 922 3547 sed
955 3491 1218 3546 abundat
1260 3490 1579 3562 regalibus.
1640 3492 1743 3548 Cui
1801 3495 1939 3552 data

288 3589 378 3638 est
413 3589 571 3637 terra
600 3580 660 3634 in
693 3580 1145 3652 possessionem,
1181 3584 1245 3634 ut
1291 3579 1629 3636 dominetur
1684 3584 1933 3655 corpori,

292 3688 395 3726 nec
425 3671 503 3726 sit
533 3668 762 3741 captiva
790 3667 1112 3724 carnalium
1174 3665 1565 3739 voluptatum,
1624 3670 1725 3725 sed
1767 3672 1935 3743 quasi

292 3759 580 3814 famulatu
632 3757 828 3812 debito
876 3756 1128 3811 obnoxia
1155 3772 1288 3811 caro
1320 3757 1503 3811 menti
1562 3761 1796 3813 serviat.
1844 3764 1938 3816 Se-

288 3847 548 3902 cundum
582 3860 894 3917 personam
926 3848 1123 3899 autem
1164 3843 1410 3899 Abrahaa
1463 3844 1700 3901 evidens
1758 3852 1937 3919 myte-

290 3937 442 3991 rium
473 3933 763 4001 Ecclesiae,
799 3948 926 4004 quas
956 3937 1146 3988 totum
1176 3933 1375 3988 orbem
1408 3933 1543 3989 fidei
1600 3934 1937 3995 haereditate

289 4024 572 4095 possedit,
605 4023 754 4077 bene
783 4025 948 4092 pater
974 4020 1271 4076 electionis
1300 4021 1534 4093 dicitur,
1563 4026 1724 4095 pater
1778 4024 1933 4096 ﬁdei,

286 4119 448 4184 pater
468 4111 577 4185 pia:
610 4110 1017 4166 confessionis.

919 4197 1151 4253 CAPUT
1192 4199 1285 4253 ΧΙ.

285 4290 629 4363 Ρνδνεεριιιτηγ
646 4287 1079 4363 circumcisionis
1108 4287 1340 4363 Abrahae
1365 4286 1715 4363 datumquid
1760 4293 1934 4363 signi-

356 4358 498 4432 ﬁcet,
529 4359 730 4435 quidve
757 4361 927 4435 etiam
955 4358 1260 4435 iri/antibus
1303 4367 1485 4435 octavo
1513 4358 1607 4415 die
1654 4377 1763 4435 non
1788 4434 1791 4435 ν
1814 4358 1931 4418 Ην-

356 4429 616 4488 eumm'sis
638 4433 969 4486 intentatum
994 4430 1069 4484 sit
1095 4431 1330 4485 exitium
1355 4434 1379 4483 γ
1397 4429 1549 4486 Sarw
1577 4434 1794 4487 nomini
1820 4451 1932 4488 una

359 4504 541 4560 littera
573 4501 812 4573 additur.
846 4500 1135 4573 Abraham
1150 4502 1210 4555 in
1237 4504 1438 4573 [aciem
1485 4501 1631 4557 cadit
1657 4507 1712 4558 et
1766 4505 1925 4560 ridet.

355 4574 498 4629 Nam
531 4574 679 4629 idem
706 4572 1036 4627 dubitaverit
1062 4575 1087 4624 .9
1113 4572 1225 4642 Ipsi
1246 4588 1348 4642 pro
1369 4574 1592 4630 [maele
1620 4576 1807 4630 oranti
1834 4592 1931 4632 an-

356 4649 477 4701 nuit
510 4651 802 4711 Domznus,
833 4660 897 4698 ac
925 4642 1107 4712 ﬁlium
1133 4659 1202 4699 ea:
1240 4642 1381 4699 Sara
1402 4646 1700 4716 promittit.

355 4734 440 4789 78.
466 4734 540 4790 Et
571 4732 713 4806 quia
739 4732 1063 4804 perfectum
1117 4736 1379 4800 vocatur,
1438 4733 1744 4789 oraculum
1798 4752 1927 4806 per-

285 4820 551 4878 fectionis
578 4820 809 4893 accipit.
844 4820 1278 4891 Circumcidatis,
1331 4821 1542 4894 inquit,
1586 4836 1744 4879 omne
1779 4841 1926 4880 mas-

280 4912 532 4968 culinum
560 4918 819 4982 vestrum,
858 4918 910 4966 et
963 4910 1368 4967 circumcidatis
1417 4927 1638 4968 carnem
1691 4918 1929 4970 vestram

284 4999 433 5070 (Gen.
466 5017 607 5070 xvu,
673 5000 929 5072 10,11);
994 4999 1247 5072 perfecta
1303 5004 1498 5058 autem
1556 5001 1925 5060 circumcisio

284 5087 565 5160 spiritalis
594 5091 703 5145 est.
731 5087 988 5160 Denique
1016 5091 1074 5144 et
1100 5087 1267 5146 lectio
1294 5088 1403 5146 hoc
1423 5090 1589 5147 docet
1608 5107 1741 5146 cum
1764 5091 1922 5148 dicit:

352 5286 463 5356 (49)
500 5286 587 5341 Ita
616 5285 986 5360 mss._Corb.,
1019 5284 1224 5360 Long.,
1257 5287 1418 5344 Colb.
1449 5293 1506 5344 et
1536 5286 1794 5344 Maz.Alii
1820 5303 1923 5343 au-

282 5358 417 5432 tem,
438 5374 520 5432 _ac
553 5362 666 5432 vet,
697 5356 834 5413 edit.
869 5359 997 5428 quia
1028 5360 1124 5429 qui
1147 5356 1266 5430 Ejus
1295 5363 1391 5416 est.
1428 5360 1593 5416 Rom.
1622 5360 1925 5432 vero,quia

283 5430 375 5497 qui
396 5428 667 5497 ejusmodi
685 5432 781 5483 est.

351 5497 459 5571 (50)
493 5500 637 5555 Mss.
670 5516 851 5572 supra
874 5497 1136 5572 laudati,
1166 5503 1350 5572 passis,
1386 5509 1564 5557 motus
1622 5502 1821 5569 virilis,
1871 5511 1923 5559 et

281 5569 621 5638 feminarum
649 5569 929 5632 meastrua
960 5569 1179 5646 (passio
1212 5570 1473 5645 scillicet)
1528 5582 1708 5633 sumat
1763 5589 1921 5633 exor-

279 5640 370 5707 dia
399 5659 519 5708 non
551 5641 722 5708 male.

315 5657 370 5707 ta
399 5659 519 5708 non
551 5657 722 5708 male.

2031 566 2101 621 Et
2130 566 2225 623 hic
2255 569 2518 641 plerique
2540 572 2623 626 ita
2651 572 2964 644 accipiunt,
3000 579 3062 627 ut
3092 573 3170 627 sit
3202 589 3216 627 :
3262 573 3680 630 Circumcidatzs

2032 670 2196 710 omne
2224 658 2594 713 masculinum
2641 669 2897 727 vestrum,
2952 662 3061 717 hoc
3117 667 3225 727 est,
3278 666 3535 717 mentem
3586 678 3678 717 ve-

2034 748 2217 799 stram
2250 764 2266 811 ;
2301 746 2449 801 nihil
2480 754 2570 802 est
2596 748 2750 803 enim
2781 754 2972 804 mente
3004 749 3269 804 validius.
3306 748 3522 805 Deinde
3543 750 3683 821 quia

2035 833 2429 889 masculinum
2460 836 2636 891 etiam
2670 842 2936 891 sanctum
2962 838 3177 892 dicitur
3208 855 3222 893 :
3258 839 3448 893 Omnis
3477 855 3679 894 mascu-

2036 921 2120 975 lus
2175 921 2500 994 adaperiens
2556 925 2774 979 vulvam
2830 935 3047 980 sanctus
3118 927 3343 981 Domino
3400 929 3684 983 vocabitur

2036 1010 2228 1080 (Brod.
2258 1012 2473 1083 xm.2).
2523 1013 2671 1077 Quid
2721 1018 2915 1068 autem
2968 1020 3159 1069 mente
3215 1015 3495 1083 sanctius,
3556 1033 3681 1087 quae

2036 1098 2138 1153 dat
2168 1100 2450 1155 bonarum
2481 1101 2709 1156 semina
2740 1100 3179 1171 cegitationum,
3214 1102 3429 1173 quibus
3486 1103 3684 1175 aperit

2035 1187 2267 1242 vulvam
2300 1189 2511 1244 animae
2565 1189 2902 1244 conclusam
2940 1192 3199 1259 patiendi
3259 1191 3584 1258 sterilitate,
3618 1198 3685 1248 ut

2038 1276 2225 1347 possit
2253 1276 2394 1333 illas
2447 1276 2769 1333 invisibiles
2829 1279 2980 1333 848
3034 1278 3437 1351 generationes
3493 1281 3682 1349 edere,

2038 1370 2203 1420 utero
2234 1364 2333 1420 illo
2363 1365 2628 1422 videlicet
2659 1366 2935 1438 spiritali,
2971 1367 3041 1422 de
3102 1386 3217 1439 quo
3247 1368 3391 1424 dicit
3450 1370 3634 1426 Isaias
3668 1388 3679 1425 :

2041 1454 2099 1507 In.
2132 1456 2283 1509 utero
2312 1457 2614 1526 accepimus
2643 1460 2696 1510 et
2740 1458 3143 1526 parturivimus
3171 1457 3435 1528 spiritum
3488 1459 3683 1515 salutis

2039 1541 2148 1611 (lsa
2178 1560 2334 1611 xxvr,
2397 1545 2484 1614 18)
2517 1544 2543 1597 ?
2588 1544 2965 1599 Circumcisio
2998 1560 3132 1615 ergo
3163 1545 3353 1600 cordis
3406 1545 3685 1619 intelligi-

2038 1630 2193 1695 bilis,
2241 1630 2607 1687 circumcisio
2650 1633 2824 1687 etiam
2875 1632 3066 1688 carnis
3098 1633 3411 1689 mandatur
3438 1634 3683 1692 sensibi-

2040 1718 2149 1774 lis:
2214 1717 2315 1775 illa
2370 1720 2429 1775 in
2479 1721 2739 1783 veritate,
2790 1721 2845 1774 in
2899 1722 3222 1792 signaculo.
3271 1723 3518 1780 Gemina
3577 1725 3683 1782 ita-

1959 1824 2152 1905 Bque
2224 1807 2611 1875 circumcisio,
2698 1810 2838 1880 quia
2918 1819 2976 1864 et
3052 1811 3236 1866 animi
3316 1818 3374 1867 et
3429 1813 3687 1885 corporis

2038 1896 2319 1968 quaeritur
2349 1896 2728 1953 abstinentia.
2762 1898 3022 1970 Denique
3050 1899 3297 1971 [Egyptii
3320 1901 3684 1971 quartodeci-

2041 2001 2136 2040 mo
2166 2002 2318 2040 anno
2368 1985 2798 2041 circumcidunt
2855 2002 3069 2052 mares,
3132 1992 3189 2043 et
3250 1987 3479 2043 feminae
3532 1990 3686 2062 apud

2039 2090 2138 2129 eos
2162 2074 2365 2129 eodem
2399 2092 2551 2130 anno
2582 2075 2920 2130 circumcidi
2976 2078 3261 2144 feruntur,
3295 2078 3449 2149 quod
3500 2079 3571 2134 ab
3623 2096 3688 2136 eo

2038 2163 2295 2218 vidilicet
2324 2180 2476 2219 anno
2523 2164 2766 2236 incipiat
2823 2166 3069 2237 flagrare
3115 2165 3310 2238 passio
3369 2166 3580 2235 virilis,
3632 2174 3688 2224 et

2040 2250 2389 2306 feminarum
2433 2257 2733 2308 menstrua
2782 2260 3023 2309 sumant
3052 2254 3287 2310 exordia
3317 2255 3454 2327 (5‘).)
3509 2256 3683 2328 Legis

2041 2344 2237 2395 autem
2311 2340 2459 2396 lator
2507 2346 2734 2396 aeterna}
2797 2342 3168 2414 signaculum
3227 2344 3689 2400 cireumcisionis

2044 2427 2295 2483 carnalis
2322 2428 2382 2482 in
2424 2428 2564 2485 solis
2594 2429 2859 2485 maribus
2897 2430 3095 2503 exigit,
3137 2448 3203 2486 eo
3235 2433 3391 2503 quod
3448 2433 3519 2489 ad
3552 2433 3689 2490 mis—

2043 2517 2222 2569 tionis
2255 2532 2429 2570 usum
2467 2517 2556 2570 vir
2585 2516 2829 2572 muliere
2858 2518 3256 2573 vehementior
3303 2520 3416 2576 sit:
3474 2525 3531 2577 et
3563 2520 3689 2577 ideo

2044 2603 2232 2675 ipsius
2266 2604 2549 2676 impetum
2606 2603 2922 2677 infringere
2985 2606 3163 2661 voluit
3219 2608 3688 2665 eircumcisionis

2043 2691 2367 2764 signaculo.
2400 2692 2499 2748 Vel
2532 2694 2671 2765 quia
2698 2693 2807 2751 viri
2860 2694 3019 2750 licito
3052 2712 3113 2751 se
3161 2712 3354 2752 errare
3409 2699 3681 2765 credunt,

2043 2782 2094 2835 si
2134 2779 2256 2836 solo
2287 2797 2349 2836 se
2378 2782 2711 2837 abstineant
2748 2783 3053 2851 adulterio,
3090 2784 3447 2841 meretricios
3480 2790 3685 2841 autem

2045 2886 2190 2925 usus
2215 2875 2497 2942 tanquam
2528 2870 2639 2942 legi
2672 2878 2893 2927 naturae
2923 2877 3233 2946 suppetere
3262 2879 3495 2945 putant,
3547 2891 3682 2930 cum

2045 2964 2256 3031 praeter
2284 2959 2625 3031 conjugium
2652 2976 2757 3016 nec
2796 2961 2916 3016 viro
2947 2960 3135 3029 liceat,
3169 2979 3272 3018 nec
3305 2963 3534 3019 feminae
3576 2965 3688 3019 mi-

2047 3048 2193 3102 sceri
2225 3046 2633 3103 alteri.Altiore
2655 3052 2850 3103 autem
2874 3048 3349 3121 interpretatione
3381 3050 3520 3106 illud
3547 3069 3689 3123 pan-

2046 3135 2224 3203 ditur,
2257 3136 2409 3207 quod
2452 3135 2500 3190 si
2534 3153 2701 3193 mens
2727 3143 2973 3210 purgata
3004 3144 3060 3194 et
3089 3138 3435 3196 circumcisa
3465 3141 3562 3206 sit,
3596 3158 3690 3197 ex-

2048 3228 2148 3279 uta
2177 3225 2494 3296 superfluis
2525 3225 2921 3297 voluptatibus
2955 3234 3011 3283 et
3058 3229 3537 3301 cogitationibus,
3597 3248 3688 3286 re—

2048 3313 2287 3386 stringit
2317 3314 2574 3370 animam
2601 3316 2670 3370 ad
2694 3316 2785 3371 sui
2818 3316 3248 3384 castimoniam,
3273 3318 3690 3392 purisquesen-

2046 3402 2211 3457 sibus
2229 3403 2481 3459 infusam
2500 3404 2785 3460 bonorum
2802 3407 2939 3460 facit
2950 3410 3224 3478 pertuum
3247 3409 3687 3479 generatricem.

2116 3492 2207 3546 79.
2242 3490 2452 3546 Octavo
2484 3499 2678 3547 autem
2711 3493 2804 3547 die
2834 3494 3170 3551 circumcidi
3206 3511 3451 3568 puerum
3484 3496 3576 3553 lex
3599 3498 3692 3568 ju-

2046 3578 2161 3644 bet,
2188 3578 2431 3649 mystico
2465 3578 2667 3650 utique
2698 3587 3007 3652 praecepto,
3046 3584 3183 3654 quia
3214 3584 3340 3656 ipse
3377 3588 3467 3640 est
3496 3602 3689 3641 resur-

2046 3665 2320 3721 rectionis
2352 3666 2475 3721 dies
2506 3666 2808 3723 Dominica
2838 3670 2995 3724 enim
3035 3671 3129 3726 die
3161 3673 3475 3728 resurrexit
3502 3673 3694 3729 Domi-

2046 3771 2158 3810 nus
2178 3754 2371 3810 Jesus.
2398 3755 2548 3826 Ergo
2578 3755 2627 3810 si
2666 3756 2790 3811 dies
2831 3759 3273 3816 resurrectionis
3311 3762 3689 3818 circumcisos

2046 3860 2153 3899 nos
2192 3849 2250 3898 et
2309 3849 2512 3899 exutos
2568 3843 2825 3899 inveniat
2873 3845 3215 3901 delictorum
3275 3849 3566 3919 superius,
3616 3850 3687 3904 ab

2046 3933 2205 3989 omni
2235 3930 2467 3988 ablutos
2499 3932 2687 4000 sorde,
2724 3933 2973 3988 mundos
3005 3952 3038 3990 a
3069 3935 3222 3990 vitiis
3256 3937 3678 4007 corporalibus,

2042 4022 2093 4076 si
2114 4021 2251 4076 hinc
2273 4021 2530 4076 mundus
2546 4020 3040 4088 exieris,mundus
3061 4024 3645 4094 resurgesﬂireumei
3661 4054 3682 4066 -

2044 4111 2115 4166 de
2136 4110 2315 4182 igitur
2333 4115 2389 4165 te
2413 4126 2527 4165 non
2552 4126 2746 4175 carne,
2770 4110 2870 4165 sed
2901 4110 3040 4166 vitio
3068 4111 3308 4167 carnali.
3333 4112 3401 4167 Et
3430 4118 3682 4170 circum-

2042 4199 2168 4255 cide
2199 4205 2368 4254 tuum
2400 4215 2514 4254 non
2556 4198 2747 4255 solum
2778 4199 3176 4268 vernaculum,
3209 4201 3311 4257 sed
3350 4200 3524 4257 etiam
3557 4220 3682 4275 pre-

2041 4287 2121 4342 tio
2152 4292 2437 4359 emptum.
2480 4287 2540 4342 Si
2573 4288 2646 4343 ad
2670 4286 2905 4359 singula
2933 4290 3172 4357 referas,
3207 4289 3497 4345 vernaculi
3544 4296 3685 4347 sunt

2042 4381 2236 4432 motus
2277 4375 2593 4443 naturales,
2617 4377 2802 4447 pretio
2838 4377 3041 4448 empti,
3065 4378 3287 4434 ratione
3318 4385 3373 4435 et
3421 4380 3687 4437 doctrina

2041 4464 2333 4537 acquisiti.
2368 4465 2550 4537 Egent
2590 4469 2784 4520 autem
2826 4470 2882 4520 et
2913 4464 2994 4519 illi
3027 4469 3084 4521 et
3113 4466 3193 4534 hi,
3227 4471 3508 4540 tanquam
3568 4470 3684 4526 vir-

1958 4559 2006 4625 D
2037 4554 2221 4627 gulta,
2255 4553 2602 4625 purgatione
2632 4558 2688 4608 et
2718 4552 3001 4610 incisione
3034 4554 3298 4628 luxurize,
3340 4574 3408 4613 ne
3430 4574 3683 4631 evagen-

2034 4647 2132 4699 tur
2162 4648 2227 4699 ut
2284 4641 2505 4698 sterilia
2559 4646 2955 4710 sarmenta,et
3011 4644 3375 4702 obumbrent
3453 4647 3684 4703 inutilia

2037 4731 2371 4787 fructuosis.
2396 4730 2571 4786 Velut
2590 4731 2856 4803 quaedam
2889 4733 3048 4788 omni
3078 4733 3216 4791 vitio
3249 4735 3506 4791 distenta
3536 4734 3680 4789 mul-

2035 4820 2110 4875 tis
2151 4820 2446 4876 incassum
2479 4819 2706 4875 laborat
2727 4822 2837 4893 (51)
2866 4839 2878 4876 :
2914 4821 2995 4877 ita
3024 4823 3343 4878 cavendum
3378 4839 3448 4877 ne
3504 4822 3677 4877 etiam

2037 4913 2236 4965 nostra
2266 4924 2432 4964 mens
2462 4907 2730 4981 pluribus
2760 4914 3058 4983 occupata,
3092 4927 3206 4964 non
3239 4908 3427 4964 solum
3496 4909 3678 4966 bonos

2035 4998 2332 5071 ingeneret
2358 5002 2581 5071 partus,
2642 4998 2740 5054 sed
2792 4999 2968 5055 etiam
3010 4997 3318 5052 inutilibus
3378 4996 3678 5069 plerisque

2035 5088 2387 5160 degeneret;
2421 5086 2600 5143 simul
2657 5090 2720 5141 ut
2748 5087 2882 5142 vitis
2914 5092 3115 5158 putata
3145 5101 3260 5139 non
3294 5083 3459 5140 facile
3507 5085 3675 5142 silve-

2106 5286 2216 5357 (51)
2247 5284 2381 5348 Ουω
2414 5284 2523 5357 hic
2554 5283 2736 5357 habes
2767 5299 2820 5357 a-
2846 5297 2998 5347 voce,
3040 5280 3270 5357 laborat,
3326 5281 3395 5335 ad
3455 5299 3673 5350 vocem,

2033 5351 2307 5429 mysterii,
2343 5371 2482 5436 cuni
2510 5354 2568 5436 in
2600 5353 2738 5436 edit.
2790 5351 3075 5436 deessent,
3117 5351 3287 5436 nobis
3334 5368 3677 5436 suggessere

2036 5422 2180 5504 mss.
2213 5422 2417 5504 omnes
2443 5424 2590 5481 Gall.
2623 5423 2746 5504 Non
2780 5423 3067 5504 obscurus
3105 5422 3345 5504 quidem
3382 5422 3497 5504 hic
3552 5433 3676 5482 erat

2034 5499 2254 5566 hiatus,
2286 5496 2385 5568 qui
2417 5511 2530 5568 non
2563 5495 2714 5568 male
2746 5493 3052 5568 suppletus
3082 5493 3395 5568 videretur,
3447 5498 3493 5553 si
3554 5516 3675 5554 ver-

2032 5571 2130 5644 bis
2155 5565 2554 5644 superioribus
2586 5565 2877 5644 incassum
2910 5566 3145 5637 laborat;
3192 5566 3503 5633 adderetur
3542 5586 3670 5643 vox,

2031 5643 2158 5705 vitis
2187 5634 2274 5701 vél
2304 5638 2445 5719 quid
2476 5634 2686 5705 simile.
