4166 6154
483 225 602 282 519

1939 224 2002 282 S.
2054 221 2432 284 AMBROSII

3777 226 3898 288 520

484 354 1004 424 scat,dissolvatur
1056 353 1193 422 cito,
1244 353 1343 410 sed
1383 351 1722 424 posteritati
1782 357 2126 408 reservetur.
2161 359 2211 420 Α
2243 353 2355 408 sibi
2389 354 2591 424 justus
2639 353 2922 420 videatur,
2980 355 3170 410 aetatis
3210 357 3545 414 maturioris
3605 372 3900 429 processu

483 445 628 501 Nam
656 448 717 500 et
744 443 1033 516 ingeniosi
1063 442 1250 500 multa
1280 441 1536 514 pariunt,
1569 458 1698 514 quae
1731 441 1870 498 utile
1896 445 1984 496 est
2016 441 2127 496 cir-

481 533 834 602 cumcidere,
868 537 926 589 et
971 534 1073 605 qui
1123 531 1450 588 doctrinam
1511 530 1817 604 diligentia
1874 530 2125 587 assecuti

479 626 640 692 sunt,
670 622 866 679 videre
896 623 956 678 in
987 637 1048 678 se
1102 620 1316 675 debent
1371 619 1760 678 inscientiam.
1793 625 1808 686 ]
1856 618 2130 692 Mysterii

480 717 676 769 autem
709 712 858 769 ratio
890 709 1164 768 dilucida.
1199 708 1512 765 Vernaculi
1543 709 1700 765 enim
1739 708 1950 778 Judaei,
2001 725 2130 781 pre-

481 801 785 874 tio‘empti,
811 803 949 856 sunt
977 801 1179 870 gentes
1210 814 1337 870 quas
1365 796 1740 854 crediderunt
1772 815 1785 866 ;
1819 797 1956 870 quia
2005 815 2130 870 pre-

480 892 557 948 tio
590 889 895 962 sanguinis
925 887 1140 945 Christi
1171 887 1472 960 redempta
1501 891 1589 944 est
1646 886 1919 945 Ecclesia.
1982 887 2127 960 Ergo

474 985 533 1036 et
557 980 818 1044 Judaeus,
849 982 902 1033 et
934 977 1187 1043 Graecus,
1212 981 1268 1033 et
1301 973 1633 1049 quicunque
1665 977 1998 1043 crediderit,
2034 977 2129 1033 de-

475 1071 574 1126 bet
603 1069 752 1124 scire
773 1083 834 1123 se
860 1065 1276 1122 circumcidere
1307 1083 1340 1120 a
1371 1067 1645 1136 peccatis,
1681 1070 1744 1121 ut
1792 1066 1980 1136 possit
2010 1064 2126 1122 sal-

471 1175 582 1214 vus
611 1157 772 1213 fieri:
807 1161 865 1212 et
912 1155 1289 1221 demesticus,
1325 1159 1382 1210 et
1430 1153 1775 1227 alienigena,
1805 1159 1861 1210 et
1895 1156 2120 1226 justus,

473 1251 537 1302 et.
551 1249 826 1320 peccator
851 1244 1308 1300 circumcidatur
1339 1242 1683 1300 remissione
1731 1248 2123 1314 peccatorum,

474 1341 540 1392 ut
562 1339 867 1409 peccatum
895 1350 1009 1390 non
1043 1337 1315 1406 operetur
1345 1332 1604 1404 amplius
1631 1351 1645 1401 ;
1678 1333 1816 1405 quia
1848 1349 2018 1389 nemo
2041 1349 2128 1390 as-

474 1425 674 1484 cendit
695 1425 759 1480 in
792 1439 1038 1496 regnum
1069 1421 1370 1489 oculorum,
1415 1421 1529 1477 nisi
1562 1438 1663 1494 per
1689 1426 2124 1478 sacramentum

474 1514 868 1590 baptismatis.
899 1513 1014 1568 Nec
1045 1511 1301 1584 proderit
1331 1510 1648 1583 superioris
1691 1509 1926 1582 justitia
1975 1514 2122 1567 tem-

474 1606 656 1679 poris,
693 1609 749 1661 et
793 1604 850 1658 in
883 1603 995 1658 ﬁne
1026 1602 1154 1656 vitae
1180 1599 1474 1672 justitiam
1535 1599 1926 1672 dereliquerit.
1990 1600 2124 1656 Ideo

477 1695 690 1752 Paulus
729 1693 811 1749 ait
843 1711 854 1748 :
885 1693 1068 1748 Pretio
1098 1692 1266 1762 empti
1297 1693 1444 1758 estis,
1481 1691 1648 1745 nolite
1678 1691 1802 1760 fieri
1847 1692 1992 1744 servi
2036 1689 2127 1744 ho-
2155 1727 2202 1792 Β

475 1788 689 1842 minam
715 1783 765 1856 (ι
790 1782 916 1839 Cor.
958 1798 1056 1850 vn,
1085 1781 1198 1848 23).
1241 1780 1391 1834 Sunt
1420 1779 1576 1833 enim
1609 1778 1919 1845 contraria,
1965 1778 2120 1834 349

469 1872 892 1949 quia'servitus
923 1873 1157 1943 peccato
1189 1867 1574 1935 contrahitur,
1611 1871 1670 1923 et
1707 1867 1892 1939 pretio
1920 1883 2118 1939 pecca-

474 1971 602 2021 tum
644 1961 981 2018 remittitur.

542 2055 632 2108 80.
667 2052 798 2106 Haec
820 2049 1000 2122 igitur
1028 2046 1281 2120 simplici
1318 2046 1679 2118 expositione
1709 2045 2008 2100 abundare
2047 2045 2120 2100 ad

476 2139 838 2200 intellectum
868 2137 1199 2210 opinamur.
1235 2135 1482 2206 Ideoque
1534 2150 1638 2189 nec
1679 2134 1861 2189 cubos
1889 2147 2118 2204 geome-

471 2233 651 2299 tricis,
685 2245 790 2285 nec
820 2231 1192 2299 tetragonum
1224 2238 1532 2279 numerum
1567 2221 1968 2294 philosophice,
1990 2237 2122 2277 con-

472 2321 784 2379 fessionem
819 2317 952 2389 (52),
989 2319 1056 2370 ut
1096 2314 1282 2382 aiunt,
1318 2311 1782 2386 Pythagoricum,
1818 2328 1922 2367 nec
1967 2326 2118 2366 sem-

474 2429 575 2485 per
610 2407 890 2482 virgines,
920 2407 986 2460 ut
1032 2401 1351 2476 appellant,
1397 2400 1786 2457 hebdomadis
1843 2415 2120 2454 numeros

471 2517 609 2557 cura
637 2495 988 2554 discutimus
1007 2493 1191 2557 inani,
1215 2507 1320 2547 nec
1364 2491 1654 2546 mundum
1691 2489 1852 2545 radio
1903 2488 2118 2544 forma-

473 2603 605 2646 mus
624 2589 759 2659 (53),
781 2601 888 2642 nec
908 2582 1120 2640 ccelum
1144 2582 1202 2637 in
1226 2580 1462 2654 pulvere
1478 2578 1816 2652 quaerimus,
1840 2593 1944 2633 nec
1963 2579 2117 2632 intra

473 2681 756 2752 augustos
777 2675 990 2732 abacos
1015 2673 1214 2729 orbem
1238 2668 1646 2725 concludimus
1670 2683 1684 2722 :
1711 2667 1810 2722 sed
1833 2683 1968 2722 vera
1989 2683 2117 2738 ape-

480 2772 666 2825 rimus
686 2764 981 2838 mysteria,
1005 2777 1184 2818 unam
1208 2758 1459 2816 salutem
1497 2774 1625 2812 esse
1661 2756 1875 2811 Christi
1916 2772 2114 2812 resur-

476 2857 810 2913 rectionem.
835 2849 1294 2922 Conplantemur
1323 2862 1459 2918 ergo
1499 2843 1874 2900 similitudini
1907 2845 2114 2902 mortis

467 2948 616 3015 ejus,
641 2947 706 2999 ut
726 2956 1056 2998 mereamur
1077 2934 1515 2992 resurrectionis
1537 2933 1914 2990 consortium.
1941 2935 2007 2990 Et
2025 2950 2114 2990 ve-

466 3043 563 3090 tus
579 3033 752 3089 home
775 3033 974 3086 noster
994 3025 1169 3083 simul
1195 3025 1271 3081 sit
1290 3023 1553 3080 confixus
1593 3023 1771 3090 cruci,
1797 3028 1860 3079 ut
1898 3040 2111 3096 corpus

466 3125 806 3181 destruatur
821 3115 1062 3192 peccati.

534 3213 624 3268 81.
657 3208 902 3284 Egregie
931 3209 1128 3261 autem
1160 3202 1416 3258 infantiae
1463 3201 1521 3256 in
1564 3201 1770 3274 primis
1819 3202 2110 3274 vagitibus

465 3297 805 3357 circumcidi
829 3311 1022 3351 mares
1045 3295 1134 3349 lex
1147 3292 1332 3364 jubet,
1359 3291 1533 3346 etiam
1552 3289 1894 3346 vernaculos
1919 3309 1930 3345 :
1973 3291 2113 3363 quia

465 3391 618 3446 sicut
643 3388 714 3444 ab
771 3384 1022 3441 infantia
1069 3385 1369 3456 peccatum
1421 3380 1556 3451 (54),
1618 3380 1702 3435 ita
1730 3380 1802 3436 ab
1863 3380 2113 3437 infantia

463 3476 853 3535 circumcisio.
885 3471 1124 3530 Nullum
1151 3475 1384 3543 tempus
1430 3486 1682 3528 vacuum
1749 3470 1921 3526 debet
1975 3487 2102 3527 esse

465 3567 680 3634 tutelae,
712 3565 850 3638 quia
880 3561 1110 3619 nullum
1149 3565 1238 3616 est
1268 3559 1450 3633 culpis
1491 3576 1761 3615 vacuum.
1803 3563 1868 3614 Et
1918 3561 2111 3616 infans

462 3655 820 3712 revocandus
851 3670 885 3710 a
915 3656 1146 3725 peccato
1201 3654 1309 3714 est,
1335 3665 1405 3704 ne
1451 3647 1791 3704 idololatria;
1818 3646 2114 3721 polluatur

460 3744 747 3816 contagio,
781 3747 838 3799 et
868 3759 940 3798 ne
971 3741 1216 3797 adorare
1247 3743 1551 3796 assuescat
1598 3737 1845 3806 idolum,
1875 3742 1932 3794 et
1975 3755 2110 3795 exo-

463 3833 677 3893 sculari
709 3831 1114 3898 simulacrum,
1148 3828 1406 3901 parentis
1443 3826 1661 3882 violare
1719 3826 1926 3882 nidum
1975 3829 2108 3900 (55),

461 3924 737 3998 pietatem
769 3922 996 3979 laedere.
1025 3917 1219 3976 Simul
1251 3934 1323 3973 ne
1341 3915 1658 3989 quisquam
1680 3915 1934 3984 infletur,
1953 3919 2109 3989 quod

527 4041 619 4112 52)
651 4039 806 4107 Era.,
835 4035 968 4093 Gill.
1006 4040 1065 4090 et
1091 4035 1258 4112 Rom.
1293 4033 1456 4100 edit.,
1490 4033 1930 4112 quaternionem,
1971 4032 2109 4088 Aliae

459 4103 683 4179 omnes,
717 4103 956 4166 ac'mss.
989 4108 1382 4179 confessionem
1415 4120 1428 4158 :
1467 4104 1589 4179 __s_ed
1612 4177 1626 4179 Α
1652 4103 1856 4179 eodem
1909 4120 2108 4160 sensu.

462 4185 561 4239 Hic
592 4174 748 4239 enim
780 4198 850 4237 ea
876 4197 986 4236 vox
1017 4174 1273 4247 sumitur
1326 4191 1430 4247 pro
1463 4174 1564 4247 illo
1597 4174 2108 4247 Pythagoreorum

451 4254 860 4325 jurejurando,
893 4253 964 4308 de
994 4266 1112 4325 quo
1144 4245 1518 4325 Plutarchus
1551 4245 1702 4325 libri
1728 4320 1737 4325 _
1877 4247 2110 4325 Placitis

465 4318 932 4397 philbsophorum,
993 4318 1072 4377 ita
1129 4318 1387 4376 scribit:
1451 4319 1529 4366 Διὸ
1583 4318 1665 4364 καὶ
1722 4318 2011 4397 ἐφθέγγοντο
2069 4323 2114 4397 ot

461 4390 799 4480 ξξυθιγορικοὶ,
875 4395 936 4453 ὧς
1023 4407 1256 4455 μεγιστου
1331 4405 1479 4454 οριου
1557 4405 1691 4465 owe;
1773 4392 1859 4448 τῆς
1941 4390 2113 4454 τετρά-

466 4479 562 4523 σος.

522 4576 590 4623 Οὺ
649 4575 716 4636 μὰ
796 4573 882 4620 τὸν
963 4569 1178 4634 ἁμετέρᾳ
1233 4570 1369 4634 ψυχᾷ
1425 4567 1705 4631 παραδόντα
1777 4571 2046 4633 τετρακτὺν

524 4647 690 4710 Ιίιγὰν
745 4645 925 4693 ἀενάου
983 4644 1167 4706 φύσεως
1225 4640 1458 4705 ριζῶματ²
1515 4640 1746 4705 ἔγουσαν.

465 4753 574 4810 lloc
604 4757 693 4810 est
725 4769 737 4808 :
774 4751 979 4808 Idcirco
1017 4749 1395 4822 Pythagorici,
1451 4749 1610 4822 quasi
1640 4765 1924 4822 magnum
1975 4751 2110 4803 esset

459 4823 850 4898 jusjurandum
879 4820 1262 4896 quaternonis,
1318 4820 1804 4898 pronuntiabant:
1840 4821 1984 4898 (Non
2009 4835 2112 4890 per

453 4892 582 4952 eum
611 4899 708 4968 qui
735 4892 944 4953 anim—ae
978 4899 1181 4968 nostrae
1207 4892 1621 4968 quaternionem
1636 4892 1848 4968 praebet
1892 4895 2112 4968 naturae

458 4963 690 5027 (eterna:
719 4971 926 5040 fontem
959 4983 1023 5022 ac
1048 4963 1259 5040 radices
1297 4963 1609 5040 habentem.
1676 4963 2109 5040 Jusjurandum

462 5047 657 5096 autem
691 5033 1296 5112 proptereaconfessio
1329 5033 1742 5112 diciturtquod
1778 5033 1874 5089 illo
1907 5033 2112 5112 divini-

462 5117 637 5167 tatem
669 5105 887 5182 u'biq'ue
919 5113 1267 5183 praesentem
1299 5122 1426 5162 esse
1446 5105 1790 5183 profitemur
1812 5109 2108 5183 contesta:

462 5197 728 5254 murque.
746 5175 854 5238 Per
878 5175 1319 5254 quaternionem
1352 5175 1484 5232 vero
1498 5176 1781 5254 jurabant
1809 5175 1926 5240 isti,
1953 5176 2108 5254 quod

459 5270 590 5329 cum
613 5247 1010 5310 numerorum
1039 5252 1317 5329 omnium
1342 5264 1621 5329 magnam
1655 5249 1945 5329 rationem
1974 5247 2110 5329 ᾖε-

435 5325 684 5396 ’berent,
719 5324 1285 5396 quaternariitamen
1304 5319 1600 5396 habebant
1631 5319 1970 5396 maximam.
1997 5319 2110 5396 Hu-

458 5397 559 5460 ius
582 5395 662 5448 rei
678 5390 917 5454 causam
941 5397 1143 5451 eodem
1162 5395 1286 5451 loco
1318 5393 1493 5449 refert
1517 5390 1666 5446 Plut.
1698 5390 1838 5463 quia
1852 5407 1920 5446 ex
1937 5394 2116 5463 tetra-

445 5466 537 5520 ηε
549 5463 1084 5527 an-imamnestram
1101 5471 1372 5536 putarent
1381 5477 1510 5520 esse
1528 5461 2112 5536 compositam.Eiim-

460 5536 591 5592 dem
628 5536 798 5597 etiam
823 5542 1071 5600 consule
1093 5534 1189 5592 lib.
1223 5539 1289 5594 de
1319 5539 1594 5592 Procreat.
1626 5534 1861 5607 Animae.
1914 5534 2112 5607 Neque

458 5609 630 5669 etiam
652 5609 1072 5680 probabilitate
1103 5623 1211 5665 sua
1239 5613 1417 5678 caret,
1443 5607 1596 5682 quod
1623 5606 1824 5666 volunt
1845 5605 2113 5671 nonnulli

2125 4503 2128 4508 ·
2141 4476 2188 4541 D

2243 441 2537 498 Abraham
2570 442 2907 498 circumcidi
2931 443 3194 515 jubetur.
3228 445 3341 500 Nec
3374 462 3548 503 senex
3579 462 3722 519 ergo
3765 464 3901 520 pro-

2243 530 2486 604 selytus,
2521 547 2626 587 nec
2655 532 2850 588 infans
2878 533 3226 590 vernaculus
3257 536 3561 608 excipitur,
3593 536 3742 608 quia
3773 552 3902 593 om-

2241 620 2334 676 nis
2367 625 2505 678 aatas
2536 626 2773 694 peccato
2803 623 3070 692 obnoxia,
3103 628 3161 679 et
3191 624 3317 680 ideo
3349 625 3543 682 omnis
3602 630 3753 682 astas
3803 643 3902 684 sa-

2241 714 2540 766 cramento
2563 711 2790 767 idonea.

2311 802 2404 855 82.
2445 801 2510 854 Et
2539 801 2663 854 erit.
2693 799 2906 871 inquit,
2933 804 3312 856 testamentum
3364 817 3546 857 meum
3604 805 3665 857 in
3727 818 3906 861 came

2239 892 2419 944 vestra
2450 887 2605 959 (Gen.
2637 904 2796 956 xvm,
2830 889 2942 960 l3).
2978 889 3243 944 Forsitan
3276 889 3560 946 referatur
3581 891 3695 947 hoc
3729 891 3900 950 loco:

2240 978 2541 1042 Quomodo
2553 977 2879 1049 spiritalem
2893 978 3040 1033 dicis
3062 979 3589 1048 circumcisionem,
3608 998 3752 1036 cum
3777 999 3907 1039 ora-

2239 1065 2439 1121 culum
2470 1067 2627 1122 dicat
2659 1084 2672 1121 :
2725 1067 2849 1122 Erit
2877 1071 3297 1124 testamentum
3331 1067 3807 1127 circumcisionis
3840 1072 3901 1127 in

2237 1171 2412 1211 carne
2439 1160 2630 1212 vestra
2649 1155 2677 1209 ‘l
2707 1155 2882 1220 Quasi
2915 1173 3048 1212 vero
3079 1155 3286 1211 animm
3319 1155 3524 1226 solius,
3548 1163 3606 1214 et
3625 1176 3750 1215 non
3768 1177 3904 1232 pas-

2238 1244 2470 1299 sionum
2503 1244 2760 1315 corporis
2791 1245 3043 1316 exigitur
3073 1245 3480 1316 temperantia.
3514 1247 3663 1302 Nam
3695 1253 3760 1303 et
3811 1248 3899 1302 vi-

2238 1350 2364 1399 sus,
2399 1338 2455 1389 et
2479 1333 2738 1402 auditus,
2762 1339 2818 1389 et
2838 1333 3126 1400 odoris,et
3142 1339 3378 1406 gustus,
3400 1339 3458 1391 et
3476 1339 3690 1405 tactus,
3715 1342 3777 1393 et
3796 1354 3899 1394 vo-

2236 1422 2320 1478 cis
2343 1422 2529 1494 ipsius
2551 1422 2833 1493 quaeritur
2849 1423 3116 1494 quaedam
3137 1423 3484 1480 castimonia
3511 1442 3525 1492 ;
3558 1425 3702 1496 quia
3723 1431 3784 1481 et
3809 1427 3900 1482 vi-

2235 1527 2338 1566 sus
2351 1511 2648 1582 procacior
2677 1511 2854 1567 habet
2878 1511 3120 1582 crimen,
3147 1517 3204 1567 et
3253 1512 3383 1570 ideo
3433 1514 3725 1586 scriptum
3757 1520 3854 1572 est
3880 1536 3893 1572 :

2234 1600 2360 1655 Noli
2376 1600 2655 1656 intendere
2673 1602 2864 1671 fallaci
2907 1602 3150 1666 mulieri,
3192 1617 3364 1673 neque
3402 1605 3648 1672 capiaris
3691 1605 3894 1671 oculis,

2233 1705 2404 1759 neque
2423 1689 3012 1761 abripiarispatpebris
3034 1691 3217 1760 (Prov.
3245 1694 3389 1760 v,2).
3441 1692 3510 1746 Et
3541 1691 3600 1747 in
3624 1692 3756 1764 ipso
3782 1711 3891 1750 au-

2232 1777 2358 1834 ditu
2378 1779 2598 1833 crimen
2621 1783 2709 1833 est
2732 1777 2778 1833 si
2800 1778 3040 1833 seducat
3059 1782 3115 1834 te
3136 1780 3494 1848 meretrix,et
3517 1780 3704 1836 multo
3727 1780 3898 1838 blan-

2230 1868 2489 1923 dimento
2515 1867 2800 1924 sermonis
2834 1871 2889 1922 et
2919 1865 3148 1938 laqueis
3197 1867 3487 1924 labiorum
3533 1885 3784 1925 suorum
3827 1875 3887 1928 te

2232 1954 2448 2029 alliget.
2478 1957 2546 2011 Et
2575 1956 2634 2011 in
2668 1957 2794 2028 ipso
2827 1960 2986 2011 tactu
3017 1954 3238 2010 crimen
3272 1959 3398 2023 est;
3432 1957 3561 2013 ideo
3591 1958 3701 2013 tibi
3735 1959 3890 2014 dici-

2232 2049 2327 2100 tur
2361 2061 2372 2098 :
2406 2049 2487 2101 Ne
2514 2047 2720 2100 multus
2747 2046 2922 2115 fueris
2963 2045 3033 2099 ad
3062 2046 3327 2112 alienam,
3373 2062 3547 2117 neque
3592 2050 3893 2104 continue-

2233 2135 2310 2188 ris
2335 2135 2683 2205 amplexibus
2702 2151 2811 2190 non
2844 2139 2994 2189 tuam
3024 2136 3135 2205 (56)
3169 2135 3324 2205 (Ibid.
3358 2136 3474 2207 20).
3535 2141 3600 2192 Et
3629 2136 3691 2190 in
3747 2153 3893 2193 voce

2231 2223 2406 2296 culpa
2434 2229 2561 2280 est:
2597 2223 2846 2294 laqueus
2884 2224 3040 2278 enim
3098 2223 3458 2280 fortissimus
3514 2228 3606 2280 est
3653 2224 3891 2282 homini

2232 2330 2341 2370 sua
2369 2313 2546 2379 labia,
2577 2317 2636 2368 et
2663 2312 2975 2370 abducitur
3003 2329 3038 2367 a
3065 2312 3238 2369 labiis
3269 2313 3360 2368 sui
3391 2313 3526 2369 oris.
3552 2314 3624 2369 Et
3653 2315 3775 2371 mel
3799 2315 3890 2388 ip-

2234 2417 2366 2458 sum
2400 2401 2517 2457 noli
2549 2401 2801 2456 multum
2837 2401 3026 2466 edere,
3063 2417 3135 2458 ne
3165 2417 3418 2458 evomas.
3454 2402 3696 2474 Oportet
3744 2421 3889 2478 ergo

2234 2494 2299 2546 ut
2327 2490 2592 2546 omnium
2626 2504 2909 2546 sensuum
2941 2493 3111 2546 acuta
3150 2490 3226 2546 sit
3270 2491 3611 2558 moderatio,
3650 2510 3724 2548 ne
3783 2500 3890 2550 aut

2232 2580 2489 2651 impetus
2517 2579 2575 2633 in
2615 2578 2823 2634 vitium
2854 2578 3071 2648 trahat,
3103 2584 3205 2635 aut
3236 2580 3506 2636 nimietas
3552 2580 3750 2650 laedat,
3781 2589 3890 2639 aut

2235 2685 2396 2724 mora
2426 2667 2732 2724 offensioni
2759 2668 2854 2724 sit.

2301 2758 2390 2813 83.
2417 2757 2542 2812 Non
2571 2757 2753 2813 otiose
2812 2762 3030 2824 autem,
3095 2774 3198 2813 nec
3255 2759 3548 2830 superflue
3608 2758 3886 2833 plerique

2231 2847 2385 2903 350
2415 2846 2522 2902 hoc
2553 2846 2653 2916 qui
2685 2845 2952 2917 sequitur
2980 2846 3104 2902 loco
3139 2847 3354 2902 moveri
3413 2846 3707 2916 videntur,
3781 2866 3884 2906 ec-

2232 2935 2371 3008 quid
2404 2936 2484 2990 ita
2513 2935 2722 2990 dixerit
2751 2934 3036 2990 Dominus
3070 2953 3082 2989 :
3118 2936 3390 3004 Quoniam
3420 2937 3520 3010 qui
3547 2953 3658 2994 non
3705 2940 3884 3007 fuerit

2223 3026 2580 3082 circumcisus
2607 3025 2906 3092 masculus,
2933 3034 2984 3081 et
3011 3027 3108 3095 qui
3154 3042 3270 3081 non»
3312 3027 3723 3082 circumciderit
3751 3045 3880 3084 car-

2141 3101 2184 3169 C
2220 3132 2347 3171 nem
2369 3115 2637 3187 praeputii
2664 3115 2751 3168 sui
2778 3122 2959 3169 octavo
2987 3113 3096 3180 die,
3143 3116 3393 3170 interibit
3436 3117 3638 3172 anima
3676 3118 3780 3172 illa
3811 3118 3880 3174 de

2219 3221 2416 3276 genere
2433 3220 2551 3270 suo,
2579 3205 2718 3276 quia
2745 3207 3130 3259 testamentum
3152 3220 3335 3259 meum
3361 3206 3656 3277 interrupit
3716 3207 3876 3276 (Gen.

2222 3309 2363 3361 xvn,
2396 3293 2504 3362 14).
2538 3291 2720 3347 Grave
2777 3292 2933 3348 enim
2983 3296 3224 3364 putatur
3279 3293 3434 3365 quod
3467 3293 3680 3349 infanti
3741 3300 3876 3352 octo

2221 3382 2446 3438 dierum
2479 3379 2831 3453 negligentia
2880 3384 3187 3453 parentum
3220 3382 3409 3438 fraudi
3439 3388 3593 3440 esset
3646 3383 3871 3452 futura,

2221 3471 2304 3528 ita
2329 3476 2394 3527 ut
2433 3469 2695 3526 interiret
2724 3469 2922 3525 anima
2952 3471 3101 3540 ejus,
3126 3487 3257 3526 cum
3285 3471 3414 3543 ipsa
3438 3471 3528 3527 lex
3558 3473 3738 3528 etiam
3771 3474 3877 3530 ho»

2225 3561 2450 3616 micidze
2535 3558 2660 3630 (qui
2727 3562 2925 3614 tamen
2984 3575 3100 3614 non
3173 3559 3569 3616 voluntarium
3637 3563 3876 3618 facinus

2223 3648 2468 3705 necandi
2502 3647 2760 3704 hominis
2789 3647 3422 3719 impleverit)civitates
3451 3651 3882 3722 praescripserit

2222 3739 2404 3810 (Josue
2478 3754 2570 3804 xx,
2631 3737 2707 3804 3),
2769 3737 2840 3791 ad
2901 3753 3048 3808 quas
3129 3739 3510 3810 confugiendo
3578 3745 3881 3796 mereatur

2223 3826 2531 3900 sanguinis
2569 3825 2999 3897 impunitatem.
3061 3827 3362 3890 Quomodo
3401 3844 3535 3900 ergo
3591 3833 3696 3885 aut
3753 3829 3882 3886 illic

2222 3917 2366 3973 ratio
2397 3915 2645 3972 habetur
2675 3915 2924 3970 fortuitas
2958 3916 3140 3986 necis,
3173 3921 3276 3972 aut
3305 3915 3397 3973 hic
3427 3917 3572 3973 ratio
3609 3917 3881 3976 infantia

2221 4033 2612 4106 Pythagoram
2642 4047 2742 4100 per
2771 4047 2940 4106 suam
2965 4033 3236 4106 1:192}er
3269 4032 3623 4106 intellexisse
3672 4034 3878 4106 ipsum

2221 4105 2319 4160 Dei
2355 4103 2566 4159 nomen
2595 4103 3053 4166 τετραγράμματον.
3109 4104 3253 4159 Vide
3305 4105 3470 4160 Joan.
3528 4106 3659 4160 iter.
3698 4103 3880 4162 'Vos-

2220 4177 2379 4248 eium
2410 4174 2514 4248 lib_.
2553 4175 2628 4248 De
2658 4173 2867 4248 Philas.
2899 4177 3076 4248 sectis,
3108 4192 3232 4247 cap.
3265 4178 3318 4232 6.
3356 4176 3526 4232 Porro
3546 4176 3702 4248 quod
3737 4183 3880 4234 Am-

2221 4247 2454 4304 brosius
2477 4244 2866 4319 hebdomadam
2886 4246 3119 4319 dictam
3151 4244 3331 4302 fuisse
3356 4244 3580 4318 semper
3595 4250 3877 4319 virginem

2222 4317 2541 4395 scribit,_id
2571 4334 2640 4372 ex
2667 4316 2933 4395 Philonis
2963 4317 3065 4395 lib.
3098 4319 3170 4395 de
3199 4316 3536 4395 Septemirio,
3569 4319 3632 4389 Β,
3662 4316 3878 4395 sump-

2221 4397 2349 4448 tum
2379 4389 2628 4445 videtur.
2665 4388 2776 4443 Sed
2806 4388 2999 4444 locum
3023 4388 3314 4446 indicasse
3345 4390 3617 4445 sufficiat.

2293 4460 2532 4544 (53)-.Sic
2563 4476 2706 4544 mss.
2733 4464 2984 4544 quatupr
3009 4461 3267 4518 melioris
3299 4466 3470 4517 notze.
3511 4461 3626 4517 Alii
3658 4479 3797 4519 vero
3823 4469 3880 4520 et

2224 4531 2361 4600 edit,
2392 4531 2498 4589 Nec
2527 4532 2658 4588 solis
2689 4531 2872 4603 radios
2895 4533 3220 4603 formamus.

2291 4605 2406 4675 (54)
2441 4605 2522 4658 [ta
2552 4602 2924 4677 mss._Cord.,
2959 4603 3164 4677 Long,
3197 4605 3369 4677 Torn.
3402 4609 3458 4660 et
3494 4604 3655 4677 Va_lc.
3719 4605 3876 4662 Edit.

2221 4672 2414 4750 autem
2441 4691 2581 4750 era.,
2617 4672 2748 4729 Gill.
2782 4679 2839 4729 et
2860 4672 3127 4750 quaedam
3156 4676 3339 4750 Paris,
3382 4677 3449 4730 ab
3480 4675 3733 4750 infantia
3762 4681 3875 4734 cir-

2219 4748 2499 4813 cumcisio,
2534 4748 2616 4801 ita
2673 4753 2723 4800 et
2777 4749 3019 4802 morbus.
3065 4747 3248 4814 Paris,
3307 4763 3442 4802 vero
3503 4747 3640 4803 anni
3702 4750 3866 4814 1661,

2218 4819 2289 4874 ab
2322 4818 2562 4890 infantia
2589 4818 2832 4884 morbus,
2855 4820 2935 4873 ita
2964 4823 3016 4874 et
3043 4820 3408 4875 circumcisio.
3457 4819 3598 4874 Cum
3672 4824 3876 4876 autem

2220 4889 2412 4961 neque
2435 4889 2494 4944 in
2524 4891 2654 4944 Am.
2689 4905 2880 4960 neque
2911 4890 2971 4946 in
3002 4904 3146 4947 mss.
3175 4890 3334 4947 Colb.
3370 4895 3428 4945 et
3457 4891 3600 4946 Maz.
3643 4907 3873 4962 vocem,

2220 4962 2598 5035 morbus,qau_t_
2619 4963 2896 5035 peccatum
2930 4963 3182 5035 reperire
3212 4963 3305 5018 sit.
3340 4961 3475 5018 hinc
3506 4963 3748 5018 subortu
3790 4961 3874 5018 vi;

2220 5034 2392 5088 detur
2415 5004 2515 5087 illa
2544 5004 2874 5088 diiersitas.

2292 5105 2403 5175 (55)
2439 5103 2646 5160 Violare
2673 5103 2886 5175 nidum,
2920 5103 2978 5158 id
3010 5109 3119 5171 est,
3151 5105 3405 5172 thorum,
3432 5107 3495 5158 ut
3525 5103 3710 5175 habes
3739 5104 3870 5160 Job.

2218 5173 2372 5243 xxix,
2397 5177 2495 5248 t8,
2509 5176 2568 5248 in
2587 5174 2778 5248 nidulo
2794 5191 2910 5231 meo
2931 5178 3164 5243 moriar,
3186 5193 3286 5248 pro
3309 5175 3367 5230 in
3395 5173 3604 5231 lectulo
3646 5193 3799 5232 meo.

2291 5249 2402 5318 (‘36)
2420 5247 2572 5302 Edit.
2597 5247 2764 5302 Rom.
2789 5253 2846 5303 et
2867 5247 3134 5319 quaedam
3158 5247 3360 5314 Paris.,
3387 5261 3557 5319 neque
3587 5251 3870 5305 continea-

2219 5321 2297 5374 ris
2327 5319 2670 5392 amplexibus
2699 5335 2808 5374 non.
2836 5318 2967 5392 tuae.
3003 5319 3086 5375 Ita
3116 5325 3266 5376 certe
3299 5318 3436 5392 LXX
3466 5318 3678 5390 lnterp.
3715 5320 3870 5392 apud

2221 5407 2367 5510 (gues
2414 5389 2429 5392 ⁷
2470 5389 2652 5463 legas,
2757 5389 2878 5453 μηδὲ
2975 5392 3182 5457 συνέχου
3274 5390 3508 5452 ἀγκάλαις
3581 5389 3694 5471 ,τῆς
3753 5389 3863 5453 ’μή

2222 5462 2381 5510 liae:
2425 5479 2457 5510 τι
2488 5479 2604 5510 mm
2635 5461 2879 5510 lectione
2939 5480 3042 5510 nec.
3099 5461 3346 5510 multum
3410 5461 3621 5510 recedit
3671 5460 3863 5510 νυιρ-.

2222 5460 2381 5518 ἰδίαςτ
2425 5479 2457 5518 a
2488 5460 2879 5536 qualectione
2939 5480 3042 5520 nec
3099 5461 3346 5536 multum
3409 5461 3621 5518 recedit
3671 5460 3866 5536 Vulg,

2222 5533 2689 5608 quachonsule.
2726 5535 3109 5608 (laeter-amab
3141 5533 3416 5593 omnibus
3447 5549 3586 5592 mss.
3620 5537 3679 5592 et
3743 5533 3863 5592 aut.

2222 5605 2362 5667 edit.
2397 5606 2728 5686 discrepare
2759 5605 3152 5683 reiigloniest.
