  <div class='ocr_page' id='page_1' title='image "/cluster/home/n/w/nwhite01/storage/ocr_20150623/14/hvd.32044048207138/266.png"; bbox 0 0 4026 6186; ppageno 0'>
   <div class='ocr_carea' id='block_1_1' title="bbox 42 4258 57 4407">
    <p class='ocr_par' dir='ltr' id='par_1_1' title="bbox 42 4258 57 4407">
     <span class='ocr_line' id='line_1_1' title="bbox 42 4258 57 4407; baseline 0 -20"><span class='ocrx_word' id='word_1_1' title='bbox 42 4258 57 4407; x_wconf 71' lang='grc' dir='ltr'>ι</span> 
     </span>
    </p>
   </div>
   <div class='ocr_carea' id='block_1_2' title="bbox 223 292 2309 357">
    <p class='ocr_par' dir='ltr' id='par_1_2' title="bbox 223 292 2309 357">
     <span class='ocr_line' id='line_1_2' title="bbox 223 292 2309 357; baseline -0.002 -1"><span class='ocrx_word' id='word_1_2' title='bbox 223 292 307 357; x_wconf 63' lang='grc'>511</span> <span class='ocrx_word' id='word_1_3' title='bbox 1473 298 1571 357; x_wconf 87' lang='lat' dir='ltr'>DE</span> <span class='ocrx_word' id='word_1_4' title='bbox 1616 296 1997 357; x_wconf 73' lang='lat' dir='ltr'>ABBAHAM</span> <span class='ocrx_word' id='word_1_5' title='bbox 2042 294 2188 355; x_wconf 80' lang='lat' dir='ltr'>LIB.</span> <span class='ocrx_word' id='word_1_6' title='bbox 2234 294 2309 353; x_wconf 89' lang='lat' dir='ltr'>ll.</span> 
     </span>
    </p>
   </div>
   <div class='ocr_carea' id='block_1_3' title="bbox 3471 285 3586 345">
    <p class='ocr_par' dir='ltr' id='par_1_3' title="bbox 3471 285 3586 345">
     <span class='ocr_line' id='line_1_3' title="bbox 3471 285 3586 345; baseline 0 -1"><span class='ocrx_word' id='word_1_7' title='bbox 3471 285 3586 345; x_wconf 72' lang='lat'>522</span> 
     </span>
    </p>
   </div>
   <div class='ocr_carea' id='block_1_4' title="bbox 223 418 3588 501">
    <p class='ocr_par' dir='ltr' id='par_1_4' title="bbox 223 418 3588 501">
     <span class='ocr_line' id='line_1_4' title="bbox 223 418 3588 501; baseline -0.002 -16"><span class='ocrx_word' id='word_1_8' title='bbox 223 440 311 485; x_wconf 83' lang='lat' dir='ltr'>non</span> <span class='ocrx_word' id='word_1_9' title='bbox 338 428 604 500; x_wconf 87' lang='lat' dir='ltr'>habetur,</span> <span class='ocrx_word' id='word_1_10' title='bbox 641 428 697 485; x_wconf 91' lang='lat' dir='ltr'>in</span> <span class='ocrx_word' id='word_1_11' title='bbox 728 446 843 501; x_wconf 90' lang='lat' dir='ltr'>qua</span> <span class='ocrx_word' id='word_1_12' title='bbox 870 429 1089 485; x_wconf 82' lang='lat' dir='ltr'>crimen</span> <span class='ocrx_word' id='word_1_13' title='bbox 1152 447 1267 485; x_wconf 86' lang='lat' dir='ltr'>non</span> <span class='ocrx_word' id='word_1_14' title='bbox 1305 429 1493 501; x_wconf 90' lang='lat' dir='ltr'>potuit</span> <span class='ocrx_word' id='word_1_15' title='bbox 1547 445 1673 485; x_wconf 89' lang='lat' dir='ltr'>esse</span> <span class='ocrx_word' id='word_1_16' title='bbox 1732 431 1835 484; x_wconf 90' lang='lat' dir='ltr'>aut</span> <span class='ocrx_word' id='word_1_17' title='bbox 1863 430 1914 496; x_wconf 77' lang='grc' dir='ltr'>Α</span> <span class='ocrx_word' id='word_1_18' title='bbox 1946 428 2137 483; x_wconf 44' lang='lat' dir='ltr'>Greece</span> <span class='ocrx_word' id='word_1_19' title='bbox 2169 424 2379 483; x_wconf 79' lang='lat' dir='ltr'>dicitur</span> <span class='ocrx_word' id='word_1_20' title='bbox 2408 434 2646 499; x_wconf 67' lang='grc' dir='ltr'>ἄρχουσι,</span> <span class='ocrx_word' id='word_1_21' title='bbox 2682 423 2884 479; x_wconf 83' lang='lat' dir='ltr'>Latine</span> <span class='ocrx_word' id='word_1_22' title='bbox 2915 440 3031 494; x_wconf 69' lang='lat' dir='ltr'>quae</span> <span class='ocrx_word' id='word_1_23' title='bbox 3063 431 3236 492; x_wconf 85' lang='lat' dir='ltr'>regat.</span> <span class='ocrx_word' id='word_1_24' title='bbox 3282 418 3388 477; x_wconf 91' lang='lat' dir='ltr'>Illa</span> <span class='ocrx_word' id='word_1_25' title='bbox 3432 438 3588 477; x_wconf 88' lang='lat' dir='ltr'>mor-</span> 
     </span>
    </p>
   </div>
   <div class='ocr_carea' id='block_1_5' title="bbox 223 517 1842 589">
    <p class='ocr_par' dir='ltr' id='par_1_5' title="bbox 223 517 1842 589">
     <span class='ocr_line' id='line_1_5' title="bbox 223 517 1842 589; baseline -0.001 -15"><span class='ocrx_word' id='word_1_26' title='bbox 223 517 703 586; x_wconf 87' lang='lat' dir='ltr'>dissimulationis,</span> <span class='ocrx_word' id='word_1_27' title='bbox 737 522 840 575; x_wconf 88' lang='lat' dir='ltr'>aut</span> <span class='ocrx_word' id='word_1_28' title='bbox 880 517 1241 586; x_wconf 79' lang='lat' dir='ltr'>voluntatis;</span> <span class='ocrx_word' id='word_1_29' title='bbox 1294 518 1406 574; x_wconf 90' lang='lat' dir='ltr'>nisi</span> <span class='ocrx_word' id='word_1_30' title='bbox 1455 518 1598 574; x_wconf 88' lang='lat' dir='ltr'>forte</span> <span class='ocrx_word' id='word_1_31' title='bbox 1634 521 1842 589; x_wconf 87' lang='lat' dir='ltr'>putent</span> 
     </span>
    </p>
   </div>
   <div class='ocr_carea' id='block_1_6' title="bbox 222 605 1841 685">
    <p class='ocr_par' dir='ltr' id='par_1_6' title="bbox 222 605 1841 685">
     <span class='ocr_line' id='line_1_6' title="bbox 222 605 1841 685; baseline -0.002 -22"><span class='ocrx_word' id='word_1_32' title='bbox 222 606 397 678; x_wconf 88' lang='lat' dir='ltr'>aliqui,</span> <span class='ocrx_word' id='word_1_33' title='bbox 420 605 560 679; x_wconf 89' lang='lat' dir='ltr'>quia</span> <span class='ocrx_word' id='word_1_34' title='bbox 588 606 648 662; x_wconf 91' lang='lat' dir='ltr'>in</span> <span class='ocrx_word' id='word_1_35' title='bbox 679 612 866 664; x_wconf 89' lang='lat' dir='ltr'>morte</span> <span class='ocrx_word' id='word_1_36' title='bbox 894 606 999 662; x_wconf 91' lang='lat' dir='ltr'>ﬁlii</span> <span class='ocrx_word' id='word_1_37' title='bbox 1029 607 1263 685; x_wconf 80' lang='lat' dir='ltr'>gravius</span> <span class='ocrx_word' id='word_1_38' title='bbox 1296 606 1621 680; x_wconf 89' lang='lat' dir='ltr'>puniuntur</span> <span class='ocrx_word' id='word_1_39' title='bbox 1641 622 1841 678; x_wconf 84' lang='lat' dir='ltr'>paren-</span> 
     </span>
    </p>
   </div>
   <div class='ocr_carea' id='block_1_7' title="bbox 223 692 1839 768">
    <p class='ocr_par' dir='ltr' id='par_1_7' title="bbox 223 692 1839 768">
     <span class='ocr_line' id='line_1_7' title="bbox 223 692 1839 768; baseline -0.002 -18"><span class='ocrx_word' id='word_1_40' title='bbox 223 695 331 751; x_wconf 83' lang='lat' dir='ltr'>tes?</span> <span class='ocrx_word' id='word_1_41' title='bbox 358 694 472 751; x_wconf 86' lang='lat' dir='ltr'>Sed</span> <span class='ocrx_word' id='word_1_42' title='bbox 506 695 793 766; x_wconf 81' lang='lat' dir='ltr'>injustum</span> <span class='ocrx_word' id='word_1_43' title='bbox 826 699 1068 768; x_wconf 82' lang='lat' dir='ltr'>putatur</span> <span class='ocrx_word' id='word_1_44' title='bbox 1090 698 1154 750; x_wconf 93' lang='lat' dir='ltr'>ut</span> <span class='ocrx_word' id='word_1_45' title='bbox 1175 694 1347 767; x_wconf 88' lang='lat' dir='ltr'>culpa</span> <span class='ocrx_word' id='word_1_46' title='bbox 1368 697 1680 750; x_wconf 89' lang='lat' dir='ltr'>nocentum</span> <span class='ocrx_word' id='word_1_47' title='bbox 1702 692 1839 747; x_wconf 81' lang='lat' dir='ltr'>infe-</span> 
     </span>
    </p>
   </div>
   <div class='ocr_carea' id='block_1_8' title="bbox 222 780 1841 858">
    <p class='ocr_par' dir='ltr' id='par_1_8' title="bbox 222 780 1841 858">
     <span class='ocr_line' id='line_1_8' title="bbox 222 780 1841 858; baseline -0.002 -19"><span class='ocrx_word' id='word_1_48' title='bbox 222 788 353 839; x_wconf 80' lang='lat' dir='ltr'>ratur</span> <span class='ocrx_word' id='word_1_49' title='bbox 380 800 552 857; x_wconf 69' lang='lat' dir='ltr'>poana</span> <span class='ocrx_word' id='word_1_50' title='bbox 580 783 896 853; x_wconf 80' lang='lat' dir='ltr'>innocenti,</span> <span class='ocrx_word' id='word_1_51' title='bbox 928 783 1015 840; x_wconf 92' lang='lat' dir='ltr'>vel</span> <span class='ocrx_word' id='word_1_52' title='bbox 1047 786 1285 858; x_wconf 87' lang='lat' dir='ltr'>prepter</span> <span class='ocrx_word' id='word_1_53' title='bbox 1305 799 1535 857; x_wconf 76' lang='lat' dir='ltr'>pceuam</span> <span class='ocrx_word' id='word_1_54' title='bbox 1578 780 1841 837; x_wconf 77' lang='lat' dir='ltr'>nocentis</span> 
     </span>
    </p>
   </div>
   <div class='ocr_carea' id='block_1_9' title="bbox 220 868 1840 947">
    <p class='ocr_par' dir='ltr' id='par_1_9' title="bbox 220 868 1840 947">
     <span class='ocr_line' id='line_1_9' title="bbox 220 868 1840 947; baseline -0.002 -20"><span class='ocrx_word' id='word_1_55' title='bbox 220 873 472 928; x_wconf 80' lang='lat' dir='ltr'>innocens</span> <span class='ocrx_word' id='word_1_56' title='bbox 500 871 801 944; x_wconf 74' lang='lat' dir='ltr'>puniatur,</span> <span class='ocrx_word' id='word_1_57' title='bbox 833 877 934 929; x_wconf 89' lang='lat' dir='ltr'>aut</span> <span class='ocrx_word' id='word_1_58' title='bbox 967 872 1064 927; x_wconf 88' lang='lat' dir='ltr'>ﬁat</span> <span class='ocrx_word' id='word_1_59' title='bbox 1096 889 1335 928; x_wconf 83' lang='lat' dir='ltr'>consors</span> <span class='ocrx_word' id='word_1_60' title='bbox 1383 869 1678 947; x_wconf 75' lang='lat' dir='ltr'>supplicii,</span> <span class='ocrx_word' id='word_1_61' title='bbox 1740 868 1840 942; x_wconf 88' lang='lat' dir='ltr'>qui</span> 
     </span>
    </p>
   </div>
   <div class='ocr_carea' id='block_1_10' title="bbox 221 958 1842 1036">
    <p class='ocr_par' dir='ltr' id='par_1_10' title="bbox 221 958 1842 1036">
     <span class='ocr_line' id='line_1_10' title="bbox 221 958 1842 1036; baseline -0.002 -19"><span class='ocrx_word' id='word_1_62' title='bbox 221 961 388 1033; x_wconf 82' lang='lat' dir='ltr'>dispar</span> <span class='ocrx_word' id='word_1_63' title='bbox 437 967 530 1017; x_wconf 88' lang='lat' dir='ltr'>est</span> <span class='ocrx_word' id='word_1_64' title='bbox 581 961 807 1016; x_wconf 87' lang='lat' dir='ltr'>merito.</span> <span class='ocrx_word' id='word_1_65' title='bbox 858 960 1023 1017; x_wconf 91' lang='lat' dir='ltr'>Unde</span> <span class='ocrx_word' id='word_1_66' title='bbox 1073 961 1255 1036; x_wconf 83' lang='lat' dir='ltr'>aliqui</span> <span class='ocrx_word' id='word_1_67' title='bbox 1308 965 1516 1033; x_wconf 88' lang='lat' dir='ltr'>putant</span> <span class='ocrx_word' id='word_1_68' title='bbox 1564 959 1719 1032; x_wconf 90' lang='lat' dir='ltr'>quod</span> <span class='ocrx_word' id='word_1_69' title='bbox 1771 958 1842 1013; x_wconf 87' lang='lat' dir='ltr'>de</span> 
     </span>
    </p>
   </div>
   <div class='ocr_carea' id='block_1_11' title="bbox 220 1048 1845 1123">
    <p class='ocr_par' dir='ltr' id='par_1_11' title="bbox 220 1048 1845 1123">
     <span class='ocr_line' id='line_1_11' title="bbox 220 1048 1845 1123; baseline -0.002 -18"><span class='ocrx_word' id='word_1_70' title='bbox 220 1054 429 1123; x_wconf 87' lang='lat' dir='ltr'>parente</span> <span class='ocrx_word' id='word_1_71' title='bbox 496 1050 651 1105; x_wconf 91' lang='lat' dir='ltr'>dicat</span> <span class='ocrx_word' id='word_1_72' title='bbox 695 1049 1156 1116; x_wconf 79' lang='lat' dir='ltr'>exterminando,</span> <span class='ocrx_word' id='word_1_73' title='bbox 1205 1049 1356 1121; x_wconf 90' lang='lat' dir='ltr'>quod</span> <span class='ocrx_word' id='word_1_74' title='bbox 1409 1050 1538 1120; x_wconf 84' lang='lat' dir='ltr'>ejus</span> <span class='ocrx_word' id='word_1_75' title='bbox 1595 1048 1845 1102; x_wconf 89' lang='lat' dir='ltr'>intereat</span> 
     </span>
    </p>
   </div>
   <div class='ocr_carea' id='block_1_12' title="bbox 221 1134 1845 1210">
    <p class='ocr_par' dir='ltr' id='par_1_12' title="bbox 221 1134 1845 1210">
     <span class='ocr_line' id='line_1_12' title="bbox 221 1134 1845 1210; baseline -0.004 -15"><span class='ocrx_word' id='word_1_76' title='bbox 221 1139 409 1207; x_wconf 82' lang='lat' dir='ltr'>anima,</span> <span class='ocrx_word' id='word_1_77' title='bbox 437 1154 553 1193; x_wconf 90' lang='lat' dir='ltr'>non</span> <span class='ocrx_word' id='word_1_78' title='bbox 586 1138 831 1210; x_wconf 82' lang='lat' dir='ltr'>parvuli.</span> <span class='ocrx_word' id='word_1_79' title='bbox 866 1138 974 1193; x_wconf 90' lang='lat' dir='ltr'>Sed</span> <span class='ocrx_word' id='word_1_80' title='bbox 1009 1136 1175 1194; x_wconf 89' lang='lat' dir='ltr'>valde</span> <span class='ocrx_word' id='word_1_81' title='bbox 1200 1137 1546 1210; x_wconf 84' lang='lat' dir='ltr'>ambiguum</span> <span class='ocrx_word' id='word_1_82' title='bbox 1565 1141 1686 1204; x_wconf 89' lang='lat' dir='ltr'>est;</span> <span class='ocrx_word' id='word_1_83' title='bbox 1710 1134 1845 1191; x_wconf 88' lang='lat' dir='ltr'>licet</span> 
     </span>
    </p>
   </div>
   <div class='ocr_carea' id='block_1_13' title="bbox 222 1224 1841 1300">
    <p class='ocr_par' dir='ltr' id='par_1_13' title="bbox 222 1224 1841 1300">
     <span class='ocr_line' id='line_1_13' title="bbox 222 1224 1841 1300; baseline -0.003 -17"><span class='ocrx_word' id='word_1_84' title='bbox 222 1227 549 1300; x_wconf 79' lang='lat' dir='ltr'>sutl’ragetur</span> <span class='ocrx_word' id='word_1_85' title='bbox 576 1225 715 1282; x_wconf 91' lang='lat' dir='ltr'>huic</span> <span class='ocrx_word' id='word_1_86' title='bbox 766 1225 1075 1283; x_wconf 88' lang='lat' dir='ltr'>assertioni</span> <span class='ocrx_word' id='word_1_87' title='bbox 1135 1226 1290 1298; x_wconf 89' lang='lat' dir='ltr'>quod</span> <span class='ocrx_word' id='word_1_88' title='bbox 1340 1224 1442 1283; x_wconf 88' lang='lat' dir='ltr'>ait.</span> <span class='ocrx_word' id='word_1_89' title='bbox 1497 1224 1636 1292; x_wconf 85' lang='lat' dir='ltr'>Quia</span> <span class='ocrx_word' id='word_1_90' title='bbox 1680 1226 1841 1279; x_wconf 72' lang='lat' dir='ltr'>testa-</span> 
     </span>
    </p>
   </div>
   <div class='ocr_carea' id='block_1_14' title="bbox 223 1312 1843 1388">
    <p class='ocr_par' dir='ltr' id='par_1_14' title="bbox 223 1312 1843 1388">
     <span class='ocr_line' id='line_1_14' title="bbox 223 1312 1843 1388; baseline -0.002 -17"><span class='ocrx_word' id='word_1_91' title='bbox 223 1320 431 1371; x_wconf 83' lang='lat' dir='ltr'>mentum</span> <span class='ocrx_word' id='word_1_92' title='bbox 453 1332 637 1371; x_wconf 87' lang='lat' dir='ltr'>meum</span> <span class='ocrx_word' id='word_1_93' title='bbox 664 1316 981 1388; x_wconf 74' lang='lat' dir='ltr'>interrupit.</span> <span class='ocrx_word' id='word_1_94' title='bbox 1033 1315 1236 1388; x_wconf 91' lang='lat' dir='ltr'>Itaque</span> <span class='ocrx_word' id='word_1_95' title='bbox 1266 1315 1376 1370; x_wconf 90' lang='lat' dir='ltr'>hoc</span> <span class='ocrx_word' id='word_1_96' title='bbox 1408 1314 1480 1369; x_wconf 89' lang='lat' dir='ltr'>ad</span> <span class='ocrx_word' id='word_1_97' title='bbox 1513 1312 1843 1387; x_wconf 87' lang='lat' dir='ltr'>intelligen-</span> 
     </span>
    </p>
   </div>
   <div class='ocr_carea' id='block_1_15' title="bbox 223 1402 1840 1478">
    <p class='ocr_par' dir='ltr' id='par_1_15' title="bbox 223 1402 1840 1478">
     <span class='ocr_line' id='line_1_15' title="bbox 223 1402 1840 1478; baseline -0.002 -18"><span class='ocrx_word' id='word_1_98' title='bbox 223 1410 317 1460; x_wconf 83' lang='lat' dir='ltr'>tem</span> <span class='ocrx_word' id='word_1_99' title='bbox 345 1403 554 1478; x_wconf 88' lang='lat' dir='ltr'>magis,</span> <span class='ocrx_word' id='word_1_100' title='bbox 586 1421 762 1477; x_wconf 89' lang='lat' dir='ltr'>quam</span> <span class='ocrx_word' id='word_1_101' title='bbox 794 1405 865 1460; x_wconf 89' lang='lat' dir='ltr'>ad</span> <span class='ocrx_word' id='word_1_102' title='bbox 896 1403 1180 1459; x_wconf 82' lang='lat' dir='ltr'>infantem</span> <span class='ocrx_word' id='word_1_103' title='bbox 1201 1403 1568 1459; x_wconf 89' lang='lat' dir='ltr'>referendum</span> <span class='ocrx_word' id='word_1_104' title='bbox 1593 1402 1840 1457; x_wconf 87' lang='lat' dir='ltr'>videtur.</span> 
     </span>
    </p>
   </div>
   <div class='ocr_carea' id='block_1_16' title="bbox 224 1490 1843 1567">
    <p class='ocr_par' dir='ltr' id='par_1_16' title="bbox 224 1490 1843 1567">
     <span class='ocr_line' id='line_1_16' title="bbox 224 1490 1843 1567; baseline -0.001 -20"><span class='ocrx_word' id='word_1_105' title='bbox 224 1493 312 1548; x_wconf 74' lang='lat' dir='ltr'>Alii</span> <span class='ocrx_word' id='word_1_106' title='bbox 344 1493 612 1567; x_wconf 80' lang='lat' dir='ltr'>graviora</span> <span class='ocrx_word' id='word_1_107' title='bbox 661 1493 1005 1565; x_wconf 84' lang='lat' dir='ltr'>parentibus</span> <span class='ocrx_word' id='word_1_108' title='bbox 1044 1492 1133 1548; x_wconf 88' lang='lat' dir='ltr'>vel</span> <span class='ocrx_word' id='word_1_109' title='bbox 1188 1491 1420 1548; x_wconf 88' lang='lat' dir='ltr'>silentio</span> <span class='ocrx_word' id='word_1_110' title='bbox 1474 1490 1843 1547; x_wconf 87' lang='lat' dir='ltr'>minitantem</span> 
     </span>
    </p>
   </div>
   <div class='ocr_carea' id='block_1_17' title="bbox 226 1579 1844 1655">
    <p class='ocr_par' dir='ltr' id='par_1_17' title="bbox 226 1579 1844 1655">
     <span class='ocr_line' id='line_1_17' title="bbox 226 1579 1844 1655; baseline -0.002 -18"><span class='ocrx_word' id='word_1_111' title='bbox 226 1585 400 1655; x_wconf 87' lang='lat' dir='ltr'>putant</span> <span class='ocrx_word' id='word_1_112' title='bbox 429 1582 747 1637; x_wconf 90' lang='lat' dir='ltr'>Dominum</span> <span class='ocrx_word' id='word_1_113' title='bbox 780 1581 984 1647; x_wconf 88' lang='lat' dir='ltr'>Deum,</span> <span class='ocrx_word' id='word_1_114' title='bbox 1011 1598 1125 1654; x_wconf 89' lang='lat' dir='ltr'>quo</span> <span class='ocrx_word' id='word_1_115' title='bbox 1149 1579 1281 1654; x_wconf 89' lang='lat' dir='ltr'>plus</span> <span class='ocrx_word' id='word_1_116' title='bbox 1306 1581 1549 1636; x_wconf 83' lang='lat' dir='ltr'>timeant</span> <span class='ocrx_word' id='word_1_117' title='bbox 1570 1580 1844 1652; x_wconf 83' lang='lat' dir='ltr'>majores,</span> 
     </span>
    </p>
   </div>
   <div class='ocr_carea' id='block_1_18' title="bbox 227 1669 1117 1742">
    <p class='ocr_par' dir='ltr' id='par_1_18' title="bbox 227 1669 1117 1742">
     <span class='ocr_line' id='line_1_18' title="bbox 227 1669 1117 1742; baseline -0.001 -17"><span class='ocrx_word' id='word_1_118' title='bbox 227 1671 427 1742; x_wconf 87' lang='lat' dir='ltr'>quando</span> <span class='ocrx_word' id='word_1_119' title='bbox 459 1686 567 1726; x_wconf 90' lang='lat' dir='ltr'>nec</span> <span class='ocrx_word' id='word_1_120' title='bbox 597 1669 806 1725; x_wconf 71' lang='lat' dir='ltr'>infanti</span> <span class='ocrx_word' id='word_1_121' title='bbox 835 1670 1117 1742; x_wconf 83' lang='lat' dir='ltr'>parcitur.</span> 
     </span>
    </p>
   </div>
   <div class='ocr_carea' id='block_1_19' title="bbox 277 1757 1924 1864">
    <p class='ocr_par' dir='ltr' id='par_1_19' title="bbox 277 1757 1924 1864">
     <span class='ocr_line' id='line_1_19' title="bbox 277 1757 1924 1864; baseline -0.002 -50"><span class='ocrx_word' id='word_1_122' title='bbox 277 1761 353 1858; x_wconf 46' lang='lat' dir='ltr'>8d.</span> <span class='ocrx_word' id='word_1_123' title='bbox 384 1757 531 1860; x_wconf 74' lang='lat' dir='ltr'>Mihi</span> <span class='ocrx_word' id='word_1_124' title='bbox 584 1763 780 1814; x_wconf 83' lang='lat' dir='ltr'>autem</span> <span class='ocrx_word' id='word_1_125' title='bbox 823 1757 1233 1864; x_wconf 47' lang='lat' dir='ltr'>satiiliquido</span> <span class='ocrx_word' id='word_1_126' title='bbox 1285 1762 1443 1858; x_wconf 85' lang='lat' dir='ltr'>patet</span> <span class='ocrx_word' id='word_1_127' title='bbox 1494 1758 1716 1864; x_wconf 73' lang='lat' dir='ltr'>dictum</span> <span class='ocrx_word' id='word_1_128' title='bbox 1774 1757 1846 1857; x_wconf 81' lang='lat' dir='ltr'>de</span> <span class='ocrx_word' id='word_1_129' title='bbox 1876 1799 1924 1864; x_wconf 81' lang='grc' dir='ltr'><strong>Β</strong></span> 
     </span>
    </p>
   </div>
   <div class='ocr_carea' id='block_1_20' title="bbox 229 1844 1842 1919">
    <p class='ocr_par' dir='ltr' id='par_1_20' title="bbox 229 1844 1842 1919">
     <span class='ocr_line' id='line_1_20' title="bbox 229 1844 1842 1919; baseline -0.001 -17"><span class='ocrx_word' id='word_1_130' title='bbox 229 1847 665 1919; x_wconf 84' lang='lat' dir='ltr'>uniuscujusque</span> <span class='ocrx_word' id='word_1_131' title='bbox 694 1852 908 1902; x_wconf 85' lang='lat' dir='ltr'>mente.</span> <span class='ocrx_word' id='word_1_132' title='bbox 929 1846 1194 1902; x_wconf 79' lang='lat' dir='ltr'>Diximus</span> <span class='ocrx_word' id='word_1_133' title='bbox 1211 1844 1365 1902; x_wconf 90' lang='lat' dir='ltr'>enim</span> <span class='ocrx_word' id='word_1_134' title='bbox 1389 1846 1636 1901; x_wconf 86' lang='lat' dir='ltr'>masculi</span> <span class='ocrx_word' id='word_1_135' title='bbox 1657 1846 1842 1901; x_wconf 90' lang='lat' dir='ltr'>nomi-</span> 
     </span>
    </p>
   </div>
   <div class='ocr_carea' id='block_1_21' title="bbox 229 1934 1845 2008">
    <p class='ocr_par' dir='ltr' id='par_1_21' title="bbox 229 1934 1845 2008">
     <span class='ocr_line' id='line_1_21' title="bbox 229 1934 1845 2008; baseline -0.001 -17"><span class='ocrx_word' id='word_1_136' title='bbox 229 1953 282 1991; x_wconf 90' lang='lat' dir='ltr'>ne</span> <span class='ocrx_word' id='word_1_137' title='bbox 329 1940 582 1991; x_wconf 89' lang='lat' dir='ltr'>mentem</span> <span class='ocrx_word' id='word_1_138' title='bbox 632 1934 966 2008; x_wconf 87' lang='lat' dir='ltr'>signiﬁcari,</span> <span class='ocrx_word' id='word_1_139' title='bbox 1026 1935 1183 2007; x_wconf 85' lang='lat' dir='ltr'>quod</span> <span class='ocrx_word' id='word_1_140' title='bbox 1224 1935 1301 1990; x_wconf 86' lang='lat' dir='ltr'>sit</span> <span class='ocrx_word' id='word_1_141' title='bbox 1356 1935 1583 1990; x_wconf 89' lang='lat' dir='ltr'>validus</span> <span class='ocrx_word' id='word_1_142' title='bbox 1632 1936 1845 1990; x_wconf 89' lang='lat' dir='ltr'>mentis</span> 
     </span>
    </p>
   </div>
   <div class='ocr_carea' id='block_1_22' title="bbox 228 2023 1845 2099">
    <p class='ocr_par' dir='ltr' id='par_1_22' title="bbox 228 2023 1845 2099">
     <span class='ocr_line' id='line_1_22' title="bbox 228 2023 1845 2099; baseline -0.002 -19"><span class='ocrx_word' id='word_1_143' title='bbox 228 2026 375 2099; x_wconf 80' lang='lat' dir='ltr'>vigor,</span> <span class='ocrx_word' id='word_1_144' title='bbox 412 2029 470 2079; x_wconf 88' lang='lat' dir='ltr'>et</span> <span class='ocrx_word' id='word_1_145' title='bbox 519 2024 778 2078; x_wconf 86' lang='lat' dir='ltr'>animam</span> <span class='ocrx_word' id='word_1_146' title='bbox 827 2023 886 2078; x_wconf 92' lang='lat' dir='ltr'>in</span> <span class='ocrx_word' id='word_1_147' title='bbox 947 2023 1036 2079; x_wconf 90' lang='lat' dir='ltr'>sui</span> <span class='ocrx_word' id='word_1_148' title='bbox 1083 2023 1352 2096; x_wconf 87' lang='lat' dir='ltr'>copulam</span> <span class='ocrx_word' id='word_1_149' title='bbox 1389 2023 1603 2093; x_wconf 89' lang='lat' dir='ltr'>trahat,</span> <span class='ocrx_word' id='word_1_150' title='bbox 1653 2023 1845 2095; x_wconf 86' lang='lat' dir='ltr'>sitque</span> 
     </span>
    </p>
   </div>
   <div class='ocr_carea' id='block_1_23' title="bbox 228 2110 1844 2185">
    <p class='ocr_par' dir='ltr' id='par_1_23' title="bbox 228 2110 1844 2185">
     <span class='ocr_line' id='line_1_23' title="bbox 228 2110 1844 2185; baseline -0.002 -17"><span class='ocrx_word' id='word_1_151' title='bbox 228 2113 594 2170; x_wconf 83' lang='lat' dir='ltr'>vehementior</span> <span class='ocrx_word' id='word_1_152' title='bbox 626 2116 903 2184; x_wconf 86' lang='lat' dir='ltr'>tanquam</span> <span class='ocrx_word' id='word_1_153' title='bbox 936 2128 1073 2168; x_wconf 86' lang='lat' dir='ltr'>sexu</span> <span class='ocrx_word' id='word_1_154' title='bbox 1109 2113 1319 2185; x_wconf 90' lang='lat' dir='ltr'>potior,</span> <span class='ocrx_word' id='word_1_155' title='bbox 1355 2116 1411 2167; x_wconf 91' lang='lat' dir='ltr'>et</span> <span class='ocrx_word' id='word_1_156' title='bbox 1439 2112 1587 2167; x_wconf 90' lang='lat' dir='ltr'>virili</span> <span class='ocrx_word' id='word_1_157' title='bbox 1633 2110 1844 2167; x_wconf 90' lang='lat' dir='ltr'>validi-</span> 
     </span>
    </p>
   </div>
   <div class='ocr_carea' id='block_1_24' title="bbox 224 2200 1842 2274">
    <p class='ocr_par' dir='ltr' id='par_1_24' title="bbox 224 2200 1842 2274">
     <span class='ocr_line' id='line_1_24' title="bbox 224 2200 1842 2274; baseline -0.001 -17"><span class='ocrx_word' id='word_1_158' title='bbox 224 2206 335 2258; x_wconf 85' lang='lat' dir='ltr'>tate.</span> <span class='ocrx_word' id='word_1_159' title='bbox 382 2205 534 2274; x_wconf 86' lang='lat' dir='ltr'>Ergo</span> <span class='ocrx_word' id='word_1_160' title='bbox 588 2200 712 2256; x_wconf 62' lang='lat' dir='ltr'>hac</span> <span class='ocrx_word' id='word_1_161' title='bbox 742 2200 890 2258; x_wconf 84' lang='lat' dir='ltr'>ratio</span> <span class='ocrx_word' id='word_1_162' title='bbox 923 2205 1012 2256; x_wconf 89' lang='lat' dir='ltr'>est</span> <span class='ocrx_word' id='word_1_163' title='bbox 1068 2201 1219 2273; x_wconf 91' lang='lat' dir='ltr'>quod</span> <span class='ocrx_word' id='word_1_164' title='bbox 1255 2200 1448 2256; x_wconf 90' lang='lat' dir='ltr'>omnis</span> <span class='ocrx_word' id='word_1_165' title='bbox 1500 2217 1666 2256; x_wconf 89' lang='lat' dir='ltr'>mens</span> <span class='ocrx_word' id='word_1_166' title='bbox 1717 2217 1842 2272; x_wconf 75' lang='lat' dir='ltr'>quae</span> 
     </span>
    </p>
   </div>
   <div class='ocr_carea' id='block_1_25' title="bbox 221 2288 1841 2363">
    <p class='ocr_par' dir='ltr' id='par_1_25' title="bbox 221 2288 1841 2363">
     <span class='ocr_line' id='line_1_25' title="bbox 221 2288 1841 2363; baseline -0.002 -16"><span class='ocrx_word' id='word_1_167' title='bbox 221 2309 312 2348; x_wconf 90' lang='lat' dir='ltr'>non</span> <span class='ocrx_word' id='word_1_168' title='bbox 357 2290 533 2347; x_wconf 81' lang='lat' dir='ltr'>fuerit</span> <span class='ocrx_word' id='word_1_169' title='bbox 572 2288 920 2345; x_wconf 89' lang='lat' dir='ltr'>circumcisa</span> <span class='ocrx_word' id='word_1_170' title='bbox 965 2306 999 2346; x_wconf 89' lang='lat' dir='ltr'>a</span> <span class='ocrx_word' id='word_1_171' title='bbox 1053 2289 1366 2362; x_wconf 85' lang='lat' dir='ltr'>superﬂuis</span> <span class='ocrx_word' id='word_1_172' title='bbox 1422 2288 1841 2363; x_wconf 88' lang='lat' dir='ltr'>corporalibus,</span> 
     </span>
    </p>
   </div>
   <div class='ocr_carea' id='block_1_26' title="bbox 221 2377 1841 2453">
    <p class='ocr_par' dir='ltr' id='par_1_26' title="bbox 221 2377 1841 2453">
     <span class='ocr_line' id='line_1_26' title="bbox 221 2377 1841 2453; baseline -0.002 -17"><span class='ocrx_word' id='word_1_173' title='bbox 221 2385 266 2437; x_wconf 84' lang='lat' dir='ltr'>et</span> <span class='ocrx_word' id='word_1_174' title='bbox 290 2383 529 2453; x_wconf 86' lang='lat' dir='ltr'>purgata</span> <span class='ocrx_word' id='word_1_175' title='bbox 557 2377 806 2434; x_wconf 87' lang='lat' dir='ltr'>solemni</span> <span class='ocrx_word' id='word_1_176' title='bbox 836 2394 1096 2447; x_wconf 91' lang='lat' dir='ltr'>munere,</span> <span class='ocrx_word' id='word_1_177' title='bbox 1138 2386 1204 2434; x_wconf 91' lang='lat' dir='ltr'>ut</span> <span class='ocrx_word' id='word_1_178' title='bbox 1232 2382 1404 2434; x_wconf 85' lang='lat' dir='ltr'>exuat</span> <span class='ocrx_word' id='word_1_179' title='bbox 1444 2394 1504 2435; x_wconf 92' lang='lat' dir='ltr'>se</span> <span class='ocrx_word' id='word_1_180' title='bbox 1555 2377 1841 2450; x_wconf 87' lang='lat' dir='ltr'>passioni-</span> 
     </span>
    </p>
   </div>
   <div class='ocr_carea' id='block_1_27' title="bbox 220 2466 1838 2539">
    <p class='ocr_par' dir='ltr' id='par_1_27' title="bbox 220 2466 1838 2539">
     <span class='ocr_line' id='line_1_27' title="bbox 220 2466 1838 2539; baseline -0.002 -15"><span class='ocrx_word' id='word_1_181' title='bbox 220 2471 311 2524; x_wconf 90' lang='lat' dir='ltr'>bus</span> <span class='ocrx_word' id='word_1_182' title='bbox 337 2472 391 2525; x_wconf 89' lang='lat' dir='ltr'>et</span> <span class='ocrx_word' id='word_1_183' title='bbox 418 2467 598 2534; x_wconf 86' lang='lat' dir='ltr'>vitiis,</span> <span class='ocrx_word' id='word_1_184' title='bbox 631 2466 910 2522; x_wconf 86' lang='lat' dir='ltr'>interibit.</span> <span class='ocrx_word' id='word_1_185' title='bbox 944 2467 1067 2522; x_wconf 87' lang='lat' dir='ltr'>Non</span> <span class='ocrx_word' id='word_1_186' title='bbox 1101 2484 1257 2534; x_wconf 88' lang='lat' dir='ltr'>caro,</span> <span class='ocrx_word' id='word_1_187' title='bbox 1316 2466 1525 2539; x_wconf 82' lang='lat' dir='ltr'>inquit,</span> <span class='ocrx_word' id='word_1_188' title='bbox 1563 2466 1838 2534; x_wconf 86' lang='lat' dir='ltr'>interibit,</span> 
     </span>
    </p>
   </div>
   <div class='ocr_carea' id='block_1_28' title="bbox 217 2555 1837 2630">
    <p class='ocr_par' dir='ltr' id='par_1_28' title="bbox 217 2555 1837 2630">
     <span class='ocr_line' id='line_1_28' title="bbox 217 2555 1837 2630; baseline -0.002 -18"><span class='ocrx_word' id='word_1_189' title='bbox 217 2557 335 2630; x_wconf 85' lang='lat' dir='ltr'>quia</span> <span class='ocrx_word' id='word_1_190' title='bbox 361 2557 549 2630; x_wconf 88' lang='lat' dir='ltr'>potuit</span> <span class='ocrx_word' id='word_1_191' title='bbox 584 2555 743 2612; x_wconf 90' lang='lat' dir='ltr'>salva</span> <span class='ocrx_word' id='word_1_192' title='bbox 770 2555 911 2624; x_wconf 89' lang='lat' dir='ltr'>ﬁeri,</span> <span class='ocrx_word' id='word_1_193' title='bbox 943 2555 989 2610; x_wconf 91' lang='lat' dir='ltr'>si</span> <span class='ocrx_word' id='word_1_194' title='bbox 1032 2555 1335 2612; x_wconf 89' lang='lat' dir='ltr'>habuisset</span> <span class='ocrx_word' id='word_1_195' title='bbox 1393 2556 1796 2628; x_wconf 76' lang='lat' dir='ltr'>purgationem</span> <span class='ocrx_word' id='word_1_196' title='bbox 1825 2574 1837 2621; x_wconf 90' lang='lat'><strong>;</strong></span> 
     </span>
    </p>
   </div>
   <div class='ocr_carea' id='block_1_29' title="bbox 215 2643 1837 2718">
    <p class='ocr_par' dir='ltr' id='par_1_29' title="bbox 215 2643 1837 2718">
     <span class='ocr_line' id='line_1_29' title="bbox 215 2643 1837 2718; baseline 0 -18"><span class='ocrx_word' id='word_1_197' title='bbox 215 2647 353 2701; x_wconf 88' lang='lat' dir='ltr'>nuda</span> <span class='ocrx_word' id='word_1_198' title='bbox 380 2649 576 2701; x_wconf 85' lang='lat' dir='ltr'>autem</span> <span class='ocrx_word' id='word_1_199' title='bbox 606 2643 857 2718; x_wconf 67' lang='lat' dir='ltr'>praesidii</span> <span class='ocrx_word' id='word_1_200' title='bbox 886 2648 941 2698; x_wconf 89' lang='lat' dir='ltr'>et</span> <span class='ocrx_word' id='word_1_201' title='bbox 972 2644 1362 2701; x_wconf 89' lang='lat' dir='ltr'>incircumcisi</span> <span class='ocrx_word' id='word_1_202' title='bbox 1422 2644 1615 2700; x_wconf 88' lang='lat' dir='ltr'>cordis</span> <span class='ocrx_word' id='word_1_203' title='bbox 1658 2644 1837 2700; x_wconf 91' lang='lat' dir='ltr'>collu-</span> 
     </span>
    </p>
   </div>
   <div class='ocr_carea' id='block_1_30' title="bbox 211 2732 1837 2806">
    <p class='ocr_par' dir='ltr' id='par_1_30' title="bbox 211 2732 1837 2806">
     <span class='ocr_line' id='line_1_30' title="bbox 211 2732 1837 2806; baseline 0.001 -19"><span class='ocrx_word' id='word_1_204' title='bbox 211 2736 358 2791; x_wconf 56' lang='lat' dir='ltr'>vione</span> <span class='ocrx_word' id='word_1_205' title='bbox 380 2733 665 2790; x_wconf 90' lang='lat' dir='ltr'>inﬁrmior</span> <span class='ocrx_word' id='word_1_206' title='bbox 693 2732 942 2790; x_wconf 86' lang='lat' dir='ltr'>salutem</span> <span class='ocrx_word' id='word_1_207' title='bbox 973 2733 1204 2806; x_wconf 85' lang='lat' dir='ltr'>generis</span> <span class='ocrx_word' id='word_1_208' title='bbox 1234 2733 1322 2788; x_wconf 90' lang='lat' dir='ltr'>sui</span> <span class='ocrx_word' id='word_1_209' title='bbox 1358 2752 1469 2788; x_wconf 90' lang='lat' dir='ltr'>non</span> <span class='ocrx_word' id='word_1_210' title='bbox 1504 2734 1691 2805; x_wconf 91' lang='lat' dir='ltr'>potuit</span> <span class='ocrx_word' id='word_1_211' title='bbox 1718 2751 1837 2789; x_wconf 88' lang='lat' dir='ltr'>ser-</span> 
     </span>
    </p>
   </div>
   <div class='ocr_carea' id='block_1_31' title="bbox 208 2821 1837 2894">
    <p class='ocr_par' dir='ltr' id='par_1_31' title="bbox 208 2821 1837 2894">
     <span class='ocr_line' id='line_1_31' title="bbox 208 2821 1837 2894; baseline 0.003 -20"><span class='ocrx_word' id='word_1_212' title='bbox 208 2839 345 2880; x_wconf 77' lang='lat' dir='ltr'>vare.</span> <span class='ocrx_word' id='word_1_213' title='bbox 359 2823 542 2879; x_wconf 89' lang='lat' dir='ltr'>Omne</span> <span class='ocrx_word' id='word_1_214' title='bbox 555 2827 748 2878; x_wconf 90' lang='lat' dir='ltr'>autem</span> <span class='ocrx_word' id='word_1_215' title='bbox 764 2838 949 2894; x_wconf 88' lang='lat' dir='ltr'>genus</span> <span class='ocrx_word' id='word_1_216' title='bbox 967 2822 1197 2879; x_wconf 88' lang='lat' dir='ltr'>videtur</span> <span class='ocrx_word' id='word_1_217' title='bbox 1210 2821 1565 2887; x_wconf 87' lang='lat' dir='ltr'>immortale,</span> <span class='ocrx_word' id='word_1_218' title='bbox 1589 2822 1837 2879; x_wconf 90' lang='lat' dir='ltr'>uthomo</span> 
     </span>
    </p>
   </div>
   <div class='ocr_carea' id='block_1_32' title="bbox 207 2910 1839 2985">
    <p class='ocr_par' dir='ltr' id='par_1_32' title="bbox 207 2910 1839 2985">
     <span class='ocr_line' id='line_1_32' title="bbox 207 2910 1839 2985; baseline 0.001 -21"><span class='ocrx_word' id='word_1_219' title='bbox 207 2928 375 2985; x_wconf 77' lang='lat' dir='ltr'>genus</span> <span class='ocrx_word' id='word_1_220' title='bbox 391 2916 570 2980; x_wconf 88' lang='lat' dir='ltr'>est,ut</span> <span class='ocrx_word' id='word_1_221' title='bbox 591 2910 745 2967; x_wconf 90' lang='lat' dir='ltr'>ullus</span> <span class='ocrx_word' id='word_1_222' title='bbox 766 2912 877 2984; x_wconf 88' lang='lat'>(57)</span> <span class='ocrx_word' id='word_1_223' title='bbox 898 2911 1125 2983; x_wconf 88' lang='lat' dir='ltr'>species</span> <span class='ocrx_word' id='word_1_224' title='bbox 1147 2911 1443 2968; x_wconf 86' lang='lat' dir='ltr'>est.llomo</span> <span class='ocrx_word' id='word_1_225' title='bbox 1460 2912 1839 2983; x_wconf 86' lang='lat' dir='ltr'>semperdici-</span> 
     </span>
    </p>
   </div>
   <div class='ocr_carea' id='block_1_33' title="bbox 205 2999 1835 3073">
    <p class='ocr_par' dir='ltr' id='par_1_33' title="bbox 205 2999 1835 3073">
     <span class='ocr_line' id='line_1_33' title="bbox 205 2999 1835 3073; baseline 0 -19"><span class='ocrx_word' id='word_1_226' title='bbox 205 3000 468 3069; x_wconf 86' lang='lat' dir='ltr'>tur,ullus</span> <span class='ocrx_word' id='word_1_227' title='bbox 484 3017 599 3057; x_wconf 89' lang='lat' dir='ltr'>non</span> <span class='ocrx_word' id='word_1_228' title='bbox 612 2999 985 3072; x_wconf 68' lang='grc' dir='ltr'>θεωρεῖ-,ἰωο</span> <span class='ocrx_word' id='word_1_229' title='bbox 1001 3017 1114 3056; x_wconf 90' lang='lat' dir='ltr'>non</span> <span class='ocrx_word' id='word_1_230' title='bbox 1128 3001 1322 3057; x_wconf 89' lang='lat' dir='ltr'>deﬁcit</span> <span class='ocrx_word' id='word_1_231' title='bbox 1336 2999 1835 3073; x_wconf 90' lang='lat' dir='ltr'>ullus.Deﬁcitqui</span> 
     </span>
    </p>
   </div>
   <div class='ocr_carea' id='block_1_34' title="bbox 206 3088 1833 3161">
    <p class='ocr_par' dir='ltr' id='par_1_34' title="bbox 206 3088 1833 3161">
     <span class='ocr_line' id='line_1_34' title="bbox 206 3088 1833 3161; baseline 0.001 -18"><span class='ocrx_word' id='word_1_232' title='bbox 206 3090 367 3146; x_wconf 84' lang='lat' dir='ltr'>ﬁdem</span> <span class='ocrx_word' id='word_1_233' title='bbox 400 3107 515 3145; x_wconf 90' lang='lat' dir='ltr'>non</span> <span class='ocrx_word' id='word_1_234' title='bbox 539 3088 734 3158; x_wconf 88' lang='lat' dir='ltr'>habet,</span> <span class='ocrx_word' id='word_1_235' title='bbox 759 3106 1008 3161; x_wconf 88' lang='lat' dir='ltr'>persona</span> <span class='ocrx_word' id='word_1_236' title='bbox 1028 3088 1221 3144; x_wconf 89' lang='lat' dir='ltr'>deﬁcit</span> <span class='ocrx_word' id='word_1_237' title='bbox 1246 3090 1441 3156; x_wconf 84' lang='lat' dir='ltr'>unius,</span> <span class='ocrx_word' id='word_1_238' title='bbox 1470 3089 1721 3145; x_wconf 90' lang='lat' dir='ltr'>conditio</span> <span class='ocrx_word' id='word_1_239' title='bbox 1749 3089 1833 3145; x_wconf 88' lang='lat' dir='ltr'>vel</span> 
     </span>
    </p>
   </div>
   <div class='ocr_carea' id='block_1_35' title="bbox 204 3163 1915 3251">
    <p class='ocr_par' dir='ltr' id='par_1_35' title="bbox 204 3163 1915 3251">
     <span class='ocr_line' id='line_1_35' title="bbox 204 3163 1915 3251; baseline -0.002 -18"><span class='ocrx_word' id='word_1_240' title='bbox 204 3196 405 3235; x_wconf 87' lang='lat' dir='ltr'>nomen</span> <span class='ocrx_word' id='word_1_241' title='bbox 427 3178 737 3234; x_wconf 90' lang='lat' dir='ltr'>hominum</span> <span class='ocrx_word' id='word_1_242' title='bbox 769 3194 882 3233; x_wconf 90' lang='lat' dir='ltr'>non</span> <span class='ocrx_word' id='word_1_243' title='bbox 910 3176 1121 3232; x_wconf 90' lang='lat' dir='ltr'>deﬁcit.</span> <span class='ocrx_word' id='word_1_244' title='bbox 1154 3178 1233 3232; x_wconf 85' lang='lat' dir='ltr'>Ex</span> <span class='ocrx_word' id='word_1_245' title='bbox 1263 3177 1539 3233; x_wconf 90' lang='lat' dir='ltr'>diuturno</span> <span class='ocrx_word' id='word_1_246' title='bbox 1571 3179 1750 3251; x_wconf 86' lang='lat' dir='ltr'>igitur</span> <span class='ocrx_word' id='word_1_247' title='bbox 1786 3184 1843 3235; x_wconf 91' lang='lat' dir='ltr'>et</span> <span class='ocrx_word' id='word_1_248' title='bbox 1874 3163 1915 3230; x_wconf 87' lang='lat' dir='ltr'>C</span> 
     </span>
    </p>
   </div>
   <div class='ocr_carea' id='block_1_36' title="bbox 204 3265 1837 3340">
    <p class='ocr_par' dir='ltr' id='par_1_36' title="bbox 204 3265 1837 3340">
     <span class='ocr_line' id='line_1_36' title="bbox 204 3265 1837 3340; baseline 0.003 -21"><span class='ocrx_word' id='word_1_249' title='bbox 204 3265 431 3322; x_wconf 78' lang='lat' dir='ltr'>innoxio</span> <span class='ocrx_word' id='word_1_250' title='bbox 463 3267 522 3322; x_wconf 89' lang='lat' dir='ltr'>in</span> <span class='ocrx_word' id='word_1_251' title='bbox 556 3266 613 3320; x_wconf 92' lang='lat' dir='ltr'>id</span> <span class='ocrx_word' id='word_1_252' title='bbox 656 3266 809 3337; x_wconf 91' lang='lat' dir='ltr'>quod</span> <span class='ocrx_word' id='word_1_253' title='bbox 842 3265 1163 3338; x_wconf 88' lang='lat' dir='ltr'>temporale</span> <span class='ocrx_word' id='word_1_254' title='bbox 1193 3270 1281 3322; x_wconf 87' lang='lat' dir='ltr'>est</span> <span class='ocrx_word' id='word_1_255' title='bbox 1310 3273 1367 3322; x_wconf 92' lang='lat' dir='ltr'>et</span> <span class='ocrx_word' id='word_1_256' title='bbox 1404 3267 1642 3322; x_wconf 82' lang='lat' dir='ltr'>noxium</span> <span class='ocrx_word' id='word_1_257' title='bbox 1701 3284 1837 3340; x_wconf 89' lang='lat' dir='ltr'>pec—</span> 
     </span>
    </p>
   </div>
   <div class='ocr_carea' id='block_1_37' title="bbox 203 3354 1843 3426">
    <p class='ocr_par' dir='ltr' id='par_1_37' title="bbox 203 3354 1843 3426">
     <span class='ocr_line' id='line_1_37' title="bbox 203 3354 1843 3426; baseline 0.002 -17"><span class='ocrx_word' id='word_1_258' title='bbox 203 3360 360 3410; x_wconf 78' lang='lat' dir='ltr'>cator</span> <span class='ocrx_word' id='word_1_259' title='bbox 385 3355 714 3421; x_wconf 90' lang='lat' dir='ltr'>deducitur,</span> <span class='ocrx_word' id='word_1_260' title='bbox 747 3354 847 3426; x_wconf 92' lang='lat' dir='ltr'>qui</span> <span class='ocrx_word' id='word_1_261' title='bbox 897 3355 1111 3410; x_wconf 89' lang='lat' dir='ltr'>mentis</span> <span class='ocrx_word' id='word_1_262' title='bbox 1167 3373 1284 3410; x_wconf 72' lang='lat' dir='ltr'>sua:</span> <span class='ocrx_word' id='word_1_263' title='bbox 1335 3355 1621 3412; x_wconf 85' lang='lat' dir='ltr'>ascribere</span> <span class='ocrx_word' id='word_1_264' title='bbox 1670 3357 1843 3413; x_wconf 87' lang='lat' dir='ltr'>debet</span> 
     </span>
    </p>
   </div>
   <div class='ocr_carea' id='block_1_38' title="bbox 203 3442 1841 3516">
    <p class='ocr_par' dir='ltr' id='par_1_38' title="bbox 203 3442 1841 3516">
     <span class='ocr_line' id='line_1_38' title="bbox 203 3442 1841 3516; baseline 0.002 -20"><span class='ocrx_word' id='word_1_265' title='bbox 203 3442 477 3514; x_wconf 74' lang='lat' dir='ltr'>infantiae,</span> <span class='ocrx_word' id='word_1_266' title='bbox 512 3444 665 3516; x_wconf 90' lang='lat' dir='ltr'>quod</span> <span class='ocrx_word' id='word_1_267' title='bbox 700 3442 972 3500; x_wconf 88' lang='lat' dir='ltr'>incautus</span> <span class='ocrx_word' id='word_1_268' title='bbox 1024 3442 1134 3499; x_wconf 81' lang='lat' dir='ltr'>fuit</span> <span class='ocrx_word' id='word_1_269' title='bbox 1170 3448 1227 3500; x_wconf 90' lang='lat' dir='ltr'>et</span> <span class='ocrx_word' id='word_1_270' title='bbox 1282 3443 1699 3515; x_wconf 82' lang='lat' dir='ltr'>intemperans,</span> <span class='ocrx_word' id='word_1_271' title='bbox 1753 3444 1841 3500; x_wconf 90' lang='lat' dir='ltr'>vel</span> 
     </span>
    </p>
   </div>
   <div class='ocr_carea' id='block_1_39' title="bbox 201 3530 1846 3603">
    <p class='ocr_par' dir='ltr' id='par_1_39' title="bbox 201 3530 1846 3603">
     <span class='ocr_line' id='line_1_39' title="bbox 201 3530 1846 3603; baseline 0.001 -17"><span class='ocrx_word' id='word_1_272' title='bbox 201 3532 606 3588; x_wconf 85' lang='lat' dir='ltr'>remissionem</span> <span class='ocrx_word' id='word_1_273' title='bbox 638 3534 1005 3603; x_wconf 87' lang='lat' dir='ltr'>peccatorum</span> <span class='ocrx_word' id='word_1_274' title='bbox 1032 3548 1144 3587; x_wconf 90' lang='lat' dir='ltr'>non</span> <span class='ocrx_word' id='word_1_275' title='bbox 1178 3530 1488 3603; x_wconf 86' lang='lat' dir='ltr'>acquisivit</span> <span class='ocrx_word' id='word_1_276' title='bbox 1515 3550 1527 3587; x_wconf 94' lang='lat'>:</span> <span class='ocrx_word' id='word_1_277' title='bbox 1550 3534 1671 3588; x_wconf 81' lang='lat' dir='ltr'>Nisi</span> <span class='ocrx_word' id='word_1_278' title='bbox 1698 3536 1846 3589; x_wconf 86' lang='lat' dir='ltr'>enim</span> 
     </span>
    </p>
   </div>
   <div class='ocr_carea' id='block_1_40' title="bbox 207 3619 1845 3692">
    <p class='ocr_par' dir='ltr' id='par_1_40' title="bbox 207 3619 1845 3692">
     <span class='ocr_line' id='line_1_40' title="bbox 207 3619 1845 3692; baseline 0.002 -18"><span class='ocrx_word' id='word_1_279' title='bbox 207 3622 331 3689; x_wconf 77' lang='lat' dir='ltr'>quis</span> <span class='ocrx_word' id='word_1_280' title='bbox 359 3628 579 3676; x_wconf 78' lang='lat' dir='ltr'>renatus</span> <span class='ocrx_word' id='word_1_281' title='bbox 609 3619 754 3676; x_wconf 76' lang='lat'>851</span> <span class='ocrx_word' id='word_1_282' title='bbox 792 3621 963 3691; x_wconf 63' lang='lat' dir='ltr'>fuerit</span> <span class='ocrx_word' id='word_1_283' title='bbox 993 3637 1063 3675; x_wconf 76' lang='lat' dir='ltr'>ea:</span> <span class='ocrx_word' id='word_1_284' title='bbox 1109 3637 1252 3691; x_wconf 82' lang='lat' dir='ltr'>aqua</span> <span class='ocrx_word' id='word_1_285' title='bbox 1283 3624 1333 3675; x_wconf 83' lang='lat' dir='ltr'>et</span> <span class='ocrx_word' id='word_1_286' title='bbox 1378 3620 1589 3692; x_wconf 80' lang='lat' dir='ltr'>Spiritu</span> <span class='ocrx_word' id='word_1_287' title='bbox 1638 3626 1845 3689; x_wconf 79' lang='lat' dir='ltr'>sancto,</span> 
     </span>
    </p>
   </div>
   <div class='ocr_carea' id='block_1_41' title="bbox 201 3710 1849 3782">
    <p class='ocr_par' dir='ltr' id='par_1_41' title="bbox 201 3710 1849 3782">
     <span class='ocr_line' id='line_1_41' title="bbox 201 3710 1849 3782; baseline 0.002 -21"><span class='ocrx_word' id='word_1_288' title='bbox 201 3724 310 3761; x_wconf 85' lang='lat' dir='ltr'>non</span> <span class='ocrx_word' id='word_1_289' title='bbox 336 3712 503 3780; x_wconf 76' lang='lat' dir='ltr'>potest</span> <span class='ocrx_word' id='word_1_290' title='bbox 531 3710 762 3765; x_wconf 81' lang='lat' dir='ltr'>introire</span> <span class='ocrx_word' id='word_1_291' title='bbox 792 3711 851 3763; x_wconf 68' lang='lat' dir='ltr'>in.</span> <span class='ocrx_word' id='word_1_292' title='bbox 878 3725 1107 3780; x_wconf 85' lang='lat' dir='ltr'>regnum</span> <span class='ocrx_word' id='word_1_293' title='bbox 1138 3710 1235 3765; x_wconf 86' lang='lat' dir='ltr'>Dei</span> <span class='ocrx_word' id='word_1_294' title='bbox 1263 3711 1447 3780; x_wconf 83' lang='lat' dir='ltr'>(Joan.</span> <span class='ocrx_word' id='word_1_295' title='bbox 1507 3724 1589 3778; x_wconf 85' lang='lat' dir='ltr'>Ill,</span> <span class='ocrx_word' id='word_1_296' title='bbox 1620 3712 1694 3782; x_wconf 82' lang='lat'>5).</span> <span class='ocrx_word' id='word_1_297' title='bbox 1729 3710 1849 3765; x_wconf 90' lang='lat' dir='ltr'>Uti-</span> 
     </span>
    </p>
   </div>
   <div class='ocr_carea' id='block_1_42' title="bbox 202 3797 1855 3872">
    <p class='ocr_par' dir='ltr' id='par_1_42' title="bbox 202 3797 1855 3872">
     <span class='ocr_line' id='line_1_42' title="bbox 202 3797 1855 3872; baseline 0.002 -22"><span class='ocrx_word' id='word_1_298' title='bbox 202 3811 317 3867; x_wconf 90' lang='lat' dir='ltr'>que</span> <span class='ocrx_word' id='word_1_299' title='bbox 376 3797 603 3853; x_wconf 88' lang='lat' dir='ltr'>nullum</span> <span class='ocrx_word' id='word_1_300' title='bbox 669 3797 899 3869; x_wconf 79' lang='lat' dir='ltr'>excipit,</span> <span class='ocrx_word' id='word_1_301' title='bbox 961 3814 1076 3853; x_wconf 90' lang='lat' dir='ltr'>non</span> <span class='ocrx_word' id='word_1_302' title='bbox 1117 3797 1422 3863; x_wconf 80' lang='lat' dir='ltr'>infantem,</span> <span class='ocrx_word' id='word_1_303' title='bbox 1482 3816 1598 3854; x_wconf 91' lang='lat' dir='ltr'>non</span> <span class='ocrx_word' id='word_1_304' title='bbox 1655 3798 1855 3872; x_wconf 90' lang='lat' dir='ltr'>aliqua</span> 
     </span>
    </p>
   </div>
   <div class='ocr_carea' id='block_1_43' title="bbox 204 3885 1854 3961">
    <p class='ocr_par' dir='ltr' id='par_1_43' title="bbox 204 3885 1854 3961">
     <span class='ocr_line' id='line_1_43' title="bbox 204 3885 1854 3961; baseline 0.002 -21"><span class='ocrx_word' id='word_1_305' title='bbox 204 3892 563 3955; x_wconf 74' lang='lat' dir='ltr'>praeventum</span> <span class='ocrx_word' id='word_1_306' title='bbox 586 3886 950 3942; x_wconf 87' lang='lat' dir='ltr'>necessitate.</span> <span class='ocrx_word' id='word_1_307' title='bbox 978 3885 1243 3942; x_wconf 87' lang='lat' dir='ltr'>Habeant</span> <span class='ocrx_word' id='word_1_308' title='bbox 1273 3890 1468 3942; x_wconf 90' lang='lat' dir='ltr'>tamen</span> <span class='ocrx_word' id='word_1_309' title='bbox 1495 3886 1656 3943; x_wconf 87' lang='lat' dir='ltr'>illam</span> <span class='ocrx_word' id='word_1_310' title='bbox 1688 3905 1854 3961; x_wconf 84' lang='lat' dir='ltr'>cper-</span> 
     </span>
    </p>
   </div>
   <div class='ocr_carea' id='block_1_44' title="bbox 202 3974 1855 4047">
    <p class='ocr_par' dir='ltr' id='par_1_44' title="bbox 202 3974 1855 4047">
     <span class='ocr_line' id='line_1_44' title="bbox 202 3974 1855 4047; baseline 0.003 -20"><span class='ocrx_word' id='word_1_311' title='bbox 202 3974 327 4029; x_wconf 87' lang='lat' dir='ltr'>tam</span> <span class='ocrx_word' id='word_1_312' title='bbox 362 3992 664 4047; x_wconf 69' lang='lat' dir='ltr'>poenarum</span> <span class='ocrx_word' id='word_1_313' title='bbox 682 3974 1141 4045; x_wconf 88' lang='lat' dir='ltr'>immunitatem,</span> <span class='ocrx_word' id='word_1_314' title='bbox 1169 3976 1364 4031; x_wconf 90' lang='lat' dir='ltr'>nescio</span> <span class='ocrx_word' id='word_1_315' title='bbox 1384 3993 1455 4031; x_wconf 88' lang='lat' dir='ltr'>an</span> <span class='ocrx_word' id='word_1_316' title='bbox 1479 3975 1733 4033; x_wconf 89' lang='lat' dir='ltr'>habeant</span> <span class='ocrx_word' id='word_1_317' title='bbox 1763 3994 1855 4032; x_wconf 91' lang='lat' dir='ltr'>re-</span> 
     </span>
    </p>
   </div>
   <div class='ocr_carea' id='block_1_45' title="bbox 206 4062 783 4135">
    <p class='ocr_par' dir='ltr' id='par_1_45' title="bbox 206 4062 783 4135">
     <span class='ocr_line' id='line_1_45' title="bbox 206 4062 783 4135; baseline 0.005 -19"><span class='ocrx_word' id='word_1_318' title='bbox 206 4063 305 4132; x_wconf 83' lang='lat' dir='ltr'>gni</span> <span class='ocrx_word' id='word_1_319' title='bbox 340 4062 616 4120; x_wconf 87' lang='lat' dir='ltr'>honorem</span> <span class='ocrx_word' id='word_1_320' title='bbox 649 4063 783 4135; x_wconf 90' lang='lat'>(58).</span> 
     </span>
    </p>
   </div>
   <div class='ocr_carea' id='block_1_46' title="bbox 266 4151 1860 4224">
    <p class='ocr_par' dir='ltr' id='par_1_46' title="bbox 266 4151 1860 4224">
     <span class='ocr_line' id='line_1_46' title="bbox 266 4151 1860 4224; baseline 0.004 -19"><span class='ocrx_word' id='word_1_321' title='bbox 266 4152 369 4205; x_wconf 32' lang='lat'>.85.</span> <span class='ocrx_word' id='word_1_322' title='bbox 403 4151 558 4207; x_wconf 68' lang='lat' dir='ltr'>Saraa</span> <span class='ocrx_word' id='word_1_323' title='bbox 586 4168 820 4224; x_wconf 91' lang='lat' dir='ltr'>quoque</span> <span class='ocrx_word' id='word_1_324' title='bbox 852 4170 970 4208; x_wconf 89' lang='lat' dir='ltr'>una</span> <span class='ocrx_word' id='word_1_325' title='bbox 1001 4152 1244 4209; x_wconf 86' lang='lat' dir='ltr'>additur</span> <span class='ocrx_word' id='word_1_326' title='bbox 1270 4152 1482 4218; x_wconf 87' lang='lat' dir='ltr'>littera,</span> <span class='ocrx_word' id='word_1_327' title='bbox 1513 4154 1620 4211; x_wconf 90' lang='lat' dir='ltr'>hoc</span> <span class='ocrx_word' id='word_1_328' title='bbox 1652 4160 1760 4224; x_wconf 89' lang='lat' dir='ltr'>est,</span> <span class='ocrx_word' id='word_1_329' title='bbox 1793 4155 1860 4223; x_wconf 77' lang='grc' dir='ltr'>Β,</span> 
     </span>
    </p>
   </div>
   <div class='ocr_carea' id='block_1_47' title="bbox 219 4240 1865 4317">
    <p class='ocr_par' dir='ltr' id='par_1_47' title="bbox 219 4240 1865 4317">
     <span class='ocr_line' id='line_1_47' title="bbox 219 4240 1865 4317; baseline 0.005 -26"><span class='ocrx_word' id='word_1_330' title='bbox 219 4242 285 4291; x_wconf 92' lang='lat' dir='ltr'>ut</span> <span class='ocrx_word' id='word_1_331' title='bbox 324 4245 627 4297; x_wconf 81' lang='lat' dir='ltr'>vocaretur</span> <span class='ocrx_word' id='word_1_332' title='bbox 682 4241 857 4296; x_wconf 86' lang='lat' dir='ltr'>Sarra</span> <span class='ocrx_word' id='word_1_333' title='bbox 906 4240 1057 4313; x_wconf 85' lang='lat' dir='ltr'>(Gen.</span> <span class='ocrx_word' id='word_1_334' title='bbox 1108 4259 1245 4312; x_wconf 85' lang='lat' dir='ltr'>xvu,</span> <span class='ocrx_word' id='word_1_335' title='bbox 1280 4242 1389 4314; x_wconf 80' lang='lat' dir='ltr'>l5).</span> <span class='ocrx_word' id='word_1_336' title='bbox 1443 4244 1603 4309; x_wconf 88' lang='lat' dir='ltr'>Quod</span> <span class='ocrx_word' id='word_1_337' title='bbox 1664 4244 1865 4317; x_wconf 89' lang='lat' dir='ltr'>utique</span> 
     </span>
    </p>
   </div>
   <div class='ocr_carea' id='block_1_48' title="bbox 214 4330 1868 4403">
    <p class='ocr_par' dir='ltr' id='par_1_48' title="bbox 214 4330 1868 4403">
     <span class='ocr_line' id='line_1_48' title="bbox 214 4330 1868 4403; baseline 0.005 -22"><span class='ocrx_word' id='word_1_338' title='bbox 214 4342 318 4396; x_wconf 88' lang='lat' dir='ltr'>par</span> <span class='ocrx_word' id='word_1_339' title='bbox 348 4334 451 4398; x_wconf 88' lang='lat' dir='ltr'>est,</span> <span class='ocrx_word' id='word_1_340' title='bbox 487 4333 550 4385; x_wconf 90' lang='lat' dir='ltr'>ut</span> <span class='ocrx_word' id='word_1_341' title='bbox 584 4330 640 4384; x_wconf 90' lang='lat' dir='ltr'>in</span> <span class='ocrx_word' id='word_1_342' title='bbox 676 4330 1103 4402; x_wconf 82' lang='lat' dir='ltr'>superioribus,</span> <span class='ocrx_word' id='word_1_343' title='bbox 1153 4348 1267 4387; x_wconf 89' lang='lat' dir='ltr'>non</span> <span class='ocrx_word' id='word_1_344' title='bbox 1320 4331 1495 4387; x_wconf 90' lang='lat' dir='ltr'>unius</span> <span class='ocrx_word' id='word_1_345' title='bbox 1544 4333 1868 4403; x_wconf 86' lang='lat' dir='ltr'>adjectionc</span> 
     </span>
    </p>
   </div>
   <div class='ocr_carea' id='block_1_49' title="bbox 215 4418 1867 4485">
    <p class='ocr_par' dir='ltr' id='par_1_49' title="bbox 215 4418 1867 4485">
     <span class='ocr_line' id='line_1_49' title="bbox 215 4418 1867 4485; baseline 0.007 -16"><span class='ocrx_word' id='word_1_346' title='bbox 215 4418 447 4485; x_wconf 85' lang='lat' dir='ltr'>pensari</span> <span class='ocrx_word' id='word_1_347' title='bbox 462 4418 698 4474; x_wconf 69' lang='lat' dir='ltr'>litterae.</span> <span class='ocrx_word' id='word_1_348' title='bbox 722 4418 847 4474; x_wconf 83' lang='lat' dir='ltr'>Non</span> <span class='ocrx_word' id='word_1_349' title='bbox 867 4419 1023 4474; x_wconf 89' lang='lat' dir='ltr'>enim</span> <span class='ocrx_word' id='word_1_350' title='bbox 1051 4436 1267 4475; x_wconf 89' lang='lat' dir='ltr'>munus</span> <span class='ocrx_word' id='word_1_351' title='bbox 1284 4420 1399 4475; x_wconf 85' lang='lat' dir='ltr'>Deo</span> <span class='ocrx_word' id='word_1_352' title='bbox 1421 4426 1508 4477; x_wconf 90' lang='lat' dir='ltr'>est</span> <span class='ocrx_word' id='word_1_353' title='bbox 1524 4439 1637 4477; x_wconf 87' lang='lat' dir='ltr'>una</span> <span class='ocrx_word' id='word_1_354' title='bbox 1653 4420 1867 4481; x_wconf 77' lang='lat' dir='ltr'>littera.</span> 
     </span>
    </p>
   </div>
   <div class='ocr_carea' id='block_1_50' title="bbox 1950 511 3597 587">
    <p class='ocr_par' dir='ltr' id='par_1_50' title="bbox 1950 511 3597 587">
     <span class='ocr_line' id='line_1_50' title="bbox 1950 511 3597 587; baseline -0.003 -16"><span class='ocrx_word' id='word_1_355' title='bbox 1950 514 2084 571; x_wconf 87' lang='lat' dir='ltr'>talis</span> <span class='ocrx_word' id='word_1_356' title='bbox 2117 517 2249 587; x_wconf 79' lang='lat'>(59),</span> <span class='ocrx_word' id='word_1_357' title='bbox 2278 515 2387 570; x_wconf 86' lang='lat' dir='ltr'>ista</span> <span class='ocrx_word' id='word_1_358' title='bbox 2417 512 2798 569; x_wconf 83' lang='lat' dir='ltr'>immortalis:</span> <span class='ocrx_word' id='word_1_359' title='bbox 2834 512 2932 568; x_wconf 93' lang='lat' dir='ltr'>illa</span> <span class='ocrx_word' id='word_1_360' title='bbox 2961 511 3253 584; x_wconf 88' lang='lat' dir='ltr'>specialis,</span> <span class='ocrx_word' id='word_1_361' title='bbox 3284 511 3398 566; x_wconf 88' lang='lat' dir='ltr'>ista</span> <span class='ocrx_word' id='word_1_362' title='bbox 3429 527 3597 583; x_wconf 87' lang='lat' dir='ltr'>gene-</span> 
     </span>
    </p>
   </div>
   <div class='ocr_carea' id='block_1_51' title="bbox 1950 598 3597 675">
    <p class='ocr_par' dir='ltr' id='par_1_51' title="bbox 1950 598 3597 675">
     <span class='ocr_line' id='line_1_51' title="bbox 1950 598 3597 675; baseline -0.001 -17"><span class='ocrx_word' id='word_1_363' title='bbox 1950 603 2110 659; x_wconf 83' lang='lat' dir='ltr'>ralis.</span> <span class='ocrx_word' id='word_1_364' title='bbox 2129 604 2228 659; x_wconf 94' lang='lat' dir='ltr'>Est</span> <span class='ocrx_word' id='word_1_365' title='bbox 2243 620 2497 674; x_wconf 89' lang='lat' dir='ltr'>namque</span> <span class='ocrx_word' id='word_1_366' title='bbox 2522 603 2580 657; x_wconf 88' lang='lat' dir='ltr'>in</span> <span class='ocrx_word' id='word_1_367' title='bbox 2606 619 2697 658; x_wconf 91' lang='lat' dir='ltr'>me</span> <span class='ocrx_word' id='word_1_368' title='bbox 2715 601 3110 675; x_wconf 64' lang='lat' dir='ltr'>prudentiaﬁn</span> <span class='ocrx_word' id='word_1_369' title='bbox 3128 618 3217 657; x_wconf 89' lang='lat' dir='ltr'>me</span> <span class='ocrx_word' id='word_1_370' title='bbox 3229 598 3597 665; x_wconf 87' lang='lat' dir='ltr'>castimonia,</span> 
     </span>
    </p>
   </div>
   <div class='ocr_carea' id='block_1_52' title="bbox 1951 689 3602 763">
    <p class='ocr_par' dir='ltr' id='par_1_52' title="bbox 1951 689 3602 763">
     <span class='ocr_line' id='line_1_52' title="bbox 1951 689 3602 763; baseline -0.002 -16"><span class='ocrx_word' id='word_1_371' title='bbox 1951 693 2009 748; x_wconf 88' lang='lat' dir='ltr'>in</span> <span class='ocrx_word' id='word_1_372' title='bbox 2044 710 2135 749; x_wconf 90' lang='lat' dir='ltr'>me</span> <span class='ocrx_word' id='word_1_373' title='bbox 2157 693 2364 760; x_wconf 86' lang='lat' dir='ltr'>virtus,</span> <span class='ocrx_word' id='word_1_374' title='bbox 2397 691 2455 747; x_wconf 90' lang='lat' dir='ltr'>in</span> <span class='ocrx_word' id='word_1_375' title='bbox 2484 709 2575 748; x_wconf 89' lang='lat' dir='ltr'>me</span> <span class='ocrx_word' id='word_1_376' title='bbox 2601 691 2855 763; x_wconf 89' lang='lat' dir='ltr'>justitia,</span> <span class='ocrx_word' id='word_1_377' title='bbox 2907 708 2999 746; x_wconf 89' lang='lat' dir='ltr'>me</span> <span class='ocrx_word' id='word_1_378' title='bbox 3032 689 3224 746; x_wconf 90' lang='lat' dir='ltr'>solum</span> <span class='ocrx_word' id='word_1_379' title='bbox 3256 694 3484 762; x_wconf 86' lang='lat' dir='ltr'>regunt,</span> <span class='ocrx_word' id='word_1_380' title='bbox 3544 692 3602 744; x_wconf 90' lang='lat' dir='ltr'>et</span> 
     </span>
    </p>
   </div>
   <div class='ocr_carea' id='block_1_53' title="bbox 1952 777 3600 847">
    <p class='ocr_par' dir='ltr' id='par_1_53' title="bbox 1952 777 3600 847">
     <span class='ocr_line' id='line_1_53' title="bbox 1952 777 3600 847; baseline -0.004 -10"><span class='ocrx_word' id='word_1_381' title='bbox 1952 781 2097 837; x_wconf 87' lang='lat' dir='ltr'>mihi</span> <span class='ocrx_word' id='word_1_382' title='bbox 2130 780 2530 847; x_wconf 82' lang='lat' dir='ltr'>dominantur,</span> <span class='ocrx_word' id='word_1_383' title='bbox 2565 783 2620 835; x_wconf 86' lang='lat' dir='ltr'>et</span> <span class='ocrx_word' id='word_1_384' title='bbox 2652 784 2789 835; x_wconf 88' lang='lat' dir='ltr'>sunt</span> <span class='ocrx_word' id='word_1_385' title='bbox 2820 778 3113 835; x_wconf 65' lang='lat' dir='ltr'>mortales.</span> <span class='ocrx_word' id='word_1_386' title='bbox 3150 777 3600 834; x_wconf 80' lang='lat' dir='ltr'>Morienteeuim</span> 
     </span>
    </p>
   </div>
   <div class='ocr_carea' id='block_1_54' title="bbox 1952 866 3601 939">
    <p class='ocr_par' dir='ltr' id='par_1_54' title="bbox 1952 866 3601 939">
     <span class='ocr_line' id='line_1_54' title="bbox 1952 866 3601 939; baseline -0.002 -14"><span class='ocrx_word' id='word_1_387' title='bbox 1952 888 2065 939; x_wconf 91' lang='lat' dir='ltr'>me,</span> <span class='ocrx_word' id='word_1_388' title='bbox 2100 870 2407 925; x_wconf 82' lang='lat' dir='ltr'>solvuntur</span> <span class='ocrx_word' id='word_1_389' title='bbox 2435 874 2489 925; x_wconf 89' lang='lat' dir='ltr'>et</span> <span class='ocrx_word' id='word_1_390' title='bbox 2522 870 2851 924; x_wconf 74' lang='lat' dir='ltr'>moriuntur</span> <span class='ocrx_word' id='word_1_391' title='bbox 2881 868 3055 924; x_wconf 81' lang='lat' dir='ltr'>etiam</span> <span class='ocrx_word' id='word_1_392' title='bbox 3081 866 3198 923; x_wconf 91' lang='lat' dir='ltr'>illa.</span> <span class='ocrx_word' id='word_1_393' title='bbox 3232 867 3365 930; x_wconf 75' lang='lat' dir='ltr'>Qua:</span> <span class='ocrx_word' id='word_1_394' title='bbox 3406 871 3601 923; x_wconf 89' lang='lat' dir='ltr'>autem</span> 
     </span>
    </p>
   </div>
   <div class='ocr_carea' id='block_1_55' title="bbox 1951 954 3603 1032">
    <p class='ocr_par' dir='ltr' id='par_1_55' title="bbox 1951 954 3603 1032">
     <span class='ocr_line' id='line_1_55' title="bbox 1951 954 3603 1032; baseline -0.001 -19"><span class='ocrx_word' id='word_1_395' title='bbox 1951 959 2263 1031; x_wconf 88' lang='lat' dir='ltr'>prudentia</span> <span class='ocrx_word' id='word_1_396' title='bbox 2285 957 2633 1032; x_wconf 85' lang='lat' dir='ltr'>generaliter</span> <span class='ocrx_word' id='word_1_397' title='bbox 2654 958 2887 1025; x_wconf 89' lang='lat' dir='ltr'>dicitur,</span> <span class='ocrx_word' id='word_1_398' title='bbox 2921 974 3047 1028; x_wconf 78' lang='lat' dir='ltr'>quae</span> <span class='ocrx_word' id='word_1_399' title='bbox 3080 954 3444 1025; x_wconf 84' lang='lat' dir='ltr'>castimonia,</span> <span class='ocrx_word' id='word_1_400' title='bbox 3477 972 3603 1027; x_wconf 67' lang='lat' dir='ltr'>qum</span> 
     </span>
    </p>
   </div>
   <div class='ocr_carea' id='block_1_56' title="bbox 1954 1043 3601 1119">
    <p class='ocr_par' dir='ltr' id='par_1_56' title="bbox 1954 1043 3601 1119">
     <span class='ocr_line' id='line_1_56' title="bbox 1954 1043 3601 1119; baseline -0.002 -17"><span class='ocrx_word' id='word_1_401' title='bbox 1954 1047 2253 1115; x_wconf 75' lang='lat' dir='ltr'>fortitudo,</span> <span class='ocrx_word' id='word_1_402' title='bbox 2287 1052 2621 1119; x_wconf 68' lang='lat' dir='ltr'>creterzeque</span> <span class='ocrx_word' id='word_1_403' title='bbox 2644 1047 2885 1102; x_wconf 89' lang='lat' dir='ltr'>virtutes</span> <span class='ocrx_word' id='word_1_404' title='bbox 2907 1043 3279 1118; x_wconf 84' lang='lat' dir='ltr'>principales,</span> <span class='ocrx_word' id='word_1_405' title='bbox 3304 1044 3405 1100; x_wconf 87' lang='lat' dir='ltr'>sed</span> <span class='ocrx_word' id='word_1_406' title='bbox 3429 1060 3601 1116; x_wconf 86' lang='lat' dir='ltr'>gene-</span> 
     </span>
    </p>
   </div>
   <div class='ocr_carea' id='block_1_57' title="bbox 1953 1132 3600 1208">
    <p class='ocr_par' dir='ltr' id='par_1_57' title="bbox 1953 1132 3600 1208">
     <span class='ocr_line' id='line_1_57' title="bbox 1953 1132 3600 1208; baseline -0.001 -19"><span class='ocrx_word' id='word_1_407' title='bbox 1953 1132 2151 1191; x_wconf 82' lang='lat' dir='ltr'>raliter</span> <span class='ocrx_word' id='word_1_408' title='bbox 2182 1135 2554 1208; x_wconf 87' lang='lat' dir='ltr'>principales,</span> <span class='ocrx_word' id='word_1_409' title='bbox 2588 1140 2645 1191; x_wconf 89' lang='lat' dir='ltr'>et</span> <span class='ocrx_word' id='word_1_410' title='bbox 2674 1135 2885 1207; x_wconf 67' lang='lat' dir='ltr'>regina:</span> <span class='ocrx_word' id='word_1_411' title='bbox 2918 1134 3183 1207; x_wconf 66' lang='lat' dir='ltr'>quasdam</span> <span class='ocrx_word' id='word_1_412' title='bbox 3217 1132 3600 1200; x_wconf 83' lang='lat' dir='ltr'>immortales,</span> 
     </span>
    </p>
   </div>
   <div class='ocr_carea' id='block_1_58' title="bbox 1952 1220 3606 1298">
    <p class='ocr_par' dir='ltr' id='par_1_58' title="bbox 1952 1220 3606 1298">
     <span class='ocr_line' id='line_1_58' title="bbox 1952 1220 3606 1298; baseline -0.002 -20"><span class='ocrx_word' id='word_1_413' title='bbox 1952 1224 2011 1279; x_wconf 90' lang='lat' dir='ltr'>in</span> <span class='ocrx_word' id='word_1_414' title='bbox 2044 1224 2136 1280; x_wconf 81' lang='lat' dir='ltr'>bis</span> <span class='ocrx_word' id='word_1_415' title='bbox 2168 1229 2421 1298; x_wconf 86' lang='lat' dir='ltr'>potestas</span> <span class='ocrx_word' id='word_1_416' title='bbox 2439 1230 2548 1293; x_wconf 91' lang='lat' dir='ltr'>est,</span> <span class='ocrx_word' id='word_1_417' title='bbox 2572 1222 2901 1281; x_wconf 87' lang='lat' dir='ltr'>immortale</span> <span class='ocrx_word' id='word_1_418' title='bbox 2923 1222 3066 1279; x_wconf 85' lang='lat' dir='ltr'>illud</span> <span class='ocrx_word' id='word_1_419' title='bbox 3086 1221 3428 1295; x_wconf 89' lang='lat' dir='ltr'>principale,</span> <span class='ocrx_word' id='word_1_420' title='bbox 3451 1220 3606 1276; x_wconf 90' lang='lat' dir='ltr'>sicut</span> 
     </span>
    </p>
   </div>
   <div class='ocr_carea' id='block_1_59' title="bbox 1955 1310 3603 1385">
    <p class='ocr_par' dir='ltr' id='par_1_59' title="bbox 1955 1310 3603 1385">
     <span class='ocr_line' id='line_1_59' title="bbox 1955 1310 3603 1385; baseline -0.002 -18"><span class='ocrx_word' id='word_1_421' title='bbox 1955 1316 2045 1367; x_wconf 87' lang='lat' dir='ltr'>est</span> <span class='ocrx_word' id='word_1_422' title='bbox 2076 1313 2275 1385; x_wconf 84' lang='lat' dir='ltr'>regina</span> <span class='ocrx_word' id='word_1_423' title='bbox 2297 1313 2552 1369; x_wconf 84' lang='lat' dir='ltr'>Ecclesia</span> <span class='ocrx_word' id='word_1_424' title='bbox 2573 1331 2701 1385; x_wconf 71' lang='lat' dir='ltr'>qua:</span> <span class='ocrx_word' id='word_1_425' title='bbox 2723 1330 2835 1369; x_wconf 88' lang='lat' dir='ltr'>non</span> <span class='ocrx_word' id='word_1_426' title='bbox 2863 1330 2955 1368; x_wconf 90' lang='lat' dir='ltr'>me</span> <span class='ocrx_word' id='word_1_427' title='bbox 2979 1329 3184 1379; x_wconf 91' lang='lat' dir='ltr'>unum,</span> <span class='ocrx_word' id='word_1_428' title='bbox 3208 1312 3307 1367; x_wconf 90' lang='lat' dir='ltr'>sed</span> <span class='ocrx_word' id='word_1_429' title='bbox 3332 1310 3603 1366; x_wconf 90' lang='lat' dir='ltr'>univeros</span> 
     </span>
    </p>
   </div>
   <div class='ocr_carea' id='block_1_60' title="bbox 1957 1400 3601 1476">
    <p class='ocr_par' dir='ltr' id='par_1_60' title="bbox 1957 1400 3601 1476">
     <span class='ocr_line' id='line_1_60' title="bbox 1957 1400 3601 1476; baseline -0.001 -19"><span class='ocrx_word' id='word_1_430' title='bbox 1957 1408 2138 1476; x_wconf 86' lang='lat' dir='ltr'>regat.</span> <span class='ocrx_word' id='word_1_431' title='bbox 2170 1402 2315 1475; x_wconf 78' lang='lat' dir='ltr'>Ergo</span> <span class='ocrx_word' id='word_1_432' title='bbox 2348 1401 2597 1474; x_wconf 87' lang='lat' dir='ltr'>speciem</span> <span class='ocrx_word' id='word_1_433' title='bbox 2634 1402 2690 1457; x_wconf 88' lang='lat' dir='ltr'>in</span> <span class='ocrx_word' id='word_1_434' title='bbox 2723 1419 2931 1475; x_wconf 83' lang='lat' dir='ltr'>genus,</span> <span class='ocrx_word' id='word_1_435' title='bbox 2972 1406 3197 1474; x_wconf 85' lang='lat' dir='ltr'>partem</span> <span class='ocrx_word' id='word_1_436' title='bbox 3256 1400 3317 1456; x_wconf 90' lang='lat' dir='ltr'>in</span> <span class='ocrx_word' id='word_1_437' title='bbox 3374 1400 3601 1455; x_wconf 88' lang='lat' dir='ltr'>univer-</span> 
     </span>
    </p>
   </div>
   <div class='ocr_carea' id='block_1_61' title="bbox 1955 1486 3602 1563">
    <p class='ocr_par' dir='ltr' id='par_1_61' title="bbox 1955 1486 3602 1563">
     <span class='ocr_line' id='line_1_61' title="bbox 1955 1486 3602 1563; baseline -0.001 -18"><span class='ocrx_word' id='word_1_438' title='bbox 1955 1490 2209 1559; x_wconf 87' lang='lat' dir='ltr'>sitatem,</span> <span class='ocrx_word' id='word_1_439' title='bbox 2257 1490 2802 1563; x_wconf 85' lang='lat' dir='ltr'>corruptibilitatem</span> <span class='ocrx_word' id='word_1_440' title='bbox 2878 1492 2937 1545; x_wconf 90' lang='lat' dir='ltr'>in</span> <span class='ocrx_word' id='word_1_441' title='bbox 2993 1486 3602 1561; x_wconf 83' lang='lat' dir='ltr'>incorruptibilitatem</span> 
     </span>
    </p>
   </div>
   <div class='ocr_carea' id='block_1_62' title="bbox 1955 1577 3603 1650">
    <p class='ocr_par' dir='ltr' id='par_1_62' title="bbox 1955 1577 3603 1650">
     <span class='ocr_line' id='line_1_62' title="bbox 1955 1577 3603 1650; baseline -0.001 -16"><span class='ocrx_word' id='word_1_442' title='bbox 1955 1596 2294 1636; x_wconf 81' lang='lat' dir='ltr'>conversam</span> <span class='ocrx_word' id='word_1_443' title='bbox 2325 1579 2622 1635; x_wconf 88' lang='lat' dir='ltr'>videmus:</span> <span class='ocrx_word' id='word_1_444' title='bbox 2655 1597 2777 1650; x_wconf 70' lang='lat' dir='ltr'>quae</span> <span class='ocrx_word' id='word_1_445' title='bbox 2816 1578 3016 1635; x_wconf 88' lang='lat' dir='ltr'>omnia</span> <span class='ocrx_word' id='word_1_446' title='bbox 3068 1577 3333 1634; x_wconf 75' lang='lat' dir='ltr'>Ecclesia:</span> <span class='ocrx_word' id='word_1_447' title='bbox 3394 1593 3603 1633; x_wconf 81' lang='lat' dir='ltr'>conve-</span> 
     </span>
    </p>
   </div>
   <div class='ocr_carea' id='block_1_63' title="bbox 1956 1666 3601 1740">
    <p class='ocr_par' dir='ltr' id='par_1_63' title="bbox 1956 1666 3601 1740">
     <span class='ocr_line' id='line_1_63' title="bbox 1956 1666 3601 1740; baseline 0 -18"><span class='ocrx_word' id='word_1_448' title='bbox 1956 1667 2080 1723; x_wconf 91' lang='lat' dir='ltr'>nire</span> <span class='ocrx_word' id='word_1_449' title='bbox 2113 1675 2336 1723; x_wconf 86' lang='lat' dir='ltr'>certum</span> <span class='ocrx_word' id='word_1_450' title='bbox 2366 1674 2473 1724; x_wconf 88' lang='lat' dir='ltr'>est.</span> <span class='ocrx_word' id='word_1_451' title='bbox 2516 1668 2639 1723; x_wconf 89' lang='lat' dir='ltr'>Non</span> <span class='ocrx_word' id='word_1_452' title='bbox 2672 1667 2824 1724; x_wconf 89' lang='lat' dir='ltr'>enim</span> <span class='ocrx_word' id='word_1_453' title='bbox 2849 1666 3121 1740; x_wconf 90' lang='lat' dir='ltr'>specialis</span> <span class='ocrx_word' id='word_1_454' title='bbox 3152 1666 3293 1735; x_wconf 71' lang='lat' dir='ltr'>haec,</span> <span class='ocrx_word' id='word_1_455' title='bbox 3353 1667 3453 1722; x_wconf 90' lang='lat' dir='ltr'>sed</span> <span class='ocrx_word' id='word_1_456' title='bbox 3504 1683 3601 1740; x_wconf 86' lang='lat' dir='ltr'>ge-</span> 
     </span>
    </p>
   </div>
   <div class='ocr_carea' id='block_1_64' title="bbox 1956 1744 3598 1829">
    <p class='ocr_par' dir='ltr' id='par_1_64' title="bbox 1956 1744 3598 1829">
     <span class='ocr_line' id='line_1_64' title="bbox 1956 1744 3598 1829; baseline -0.001 -17"><span class='ocrx_word' id='word_1_457' title='bbox 1956 1756 2170 1813; x_wconf 82' lang='lat' dir='ltr'>neralis</span> <span class='ocrx_word' id='word_1_458' title='bbox 2202 1757 2347 1813; x_wconf 89' lang='lat' dir='ltr'>ratio</span> <span class='ocrx_word' id='word_1_459' title='bbox 2379 1762 2487 1825; x_wconf 89' lang='lat' dir='ltr'>est,</span> <span class='ocrx_word' id='word_1_460' title='bbox 2521 1773 2625 1813; x_wconf 90' lang='lat' dir='ltr'>nec</span> <span class='ocrx_word' id='word_1_461' title='bbox 2656 1756 2837 1829; x_wconf 87' lang='lat' dir='ltr'>partis</span> <span class='ocrx_word' id='word_1_462' title='bbox 2868 1756 2969 1811; x_wconf 87' lang='lat' dir='ltr'>sed</span> <span class='ocrx_word' id='word_1_463' title='bbox 2994 1744 3391 1811; x_wconf 83' lang='lat' dir='ltr'>universitatis</span> <span class='ocrx_word' id='word_1_464' title='bbox 3419 1753 3598 1811; x_wconf 87' lang='lat' dir='ltr'>salus.</span> 
     </span>
    </p>
   </div>
   <div class='ocr_carea' id='block_1_65' title="bbox 1958 1845 3602 1918">
    <p class='ocr_par' dir='ltr' id='par_1_65' title="bbox 1958 1845 3602 1918">
     <span class='ocr_line' id='line_1_65' title="bbox 1958 1845 3602 1918; baseline 0 -18"><span class='ocrx_word' id='word_1_465' title='bbox 1958 1845 2205 1918; x_wconf 87' lang='lat' dir='ltr'>Ideoque</span> <span class='ocrx_word' id='word_1_466' title='bbox 2280 1845 2371 1901; x_wconf 91' lang='lat' dir='ltr'>bis</span> <span class='ocrx_word' id='word_1_467' title='bbox 2419 1846 2881 1918; x_wconf 76' lang='lat' dir='ltr'>praecedentibus</span> <span class='ocrx_word' id='word_1_468' title='bbox 2931 1861 3063 1900; x_wconf 91' lang='lat' dir='ltr'>cum</span> <span class='ocrx_word' id='word_1_469' title='bbox 3120 1859 3602 1915; x_wconf 85' lang='lat' dir='ltr'>unumquemque</span> 
     </span>
    </p>
   </div>
   <div class='ocr_carea' id='block_1_66' title="bbox 1955 1931 3599 2007">
    <p class='ocr_par' dir='ltr' id='par_1_66' title="bbox 1955 1931 3599 2007">
     <span class='ocr_line' id='line_1_66' title="bbox 1955 1931 3599 2007; baseline -0.001 -19"><span class='ocrx_word' id='word_1_470' title='bbox 1955 1934 2265 2006; x_wconf 87' lang='lat' dir='ltr'>prudentia</span> <span class='ocrx_word' id='word_1_471' title='bbox 2296 1951 2404 1990; x_wconf 89' lang='lat' dir='ltr'>sua</span> <span class='ocrx_word' id='word_1_472' title='bbox 2441 1935 2512 1989; x_wconf 91' lang='lat' dir='ltr'>ad</span> <span class='ocrx_word' id='word_1_473' title='bbox 2572 1935 2721 1990; x_wconf 87' lang='lat' dir='ltr'>hanc</span> <span class='ocrx_word' id='word_1_474' title='bbox 2780 1931 3161 2007; x_wconf 88' lang='lat' dir='ltr'>principalem</span> <span class='ocrx_word' id='word_1_475' title='bbox 3212 1937 3269 1988; x_wconf 89' lang='lat' dir='ltr'>et</span> <span class='ocrx_word' id='word_1_476' title='bbox 3326 1931 3599 1987; x_wconf 79' lang='lat' dir='ltr'>diﬁ‘usam</span> 
     </span>
    </p>
   </div>
   <div class='ocr_carea' id='block_1_67' title="bbox 1954 2020 3600 2094">
    <p class='ocr_par' dir='ltr' id='par_1_67' title="bbox 1954 2020 3600 2094">
     <span class='ocr_line' id='line_1_67' title="bbox 1954 2020 3600 2094; baseline -0.001 -17"><span class='ocrx_word' id='word_1_477' title='bbox 1954 2039 2056 2094; x_wconf 87' lang='lat' dir='ltr'>per</span> <span class='ocrx_word' id='word_1_478' title='bbox 2087 2039 2290 2079; x_wconf 90' lang='lat' dir='ltr'>omnes</span> <span class='ocrx_word' id='word_1_479' title='bbox 2320 2022 2569 2080; x_wconf 88' lang='lat' dir='ltr'>salutem</span> <span class='ocrx_word' id='word_1_480' title='bbox 2599 2024 2920 2090; x_wconf 85' lang='lat' dir='ltr'>deduxerit,</span> <span class='ocrx_word' id='word_1_481' title='bbox 2955 2023 3015 2077; x_wconf 89' lang='lat' dir='ltr'>in</span> <span class='ocrx_word' id='word_1_482' title='bbox 3055 2039 3173 2094; x_wconf 86' lang='lat' dir='ltr'>qua</span> <span class='ocrx_word' id='word_1_483' title='bbox 3208 2023 3336 2077; x_wconf 87' lang='lat' dir='ltr'>fons</span> <span class='ocrx_word' id='word_1_484' title='bbox 3366 2020 3600 2093; x_wconf 90' lang='lat' dir='ltr'>sapien—</span> 
     </span>
    </p>
   </div>
   <div class='ocr_carea' id='block_1_68' title="bbox 1953 2108 3601 2185">
    <p class='ocr_par' dir='ltr' id='par_1_68' title="bbox 1953 2108 3601 2185">
     <span class='ocr_line' id='line_1_68' title="bbox 1953 2108 3601 2185; baseline 0 -19"><span class='ocrx_word' id='word_1_485' title='bbox 1953 2112 2426 2184; x_wconf 70' lang='lat' dir='ltr'>titejustitizeque</span> <span class='ocrx_word' id='word_1_486' title='bbox 2470 2118 2579 2180; x_wconf 89' lang='lat' dir='ltr'>cst,</span> <span class='ocrx_word' id='word_1_487' title='bbox 2640 2113 2960 2185; x_wconf 84' lang='lat' dir='ltr'>requiritur</span> <span class='ocrx_word' id='word_1_488' title='bbox 3015 2111 3330 2184; x_wconf 87' lang='lat' dir='ltr'>generatio,</span> <span class='ocrx_word' id='word_1_489' title='bbox 3391 2116 3448 2166; x_wconf 89' lang='lat' dir='ltr'>et</span> <span class='ocrx_word' id='word_1_490' title='bbox 3503 2108 3601 2166; x_wconf 87' lang='lat' dir='ltr'>ille</span> 
     </span>
    </p>
   </div>
   <div class='ocr_carea' id='block_1_69' title="bbox 1954 2198 3596 2273">
    <p class='ocr_par' dir='ltr' id='par_1_69' title="bbox 1954 2198 3596 2273">
     <span class='ocr_line' id='line_1_69' title="bbox 1954 2198 3596 2273; baseline -0.001 -18"><span class='ocrx_word' id='word_1_491' title='bbox 1954 2200 2217 2272; x_wconf 68' lang='lat' dir='ltr'>perfecta:</span> <span class='ocrx_word' id='word_1_492' title='bbox 2239 2200 2864 2273; x_wconf 88' lang='lat' dir='ltr'>partusjucunditatis,</span> <span class='ocrx_word' id='word_1_493' title='bbox 2889 2201 3059 2273; x_wconf 81' lang='lat' dir='ltr'>cujus</span> <span class='ocrx_word' id='word_1_494' title='bbox 3080 2216 3292 2255; x_wconf 89' lang='lat' dir='ltr'>nomen</span> <span class='ocrx_word' id='word_1_495' title='bbox 3306 2203 3394 2255; x_wconf 90' lang='lat' dir='ltr'>est</span> <span class='ocrx_word' id='word_1_496' title='bbox 3416 2198 3596 2256; x_wconf 86' lang='lat' dir='ltr'>Isaac.</span> 
     </span>
    </p>
   </div>
   <div class='ocr_carea' id='block_1_70' title="bbox 1953 2288 3598 2362">
    <p class='ocr_par' dir='ltr' id='par_1_70' title="bbox 1953 2288 3598 2362">
     <span class='ocr_line' id='line_1_70' title="bbox 1953 2288 3598 2362; baseline 0 -19"><span class='ocrx_word' id='word_1_497' title='bbox 1953 2288 2125 2343; x_wconf 88' lang='lat' dir='ltr'>Nulla</span> <span class='ocrx_word' id='word_1_498' title='bbox 2146 2290 2301 2344; x_wconf 89' lang='lat' dir='ltr'>enim</span> <span class='ocrx_word' id='word_1_499' title='bbox 2334 2289 2657 2346; x_wconf 88' lang='lat' dir='ltr'>meliorest</span> <span class='ocrx_word' id='word_1_500' title='bbox 2704 2289 2990 2361; x_wconf 90' lang='lat' dir='ltr'>voluptas,</span> <span class='ocrx_word' id='word_1_501' title='bbox 3046 2306 3223 2362; x_wconf 88' lang='lat' dir='ltr'>quam</span> <span class='ocrx_word' id='word_1_502' title='bbox 3277 2288 3598 2345; x_wconf 73' lang='lat' dir='ltr'>emendata:</span> 
     </span>
    </p>
   </div>
   <div class='ocr_carea' id='block_1_71' title="bbox 1952 2377 3597 2450">
    <p class='ocr_par' dir='ltr' id='par_1_71' title="bbox 1952 2377 3597 2450">
     <span class='ocr_line' id='line_1_71' title="bbox 1952 2377 3597 2450; baseline 0.001 -19"><span class='ocrx_word' id='word_1_503' title='bbox 1952 2377 2139 2449; x_wconf 88' lang='lat' dir='ltr'>gratia</span> <span class='ocrx_word' id='word_1_504' title='bbox 2170 2377 2557 2434; x_wconf 62' lang='lat' dir='ltr'>conscientiae.</span> <span class='ocrx_word' id='word_1_505' title='bbox 2590 2378 2735 2432; x_wconf 83' lang='lat' dir='ltr'>llinc</span> <span class='ocrx_word' id='word_1_506' title='bbox 2764 2377 3034 2450; x_wconf 76' lang='lat' dir='ltr'>Epicurei</span> <span class='ocrx_word' id='word_1_507' title='bbox 3079 2382 3379 2434; x_wconf 82' lang='lat' dir='ltr'>traxerunt</span> <span class='ocrx_word' id='word_1_508' title='bbox 3434 2394 3597 2434; x_wconf 90' lang='lat' dir='ltr'>sum-</span> 
     </span>
    </p>
   </div>
   <div class='ocr_carea' id='block_1_72' title="bbox 1952 2466 3598 2539">
    <p class='ocr_par' dir='ltr' id='par_1_72' title="bbox 1952 2466 3598 2539">
     <span class='ocr_line' id='line_1_72' title="bbox 1952 2466 3598 2539; baseline 0.001 -19"><span class='ocrx_word' id='word_1_509' title='bbox 1952 2482 2115 2521; x_wconf 88' lang='lat' dir='ltr'>mum</span> <span class='ocrx_word' id='word_1_510' title='bbox 2147 2467 2366 2521; x_wconf 89' lang='lat' dir='ltr'>bonum</span> <span class='ocrx_word' id='word_1_511' title='bbox 2400 2466 2756 2538; x_wconf 87' lang='lat' dir='ltr'>voluptatem</span> <span class='ocrx_word' id='word_1_512' title='bbox 2809 2483 2956 2533; x_wconf 89' lang='lat' dir='ltr'>esse,</span> <span class='ocrx_word' id='word_1_513' title='bbox 3016 2466 3118 2521; x_wconf 84' lang='lat' dir='ltr'>sed</span> <span class='ocrx_word' id='word_1_514' title='bbox 3158 2482 3285 2521; x_wconf 89' lang='lat' dir='ltr'>eam</span> <span class='ocrx_word' id='word_1_515' title='bbox 3338 2466 3598 2539; x_wconf 91' lang='lat' dir='ltr'>corporis</span> 
     </span>
    </p>
   </div>
   <div class='ocr_carea' id='block_1_73' title="bbox 1952 2554 3595 2627">
    <p class='ocr_par' dir='ltr' id='par_1_73' title="bbox 1952 2554 3595 2627">
     <span class='ocr_line' id='line_1_73' title="bbox 1952 2554 3595 2627; baseline 0.002 -18"><span class='ocrx_word' id='word_1_516' title='bbox 1952 2554 2139 2627; x_wconf 85' lang='lat' dir='ltr'>magis</span> <span class='ocrx_word' id='word_1_517' title='bbox 2172 2555 2635 2626; x_wconf 80' lang='lat' dir='ltr'>inquinamento,</span> <span class='ocrx_word' id='word_1_518' title='bbox 2660 2572 2836 2626; x_wconf 89' lang='lat' dir='ltr'>quam</span> <span class='ocrx_word' id='word_1_519' title='bbox 2857 2555 3166 2610; x_wconf 77' lang='lat' dir='ltr'>sobrietate</span> <span class='ocrx_word' id='word_1_520' title='bbox 3198 2556 3414 2612; x_wconf 87' lang='lat' dir='ltr'>mentis</span> <span class='ocrx_word' id='word_1_521' title='bbox 3444 2556 3595 2612; x_wconf 69' lang='lat' dir='ltr'>testi-</span> 
     </span>
    </p>
   </div>
   <div class='ocr_carea' id='block_1_74' title="bbox 1948 2650 2272 2700">
    <p class='ocr_par' dir='ltr' id='par_1_74' title="bbox 1948 2650 2272 2700">
     <span class='ocr_line' id='line_1_74' title="bbox 1948 2650 2272 2700; baseline 0 -1"><span class='ocrx_word' id='word_1_522' title='bbox 1948 2650 2272 2700; x_wconf 77' lang='lat' dir='ltr'>moverunt.</span> 
     </span>
    </p>
   </div>
   <div class='ocr_carea' id='block_1_75' title="bbox 2018 2732 3594 2805">
    <p class='ocr_par' dir='ltr' id='par_1_75' title="bbox 2018 2732 3594 2805">
     <span class='ocr_line' id='line_1_75' title="bbox 2018 2732 3594 2805; baseline 0 -17"><span class='ocrx_word' id='word_1_523' title='bbox 2018 2735 2106 2788; x_wconf 77' lang='lat'>86.</span> <span class='ocrx_word' id='word_1_524' title='bbox 2140 2733 2285 2797; x_wconf 87' lang='lat' dir='ltr'>Quid</span> <span class='ocrx_word' id='word_1_525' title='bbox 2318 2736 2404 2787; x_wconf 78' lang='lat' dir='ltr'>est</span> <span class='ocrx_word' id='word_1_526' title='bbox 2432 2738 2625 2787; x_wconf 86' lang='lat' dir='ltr'>autem</span> <span class='ocrx_word' id='word_1_527' title='bbox 2663 2733 2816 2804; x_wconf 80' lang='lat' dir='ltr'>quod</span> <span class='ocrx_word' id='word_1_528' title='bbox 2850 2732 2928 2787; x_wconf 89' lang='lat' dir='ltr'>ait</span> <span class='ocrx_word' id='word_1_529' title='bbox 2957 2748 2968 2785; x_wconf 89' lang='lat'>:</span> <span class='ocrx_word' id='word_1_530' title='bbox 3002 2734 3063 2786; x_wconf 84' lang='lat' dir='ltr'>Et</span> <span class='ocrx_word' id='word_1_531' title='bbox 3092 2732 3289 2788; x_wconf 79' lang='lat' dir='ltr'>cecidit</span> <span class='ocrx_word' id='word_1_532' title='bbox 3316 2734 3373 2787; x_wconf 86' lang='lat' dir='ltr'>in</span> <span class='ocrx_word' id='word_1_533' title='bbox 3392 2735 3594 2805; x_wconf 81' lang='lat' dir='ltr'>faciem</span> 
     </span>
    </p>
   </div>
   <div class='ocr_carea' id='block_1_76' title="bbox 1947 2820 3594 2893">
    <p class='ocr_par' dir='ltr' id='par_1_76' title="bbox 1947 2820 3594 2893">
     <span class='ocr_line' id='line_1_76' title="bbox 1947 2820 3594 2893; baseline 0 -16"><span class='ocrx_word' id='word_1_534' title='bbox 1947 2822 2220 2877; x_wconf 82' lang='lat' dir='ltr'>Abraham</span> <span class='ocrx_word' id='word_1_535' title='bbox 2250 2829 2299 2877; x_wconf 86' lang='lat' dir='ltr'>et</span> <span class='ocrx_word' id='word_1_536' title='bbox 2331 2822 2455 2876; x_wconf 78' lang='lat' dir='ltr'>ris-it</span> <span class='ocrx_word' id='word_1_537' title='bbox 2487 2822 2636 2893; x_wconf 81' lang='lat' dir='ltr'>(Gen.</span> <span class='ocrx_word' id='word_1_538' title='bbox 2670 2838 2806 2888; x_wconf 82' lang='lat' dir='ltr'>xvu,</span> <span class='ocrx_word' id='word_1_539' title='bbox 2842 2820 2929 2891; x_wconf 77' lang='lat' dir='ltr'>l7)</span> <span class='ocrx_word' id='word_1_540' title='bbox 2951 2821 2976 2875; x_wconf 84' lang='lat'><strong>?</strong></span> <span class='ocrx_word' id='word_1_541' title='bbox 3002 2821 3071 2876; x_wconf 86' lang='lat' dir='ltr'>Et</span> <span class='ocrx_word' id='word_1_542' title='bbox 3118 2820 3214 2877; x_wconf 88' lang='lat' dir='ltr'>hic</span> <span class='ocrx_word' id='word_1_543' title='bbox 3272 2822 3594 2879; x_wconf 87' lang='lat' dir='ltr'>reverentia</span> 
     </span>
    </p>
   </div>
   <div class='ocr_carea' id='block_1_77' title="bbox 1947 2909 3592 2983">
    <p class='ocr_par' dir='ltr' id='par_1_77' title="bbox 1947 2909 3592 2983">
     <span class='ocr_line' id='line_1_77' title="bbox 1947 2909 3592 2983; baseline 0.001 -16"><span class='ocrx_word' id='word_1_544' title='bbox 1947 2910 2330 2983; x_wconf 87' lang='lat' dir='ltr'>signiﬁcatur,</span> <span class='ocrx_word' id='word_1_545' title='bbox 2365 2911 2517 2982; x_wconf 88' lang='lat' dir='ltr'>quod</span> <span class='ocrx_word' id='word_1_546' title='bbox 2556 2909 2751 2965; x_wconf 86' lang='lat' dir='ltr'>timuit</span> <span class='ocrx_word' id='word_1_547' title='bbox 2809 2910 2990 2965; x_wconf 83' lang='lat' dir='ltr'>Deum</span> <span class='ocrx_word' id='word_1_548' title='bbox 3023 2910 3178 2966; x_wconf 83' lang='lat' dir='ltr'>velut</span> <span class='ocrx_word' id='word_1_549' title='bbox 3231 2910 3412 2968; x_wconf 89' lang='lat' dir='ltr'>libero</span> <span class='ocrx_word' id='word_1_550' title='bbox 3470 2912 3592 2968; x_wconf 88' lang='lat' dir='ltr'>risu</span> 
     </span>
    </p>
   </div>
   <div class='ocr_carea' id='block_1_78' title="bbox 1944 2998 3595 3073">
    <p class='ocr_par' dir='ltr' id='par_1_78' title="bbox 1944 2998 3595 3073">
     <span class='ocr_line' id='line_1_78' title="bbox 1944 2998 3595 3073; baseline 0.001 -19"><span class='ocrx_word' id='word_1_551' title='bbox 1944 2999 2170 3067; x_wconf 69' lang='lat' dir='ltr'>laedere,</span> <span class='ocrx_word' id='word_1_552' title='bbox 2196 3000 2465 3071; x_wconf 85' lang='lat' dir='ltr'>quamvis</span> <span class='ocrx_word' id='word_1_553' title='bbox 2492 2999 2644 3055; x_wconf 89' lang='lat' dir='ltr'>risus</span> <span class='ocrx_word' id='word_1_554' title='bbox 2667 2998 2924 3055; x_wconf 78' lang='lat' dir='ltr'>laetitiam</span> <span class='ocrx_word' id='word_1_555' title='bbox 2955 2999 3274 3055; x_wconf 90' lang='lat' dir='ltr'>declararet</span> <span class='ocrx_word' id='word_1_556' title='bbox 3303 3001 3409 3056; x_wconf 90' lang='lat' dir='ltr'>viri</span> <span class='ocrx_word' id='word_1_557' title='bbox 3442 3000 3595 3073; x_wconf 87' lang='lat' dir='ltr'>justi</span> 
     </span>
    </p>
   </div>
   <div class='ocr_carea' id='block_1_79' title="bbox 1949 3088 3591 3161">
    <p class='ocr_par' dir='ltr' id='par_1_79' title="bbox 1949 3088 3591 3161">
     <span class='ocr_line' id='line_1_79' title="bbox 1949 3088 3591 3161; baseline 0.001 -17"><span class='ocrx_word' id='word_1_558' title='bbox 1949 3090 2049 3160; x_wconf 92' lang='lat' dir='ltr'>qui</span> <span class='ocrx_word' id='word_1_559' title='bbox 2082 3088 2262 3143; x_wconf 88' lang='lat' dir='ltr'>tantis</span> <span class='ocrx_word' id='word_1_560' title='bbox 2294 3088 2700 3161; x_wconf 88' lang='lat' dir='ltr'>gratulabatur</span> <span class='ocrx_word' id='word_1_561' title='bbox 2751 3089 3077 3159; x_wconf 86' lang='lat' dir='ltr'>promissis.</span> <span class='ocrx_word' id='word_1_562' title='bbox 3107 3088 3231 3144; x_wconf 84' lang='lat' dir='ltr'>Non</span> <span class='ocrx_word' id='word_1_563' title='bbox 3279 3091 3435 3146; x_wconf 89' lang='lat' dir='ltr'>enim</span> <span class='ocrx_word' id='word_1_564' title='bbox 3487 3090 3591 3146; x_wconf 89' lang='lat' dir='ltr'>du-</span> 
     </span>
    </p>
   </div>
   <div class='ocr_carea' id='block_1_80' title="bbox 1956 3177 3599 3252">
    <p class='ocr_par' dir='ltr' id='par_1_80' title="bbox 1956 3177 3599 3252">
     <span class='ocr_line' id='line_1_80' title="bbox 1956 3177 3599 3252; baseline 0.003 -21"><span class='ocrx_word' id='word_1_565' title='bbox 1956 3177 2195 3233; x_wconf 88' lang='lat' dir='ltr'>bitantis</span> <span class='ocrx_word' id='word_1_566' title='bbox 2227 3177 2320 3232; x_wconf 90' lang='lat' dir='ltr'>hic</span> <span class='ocrx_word' id='word_1_567' title='bbox 2368 3177 2544 3246; x_wconf 90' lang='lat' dir='ltr'>risus,</span> <span class='ocrx_word' id='word_1_568' title='bbox 2576 3178 2676 3233; x_wconf 83' lang='lat' dir='ltr'>sed</span> <span class='ocrx_word' id='word_1_569' title='bbox 2737 3178 3026 3233; x_wconf 85' lang='lat' dir='ltr'>credentis</span> <span class='ocrx_word' id='word_1_570' title='bbox 3083 3179 3209 3234; x_wconf 85' lang='lat' dir='ltr'>fuit.</span> <span class='ocrx_word' id='word_1_571' title='bbox 3236 3180 3424 3236; x_wconf 90' lang='lat' dir='ltr'>Simul</span> <span class='ocrx_word' id='word_1_572' title='bbox 3460 3180 3599 3252; x_wconf 89' lang='lat' dir='ltr'>quia</span> 
     </span>
    </p>
   </div>
   <div class='ocr_carea' id='block_1_81' title="bbox 1950 3266 3597 3337">
    <p class='ocr_par' dir='ltr' id='par_1_81' title="bbox 1950 3266 3597 3337">
     <span class='ocr_line' id='line_1_81' title="bbox 1950 3266 3597 3337; baseline 0.002 -15"><span class='ocrx_word' id='word_1_573' title='bbox 1950 3266 2169 3322; x_wconf 88' lang='lat' dir='ltr'>cadunt</span> <span class='ocrx_word' id='word_1_574' title='bbox 2190 3272 2323 3322; x_wconf 90' lang='lat' dir='ltr'>ante</span> <span class='ocrx_word' id='word_1_575' title='bbox 2350 3272 2524 3322; x_wconf 88' lang='lat' dir='ltr'>Deum</span> <span class='ocrx_word' id='word_1_576' title='bbox 2550 3266 2766 3333; x_wconf 87' lang='lat' dir='ltr'>omnia,</span> <span class='ocrx_word' id='word_1_577' title='bbox 2796 3272 2852 3321; x_wconf 89' lang='lat' dir='ltr'>et</span> <span class='ocrx_word' id='word_1_578' title='bbox 2873 3272 3178 3323; x_wconf 90' lang='lat' dir='ltr'>mutantur</span> <span class='ocrx_word' id='word_1_579' title='bbox 3193 3273 3249 3323; x_wconf 90' lang='lat' dir='ltr'>et</span> <span class='ocrx_word' id='word_1_580' title='bbox 3270 3274 3597 3337; x_wconf 89' lang='lat' dir='ltr'>transeunt,</span> 
     </span>
    </p>
   </div>
   <div class='ocr_carea' id='block_1_82' title="bbox 1951 3354 3603 3428">
    <p class='ocr_par' dir='ltr' id='par_1_82' title="bbox 1951 3354 3603 3428">
     <span class='ocr_line' id='line_1_82' title="bbox 1951 3354 3603 3428; baseline 0.003 -18"><span class='ocrx_word' id='word_1_581' title='bbox 1951 3354 2077 3410; x_wconf 84' lang='lat' dir='ltr'>sola</span> <span class='ocrx_word' id='word_1_582' title='bbox 2120 3355 2219 3410; x_wconf 90' lang='lat' dir='ltr'>illa</span> <span class='ocrx_word' id='word_1_583' title='bbox 2252 3354 2638 3411; x_wconf 87' lang='lat' dir='ltr'>immutabilis</span> <span class='ocrx_word' id='word_1_584' title='bbox 2671 3359 2787 3411; x_wconf 87' lang='lat' dir='ltr'>stat</span> <span class='ocrx_word' id='word_1_585' title='bbox 2815 3372 3047 3428; x_wconf 85' lang='lat' dir='ltr'>semper</span> <span class='ocrx_word' id='word_1_586' title='bbox 3102 3357 3453 3415; x_wconf 87' lang='lat' dir='ltr'>substantia.</span> <span class='ocrx_word' id='word_1_587' title='bbox 3487 3361 3603 3415; x_wconf 87' lang='lat' dir='ltr'>Aut</span> 
     </span>
    </p>
   </div>
   <div class='ocr_carea' id='block_1_83' title="bbox 1955 3443 3597 3518">
    <p class='ocr_par' dir='ltr' id='par_1_83' title="bbox 1955 3443 3597 3518">
     <span class='ocr_line' id='line_1_83' title="bbox 1955 3443 3597 3518; baseline 0.005 -21"><span class='ocrx_word' id='word_1_588' title='bbox 1955 3444 2204 3499; x_wconf 80' lang='lat' dir='ltr'>fortasse</span> <span class='ocrx_word' id='word_1_589' title='bbox 2234 3453 2285 3499; x_wconf 90' lang='lat' dir='ltr'>et</span> <span class='ocrx_word' id='word_1_590' title='bbox 2332 3444 2388 3498; x_wconf 90' lang='lat' dir='ltr'>in</span> <span class='ocrx_word' id='word_1_591' title='bbox 2422 3443 2531 3498; x_wconf 87' lang='lat' dir='ltr'>hoc</span> <span class='ocrx_word' id='word_1_592' title='bbox 2563 3444 2839 3516; x_wconf 81' lang='lat' dir='ltr'>mysterio</span> <span class='ocrx_word' id='word_1_593' title='bbox 2882 3444 3247 3518; x_wconf 82' lang='lat' dir='ltr'>prophetavit</span> <span class='ocrx_word' id='word_1_594' title='bbox 3301 3448 3597 3506; x_wconf 87' lang='lat' dir='ltr'>Abraham</span> 
     </span>
    </p>
   </div>
   <div class='ocr_carea' id='block_1_84' title="bbox 1957 3531 3610 3607">
    <p class='ocr_par' dir='ltr' id='par_1_84' title="bbox 1957 3531 3610 3607">
     <span class='ocr_line' id='line_1_84' title="bbox 1957 3531 3610 3607; baseline 0.004 -20"><span class='ocrx_word' id='word_1_595' title='bbox 1957 3532 2269 3587; x_wconf 88' lang='lat' dir='ltr'>Dominum</span> <span class='ocrx_word' id='word_1_596' title='bbox 2292 3531 2514 3599; x_wconf 87' lang='lat' dir='ltr'>Jesum,</span> <span class='ocrx_word' id='word_1_597' title='bbox 2548 3534 2702 3603; x_wconf 91' lang='lat' dir='ltr'>quod</span> <span class='ocrx_word' id='word_1_598' title='bbox 2736 3550 2840 3604; x_wconf 88' lang='lat' dir='ltr'>per</span> <span class='ocrx_word' id='word_1_599' title='bbox 2866 3536 3297 3607; x_wconf 88' lang='lat' dir='ltr'>susceptionem</span> <span class='ocrx_word' id='word_1_600' title='bbox 3329 3538 3610 3595; x_wconf 89' lang='lat' dir='ltr'>dominici</span> 
     </span>
    </p>
   </div>
   <div class='ocr_carea' id='block_1_85' title="bbox 1957 3619 3615 3696">
    <p class='ocr_par' dir='ltr' id='par_1_85' title="bbox 1957 3619 3615 3696">
     <span class='ocr_line' id='line_1_85' title="bbox 1957 3619 3615 3696; baseline 0.004 -21"><span class='ocrx_word' id='word_1_601' title='bbox 1957 3619 2214 3691; x_wconf 87' lang='lat' dir='ltr'>corporis</span> <span class='ocrx_word' id='word_1_602' title='bbox 2245 3625 2300 3674; x_wconf 92' lang='lat' dir='ltr'>et</span> <span class='ocrx_word' id='word_1_603' title='bbox 2330 3620 2812 3676; x_wconf 86' lang='lat' dir='ltr'>resurrectionem</span> <span class='ocrx_word' id='word_1_604' title='bbox 2838 3622 2984 3676; x_wconf 88' lang='lat' dir='ltr'>tanti</span> <span class='ocrx_word' id='word_1_605' title='bbox 3014 3624 3361 3696; x_wconf 88' lang='lat' dir='ltr'>complenda</span> <span class='ocrx_word' id='word_1_606' title='bbox 3390 3627 3615 3683; x_wconf 89' lang='lat' dir='ltr'>oraculi</span> 
     </span>
    </p>
   </div>
   <div class='ocr_carea' id='block_1_86' title="bbox 1959 3708 3612 3781">
    <p class='ocr_par' dir='ltr' id='par_1_86' title="bbox 1959 3708 3612 3781">
     <span class='ocr_line' id='line_1_86' title="bbox 1959 3708 3612 3781; baseline 0.005 -18"><span class='ocrx_word' id='word_1_607' title='bbox 1959 3708 2149 3781; x_wconf 87' lang='lat' dir='ltr'>gratia</span> <span class='ocrx_word' id='word_1_608' title='bbox 2179 3708 2340 3764; x_wconf 83' lang='lat' dir='ltr'>foret.</span> <span class='ocrx_word' id='word_1_609' title='bbox 2377 3709 2596 3764; x_wconf 79' lang='lat' dir='ltr'>Adornt</span> <span class='ocrx_word' id='word_1_610' title='bbox 2640 3709 2819 3780; x_wconf 82' lang='lat' dir='ltr'>igitur</span> <span class='ocrx_word' id='word_1_611' title='bbox 2870 3728 2982 3765; x_wconf 89' lang='lat' dir='ltr'>non</span> <span class='ocrx_word' id='word_1_612' title='bbox 3034 3711 3388 3770; x_wconf 82' lang='lat' dir='ltr'>elementum</span> <span class='ocrx_word' id='word_1_613' title='bbox 3448 3721 3612 3772; x_wconf 69' lang='lat' dir='ltr'>terra:</span> 
     </span>
    </p>
   </div>
   <div class='ocr_carea' id='block_1_87' title="bbox 1963 3797 3615 3876">
    <p class='ocr_par' dir='ltr' id='par_1_87' title="bbox 1963 3797 3615 3876">
     <span class='ocr_line' id='line_1_87' title="bbox 1963 3797 3615 3876; baseline 0.005 -24"><span class='ocrx_word' id='word_1_614' title='bbox 1963 3798 2033 3852; x_wconf 89' lang='lat' dir='ltr'>de</span> <span class='ocrx_word' id='word_1_615' title='bbox 2057 3813 2170 3869; x_wconf 90' lang='lat' dir='ltr'>quo</span> <span class='ocrx_word' id='word_1_616' title='bbox 2201 3798 2418 3854; x_wconf 80' lang='lat' dir='ltr'>dictum</span> <span class='ocrx_word' id='word_1_617' title='bbox 2455 3802 2583 3854; x_wconf 86' lang='lat' dir='ltr'>est:</span> <span class='ocrx_word' id='word_1_618' title='bbox 2618 3799 2681 3853; x_wconf 87' lang='lat' dir='ltr'>Et</span> <span class='ocrx_word' id='word_1_619' title='bbox 2704 3797 2924 3853; x_wconf 68' lang='lat' dir='ltr'>atorate</span> <span class='ocrx_word' id='word_1_620' title='bbox 2959 3800 3257 3856; x_wconf 83' lang='lat' dir='ltr'>scabellum</span> <span class='ocrx_word' id='word_1_621' title='bbox 3296 3804 3432 3873; x_wconf 76' lang='lat' dir='ltr'>ejus,</span> <span class='ocrx_word' id='word_1_622' title='bbox 3481 3821 3615 3876; x_wconf 83' lang='lat' dir='ltr'>quo-</span> 
     </span>
    </p>
   </div>
   <div class='ocr_carea' id='block_1_88' title="bbox 1965 3887 3614 3965">
    <p class='ocr_par' dir='ltr' id='par_1_88' title="bbox 1965 3887 3614 3965">
     <span class='ocr_line' id='line_1_88' title="bbox 1965 3887 3614 3965; baseline 0.005 -24"><span class='ocrx_word' id='word_1_623' title='bbox 1965 3887 2123 3941; x_wconf 83' lang='lat' dir='ltr'>niam</span> <span class='ocrx_word' id='word_1_624' title='bbox 2143 3895 2389 3942; x_wconf 76' lang='lat' dir='ltr'>sanctum</span> <span class='ocrx_word' id='word_1_625' title='bbox 2414 3891 2493 3942; x_wconf 81' lang='lat' dir='ltr'>est</span> <span class='ocrx_word' id='word_1_626' title='bbox 2519 3887 2691 3959; x_wconf 69' lang='lat' dir='ltr'>(Paul.</span> <span class='ocrx_word' id='word_1_627' title='bbox 2724 3903 2918 3955; x_wconf 79' lang='lat' dir='ltr'>xcvm,</span> <span class='ocrx_word' id='word_1_628' title='bbox 2951 3888 3023 3959; x_wconf 88' lang='lat'>5).</span> <span class='ocrx_word' id='word_1_629' title='bbox 3060 3888 3165 3943; x_wconf 90' lang='lat' dir='ltr'>Ubi</span> <span class='ocrx_word' id='word_1_630' title='bbox 3199 3890 3354 3946; x_wconf 90' lang='lat' dir='ltr'>enim</span> <span class='ocrx_word' id='word_1_631' title='bbox 3377 3907 3614 3965; x_wconf 89' lang='lat' dir='ltr'>corpus,</span> 
     </span>
    </p>
   </div>
   <div class='ocr_carea' id='block_1_89' title="bbox 1966 3974 3616 4047">
    <p class='ocr_par' dir='ltr' id='par_1_89' title="bbox 1966 3974 3616 4047">
     <span class='ocr_line' id='line_1_89' title="bbox 1966 3974 3616 4047; baseline 0.005 -18"><span class='ocrx_word' id='word_1_632' title='bbox 1966 3974 2049 4029; x_wconf 87' lang='lat' dir='ltr'>ibi</span> <span class='ocrx_word' id='word_1_633' title='bbox 2079 3980 2137 4030; x_wconf 89' lang='lat' dir='ltr'>et</span> <span class='ocrx_word' id='word_1_634' title='bbox 2167 3974 2374 4047; x_wconf 66' lang='lat' dir='ltr'>aquilae</span> <span class='ocrx_word' id='word_1_635' title='bbox 2408 3992 2533 4047; x_wconf 78' lang='lat' dir='ltr'>quae</span> <span class='ocrx_word' id='word_1_636' title='bbox 2582 3977 2968 4032; x_wconf 79' lang='lat' dir='ltr'>adoraveruut</span> <span class='ocrx_word' id='word_1_637' title='bbox 3018 3982 3343 4036; x_wconf 73' lang='lat' dir='ltr'>versantem</span> <span class='ocrx_word' id='word_1_638' title='bbox 3399 3980 3458 4036; x_wconf 92' lang='lat' dir='ltr'>in</span> <span class='ocrx_word' id='word_1_639' title='bbox 3491 3998 3616 4038; x_wconf 93' lang='lat' dir='ltr'>cor-</span> 
     </span>
    </p>
   </div>
   <div class='ocr_carea' id='block_1_90' title="bbox 1968 4081 2126 4136">
    <p class='ocr_par' dir='ltr' id='par_1_90' title="bbox 1968 4081 2126 4136">
     <span class='ocr_line' id='line_1_90' title="bbox 1968 4081 2126 4136; baseline 0 -17"><span class='ocrx_word' id='word_1_640' title='bbox 1968 4081 2126 4136; x_wconf 91' lang='lat' dir='ltr'>pore.</span> 
     </span>
    </p>
   </div>
   <div class='ocr_carea' id='block_1_91' title="bbox 2045 4154 3623 4224">
    <p class='ocr_par' dir='ltr' id='par_1_91' title="bbox 2045 4154 3623 4224">
     <span class='ocr_line' id='line_1_91' title="bbox 2045 4154 3623 4224; baseline 0.005 -16"><span class='ocrx_word' id='word_1_641' title='bbox 2045 4155 2133 4208; x_wconf 90' lang='lat'>87.</span> <span class='ocrx_word' id='word_1_642' title='bbox 2166 4155 2232 4208; x_wconf 85' lang='lat' dir='ltr'>Et</span> <span class='ocrx_word' id='word_1_643' title='bbox 2259 4154 2422 4221; x_wconf 71' lang='lat' dir='ltr'>dixit,</span> <span class='ocrx_word' id='word_1_644' title='bbox 2459 4154 2669 4224; x_wconf 88' lang='lat' dir='ltr'>inquit,</span> <span class='ocrx_word' id='word_1_645' title='bbox 2698 4157 2757 4210; x_wconf 85' lang='lat' dir='ltr'>in</span> <span class='ocrx_word' id='word_1_646' title='bbox 2786 4155 2942 4212; x_wconf 84' lang='lat' dir='ltr'>corde</span> <span class='ocrx_word' id='word_1_647' title='bbox 2970 4173 3066 4212; x_wconf 79' lang='lat' dir='ltr'>suo</span> <span class='ocrx_word' id='word_1_648' title='bbox 3098 4175 3117 4210; x_wconf 90' lang='lat'><strong><em>:</em></strong></span> <span class='ocrx_word' id='word_1_649' title='bbox 3159 4159 3221 4212; x_wconf 75' lang='lat' dir='ltr'>Si</span> <span class='ocrx_word' id='word_1_650' title='bbox 3247 4163 3463 4215; x_wconf 74' lang='lat' dir='ltr'>emtum</span> <span class='ocrx_word' id='word_1_651' title='bbox 3522 4179 3623 4216; x_wconf 86' lang='lat' dir='ltr'>an-</span> 
     </span>
    </p>
   </div>
   <div class='ocr_carea' id='block_1_92' title="bbox 1974 4245 3629 4316">
    <p class='ocr_par' dir='ltr' id='par_1_92' title="bbox 1974 4245 3629 4316">
     <span class='ocr_line' id='line_1_92' title="bbox 1974 4245 3629 4316; baseline 0.005 -19"><span class='ocrx_word' id='word_1_652' title='bbox 1974 4259 2172 4297; x_wconf 84' lang='lat' dir='ltr'>norum</span> <span class='ocrx_word' id='word_1_653' title='bbox 2198 4247 2451 4299; x_wconf 67' lang='lat' dir='ltr'>nascetur</span> <span class='ocrx_word' id='word_1_654' title='bbox 2475 4245 2641 4313; x_wconf 83' lang='lat' dir='ltr'>ﬁlius,</span> <span class='ocrx_word' id='word_1_655' title='bbox 2674 4253 2723 4300; x_wconf 81' lang='lat' dir='ltr'>et</span> <span class='ocrx_word' id='word_1_656' title='bbox 2754 4246 2805 4299; x_wconf 77' lang='lat' dir='ltr'>si</span> <span class='ocrx_word' id='word_1_657' title='bbox 2828 4248 2996 4300; x_wconf 83' lang='lat' dir='ltr'>Sarra</span> <span class='ocrx_word' id='word_1_658' title='bbox 3025 4249 3329 4316; x_wconf 79' lang='lat' dir='ltr'>nonaginta</span> <span class='ocrx_word' id='word_1_659' title='bbox 3355 4266 3629 4306; x_wconf 86' lang='lat' dir='ltr'>annorum</span> 
     </span>
    </p>
   </div>
   <div class='ocr_carea' id='block_1_93' title="bbox 1970 4334 3628 4411">
    <p class='ocr_par' dir='ltr' id='par_1_93' title="bbox 1970 4334 3628 4411">
     <span class='ocr_line' id='line_1_93' title="bbox 1970 4334 3628 4411; baseline 0.005 -25"><span class='ocrx_word' id='word_1_660' title='bbox 1970 4334 2157 4404; x_wconf 80' lang='lat' dir='ltr'>pariet</span> <span class='ocrx_word' id='word_1_661' title='bbox 2187 4334 2339 4403; x_wconf 82' lang='lat' dir='ltr'>(Gcn.</span> <span class='ocrx_word' id='word_1_662' title='bbox 2376 4350 2510 4398; x_wconf 83' lang='lat' dir='ltr'>xvu,</span> <span class='ocrx_word' id='word_1_663' title='bbox 2549 4334 2678 4404; x_wconf 81' lang='lat'>17)?</span> <span class='ocrx_word' id='word_1_664' title='bbox 2728 4334 2961 4389; x_wconf 68' lang='lat' dir='ltr'>Graecus</span> <span class='ocrx_word' id='word_1_665' title='bbox 3011 4343 3062 4391; x_wconf 84' lang='grc' dir='ltr'>ἐν</span> <span class='ocrx_word' id='word_1_666' title='bbox 3094 4348 3157 4407; x_wconf 72' lang='grc' dir='ltr'>τῇ</span> <span class='ocrx_word' id='word_1_667' title='bbox 3186 4344 3371 4410; x_wconf 73' lang='grc' dir='ltr'>διανοίᾳ</span> <span class='ocrx_word' id='word_1_668' title='bbox 3409 4340 3628 4411; x_wconf 87' lang='lat' dir='ltr'>posuit,</span> 
     </span>
    </p>
   </div>
   <div class='ocr_carea' id='block_1_94' title="bbox 1980 4420 3632 4501">
    <p class='ocr_par' dir='ltr' id='par_1_94' title="bbox 1980 4420 3632 4501">
     <span class='ocr_line' id='line_1_94' title="bbox 1980 4420 3632 4501; baseline 0.005 -26"><span class='ocrx_word' id='word_1_669' title='bbox 1980 4424 2046 4476; x_wconf 91' lang='lat' dir='ltr'>ut</span> <span class='ocrx_word' id='word_1_670' title='bbox 2064 4420 2359 4492; x_wconf 89' lang='lat' dir='ltr'>possimus</span> <span class='ocrx_word' id='word_1_671' title='bbox 2386 4421 2537 4476; x_wconf 69' lang='lat'>352</span> <span class='ocrx_word' id='word_1_672' title='bbox 2559 4421 2848 4477; x_wconf 70' lang='lat' dir='ltr'>testimare</span> <span class='ocrx_word' id='word_1_673' title='bbox 2869 4425 3007 4493; x_wconf 91' lang='lat' dir='ltr'>quia</span> <span class='ocrx_word' id='word_1_674' title='bbox 3028 4427 3184 4479; x_wconf 86' lang='lat' dir='ltr'>cordi</span> <span class='ocrx_word' id='word_1_675' title='bbox 3212 4444 3317 4481; x_wconf 89' lang='lat' dir='ltr'>suo</span> <span class='ocrx_word' id='word_1_676' title='bbox 3333 4428 3497 4498; x_wconf 89' lang='lat' dir='ltr'>quasi</span> <span class='ocrx_word' id='word_1_677' title='bbox 3522 4430 3632 4501; x_wconf 86' lang='lat'>(60,</span> 
     </span>
    </p>
   </div>
   <div class='ocr_carea' id='block_1_95' title="bbox 211 4505 3634 4601">
    <p class='ocr_par' dir='ltr' id='par_1_95' title="bbox 211 4505 3634 4601">
     <span class='ocr_line' id='line_1_95' title="bbox 211 4505 3634 4601; baseline 0.005 -45"><span class='ocrx_word' id='word_1_678' title='bbox 211 4505 308 4557; x_wconf 82' lang='lat' dir='ltr'>sed</span> <span class='ocrx_word' id='word_1_679' title='bbox 344 4506 528 4563; x_wconf 79' lang='lat' dir='ltr'>virtus</span> <span class='ocrx_word' id='word_1_680' title='bbox 564 4506 771 4561; x_wconf 73' lang='lat' dir='ltr'>litterae</span> <span class='ocrx_word' id='word_1_681' title='bbox 805 4525 932 4579; x_wconf 67' lang='lat' dir='ltr'>quis</span> <span class='ocrx_word' id='word_1_682' title='bbox 963 4508 1236 4579; x_wconf 84' lang='lat' dir='ltr'>exprimit</span> <span class='ocrx_word' id='word_1_683' title='bbox 1265 4508 1526 4564; x_wconf 90' lang='lat' dir='ltr'>muneris</span> <span class='ocrx_word' id='word_1_684' title='bbox 1548 4510 1724 4565; x_wconf 87' lang='lat' dir='ltr'>divini</span> <span class='ocrx_word' id='word_1_685' title='bbox 1748 4528 1852 4583; x_wconf 85' lang='lat' dir='ltr'>gra</span> <span class='ocrx_word' id='word_1_686' title='bbox 1906 4536 1952 4601; x_wconf 70' lang='grc' dir='ltr'><strong>Β</strong></span> <span class='ocrx_word' id='word_1_687' title='bbox 1986 4508 2293 4564; x_wconf 86' lang='lat' dir='ltr'>alternanti</span> <span class='ocrx_word' id='word_1_688' title='bbox 2328 4526 2524 4565; x_wconf 90' lang='lat' dir='ltr'>secum</span> <span class='ocrx_word' id='word_1_689' title='bbox 2576 4509 2826 4566; x_wconf 80' lang='lat' dir='ltr'>dixerit:</span> <span class='ocrx_word' id='word_1_690' title='bbox 2861 4512 2916 4566; x_wconf 88' lang='lat' dir='ltr'>Si</span> <span class='ocrx_word' id='word_1_691' title='bbox 2970 4516 3302 4571; x_wconf 87' lang='lat' dir='ltr'>centenario</span> <span class='ocrx_word' id='word_1_692' title='bbox 3360 4522 3634 4572; x_wconf 88' lang='lat' dir='ltr'>nascetur</span> 
     </span>
    </p>
   </div>
   <div class='ocr_carea' id='block_1_96' title="bbox 215 4586 1881 4671">
    <p class='ocr_par' dir='ltr' id='par_1_96' title="bbox 215 4586 1881 4671">
     <span class='ocr_line' id='line_1_96' title="bbox 215 4586 1881 4671; baseline 0.007 -27"><span class='ocrx_word' id='word_1_693' title='bbox 215 4586 382 4649; x_wconf 75' lang='lat' dir='ltr'>tiam.</span> <span class='ocrx_word' id='word_1_694' title='bbox 412 4595 589 4651; x_wconf 88' lang='lat' dir='ltr'>Sarra</span> <span class='ocrx_word' id='word_1_695' title='bbox 613 4596 767 4651; x_wconf 88' lang='lat' dir='ltr'>enim</span> <span class='ocrx_word' id='word_1_696' title='bbox 803 4595 1020 4652; x_wconf 88' lang='lat' dir='ltr'>dicitur</span> <span class='ocrx_word' id='word_1_697' title='bbox 1050 4604 1186 4671; x_wconf 76' lang='grc' dir='ltr'>ἀρχὴ</span> <span class='ocrx_word' id='word_1_698' title='bbox 1212 4604 1324 4666; x_wconf 73' lang='grc' dir='ltr'>ἐμὴ,</span> <span class='ocrx_word' id='word_1_699' title='bbox 1360 4597 1464 4652; x_wconf 86' lang='lat' dir='ltr'>hoc</span> <span class='ocrx_word' id='word_1_700' title='bbox 1486 4603 1594 4667; x_wconf 88' lang='lat' dir='ltr'>est,</span> <span class='ocrx_word' id='word_1_701' title='bbox 1624 4604 1881 4671; x_wconf 87' lang='lat' dir='ltr'>potestas</span> 
     </span>
    </p>
   </div>
   <div class='ocr_carea' id='block_1_97' title="bbox 227 4683 1882 4760">
    <p class='ocr_par' dir='ltr' id='par_1_97' title="bbox 227 4683 1882 4760">
     <span class='ocr_line' id='line_1_97' title="bbox 227 4683 1882 4760; baseline 0.005 -24"><span class='ocrx_word' id='word_1_702' title='bbox 227 4696 381 4750; x_wconf 86' lang='lat' dir='ltr'>mea,</span> <span class='ocrx_word' id='word_1_703' title='bbox 420 4683 506 4738; x_wconf 84' lang='lat' dir='ltr'>vel</span> <span class='ocrx_word' id='word_1_704' title='bbox 561 4683 932 4756; x_wconf 88' lang='lat' dir='ltr'>principatus</span> <span class='ocrx_word' id='word_1_705' title='bbox 968 4685 1081 4740; x_wconf 90' lang='lat' dir='ltr'>mei</span> <span class='ocrx_word' id='word_1_706' title='bbox 1114 4684 1351 4740; x_wconf 89' lang='lat' dir='ltr'>initium</span> <span class='ocrx_word' id='word_1_707' title='bbox 1385 4685 1470 4742; x_wconf 82' lang='lat' dir='ltr'>vel</span> <span class='ocrx_word' id='word_1_708' title='bbox 1514 4687 1686 4760; x_wconf 87' lang='lat' dir='ltr'>regis.</span> <span class='ocrx_word' id='word_1_709' title='bbox 1740 4688 1882 4744; x_wconf 88' lang='lat' dir='ltr'>Sara</span> 
     </span>
    </p>
   </div>
   <div class='ocr_carea' id='block_1_98' title="bbox 296 4826 1881 4902">
    <p class='ocr_par' dir='ltr' id='par_1_98' title="bbox 296 4826 1881 4902">
     <span class='ocr_line' id='line_1_98' title="bbox 296 4826 1881 4902; baseline 0.004 -23"><span class='ocrx_word' id='word_1_710' title='bbox 296 4826 412 4902; x_wconf 85' lang='lat'>(57)</span> <span class='ocrx_word' id='word_1_711' title='bbox 442 4826 641 4902; x_wconf 85' lang='lat' dir='ltr'>Genus</span> <span class='ocrx_word' id='word_1_712' title='bbox 674 4826 766 4883; x_wconf 91' lang='lat' dir='ltr'>hic</span> <span class='ocrx_word' id='word_1_713' title='bbox 796 4826 1053 4902; x_wconf 84' lang='lat' dir='ltr'>liberiori</span> <span class='ocrx_word' id='word_1_714' title='bbox 1085 4828 1422 4902; x_wconf 87' lang='lat' dir='ltr'>acceptione</span> <span class='ocrx_word' id='word_1_715' title='bbox 1449 4847 1552 4901; x_wconf 87' lang='lat' dir='ltr'>pro</span> <span class='ocrx_word' id='word_1_716' title='bbox 1573 4830 1766 4902; x_wconf 87' lang='lat' dir='ltr'>specie</span> <span class='ocrx_word' id='word_1_717' title='bbox 1784 4848 1881 4887; x_wconf 90' lang='lat' dir='ltr'>su-</span> 
     </span>
    </p>
   </div>
   <div class='ocr_carea' id='block_1_99' title="bbox 230 4897 1881 4969">
    <p class='ocr_par' dir='ltr' id='par_1_99' title="bbox 230 4897 1881 4969">
     <span class='ocr_line' id='line_1_99' title="bbox 230 4897 1881 4969; baseline 0.007 -22"><span class='ocrx_word' id='word_1_718' title='bbox 230 4897 429 4969; x_wconf 77' lang='lat' dir='ltr'>mitur,</span> <span class='ocrx_word' id='word_1_719' title='bbox 463 4901 617 4953; x_wconf 85' lang='lat' dir='ltr'>sicut</span> <span class='ocrx_word' id='word_1_720' title='bbox 642 4904 699 4953; x_wconf 91' lang='lat' dir='ltr'>et</span> <span class='ocrx_word' id='word_1_721' title='bbox 729 4900 951 4969; x_wconf 84' lang='lat' dir='ltr'>species</span> <span class='ocrx_word' id='word_1_722' title='bbox 982 4916 1084 4969; x_wconf 93' lang='lat' dir='ltr'>pro</span> <span class='ocrx_word' id='word_1_723' title='bbox 1125 4897 1639 4965; x_wconf 47' lang='lat' dir='ltr'>individua—Quod</span> <span class='ocrx_word' id='word_1_724' title='bbox 1685 4908 1881 4958; x_wconf 88' lang='lat' dir='ltr'>autem</span> 
     </span>
    </p>
   </div>
   <div class='ocr_carea' id='block_1_100' title="bbox 233 4963 1880 5042">
    <p class='ocr_par' dir='ltr' id='par_1_100' title="bbox 233 4963 1880 5042">
     <span class='ocr_line' id='line_1_100' title="bbox 233 4963 1880 5042; baseline 0.005 -23"><span class='ocrx_word' id='word_1_725' title='bbox 233 4963 509 5042; x_wconf 85' lang='lat' dir='ltr'>legimus,</span> <span class='ocrx_word' id='word_1_726' title='bbox 545 4969 728 5024; x_wconf 86' lang='lat' dir='ltr'>ullum</span> <span class='ocrx_word' id='word_1_727' title='bbox 760 4963 876 5024; x_wconf 74' lang='lat' dir='ltr'>non</span> <span class='ocrx_word' id='word_1_728' title='bbox 913 4963 1145 5042; x_wconf 77' lang='lat' dir='ltr'>semper</span> <span class='ocrx_word' id='word_1_729' title='bbox 1176 4971 1308 5037; x_wconf 89' lang='lat' dir='ltr'>dici,</span> <span class='ocrx_word' id='word_1_730' title='bbox 1344 4977 1399 5026; x_wconf 85' lang='lat' dir='ltr'>et</span> <span class='ocrx_word' id='word_1_731' title='bbox 1443 4963 1637 5028; x_wconf 77' lang='lat' dir='ltr'>tamen</span> <span class='ocrx_word' id='word_1_732' title='bbox 1699 4973 1880 5028; x_wconf 89' lang='lat' dir='ltr'>ullum</span> 
     </span>
    </p>
   </div>
   <div class='ocr_carea' id='block_1_101' title="bbox 236 5041 1881 5115">
    <p class='ocr_par' dir='ltr' id='par_1_101' title="bbox 236 5041 1881 5115">
     <span class='ocr_line' id='line_1_101' title="bbox 236 5041 1881 5115; baseline 0.005 -25"><span class='ocrx_word' id='word_1_733' title='bbox 236 5052 347 5115; x_wconf 59' lang='lat' dir='ltr'>non</span> <span class='ocrx_word' id='word_1_734' title='bbox 378 5041 646 5115; x_wconf 81' lang='lat' dir='ltr'>deﬁcere,</span> <span class='ocrx_word' id='word_1_735' title='bbox 673 5042 773 5115; x_wconf 78' lang='lat' dir='ltr'>sic</span> <span class='ocrx_word' id='word_1_736' title='bbox 830 5041 1299 5115; x_wconf 79' lang='lat' dir='ltr'>interpretamur,</span> <span class='ocrx_word' id='word_1_737' title='bbox 1352 5048 1414 5097; x_wconf 89' lang='lat' dir='ltr'>ut</span> <span class='ocrx_word' id='word_1_738' title='bbox 1452 5044 1622 5110; x_wconf 83' lang='lat' dir='ltr'>ullus,</span> <span class='ocrx_word' id='word_1_739' title='bbox 1656 5046 1709 5099; x_wconf 90' lang='lat' dir='ltr'>id</span> <span class='ocrx_word' id='word_1_740' title='bbox 1774 5049 1881 5115; x_wconf 85' lang='lat' dir='ltr'>est,</span> 
     </span>
    </p>
   </div>
   <div class='ocr_carea' id='block_1_102' title="bbox 234 5106 1881 5183">
    <p class='ocr_par' dir='ltr' id='par_1_102' title="bbox 234 5106 1881 5183">
     <span class='ocr_line' id='line_1_102' title="bbox 234 5106 1881 5183; baseline 0.005 -22"><span class='ocrx_word' id='word_1_741' title='bbox 234 5106 468 5183; x_wconf 70' lang='lat' dir='ltr'>aliquis.</span> <span class='ocrx_word' id='word_1_742' title='bbox 504 5114 563 5166; x_wconf 89' lang='lat' dir='ltr'>in</span> <span class='ocrx_word' id='word_1_743' title='bbox 597 5106 785 5183; x_wconf 85' lang='lat' dir='ltr'>primo</span> <span class='ocrx_word' id='word_1_744' title='bbox 818 5106 1083 5167; x_wconf 88' lang='lat' dir='ltr'>membro</span> <span class='ocrx_word' id='word_1_745' title='bbox 1115 5106 1408 5171; x_wconf 81' lang='lat' dir='ltr'>hominem</span> <span class='ocrx_word' id='word_1_746' title='bbox 1434 5106 1653 5170; x_wconf 74' lang='lat' dir='ltr'>certum</span> <span class='ocrx_word' id='word_1_747' title='bbox 1689 5132 1753 5171; x_wconf 89' lang='lat' dir='ltr'>ac</span> <span class='ocrx_word' id='word_1_748' title='bbox 1785 5106 1881 5170; x_wconf 60' lang='lat' dir='ltr'>(te:</span> 
     </span>
    </p>
   </div>
   <div class='ocr_carea' id='block_1_103' title="bbox 235 5176 1530 5255">
    <p class='ocr_par' dir='ltr' id='par_1_103' title="bbox 235 5176 1530 5255">
     <span class='ocr_line' id='line_1_103' title="bbox 235 5176 1530 5255; baseline 0.007 -25"><span class='ocrx_word' id='word_1_749' title='bbox 235 5176 465 5255; x_wconf 63' lang='lat' dir='ltr'>ﬁnitum</span> <span class='ocrx_word' id='word_1_750' title='bbox 498 5176 808 5255; x_wconf 77' lang='lat' dir='ltr'>signiﬁcet,</span> <span class='ocrx_word' id='word_1_751' title='bbox 843 5185 899 5239; x_wconf 90' lang='lat' dir='ltr'>in</span> <span class='ocrx_word' id='word_1_752' title='bbox 936 5183 1194 5238; x_wconf 88' lang='lat' dir='ltr'>secundo</span> <span class='ocrx_word' id='word_1_753' title='bbox 1224 5201 1337 5240; x_wconf 91' lang='lat' dir='ltr'>non</span> <span class='ocrx_word' id='word_1_754' title='bbox 1370 5185 1530 5240; x_wconf 86' lang='lat' dir='ltr'>item.</span> 
     </span>
    </p>
   </div>
   <div class='ocr_carea' id='block_1_104' title="bbox 303 5252 1886 5327">
    <p class='ocr_par' dir='ltr' id='par_1_104' title="bbox 303 5252 1886 5327">
     <span class='ocr_line' id='line_1_104' title="bbox 303 5252 1886 5327; baseline 0.004 -21"><span class='ocrx_word' id='word_1_755' title='bbox 303 5252 420 5325; x_wconf 76' lang='lat'>(58)</span> <span class='ocrx_word' id='word_1_756' title='bbox 450 5252 595 5327; x_wconf 69' lang='lat' dir='ltr'>Cum</span> <span class='ocrx_word' id='word_1_757' title='bbox 630 5271 810 5326; x_wconf 89' lang='lat' dir='ltr'>supra</span> <span class='ocrx_word' id='word_1_758' title='bbox 840 5272 896 5310; x_wconf 90' lang='lat' dir='ltr'>n.</span> <span class='ocrx_word' id='word_1_759' title='bbox 936 5257 1027 5327; x_wconf 82' lang='lat'>79,</span> <span class='ocrx_word' id='word_1_760' title='bbox 1060 5256 1270 5311; x_wconf 88' lang='lat' dir='ltr'>dixerit</span> <span class='ocrx_word' id='word_1_761' title='bbox 1300 5257 1609 5324; x_wconf 87' lang='lat' dir='ltr'>afﬁrmate,</span> <span class='ocrx_word' id='word_1_762' title='bbox 1641 5258 1770 5327; x_wconf 87' lang='lat' dir='ltr'>quia</span> <span class='ocrx_word' id='word_1_763' title='bbox 1789 5273 1886 5313; x_wconf 84' lang='lat' dir='ltr'>ne-</span> 
     </span>
    </p>
   </div>
   <div class='ocr_carea' id='block_1_105' title="bbox 238 5325 1888 5400">
    <p class='ocr_par' dir='ltr' id='par_1_105' title="bbox 238 5325 1888 5400">
     <span class='ocr_line' id='line_1_105' title="bbox 238 5325 1888 5400; baseline 0.004 -22"><span class='ocrx_word' id='word_1_764' title='bbox 238 5335 322 5400; x_wconf 66' lang='grc' dir='ltr'>ῖηο</span> <span class='ocrx_word' id='word_1_765' title='bbox 355 5325 598 5400; x_wconf 77' lang='lat' dir='ltr'>ascendit</span> <span class='ocrx_word' id='word_1_766' title='bbox 613 5326 671 5379; x_wconf 85' lang='lat' dir='ltr'>in</span> <span class='ocrx_word' id='word_1_767' title='bbox 682 5325 911 5400; x_wconf 77' lang='lat' dir='ltr'>regnum</span> <span class='ocrx_word' id='word_1_768' title='bbox 924 5326 1204 5400; x_wconf 72' lang='lat' dir='ltr'>calorum,</span> <span class='ocrx_word' id='word_1_769' title='bbox 1231 5329 1354 5400; x_wconf 11' lang='lat' dir='ltr'>nisi,</span> <span class='ocrx_word' id='word_1_770' title='bbox 1367 5344 1465 5400; x_wconf 86' lang='lat' dir='ltr'>per</span> <span class='ocrx_word' id='word_1_771' title='bbox 1486 5325 1888 5400; x_wconf 64' lang='lat' dir='ltr'>sacramentum</span> 
     </span>
    </p>
   </div>
   <div class='ocr_carea' id='block_1_106' title="bbox 240 5388 1884 5469">
    <p class='ocr_par' dir='ltr' id='par_1_106' title="bbox 240 5388 1884 5469">
     <span class='ocr_line' id='line_1_106' title="bbox 240 5388 1884 5469; baseline 0.006 -25"><span class='ocrx_word' id='word_1_772' title='bbox 240 5388 608 5464; x_wconf 64' lang='lat' dir='ltr'>baptismatis,</span> <span class='ocrx_word' id='word_1_773' title='bbox 643 5388 765 5451; x_wconf 62' lang='lat' dir='ltr'>non</span> <span class='ocrx_word' id='word_1_774' title='bbox 788 5396 1003 5468; x_wconf 71' lang='lat' dir='ltr'>injuria</span> <span class='ocrx_word' id='word_1_775' title='bbox 1034 5398 1165 5468; x_wconf 85' lang='lat' dir='ltr'>quis</span> <span class='ocrx_word' id='word_1_776' title='bbox 1192 5388 1527 5469; x_wconf 68' lang='lat' dir='ltr'>suspirelur</span> <span class='ocrx_word' id='word_1_777' title='bbox 1547 5398 1668 5453; x_wconf 70' lang='lat' dir='ltr'>hazc</span> <span class='ocrx_word' id='word_1_778' title='bbox 1697 5406 1751 5453; x_wconf 92' lang='lat' dir='ltr'>et</span> <span class='ocrx_word' id='word_1_779' title='bbox 1774 5399 1884 5454; x_wconf 86' lang='lat' dir='ltr'>alia</span> 
     </span>
    </p>
   </div>
   <div class='ocr_carea' id='block_1_107' title="bbox 243 5469 1888 5551">
    <p class='ocr_par' dir='ltr' id='par_1_107' title="bbox 243 5469 1888 5551">
     <span class='ocr_line' id='line_1_107' title="bbox 243 5469 1888 5551; baseline 0.001 -26"><span class='ocrx_word' id='word_1_780' title='bbox 243 5469 1493 5551; x_wconf 29' lang='lat' dir='ltr'>{lgnnullnaqua).pdagianlismumlsapiunt,</span> <span class='ocrx_word' id='word_1_781' title='bbox 1517 5471 1588 5525; x_wconf 87' lang='lat' dir='ltr'>ab</span> <span class='ocrx_word' id='word_1_782' title='bbox 1619 5470 1888 5551; x_wconf 70' lang='lat' dir='ltr'>haeretico</span> 
     </span>
    </p>
   </div>
   <div class='ocr_carea' id='block_1_108' title="bbox 244 5532 1927 5617">
    <p class='ocr_par' dir='ltr' id='par_1_108' title="bbox 244 5532 1927 5617">
     <span class='ocr_line' id='line_1_108' title="bbox 244 5532 1927 5617; baseline 0.007 -29"><span class='ocrx_word' id='word_1_783' title='bbox 244 5532 438 5617; x_wconf 71' lang='lat' dir='ltr'>aliun</span> <span class='ocrx_word' id='word_1_784' title='bbox 470 5532 653 5617; x_wconf 77' lang='lat' dir='ltr'>fuisse</span> <span class='ocrx_word' id='word_1_785' title='bbox 682 5532 929 5617; x_wconf 48' lang='lat' dir='ltr'>intritae.</span> <span class='ocrx_word' id='word_1_786' title='bbox 961 5540 1144 5617; x_wconf 80' lang='lat' dir='ltr'>Quam</span> <span class='ocrx_word' id='word_1_787' title='bbox 1172 5532 1367 5617; x_wconf 65' lang='lat' dir='ltr'>etiam</span> <span class='ocrx_word' id='word_1_788' title='bbox 1386 5532 1592 5613; x_wconf 82' lang='lat' dir='ltr'>parum</span> <span class='ocrx_word' id='word_1_789' title='bbox 1650 5546 1770 5617; x_wconf 76' lang='lat' dir='ltr'>tota</span> <span class='ocrx_word' id='word_1_790' title='bbox 1799 5542 1887 5613; x_wconf 79' lang='lat' dir='ltr'>ul-</span> <span class='ocrx_word' id='word_1_791' title='bbox 1923 5572 1927 5576; x_wconf 62' lang='grc' dir='ltr'>ι</span> 
     </span>
    </p>
   </div>
   <div class='ocr_carea' id='block_1_109' title="bbox 243 5602 1887 5687">
    <p class='ocr_par' dir='ltr' id='par_1_109' title="bbox 243 5602 1887 5687">
     <span class='ocr_line' id='line_1_109' title="bbox 243 5602 1887 5687; baseline 0.009 -22"><span class='ocrx_word' id='word_1_792' title='bbox 243 5602 600 5686; x_wconf 67' lang='grc' dir='ltr'>ῐὶωάἰηῄυε</span> <span class='ocrx_word' id='word_1_793' title='bbox 629 5612 856 5669; x_wconf 88' lang='lat' dir='ltr'>numeri</span> <span class='ocrx_word' id='word_1_794' title='bbox 888 5602 1024 5687; x_wconf 80' lang='lat' dir='ltr'>pars</span> <span class='ocrx_word' id='word_1_795' title='bbox 1052 5610 1253 5687; x_wconf 71' lang='lat' dir='ltr'>prima:</span> <span class='ocrx_word' id='word_1_796' title='bbox 1285 5602 1567 5671; x_wconf 46' lang='lat' dir='ltr'>coh‘tereat</span> <span class='ocrx_word' id='word_1_797' title='bbox 1586 5610 1675 5673; x_wconf 88' lang='lat' dir='ltr'>vel</span> <span class='ocrx_word' id='word_1_798' title='bbox 1706 5604 1887 5679; x_wconf 60' lang='lat' dir='ltr'>cuicui</span> 
     </span>
    </p>
   </div>
   <div class='ocr_carea' id='block_1_110' title="bbox 555 5738 1016 5827">
    <p class='ocr_par' dir='ltr' id='par_1_110' title="bbox 555 5738 1016 5827">
     <span class='ocr_line' id='line_1_110' title="bbox 555 5738 1016 5827; baseline 0.004 -19"><span class='ocrx_word' id='word_1_799' title='bbox 555 5739 814 5810; x_wconf 57' lang='lat' dir='ltr'>Ponet.</span> <span class='ocrx_word' id='word_1_800' title='bbox 858 5738 1016 5827; x_wconf 66' lang='lat' dir='ltr'>XIV.</span> 
     </span>
    </p>
   </div>
   <div class='ocr_carea' id='block_1_111' title="bbox 1991 4597 3631 4677">
    <p class='ocr_par' dir='ltr' id='par_1_111' title="bbox 1991 4597 3631 4677">
     <span class='ocr_line' id='line_1_111' title="bbox 1991 4597 3631 4677; baseline 0.006 -26"><span class='ocrx_word' id='word_1_801' title='bbox 1991 4597 2169 4664; x_wconf 90' lang='lat' dir='ltr'>ﬁlius,</span> <span class='ocrx_word' id='word_1_802' title='bbox 2202 4603 2259 4653; x_wconf 87' lang='lat' dir='ltr'>et</span> <span class='ocrx_word' id='word_1_803' title='bbox 2291 4599 2679 4669; x_wconf 86' lang='lat' dir='ltr'>nonagenaria</span> <span class='ocrx_word' id='word_1_804' title='bbox 2711 4599 2938 4670; x_wconf 84' lang='lat' dir='ltr'>pariet?</span> <span class='ocrx_word' id='word_1_805' title='bbox 2985 4600 3094 4657; x_wconf 87' lang='lat' dir='ltr'>hoc</span> <span class='ocrx_word' id='word_1_806' title='bbox 3121 4610 3209 4659; x_wconf 88' lang='lat' dir='ltr'>est</span> <span class='ocrx_word' id='word_1_807' title='bbox 3253 4606 3412 4660; x_wconf 69' lang='lat' dir='ltr'>[Etas</span> <span class='ocrx_word' id='word_1_808' title='bbox 3461 4622 3631 4677; x_wconf 83' lang='lat' dir='ltr'>gene-</span> 
     </span>
    </p>
   </div>
   <div class='ocr_carea' id='block_1_112' title="bbox 1992 4685 3634 4764">
    <p class='ocr_par' dir='ltr' id='par_1_112' title="bbox 1992 4685 3634 4764">
     <span class='ocr_line' id='line_1_112' title="bbox 1992 4685 3634 4764; baseline 0.002 -22"><span class='ocrx_word' id='word_1_809' title='bbox 1992 4686 2157 4742; x_wconf 90' lang='lat' dir='ltr'>randi</span> <span class='ocrx_word' id='word_1_810' title='bbox 2180 4685 2477 4759; x_wconf 75' lang='lat' dir='ltr'>prteteriit,</span> <span class='ocrx_word' id='word_1_811' title='bbox 2512 4687 2611 4743; x_wconf 87' lang='lat' dir='ltr'>sed</span> <span class='ocrx_word' id='word_1_812' title='bbox 2646 4688 2760 4743; x_wconf 70' lang='lat' dir='ltr'>DL‘O</span> <span class='ocrx_word' id='word_1_813' title='bbox 2791 4690 2989 4745; x_wconf 87' lang='lat' dir='ltr'>omnia</span> <span class='ocrx_word' id='word_1_814' title='bbox 3018 4697 3157 4747; x_wconf 87' lang='lat' dir='ltr'>sunt</span> <span class='ocrx_word' id='word_1_815' title='bbox 3187 4693 3527 4764; x_wconf 86' lang='lat' dir='ltr'>possibilia;</span> <span class='ocrx_word' id='word_1_816' title='bbox 3577 4696 3634 4746; x_wconf 89' lang='lat' dir='ltr'>et</span> 
     </span>
    </p>
   </div>
   <div class='ocr_carea' id='block_1_113' title="bbox 1985 4829 2195 4885">
    <p class='ocr_par' dir='ltr' id='par_1_113' title="bbox 1985 4829 2195 4885">
     <span class='ocr_line' id='line_1_113' title="bbox 1985 4829 2195 4885; baseline 0 -1"><span class='ocrx_word' id='word_1_817' title='bbox 1985 4829 2195 4885; x_wconf 88' lang='lat' dir='ltr'>videat.</span> 
     </span>
    </p>
   </div>
   <div class='ocr_carea' id='block_1_114' title="bbox 2064 4900 3635 4974">
    <p class='ocr_par' dir='ltr' id='par_1_114' title="bbox 2064 4900 3635 4974">
     <span class='ocr_line' id='line_1_114' title="bbox 2064 4900 3635 4974; baseline 0.003 -19"><span class='ocrx_word' id='word_1_818' title='bbox 2064 4903 2186 4974; x_wconf 61' lang='lat'>(59)</span> <span class='ocrx_word' id='word_1_819' title='bbox 2206 4900 2308 4974; x_wconf 82' lang='lat' dir='ltr'>Hic</span> <span class='ocrx_word' id='word_1_820' title='bbox 2340 4900 2594 4974; x_wconf 88' lang='lat' dir='ltr'>aliquem</span> <span class='ocrx_word' id='word_1_821' title='bbox 2629 4903 2895 4959; x_wconf 88' lang='lat' dir='ltr'>adsuisse</span> <span class='ocrx_word' id='word_1_822' title='bbox 2917 4921 3055 4959; x_wconf 88' lang='lat' dir='ltr'>suas</span> <span class='ocrx_word' id='word_1_823' title='bbox 3078 4921 3261 4974; x_wconf 74' lang='lat' dir='ltr'>nugas</span> <span class='ocrx_word' id='word_1_824' title='bbox 3282 4904 3407 4957; x_wconf 90' lang='lat' dir='ltr'>Era.</span> <span class='ocrx_word' id='word_1_825' title='bbox 3425 4908 3481 4958; x_wconf 89' lang='lat' dir='ltr'>et</span> <span class='ocrx_word' id='word_1_826' title='bbox 3501 4909 3635 4974; x_wconf 87' lang='lat' dir='ltr'>post</span> 
     </span>
    </p>
   </div>
   <div class='ocr_carea' id='block_1_115' title="bbox 1991 4971 3631 5043">
    <p class='ocr_par' dir='ltr' id='par_1_115' title="bbox 1991 4971 3631 5043">
     <span class='ocr_line' id='line_1_115' title="bbox 1991 4971 3631 5043; baseline 0.003 -16"><span class='ocrx_word' id='word_1_827' title='bbox 1991 4988 2125 5027; x_wconf 88' lang='lat' dir='ltr'>eum</span> <span class='ocrx_word' id='word_1_828' title='bbox 2159 4971 2288 5027; x_wconf 87' lang='lat' dir='ltr'>Gill.</span> <span class='ocrx_word' id='word_1_829' title='bbox 2324 4971 2693 5043; x_wconf 75' lang='lat' dir='ltr'>adnotarent,</span> <span class='ocrx_word' id='word_1_830' title='bbox 2718 4975 2857 5029; x_wconf 88' lang='lat' dir='ltr'>moti</span> <span class='ocrx_word' id='word_1_831' title='bbox 2878 4975 3097 5031; x_wconf 86' lang='lat' dir='ltr'>scilicet</span> <span class='ocrx_word' id='word_1_832' title='bbox 3117 4971 3471 5031; x_wconf 85' lang='lat' dir='ltr'>obscuritate</span> <span class='ocrx_word' id='word_1_833' title='bbox 3501 4971 3631 5032; x_wconf 87' lang='lat' dir='ltr'>loci.</span> 
     </span>
    </p>
   </div>
   <div class='ocr_carea' id='block_1_116' title="bbox 1991 5044 3632 5116">
    <p class='ocr_par' dir='ltr' id='par_1_116' title="bbox 1991 5044 3632 5116">
     <span class='ocr_line' id='line_1_116' title="bbox 1991 5044 3632 5116; baseline 0.004 -19"><span class='ocrx_word' id='word_1_834' title='bbox 1991 5044 2327 5116; x_wconf 79' lang='lat' dir='ltr'>Attamensi</span> <span class='ocrx_word' id='word_1_835' title='bbox 2353 5044 2485 5113; x_wconf 87' lang='lat' dir='ltr'>quis</span> <span class='ocrx_word' id='word_1_836' title='bbox 2507 5061 2640 5099; x_wconf 87' lang='lat' dir='ltr'>eum</span> <span class='ocrx_word' id='word_1_837' title='bbox 2665 5045 2973 5116; x_wconf 89' lang='lat' dir='ltr'>contulerit</span> <span class='ocrx_word' id='word_1_838' title='bbox 2995 5064 3126 5101; x_wconf 85' lang='lat' dir='ltr'>cum</span> <span class='ocrx_word' id='word_1_839' title='bbox 3150 5045 3409 5101; x_wconf 86' lang='lat' dir='ltr'>Philonis</span> <span class='ocrx_word' id='word_1_840' title='bbox 3425 5048 3632 5116; x_wconf 85' lang='lat' dir='ltr'>verbis,</span> 
     </span>
    </p>
   </div>
   <div class='ocr_carea' id='block_1_117' title="bbox 1995 5114 3634 5191">
    <p class='ocr_par' dir='ltr' id='par_1_117' title="bbox 1995 5114 3634 5191">
     <span class='ocr_line' id='line_1_117' title="bbox 1995 5114 3634 5191; baseline 0.004 -23"><span class='ocrx_word' id='word_1_841' title='bbox 1995 5114 2218 5191; x_wconf 81' lang='lat' dir='ltr'>quibus</span> <span class='ocrx_word' id='word_1_842' title='bbox 2252 5115 2404 5191; x_wconf 62' lang='lat' dir='ltr'>Sara:</span> <span class='ocrx_word' id='word_1_843' title='bbox 2448 5115 2798 5191; x_wconf 80' lang='lat' dir='ltr'>vocabulum</span> <span class='ocrx_word' id='word_1_844' title='bbox 2845 5116 2944 5191; x_wconf 74' lang='lat' dir='ltr'>lib.</span> <span class='ocrx_word' id='word_1_845' title='bbox 2980 5116 3059 5191; x_wconf 79' lang='lat' dir='ltr'>_de</span> <span class='ocrx_word' id='word_1_846' title='bbox 3098 5117 3389 5191; x_wconf 40' lang='lat' dir='ltr'>ﬂuminum</span> <span class='ocrx_word' id='word_1_847' title='bbox 3431 5114 3634 5191; x_wconf 58' lang='lat' dir='ltr'>imitat,</span> 
     </span>
    </p>
   </div>
   <div class='ocr_carea' id='block_1_118' title="bbox 1994 5186 3636 5263">
    <p class='ocr_par' dir='ltr' id='par_1_118' title="bbox 1994 5186 3636 5263">
     <span class='ocr_line' id='line_1_118' title="bbox 1994 5186 3636 5263; baseline 0.005 -24"><span class='ocrx_word' id='word_1_848' title='bbox 1994 5186 2333 5263; x_wconf 64' lang='lat' dir='ltr'>exponitur,</span> <span class='ocrx_word' id='word_1_849' title='bbox 2354 5186 2507 5241; x_wconf 87' lang='lat' dir='ltr'>haud</span> <span class='ocrx_word' id='word_1_850' title='bbox 2544 5204 2752 5263; x_wconf 79' lang='lat' dir='ltr'>parun:</span> <span class='ocrx_word' id='word_1_851' title='bbox 2786 5187 3126 5263; x_wconf 72' lang='lat' dir='ltr'>luminisad</span> <span class='ocrx_word' id='word_1_852' title='bbox 3154 5188 3281 5263; x_wconf 75' lang='lat' dir='ltr'>ejus</span> <span class='ocrx_word' id='word_1_853' title='bbox 3309 5186 3636 5263; x_wconf 71' lang='lat' dir='ltr'>intelligen-</span> 
     </span>
    </p>
   </div>
   <div class='ocr_carea' id='block_1_119' title="bbox 1992 5258 3636 5331">
    <p class='ocr_par' dir='ltr' id='par_1_119' title="bbox 1992 5258 3636 5331">
     <span class='ocr_line' id='line_1_119' title="bbox 1992 5258 3636 5331; baseline 0.004 -20"><span class='ocrx_word' id='word_1_854' title='bbox 1992 5258 2145 5331; x_wconf 11' lang='lat' dir='ltr'>tiam,</span> <span class='ocrx_word' id='word_1_855' title='bbox 2170 5258 2572 5331; x_wconf 76' lang='lat' dir='ltr'>nanciscetur;</span> <span class='ocrx_word' id='word_1_856' title='bbox 2601 5260 2753 5314; x_wconf 84' lang='lat' dir='ltr'>idem</span> <span class='ocrx_word' id='word_1_857' title='bbox 2776 5259 2929 5312; x_wconf 90' lang='lat' dir='ltr'>enim</span> <span class='ocrx_word' id='word_1_858' title='bbox 2966 5259 3135 5313; x_wconf 86' lang='lat' dir='ltr'>istinc</span> <span class='ocrx_word' id='word_1_859' title='bbox 3161 5258 3636 5331; x_wconf 55' lang='lat' dir='ltr'>desumptus&#39;est.</span> 
     </span>
    </p>
   </div>
   <div class='ocr_carea' id='block_1_120' title="bbox 2065 5329 3641 5407">
    <p class='ocr_par' dir='ltr' id='par_1_120' title="bbox 2065 5329 3641 5407">
     <span class='ocr_line' id='line_1_120' title="bbox 2065 5329 3641 5407; baseline 0.018 -44"><span class='ocrx_word' id='word_1_860' title='bbox 2065 5329 2177 5407; x_wconf 59' lang='grc' dir='ltr'>(δρ)</span> <span class='ocrx_word' id='word_1_861' title='bbox 2212 5329 2377 5383; x_wconf 65' lang='lat' dir='ltr'>nam,</span> <span class='ocrx_word' id='word_1_862' title='bbox 2412 5329 2910 5407; x_wconf 64' lang='lat' dir='ltr'>edit.,_altei_*canti.</span> <span class='ocrx_word' id='word_1_863' title='bbox 2953 5332 3023 5407; x_wconf 80' lang='lat' dir='ltr'>At</span> <span class='ocrx_word' id='word_1_864' title='bbox 3075 5348 3205 5385; x_wconf 86' lang='lat' dir='ltr'>cum</span> <span class='ocrx_word' id='word_1_865' title='bbox 3262 5329 3411 5407; x_wconf 80' lang='lat' dir='ltr'>aliis,</span> <span class='ocrx_word' id='word_1_866' title='bbox 3464 5340 3641 5407; x_wconf 88' lang='lat' dir='ltr'>atque</span> 
     </span>
    </p>
   </div>
   <div class='ocr_carea' id='block_1_121' title="bbox 1996 5360 3640 5478">
    <p class='ocr_par' dir='ltr' id='par_1_121' title="bbox 1996 5360 3640 5478">
     <span class='ocr_line' id='line_1_121' title="bbox 2065 5360 3640 5407; baseline 0.006 -27"><span class='ocrx_word' id='word_1_867' title='bbox 2065 5360 2157 5397; x_wconf 60' lang='lat' dir='ltr'>\uu</span> <span class='ocrx_word' id='word_1_868' title='bbox 2213 5360 2377 5383; x_wconf 79' lang='grc' dir='ltr'>ιιυιιι.</span> <span class='ocrx_word' id='word_1_869' title='bbox 2412 5360 2570 5393; x_wconf 51' lang='lat' dir='ltr'>curn,</span> <span class='ocrx_word' id='word_1_870' title='bbox 2604 5360 2910 5383; x_wconf 72' lang='grc' dir='ltr'>ιιιιωιιυηιι.</span> <span class='ocrx_word' id='word_1_871' title='bbox 2953 5360 3023 5383; x_wconf 68' lang='grc' dir='ltr'>ιιι</span> <span class='ocrx_word' id='word_1_872' title='bbox 3075 5360 3205 5385; x_wconf 57' lang='lat' dir='ltr'>nutu</span> <span class='ocrx_word' id='word_1_873' title='bbox 3262 5360 3411 5400; x_wconf 60' lang='lat' dir='ltr'>(una,</span> <span class='ocrx_word' id='word_1_874' title='bbox 3464 5360 3640 5407; x_wconf 71' lang='lat' dir='ltr'>utquu</span> 
     </span>
     <span class='ocr_line' id='line_1_122' title="bbox 1996 5360 3640 5478; baseline 0.004 -24"><span class='ocrx_word' id='word_1_875' title='bbox 1996 5360 2271 5478; x_wconf 67' lang='lat' dir='ltr'>omnibus</span> <span class='ocrx_word' id='word_1_876' title='bbox 2303 5418 2442 5455; x_wconf 89' lang='lat' dir='ltr'>mss.</span> <span class='ocrx_word' id='word_1_877' title='bbox 2479 5400 2933 5478; x_wconf 52' lang='lat' dir='ltr'>retinendavox,</span> <span class='ocrx_word' id='word_1_878' title='bbox 2967 5402 3289 5478; x_wconf 47' lang='lat' dir='ltr'>alleganti.</span> <span class='ocrx_word' id='word_1_879' title='bbox 3313 5423 3438 5478; x_wconf 69' lang='lat' dir='ltr'>qua:</span> <span class='ocrx_word' id='word_1_880' title='bbox 3462 5408 3640 5463; x_wconf 81' lang='lat' dir='ltr'>l&#39;erme</span> 
     </span>
    </p>
   </div>
   <div class='ocr_carea' id='block_1_122' title="bbox 1996 5469 3322 5545">
    <p class='ocr_par' dir='ltr' id='par_1_122' title="bbox 1996 5469 3322 5545">
     <span class='ocr_line' id='line_1_123' title="bbox 1996 5469 3322 5545; baseline 0.003 -18"><span class='ocrx_word' id='word_1_881' title='bbox 1996 5473 2197 5528; x_wconf 88' lang='lat' dir='ltr'>eodem</span> <span class='ocrx_word' id='word_1_882' title='bbox 2233 5488 2405 5527; x_wconf 86' lang='lat' dir='ltr'>sensu</span> <span class='ocrx_word' id='word_1_883' title='bbox 2438 5470 2674 5543; x_wconf 86' lang='lat' dir='ltr'>ponitur</span> <span class='ocrx_word' id='word_1_884' title='bbox 2704 5488 2736 5526; x_wconf 91' lang='lat' dir='ltr'>a</span> <span class='ocrx_word' id='word_1_885' title='bbox 2766 5469 2949 5545; x_wconf 66' lang='lat' dir='ltr'>Virg,</span> <span class='ocrx_word' id='word_1_886' title='bbox 2983 5491 3035 5530; x_wconf 84' lang='lat' dir='ltr'>tv</span> <span class='ocrx_word' id='word_1_887' title='bbox 3059 5475 3269 5545; x_wconf 57' lang='lat' dir='ltr'>A‘Ineid.</span> <span class='ocrx_word' id='word_1_888' title='bbox 3301 5495 3322 5531; x_wconf 76' lang='grc' dir='ltr'>,ο</span> 
     </span>
    </p>
   </div>
   <div class='ocr_carea' id='block_1_123' title="bbox 2211 5576 3427 5645">
    <p class='ocr_par' dir='ltr' id='par_1_123' title="bbox 2211 5576 3427 5645">
     <span class='ocr_line' id='line_1_124' title="bbox 2211 5576 3427 5645; baseline 0.004 -12"><span class='ocrx_word' id='word_1_889' title='bbox 2211 5580 2334 5633; x_wconf 69' lang='lat' dir='ltr'>Haec</span> <span class='ocrx_word' id='word_1_890' title='bbox 2362 5576 2648 5629; x_wconf 83' lang='lat' dir='ltr'>alternanti</span> <span class='ocrx_word' id='word_1_891' title='bbox 2677 5577 2856 5645; x_wconf 86' lang='lat' dir='ltr'>potior</span> <span class='ocrx_word' id='word_1_892' title='bbox 2890 5583 3159 5636; x_wconf 84' lang='lat' dir='ltr'>sententia</span> <span class='ocrx_word' id='word_1_893' title='bbox 3188 5583 3303 5635; x_wconf 84' lang='lat' dir='ltr'>visa</span> <span class='ocrx_word' id='word_1_894' title='bbox 3331 5589 3427 5641; x_wconf 80' lang='lat' dir='ltr'>est.</span> 
     </span>
    </p>
   </div>
   <div class='ocr_carea' id='block_1_124' title="bbox 3239 5752 3312 5821">
    <p class='ocr_par' dir='ltr' id='par_1_124' title="bbox 3239 5752 3312 5821">
     <span class='ocr_line' id='line_1_125' title="bbox 3239 5752 3312 5821; baseline 0.014 -1"><span class='ocrx_word' id='word_1_895' title='bbox 3239 5752 3312 5821; x_wconf 76' lang='lat'>1’1</span> 
     </span>
    </p>
   </div>
  </div>
