  <div class='ocr_page' id='page_1' title='image "/cluster/home/n/w/nwhite01/storage/ocr_20150623/14/hvd.32044048207138/267.png"; bbox 0 0 4026 6186; ppageno 0'>
   <div class='ocr_carea' id='block_1_1' title="bbox 453 281 566 338">
    <p class='ocr_par' dir='ltr' id='par_1_1' title="bbox 453 281 566 338">
     <span class='ocr_line' id='line_1_1' title="bbox 453 281 566 338; baseline 0 -1"><span class='ocrx_word' id='word_1_1' title='bbox 453 281 566 338; x_wconf 72' lang='grc'>523</span> 
     </span>
    </p>
   </div>
   <div class='ocr_carea' id='block_1_2' title="bbox 1911 279 3769 347">
    <p class='ocr_par' dir='ltr' id='par_1_2' title="bbox 1911 279 3769 347">
     <span class='ocr_line' id='line_1_2' title="bbox 1911 279 3769 347; baseline 0.005 -11"><span class='ocrx_word' id='word_1_2' title='bbox 1911 280 1976 337; x_wconf 80' lang='lat' dir='ltr'>S.</span> <span class='ocrx_word' id='word_1_3' title='bbox 2021 279 2397 340; x_wconf 74' lang='lat' dir='ltr'>AMBltOSIl</span> <span class='ocrx_word' id='word_1_4' title='bbox 3648 291 3769 347; x_wconf 48' lang='lat'><strong>“52‘</strong></span> 
     </span>
    </p>
   </div>
   <div class='ocr_carea' id='block_1_3' title="bbox 448 408 3775 488">
    <p class='ocr_par' dir='ltr' id='par_1_3' title="bbox 448 408 3775 488">
     <span class='ocr_line' id='line_1_3' title="bbox 448 408 3775 488; baseline 0.002 -23"><span class='ocrx_word' id='word_1_5' title='bbox 448 413 578 467; x_wconf 79' lang='lat' dir='ltr'>ideo</span> <span class='ocrx_word' id='word_1_6' title='bbox 610 410 774 467; x_wconf 81' lang='lat' dir='ltr'>facile</span> <span class='ocrx_word' id='word_1_7' title='bbox 805 410 979 465; x_wconf 89' lang='lat' dir='ltr'>etiam</span> <span class='ocrx_word' id='word_1_8' title='bbox 1013 410 1193 476; x_wconf 90' lang='lat' dir='ltr'>istud,</span> <span class='ocrx_word' id='word_1_9' title='bbox 1227 408 1290 465; x_wconf 84' lang='lat' dir='ltr'>ut</span> <span class='ocrx_word' id='word_1_10' title='bbox 1320 409 1589 465; x_wconf 79' lang='lat' dir='ltr'>sensibus</span> <span class='ocrx_word' id='word_1_11' title='bbox 1629 416 1851 465; x_wconf 87' lang='lat' dir='ltr'>revocet</span> <span class='ocrx_word' id='word_1_12' title='bbox 1888 411 2094 481; x_wconf 87' lang='lat' dir='ltr'>juven-</span> <span class='ocrx_word' id='word_1_13' title='bbox 2127 412 2183 476; x_wconf 82' lang='grc' dir='ltr'><strong>Α</strong></span> <span class='ocrx_word' id='word_1_14' title='bbox 2211 411 2394 482; x_wconf 62' lang='lat' dir='ltr'>(Ibid,</span> <span class='ocrx_word' id='word_1_15' title='bbox 2447 412 2557 482; x_wconf 77' lang='grc'>21),</span> <span class='ocrx_word' id='word_1_16' title='bbox 2586 416 2650 466; x_wconf 88' lang='lat' dir='ltr'>ut</span> <span class='ocrx_word' id='word_1_17' title='bbox 2677 412 2943 467; x_wconf 75' lang='lat' dir='ltr'>advertas</span> <span class='ocrx_word' id='word_1_18' title='bbox 2973 428 3149 483; x_wconf 90' lang='lat' dir='ltr'>quam</span> <span class='ocrx_word' id='word_1_19' title='bbox 3211 413 3613 485; x_wconf 81' lang='lat' dir='ltr'>generationem</span> <span class='ocrx_word' id='word_1_20' title='bbox 3639 416 3775 488; x_wconf 83' lang='lat' dir='ltr'>polli-</span> 
     </span>
    </p>
   </div>
   <div class='ocr_carea' id='block_1_4' title="bbox 447 498 2090 568">
    <p class='ocr_par' dir='ltr' id='par_1_4' title="bbox 447 498 2090 568">
     <span class='ocr_line' id='line_1_4' title="bbox 447 498 2090 568; baseline -0.001 -14"><span class='ocrx_word' id='word_1_21' title='bbox 447 500 587 555; x_wconf 90' lang='lat' dir='ltr'>tutis</span> <span class='ocrx_word' id='word_1_22' title='bbox 617 516 824 568; x_wconf 89' lang='lat' dir='ltr'>annos,</span> <span class='ocrx_word' id='word_1_23' title='bbox 858 499 1009 554; x_wconf 87' lang='lat' dir='ltr'>vires</span> <span class='ocrx_word' id='word_1_24' title='bbox 1060 501 1353 568; x_wconf 81' lang='lat' dir='ltr'>rel‘undat,</span> <span class='ocrx_word' id='word_1_25' title='bbox 1402 498 1702 555; x_wconf 79' lang='lat' dir='ltr'>sterilibus</span> <span class='ocrx_word' id='word_1_26' title='bbox 1751 500 1846 554; x_wconf 91' lang='lat' dir='ltr'>dot</span> <span class='ocrx_word' id='word_1_27' title='bbox 1895 500 2090 554; x_wconf 88' lang='lat' dir='ltr'>fecun-</span> 
     </span>
    </p>
   </div>
   <div class='ocr_carea' id='block_1_5' title="bbox 442 588 708 644">
    <p class='ocr_par' dir='ltr' id='par_1_5' title="bbox 442 588 708 644">
     <span class='ocr_line' id='line_1_5' title="bbox 442 588 708 644; baseline 0 -1"><span class='ocrx_word' id='word_1_28' title='bbox 442 588 708 644; x_wconf 81' lang='lat' dir='ltr'>ditatem.</span> 
     </span>
    </p>
   </div>
   <div class='ocr_carea' id='block_1_6' title="bbox 510 676 2090 751">
    <p class='ocr_par' dir='ltr' id='par_1_6' title="bbox 510 676 2090 751">
     <span class='ocr_line' id='line_1_6' title="bbox 510 676 2090 751; baseline -0.002 -18"><span class='ocrx_word' id='word_1_29' title='bbox 510 677 601 733; x_wconf 89' lang='lat'>88.</span> <span class='ocrx_word' id='word_1_30' title='bbox 634 678 749 733; x_wconf 91' lang='lat' dir='ltr'>Nec</span> <span class='ocrx_word' id='word_1_31' title='bbox 780 677 927 734; x_wconf 91' lang='lat' dir='ltr'>illud</span> <span class='ocrx_word' id='word_1_32' title='bbox 958 678 1452 751; x_wconf 64' lang='lat' dir='ltr'>praetereundum,</span> <span class='ocrx_word' id='word_1_33' title='bbox 1487 677 1639 748; x_wconf 90' lang='lat' dir='ltr'>quod</span> <span class='ocrx_word' id='word_1_34' title='bbox 1665 678 1955 749; x_wconf 85' lang='lat' dir='ltr'>promissa</span> <span class='ocrx_word' id='word_1_35' title='bbox 1978 676 2090 731; x_wconf 78' lang='lat' dir='ltr'>sibi</span> 
     </span>
    </p>
   </div>
   <div class='ocr_carea' id='block_1_7' title="bbox 437 765 2085 839">
    <p class='ocr_par' dir='ltr' id='par_1_7' title="bbox 437 765 2085 839">
     <span class='ocr_line' id='line_1_7' title="bbox 437 765 2085 839; baseline -0.002 -17"><span class='ocrx_word' id='word_1_36' title='bbox 437 766 812 836; x_wconf 76' lang='lat' dir='ltr'><strong>generatione</strong></span> <span class='ocrx_word' id='word_1_37' title='bbox 869 766 1130 839; x_wconf 86' lang='lat' dir='ltr'>legitima</span> <span class='ocrx_word' id='word_1_38' title='bbox 1200 766 1503 837; x_wconf 82' lang='lat' dir='ltr'>respondit</span> <span class='ocrx_word' id='word_1_39' title='bbox 1580 765 1874 820; x_wconf 79' lang='lat' dir='ltr'>Abraham</span> <span class='ocrx_word' id='word_1_40' title='bbox 1932 766 2085 820; x_wconf 87' lang='lat' dir='ltr'>Deo:</span> 
     </span>
    </p>
   </div>
   <div class='ocr_carea' id='block_1_8' title="bbox 441 854 2085 926">
    <p class='ocr_par' dir='ltr' id='par_1_8' title="bbox 441 854 2085 926">
     <span class='ocr_line' id='line_1_8' title="bbox 441 854 2085 926; baseline -0.002 -17"><span class='ocrx_word' id='word_1_41' title='bbox 441 856 633 912; x_wconf 82' lang='lat' dir='ltr'>Ismael</span> <span class='ocrx_word' id='word_1_42' title='bbox 682 859 832 911; x_wconf 80' lang='lat' dir='ltr'>vivat</span> <span class='ocrx_word' id='word_1_43' title='bbox 878 856 967 909; x_wconf 80' lang='lat' dir='ltr'>hic</span> <span class='ocrx_word' id='word_1_44' title='bbox 1021 858 1077 909; x_wconf 22' lang='lat' dir='ltr'>in.</span> <span class='ocrx_word' id='word_1_45' title='bbox 1114 860 1399 926; x_wconf 67' lang='lat' dir='ltr'>conspectu</span> <span class='ocrx_word' id='word_1_46' title='bbox 1442 859 1532 909; x_wconf 74' lang='lat' dir='ltr'>tuo</span> <span class='ocrx_word' id='word_1_47' title='bbox 1585 854 1736 925; x_wconf 79' lang='lat' dir='ltr'>(Gen.</span> <span class='ocrx_word' id='word_1_48' title='bbox 1792 872 1925 919; x_wconf 83' lang='lat' dir='ltr'>xvn,</span> <span class='ocrx_word' id='word_1_49' title='bbox 1980 854 2085 923; x_wconf 81' lang='lat'>18).</span> 
     </span>
    </p>
   </div>
   <div class='ocr_carea' id='block_1_9' title="bbox 438 943 2084 1014">
    <p class='ocr_par' dir='ltr' id='par_1_9' title="bbox 438 943 2084 1014">
     <span class='ocr_line' id='line_1_9' title="bbox 438 943 2084 1014; baseline -0.003 -14"><span class='ocrx_word' id='word_1_50' title='bbox 438 945 591 1000; x_wconf 88' lang='lat' dir='ltr'>Justi</span> <span class='ocrx_word' id='word_1_51' title='bbox 623 949 712 1001; x_wconf 90' lang='lat' dir='ltr'>est</span> <span class='ocrx_word' id='word_1_52' title='bbox 731 945 903 999; x_wconf 89' lang='lat' dir='ltr'>etiam</span> <span class='ocrx_word' id='word_1_53' title='bbox 926 960 1024 1014; x_wconf 88' lang='lat' dir='ltr'>pro</span> <span class='ocrx_word' id='word_1_54' title='bbox 1046 944 1445 1014; x_wconf 89' lang='lat' dir='ltr'>peccatoribus</span> <span class='ocrx_word' id='word_1_55' title='bbox 1466 943 1814 999; x_wconf 77' lang='lat' dir='ltr'><strong>intervenire</strong></span> <span class='ocrx_word' id='word_1_56' title='bbox 1838 961 1850 1009; x_wconf 87' lang='lat'><strong>;</strong></span> <span class='ocrx_word' id='word_1_57' title='bbox 1877 947 1931 997; x_wconf 88' lang='lat' dir='ltr'>et</span> <span class='ocrx_word' id='word_1_58' title='bbox 1958 943 2084 996; x_wconf 83' lang='lat' dir='ltr'>ideo</span> 
     </span>
    </p>
   </div>
   <div class='ocr_carea' id='block_1_10' title="bbox 440 1030 2081 1104">
    <p class='ocr_par' dir='ltr' id='par_1_10' title="bbox 440 1030 2081 1104">
     <span class='ocr_line' id='line_1_10' title="bbox 440 1030 2081 1104; baseline -0.002 -17"><span class='ocrx_word' id='word_1_59' title='bbox 440 1032 526 1087; x_wconf 82' lang='lat' dir='ltr'>vel</span> <span class='ocrx_word' id='word_1_60' title='bbox 567 1033 675 1087; x_wconf 89' lang='lat' dir='ltr'>hoc</span> <span class='ocrx_word' id='word_1_61' title='bbox 704 1032 942 1086; x_wconf 83' lang='lat' dir='ltr'>credant</span> <span class='ocrx_word' id='word_1_62' title='bbox 965 1031 1174 1099; x_wconf 67' lang='lat' dir='ltr'>Judaei,</span> <span class='ocrx_word' id='word_1_63' title='bbox 1209 1032 1347 1102; x_wconf 89' lang='lat' dir='ltr'>quia</span> <span class='ocrx_word' id='word_1_64' title='bbox 1379 1036 1433 1087; x_wconf 87' lang='lat' dir='ltr'>et</span> <span class='ocrx_word' id='word_1_65' title='bbox 1465 1049 1568 1103; x_wconf 90' lang='lat' dir='ltr'>pro</span> <span class='ocrx_word' id='word_1_66' title='bbox 1589 1030 2081 1104; x_wconf 78' lang='lat' dir='ltr'>ipsisintervenit,</span> 
     </span>
    </p>
   </div>
   <div class='ocr_carea' id='block_1_11' title="bbox 441 1114 2085 1190">
    <p class='ocr_par' dir='ltr' id='par_1_11' title="bbox 441 1114 2085 1190">
     <span class='ocr_line' id='line_1_11' title="bbox 441 1114 2085 1190; baseline -0.001 -16"><span class='ocrx_word' id='word_1_67' title='bbox 441 1122 489 1174; x_wconf 89' lang='lat' dir='ltr'>si</span> <span class='ocrx_word' id='word_1_68' title='bbox 522 1125 717 1176; x_wconf 87' lang='lat' dir='ltr'>tamen</span> <span class='ocrx_word' id='word_1_69' title='bbox 748 1114 1006 1175; x_wconf 76' lang='lat' dir='ltr'>erodant.</span> <span class='ocrx_word' id='word_1_70' title='bbox 1035 1120 1147 1175; x_wconf 85' lang='lat' dir='ltr'>Hoc</span> <span class='ocrx_word' id='word_1_71' title='bbox 1171 1126 1259 1175; x_wconf 88' lang='lat' dir='ltr'>est</span> <span class='ocrx_word' id='word_1_72' title='bbox 1281 1121 1437 1174; x_wconf 90' lang='lat' dir='ltr'>enim</span> <span class='ocrx_word' id='word_1_73' title='bbox 1467 1122 1654 1176; x_wconf 83' lang='lat' dir='ltr'>vivere</span> <span class='ocrx_word' id='word_1_74' title='bbox 1681 1121 1737 1173; x_wconf 87' lang='lat' dir='ltr'>in</span> <span class='ocrx_word' id='word_1_75' title='bbox 1772 1126 2085 1190; x_wconf 87' lang='lat' dir='ltr'>conspectu</span> 
     </span>
    </p>
   </div>
   <div class='ocr_carea' id='block_1_12' title="bbox 444 1207 2084 1281">
    <p class='ocr_par' dir='ltr' id='par_1_12' title="bbox 444 1207 2084 1281">
     <span class='ocr_line' id='line_1_12' title="bbox 444 1207 2084 1281; baseline -0.001 -18"><span class='ocrx_word' id='word_1_76' title='bbox 444 1209 561 1277; x_wconf 89' lang='lat' dir='ltr'>Dei,</span> <span class='ocrx_word' id='word_1_77' title='bbox 590 1210 768 1281; x_wconf 90' lang='lat' dir='ltr'>digna</span> <span class='ocrx_word' id='word_1_78' title='bbox 797 1208 897 1263; x_wconf 89' lang='lat' dir='ltr'>Dei</span> <span class='ocrx_word' id='word_1_79' title='bbox 934 1208 1111 1263; x_wconf 90' lang='lat' dir='ltr'>Verbo</span> <span class='ocrx_word' id='word_1_80' title='bbox 1162 1209 1390 1280; x_wconf 85' lang='lat' dir='ltr'>negotia</span> <span class='ocrx_word' id='word_1_81' title='bbox 1433 1226 1663 1281; x_wconf 84' lang='lat' dir='ltr'>gerere;</span> <span class='ocrx_word' id='word_1_82' title='bbox 1717 1207 1869 1263; x_wconf 90' lang='lat' dir='ltr'>oculi</span> <span class='ocrx_word' id='word_1_83' title='bbox 1928 1208 2084 1263; x_wconf 87' lang='lat' dir='ltr'>enim</span> 
     </span>
    </p>
   </div>
   <div class='ocr_carea' id='block_1_13' title="bbox 441 1296 1129 1369">
    <p class='ocr_par' dir='ltr' id='par_1_13' title="bbox 441 1296 1129 1369">
     <span class='ocr_line' id='line_1_13' title="bbox 441 1296 1129 1369; baseline 0.004 -17"><span class='ocrx_word' id='word_1_84' title='bbox 441 1296 675 1354; x_wconf 86' lang='lat' dir='ltr'>Domini</span> <span class='ocrx_word' id='word_1_85' title='bbox 706 1314 882 1369; x_wconf 88' lang='lat' dir='ltr'>super</span> <span class='ocrx_word' id='word_1_86' title='bbox 914 1299 1129 1368; x_wconf 87' lang='lat' dir='ltr'>justos.</span> 
     </span>
    </p>
   </div>
   <div class='ocr_carea' id='block_1_14' title="bbox 512 1386 2086 1441">
    <p class='ocr_par' dir='ltr' id='par_1_14' title="bbox 512 1386 2086 1441">
     <span class='ocr_line' id='line_1_14' title="bbox 512 1386 2086 1441; baseline -0.001 -1"><span class='ocrx_word' id='word_1_87' title='bbox 512 1388 600 1441; x_wconf 82' lang='lat'>89.</span> <span class='ocrx_word' id='word_1_88' title='bbox 644 1386 806 1441; x_wconf 87' lang='lat' dir='ltr'>Unde</span> <span class='ocrx_word' id='word_1_89' title='bbox 855 1392 911 1440; x_wconf 91' lang='lat' dir='ltr'>et</span> <span class='ocrx_word' id='word_1_90' title='bbox 962 1386 1247 1441; x_wconf 86' lang='lat' dir='ltr'>Dominus</span> <span class='ocrx_word' id='word_1_91' title='bbox 1303 1386 1414 1440; x_wconf 83' lang='lat' dir='ltr'>ait:</span> <span class='ocrx_word' id='word_1_92' title='bbox 1475 1386 1675 1439; x_wconf 71' lang='lat' dir='ltr'>Etiam.</span> <span class='ocrx_word' id='word_1_93' title='bbox 1740 1390 1869 1441; x_wconf 67' lang='lat' dir='ltr'>Ecce</span> <span class='ocrx_word' id='word_1_94' title='bbox 1916 1386 2086 1439; x_wconf 79' lang='lat' dir='ltr'>Sarra</span> 
     </span>
    </p>
   </div>
   <div class='ocr_carea' id='block_1_15' title="bbox 442 1476 2083 1547">
    <p class='ocr_par' dir='ltr' id='par_1_15' title="bbox 442 1476 2083 1547">
     <span class='ocr_line' id='line_1_15' title="bbox 442 1476 2083 1547; baseline -0.002 -17"><span class='ocrx_word' id='word_1_95' title='bbox 442 1493 581 1531; x_wconf 70' lang='lat' dir='ltr'>uxor</span> <span class='ocrx_word' id='word_1_96' title='bbox 613 1480 705 1530; x_wconf 81' lang='lat' dir='ltr'>tua</span> <span class='ocrx_word' id='word_1_97' title='bbox 731 1477 911 1547; x_wconf 71' lang='lat' dir='ltr'>pariet</span> <span class='ocrx_word' id='word_1_98' title='bbox 934 1476 1035 1529; x_wconf 73' lang='lat' dir='ltr'>tibi</span> <span class='ocrx_word' id='word_1_99' title='bbox 1062 1476 1261 1544; x_wconf 77' lang='lat' dir='ltr'>ﬁlium.</span> <span class='ocrx_word' id='word_1_100' title='bbox 1392 1476 1463 1529; x_wconf 81' lang='lat' dir='ltr'>De</span> <span class='ocrx_word' id='word_1_101' title='bbox 1494 1476 1688 1529; x_wconf 82' lang='lat' dir='ltr'>Ismael</span> <span class='ocrx_word' id='word_1_102' title='bbox 1710 1478 1891 1528; x_wconf 76' lang='lat' dir='ltr'>autem</span> <span class='ocrx_word' id='word_1_103' title='bbox 1913 1490 2083 1528; x_wconf 69' lang='lat' dir='ltr'>exau-</span> 
     </span>
    </p>
   </div>
   <div class='ocr_carea' id='block_1_16' title="bbox 438 1563 2086 1634">
    <p class='ocr_par' dir='ltr' id='par_1_16' title="bbox 438 1563 2086 1634">
     <span class='ocr_line' id='line_1_16' title="bbox 438 1563 2086 1634; baseline -0.002 -15"><span class='ocrx_word' id='word_1_104' title='bbox 438 1568 558 1620; x_wconf 69' lang='grc' dir='ltr'>(1ιίρὶ</span> <span class='ocrx_word' id='word_1_105' title='bbox 585 1570 637 1620; x_wconf 82' lang='lat' dir='ltr'>te</span> <span class='ocrx_word' id='word_1_106' title='bbox 660 1565 815 1634; x_wconf 71' lang='lat' dir='ltr'>(Ibid.</span> <span class='ocrx_word' id='word_1_107' title='bbox 859 1564 941 1619; x_wconf 83' lang='grc'>19.</span> <span class='ocrx_word' id='word_1_108' title='bbox 973 1567 1084 1632; x_wconf 83' lang='grc'>20).</span> <span class='ocrx_word' id='word_1_109' title='bbox 1131 1566 1311 1619; x_wconf 76' lang='lat' dir='ltr'>Etiam</span> <span class='ocrx_word' id='word_1_110' title='bbox 1364 1580 1497 1617; x_wconf 90' lang='lat' dir='ltr'>cum</span> <span class='ocrx_word' id='word_1_111' title='bbox 1556 1563 1715 1629; x_wconf 84' lang='lat' dir='ltr'>dicit,</span> <span class='ocrx_word' id='word_1_112' title='bbox 1778 1563 2086 1618; x_wconf 85' lang='lat' dir='ltr'>conﬁrmat</span> 
     </span>
    </p>
   </div>
   <div class='ocr_carea' id='block_1_17' title="bbox 441 1650 2087 1726">
    <p class='ocr_par' dir='ltr' id='par_1_17' title="bbox 441 1650 2087 1726">
     <span class='ocr_line' id='line_1_17' title="bbox 441 1650 2087 1726; baseline -0.002 -18"><span class='ocrx_word' id='word_1_113' title='bbox 441 1654 767 1726; x_wconf 86' lang='lat' dir='ltr'>promissa;</span> <span class='ocrx_word' id='word_1_114' title='bbox 803 1652 1271 1711; x_wconf 80' lang='lat' dir='ltr'>confirmativam</span> <span class='ocrx_word' id='word_1_115' title='bbox 1304 1653 1519 1708; x_wconf 90' lang='lat' dir='ltr'>etenim</span> <span class='ocrx_word' id='word_1_116' title='bbox 1573 1652 1815 1706; x_wconf 84' lang='lat' dir='ltr'>verbum</span> <span class='ocrx_word' id='word_1_117' title='bbox 1877 1655 1982 1705; x_wconf 90' lang='lat' dir='ltr'>est.</span> <span class='ocrx_word' id='word_1_118' title='bbox 2018 1650 2087 1704; x_wconf 83' lang='lat' dir='ltr'>Et</span> 
     </span>
    </p>
   </div>
   <div class='ocr_carea' id='block_1_18' title="bbox 436 1740 2081 1815">
    <p class='ocr_par' dir='ltr' id='par_1_18' title="bbox 436 1740 2081 1815">
     <span class='ocr_line' id='line_1_18' title="bbox 436 1740 2081 1815; baseline -0.002 -19"><span class='ocrx_word' id='word_1_119' title='bbox 436 1745 565 1799; x_wconf 85' lang='lat' dir='ltr'>ideo</span> <span class='ocrx_word' id='word_1_120' title='bbox 599 1744 761 1815; x_wconf 88' lang='lat' dir='ltr'>prius</span> <span class='ocrx_word' id='word_1_121' title='bbox 791 1743 1223 1815; x_wconf 87' lang='lat' dir='ltr'>generationem</span> <span class='ocrx_word' id='word_1_122' title='bbox 1276 1741 1541 1796; x_wconf 57' lang='lat' dir='ltr'>Ecclesia</span> <span class='ocrx_word' id='word_1_123' title='bbox 1575 1741 1883 1795; x_wconf 80' lang='lat' dir='ltr'>conﬁrmat</span> <span class='ocrx_word' id='word_1_124' title='bbox 1926 1740 2081 1794; x_wconf 88' lang='lat' dir='ltr'>futu-</span> 
     </span>
    </p>
   </div>
   <div class='ocr_carea' id='block_1_19' title="bbox 439 1828 2086 1903">
    <p class='ocr_par' dir='ltr' id='par_1_19' title="bbox 439 1828 2086 1903">
     <span class='ocr_line' id='line_1_19' title="bbox 439 1828 2086 1903; baseline -0.002 -17"><span class='ocrx_word' id='word_1_125' title='bbox 439 1849 585 1899; x_wconf 84' lang='lat' dir='ltr'>ram,</span> <span class='ocrx_word' id='word_1_126' title='bbox 614 1837 886 1887; x_wconf 88' lang='lat' dir='ltr'>utverum</span> <span class='ocrx_word' id='word_1_127' title='bbox 911 1836 1282 1903; x_wconf 80' lang='lat' dir='ltr'>cognosceret</span> <span class='ocrx_word' id='word_1_128' title='bbox 1304 1831 1585 1901; x_wconf 84' lang='lat' dir='ltr'>propheta</span> <span class='ocrx_word' id='word_1_129' title='bbox 1607 1829 1761 1900; x_wconf 87' lang='lat' dir='ltr'>quod</span> <span class='ocrx_word' id='word_1_130' title='bbox 1786 1830 1855 1884; x_wconf 90' lang='lat' dir='ltr'>de</span> <span class='ocrx_word' id='word_1_131' title='bbox 1881 1828 2086 1883; x_wconf 88' lang='lat' dir='ltr'>Ismacl</span> 
     </span>
    </p>
   </div>
   <div class='ocr_carea' id='block_1_20' title="bbox 438 1917 2085 1990">
    <p class='ocr_par' dir='ltr' id='par_1_20' title="bbox 438 1917 2085 1990">
     <span class='ocr_line' id='line_1_20' title="bbox 438 1917 2085 1990; baseline -0.003 -15"><span class='ocrx_word' id='word_1_132' title='bbox 438 1937 501 1975; x_wconf 89' lang='lat' dir='ltr'>se</span> <span class='ocrx_word' id='word_1_133' title='bbox 532 1920 767 1975; x_wconf 78' lang='lat' dir='ltr'>audisse</span> <span class='ocrx_word' id='word_1_134' title='bbox 800 1920 944 1974; x_wconf 81' lang='lat' dir='ltr'>dixit</span> <span class='ocrx_word' id='word_1_135' title='bbox 965 1920 1137 1985; x_wconf 89' lang='lat' dir='ltr'>Deus,</span> <span class='ocrx_word' id='word_1_136' title='bbox 1164 1919 1470 1990; x_wconf 83' lang='lat' dir='ltr'>providens</span> <span class='ocrx_word' id='word_1_137' title='bbox 1492 1919 1631 1989; x_wconf 86' lang='lat' dir='ltr'>quia</span> <span class='ocrx_word' id='word_1_138' title='bbox 1651 1918 1878 1971; x_wconf 82' lang='lat' dir='ltr'>caecitas</span> <span class='ocrx_word' id='word_1_139' title='bbox 1915 1917 2085 1970; x_wconf 91' lang='lat' dir='ltr'>Israel</span> 
     </span>
    </p>
   </div>
   <div class='ocr_carea' id='block_1_21' title="bbox 437 2000 2086 2080">
    <p class='ocr_par' dir='ltr' id='par_1_21' title="bbox 437 2000 2086 2080">
     <span class='ocr_line' id='line_1_21' title="bbox 437 2000 2086 2080; baseline -0.003 -17"><span class='ocrx_word' id='word_1_140' title='bbox 437 2025 504 2063; x_wconf 84' lang='lat' dir='ltr'>ex</span> <span class='ocrx_word' id='word_1_141' title='bbox 526 2012 686 2080; x_wconf 90' lang='lat' dir='ltr'>parte</span> <span class='ocrx_word' id='word_1_142' title='bbox 718 2007 954 2063; x_wconf 83' lang='lat' dir='ltr'>haberet</span> <span class='ocrx_word' id='word_1_143' title='bbox 983 2008 1338 2078; x_wconf 88' lang='lat' dir='ltr'>contingere,</span> <span class='ocrx_word' id='word_1_144' title='bbox 1398 2000 1579 2061; x_wconf 88' lang='lat' dir='ltr'>donec</span> <span class='ocrx_word' id='word_1_145' title='bbox 1614 2002 1912 2076; x_wconf 86' lang='lat' dir='ltr'>plenitudo</span> <span class='ocrx_word' id='word_1_146' title='bbox 1945 2021 2086 2076; x_wconf 90' lang='lat' dir='ltr'>gen-</span> 
     </span>
    </p>
   </div>
   <div class='ocr_carea' id='block_1_22' title="bbox 440 2093 2088 2164">
    <p class='ocr_par' dir='ltr' id='par_1_22' title="bbox 440 2093 2088 2164">
     <span class='ocr_line' id='line_1_22' title="bbox 440 2093 2088 2164; baseline -0.003 -13"><span class='ocrx_word' id='word_1_147' title='bbox 440 2098 587 2151; x_wconf 86' lang='lat' dir='ltr'>tium</span> <span class='ocrx_word' id='word_1_148' title='bbox 618 2095 880 2164; x_wconf 87' lang='lat' dir='ltr'>intraret,</span> <span class='ocrx_word' id='word_1_149' title='bbox 908 2100 963 2151; x_wconf 86' lang='lat' dir='ltr'>et</span> <span class='ocrx_word' id='word_1_150' title='bbox 995 2095 1075 2151; x_wconf 90' lang='lat' dir='ltr'>sic</span> <span class='ocrx_word' id='word_1_151' title='bbox 1108 2096 1299 2151; x_wconf 89' lang='lat' dir='ltr'>omnis</span> <span class='ocrx_word' id='word_1_152' title='bbox 1332 2095 1505 2150; x_wconf 83' lang='lat' dir='ltr'>Israel</span> <span class='ocrx_word' id='word_1_153' title='bbox 1538 2093 1732 2149; x_wconf 84' lang='lat' dir='ltr'>salvus</span> <span class='ocrx_word' id='word_1_154' title='bbox 1764 2094 1944 2148; x_wconf 77' lang='lat' dir='ltr'>fieret.</span> <span class='ocrx_word' id='word_1_155' title='bbox 1982 2095 2088 2147; x_wconf 85' lang='lat' dir='ltr'>Ita-</span> 
     </span>
    </p>
   </div>
   <div class='ocr_carea' id='block_1_23' title="bbox 441 2181 2086 2256">
    <p class='ocr_par' dir='ltr' id='par_1_23' title="bbox 441 2181 2086 2256">
     <span class='ocr_line' id='line_1_23' title="bbox 441 2181 2086 2256; baseline -0.001 -17"><span class='ocrx_word' id='word_1_156' title='bbox 441 2203 552 2256; x_wconf 89' lang='lat' dir='ltr'>que</span> <span class='ocrx_word' id='word_1_157' title='bbox 584 2185 737 2241; x_wconf 87' lang='lat' dir='ltr'>sicut</span> <span class='ocrx_word' id='word_1_158' title='bbox 769 2190 1116 2241; x_wconf 88' lang='lat' dir='ltr'>testamenta</span> <span class='ocrx_word' id='word_1_159' title='bbox 1148 2185 1452 2240; x_wconf 83' lang='lat' dir='ltr'>hominum</span> <span class='ocrx_word' id='word_1_160' title='bbox 1487 2183 1647 2256; x_wconf 87' lang='lat' dir='ltr'>prius</span> <span class='ocrx_word' id='word_1_161' title='bbox 1679 2183 1962 2237; x_wconf 64' lang='lat' dir='ltr'>haerodom</span> <span class='ocrx_word' id='word_1_162' title='bbox 2006 2181 2086 2237; x_wconf 85' lang='lat' dir='ltr'>fe-</span> 
     </span>
    </p>
   </div>
   <div class='ocr_carea' id='block_1_24' title="bbox 443 2272 2087 2347">
    <p class='ocr_par' dir='ltr' id='par_1_24' title="bbox 443 2272 2087 2347">
     <span class='ocr_line' id='line_1_24' title="bbox 443 2272 2087 2347; baseline -0.002 -18"><span class='ocrx_word' id='word_1_163' title='bbox 443 2280 579 2331; x_wconf 90' lang='lat' dir='ltr'>runt</span> <span class='ocrx_word' id='word_1_164' title='bbox 610 2277 743 2346; x_wconf 83' lang='lat'>(61),</span> <span class='ocrx_word' id='word_1_165' title='bbox 778 2281 977 2347; x_wconf 87' lang='lat' dir='ltr'>postea</span> <span class='ocrx_word' id='word_1_166' title='bbox 1018 2275 1273 2346; x_wconf 88' lang='lat' dir='ltr'>legatum</span> <span class='ocrx_word' id='word_1_167' title='bbox 1334 2276 1688 2345; x_wconf 84' lang='lat' dir='ltr'>exprimunt,</span> <span class='ocrx_word' id='word_1_168' title='bbox 1748 2272 2087 2327; x_wconf 84' lang='lat' dir='ltr'>melioribus</span> 
     </span>
    </p>
   </div>
   <div class='ocr_carea' id='block_1_25' title="bbox 441 2360 2085 2433">
    <p class='ocr_par' dir='ltr' id='par_1_25' title="bbox 441 2360 2085 2433">
     <span class='ocr_line' id='line_1_25' title="bbox 441 2360 2085 2433; baseline -0.002 -15"><span class='ocrx_word' id='word_1_169' title='bbox 441 2365 856 2431; x_wconf 73' lang='lat' dir='ltr'>haereditatein,</span> <span class='ocrx_word' id='word_1_170' title='bbox 898 2363 1273 2419; x_wconf 86' lang='lat' dir='ltr'>inferioribus</span> <span class='ocrx_word' id='word_1_171' title='bbox 1304 2362 1538 2433; x_wconf 85' lang='lat' dir='ltr'>legata:</span> <span class='ocrx_word' id='word_1_172' title='bbox 1604 2363 1681 2416; x_wconf 85' lang='lat' dir='ltr'>ita</span> <span class='ocrx_word' id='word_1_173' title='bbox 1738 2361 1797 2415; x_wconf 92' lang='lat' dir='ltr'>in</span> <span class='ocrx_word' id='word_1_174' title='bbox 1856 2360 2085 2416; x_wconf 86' lang='lat' dir='ltr'>Domini</span> 
     </span>
    </p>
   </div>
   <div class='ocr_carea' id='block_1_26' title="bbox 442 2449 2085 2520">
    <p class='ocr_par' dir='ltr' id='par_1_26' title="bbox 442 2449 2085 2520">
     <span class='ocr_line' id='line_1_26' title="bbox 442 2449 2085 2520; baseline -0.002 -13"><span class='ocrx_word' id='word_1_175' title='bbox 442 2458 811 2518; x_wconf 85' lang='lat' dir='ltr'>testamento,</span> <span class='ocrx_word' id='word_1_176' title='bbox 848 2453 1001 2506; x_wconf 88' lang='lat' dir='ltr'>unde</span> <span class='ocrx_word' id='word_1_177' title='bbox 1032 2457 1086 2505; x_wconf 88' lang='lat' dir='ltr'>et</span> <span class='ocrx_word' id='word_1_178' title='bbox 1117 2470 1223 2507; x_wconf 85' lang='lat' dir='ltr'>nos</span> <span class='ocrx_word' id='word_1_179' title='bbox 1255 2452 1409 2506; x_wconf 88' lang='lat' dir='ltr'>hunc</span> <span class='ocrx_word' id='word_1_180' title='bbox 1454 2467 1673 2505; x_wconf 89' lang='lat' dir='ltr'>morem</span> <span class='ocrx_word' id='word_1_181' title='bbox 1733 2449 2085 2520; x_wconf 80' lang='lat' dir='ltr'>accepimus,</span> 
     </span>
    </p>
   </div>
   <div class='ocr_carea' id='block_1_27' title="bbox 440 2537 2088 2610">
    <p class='ocr_par' dir='ltr' id='par_1_27' title="bbox 440 2537 2088 2610">
     <span class='ocr_line' id='line_1_27' title="bbox 440 2537 2088 2610; baseline -0.002 -15"><span class='ocrx_word' id='word_1_182' title='bbox 440 2542 623 2597; x_wconf 81' lang='lat' dir='ltr'>haeres</span> <span class='ocrx_word' id='word_1_183' title='bbox 673 2540 948 2597; x_wconf 86' lang='lat' dir='ltr'>scribitur</span> <span class='ocrx_word' id='word_1_184' title='bbox 1009 2548 1214 2594; x_wconf 75' lang='lat' dir='ltr'>natura</span> <span class='ocrx_word' id='word_1_185' title='bbox 1260 2541 1470 2604; x_wconf 81' lang='lat' dir='ltr'>bonus,</span> <span class='ocrx_word' id='word_1_186' title='bbox 1532 2537 1764 2606; x_wconf 88' lang='lat' dir='ltr'>nobilis,</span> <span class='ocrx_word' id='word_1_187' title='bbox 1827 2537 2088 2610; x_wconf 84' lang='lat' dir='ltr'>legitimo</span> 
     </span>
    </p>
   </div>
   <div class='ocr_carea' id='block_1_28' title="bbox 436 2628 1801 2701">
    <p class='ocr_par' dir='ltr' id='par_1_28' title="bbox 436 2628 1801 2701">
     <span class='ocr_line' id='line_1_28' title="bbox 436 2628 1801 2701; baseline -0.003 -16"><span class='ocrx_word' id='word_1_188' title='bbox 436 2634 665 2685; x_wconf 86' lang='lat' dir='ltr'>creatus</span> <span class='ocrx_word' id='word_1_189' title='bbox 697 2630 966 2701; x_wconf 85' lang='lat' dir='ltr'>conjugio</span> <span class='ocrx_word' id='word_1_190' title='bbox 993 2646 1005 2683; x_wconf 88' lang='lat'><strong>:</strong></span> <span class='ocrx_word' id='word_1_191' title='bbox 1040 2628 1228 2699; x_wconf 84' lang='lat' dir='ltr'>legato</span> <span class='ocrx_word' id='word_1_192' title='bbox 1260 2628 1510 2682; x_wconf 85' lang='lat' dir='ltr'>donatur</span> <span class='ocrx_word' id='word_1_193' title='bbox 1544 2628 1801 2682; x_wconf 85' lang='lat' dir='ltr'>inferior.</span> 
     </span>
    </p>
   </div>
   <div class='ocr_carea' id='block_1_29' title="bbox 505 2714 2088 2788">
    <p class='ocr_par' dir='ltr' id='par_1_29' title="bbox 505 2714 2088 2788">
     <span class='ocr_line' id='line_1_29' title="bbox 505 2714 2088 2788; baseline -0.001 -16"><span class='ocrx_word' id='word_1_194' title='bbox 505 2718 594 2773; x_wconf 91' lang='lat'>90.</span> <span class='ocrx_word' id='word_1_195' title='bbox 636 2718 1006 2774; x_wconf 88' lang='lat' dir='ltr'>Promittitur</span> <span class='ocrx_word' id='word_1_196' title='bbox 1035 2722 1228 2772; x_wconf 88' lang='lat' dir='ltr'>autem</span> <span class='ocrx_word' id='word_1_197' title='bbox 1279 2717 1572 2788; x_wconf 85' lang='lat' dir='ltr'>generatio</span> <span class='ocrx_word' id='word_1_198' title='bbox 1623 2714 1887 2787; x_wconf 84' lang='lat' dir='ltr'>sequenti</span> <span class='ocrx_word' id='word_1_199' title='bbox 1936 2732 2088 2771; x_wconf 89' lang='lat' dir='ltr'>anno</span> 
     </span>
    </p>
   </div>
   <div class='ocr_carea' id='block_1_30' title="bbox 510 2883 2088 2957">
    <p class='ocr_par' dir='ltr' id='par_1_30' title="bbox 510 2883 2088 2957">
     <span class='ocr_line' id='line_1_30' title="bbox 510 2883 2088 2957; baseline -0.003 -16"><span class='ocrx_word' id='word_1_200' title='bbox 510 2887 631 2957; x_wconf 5' lang='lat'>(51),</span> <span class='ocrx_word' id='word_1_201' title='bbox 655 2886 807 2940; x_wconf 90' lang='lat' dir='ltr'>Edit.</span> <span class='ocrx_word' id='word_1_202' title='bbox 843 2886 1035 2953; x_wconf 82' lang='lat' dir='ltr'>Rom.,</span> <span class='ocrx_word' id='word_1_203' title='bbox 1069 2884 1340 2957; x_wconf 63' lang='lat' dir='ltr'>ltwrcdem</span> <span class='ocrx_word' id='word_1_204' title='bbox 1367 2887 1632 2957; x_wconf 44' lang='lat' dir='ltr'>sontant.</span> <span class='ocrx_word' id='word_1_205' title='bbox 1665 2883 1803 2937; x_wconf 69' lang='lat' dir='ltr'>Aliae</span> <span class='ocrx_word' id='word_1_206' title='bbox 1836 2883 1974 2937; x_wconf 89' lang='lat' dir='ltr'>edit.</span> <span class='ocrx_word' id='word_1_207' title='bbox 2034 2886 2088 2937; x_wconf 88' lang='lat' dir='ltr'>et</span> 
     </span>
    </p>
   </div>
   <div class='ocr_carea' id='block_1_31' title="bbox 440 2956 2084 3026">
    <p class='ocr_par' dir='ltr' id='par_1_31' title="bbox 440 2956 2084 3026">
     <span class='ocr_line' id='line_1_31' title="bbox 440 2956 2084 3026; baseline -0.002 -15"><span class='ocrx_word' id='word_1_208' title='bbox 440 2956 639 3011; x_wconf 91' lang='lat' dir='ltr'>cuncti</span> <span class='ocrx_word' id='word_1_209' title='bbox 690 2973 858 3019; x_wconf 90' lang='lat' dir='ltr'>mss.,</span> <span class='ocrx_word' id='word_1_210' title='bbox 907 2956 1178 3011; x_wconf 62' lang='lat' dir='ltr'>hmrcdem</span> <span class='ocrx_word' id='word_1_211' title='bbox 1228 2959 1434 3025; x_wconf 79' lang='lat' dir='ltr'>ferunt.</span> <span class='ocrx_word' id='word_1_212' title='bbox 1467 2956 1535 3008; x_wconf 89' lang='lat' dir='ltr'>Et</span> <span class='ocrx_word' id='word_1_213' title='bbox 1583 2960 1712 3026; x_wconf 86' lang='lat' dir='ltr'>post</span> <span class='ocrx_word' id='word_1_214' title='bbox 1751 2970 1932 3025; x_wconf 78' lang='lat' dir='ltr'>pauca</span> <span class='ocrx_word' id='word_1_215' title='bbox 1964 2960 2084 3008; x_wconf 86' lang='lat' dir='ltr'>aut.</span> 
     </span>
    </p>
   </div>
   <div class='ocr_carea' id='block_1_32' title="bbox 442 3028 2083 3095">
    <p class='ocr_par' dir='ltr' id='par_1_32' title="bbox 442 3028 2083 3095">
     <span class='ocr_line' id='line_1_32' title="bbox 442 3028 2083 3095; baseline -0.001 -15"><span class='ocrx_word' id='word_1_216' title='bbox 442 3028 606 3095; x_wconf 88' lang='lat' dir='ltr'>edit.,</span> <span class='ocrx_word' id='word_1_217' title='bbox 640 3029 720 3082; x_wconf 78' lang='lat' dir='ltr'>ita</span> <span class='ocrx_word' id='word_1_218' title='bbox 740 3030 797 3081; x_wconf 79' lang='lat' dir='ltr'>in</span> <span class='ocrx_word' id='word_1_219' title='bbox 833 3032 1007 3082; x_wconf 82' lang='lat' dir='ltr'>Deum</span> <span class='ocrx_word' id='word_1_220' title='bbox 1027 3028 1087 3080; x_wconf 83' lang='lat' dir='ltr'>in</span> <span class='ocrx_word' id='word_1_221' title='bbox 1143 3030 1459 3081; x_wconf 78' lang='lat' dir='ltr'>testamento</span> <span class='ocrx_word' id='word_1_222' title='bbox 1506 3043 1700 3089; x_wconf 78' lang='lat' dir='ltr'>unmn,</span> <span class='ocrx_word' id='word_1_223' title='bbox 1732 3029 1781 3080; x_wconf 82' lang='lat' dir='ltr'>et</span> <span class='ocrx_word' id='word_1_224' title='bbox 1811 3042 1926 3090; x_wconf 81' lang='lat' dir='ltr'>nos,</span> <span class='ocrx_word' id='word_1_225' title='bbox 1975 3029 2083 3079; x_wconf 87' lang='lat' dir='ltr'>etc.</span> 
     </span>
    </p>
   </div>
   <div class='ocr_carea' id='block_1_33' title="bbox 441 3097 2086 3167">
    <p class='ocr_par' dir='ltr' id='par_1_33' title="bbox 441 3097 2086 3167">
     <span class='ocr_line' id='line_1_33' title="bbox 441 3097 2086 3167; baseline -0.002 -13"><span class='ocrx_word' id='word_1_226' title='bbox 441 3102 626 3164; x_wconf 84' lang='lat' dir='ltr'>Quam</span> <span class='ocrx_word' id='word_1_227' title='bbox 664 3098 969 3154; x_wconf 87' lang='lat' dir='ltr'>lectionem</span> <span class='ocrx_word' id='word_1_228' title='bbox 1002 3099 1167 3153; x_wconf 83' lang='lat' dir='ltr'>Rom.</span> <span class='ocrx_word' id='word_1_229' title='bbox 1202 3097 1339 3153; x_wconf 88' lang='lat' dir='ltr'>edit.</span> <span class='ocrx_word' id='word_1_230' title='bbox 1375 3114 1443 3152; x_wconf 86' lang='lat' dir='ltr'>ex</span> <span class='ocrx_word' id='word_1_231' title='bbox 1501 3098 1835 3167; x_wconf 86' lang='lat' dir='ltr'>conjectura</span> <span class='ocrx_word' id='word_1_232' title='bbox 1890 3112 2086 3152; x_wconf 83' lang='lat' dir='ltr'>emen-</span> 
     </span>
    </p>
   </div>
   <div class='ocr_carea' id='block_1_34' title="bbox 2205 500 3777 576">
    <p class='ocr_par' dir='ltr' id='par_1_34' title="bbox 2205 500 3777 576">
     <span class='ocr_line' id='line_1_34' title="bbox 2205 500 3777 576; baseline 0.004 -22"><span class='ocrx_word' id='word_1_233' title='bbox 2205 506 2402 555; x_wconf 89' lang='lat' dir='ltr'>ceatur</span> <span class='ocrx_word' id='word_1_234' title='bbox 2432 501 2737 566; x_wconf 89' lang='lat' dir='ltr'>Dominus,</span> <span class='ocrx_word' id='word_1_235' title='bbox 2771 501 2880 557; x_wconf 88' lang='lat' dir='ltr'>hoc</span> <span class='ocrx_word' id='word_1_236' title='bbox 2902 507 3012 567; x_wconf 90' lang='lat' dir='ltr'>est,</span> <span class='ocrx_word' id='word_1_237' title='bbox 3044 518 3159 556; x_wconf 91' lang='lat' dir='ltr'>non</span> <span class='ocrx_word' id='word_1_238' title='bbox 3182 500 3339 558; x_wconf 86' lang='lat' dir='ltr'>illam</span> <span class='ocrx_word' id='word_1_239' title='bbox 3360 501 3496 558; x_wconf 88' lang='lat' dir='ltr'>uteri</span> <span class='ocrx_word' id='word_1_240' title='bbox 3515 504 3777 576; x_wconf 81' lang='lat' dir='ltr'>corporalis</span> 
     </span>
    </p>
   </div>
   <div class='ocr_carea' id='block_1_35' title="bbox 2202 590 3780 662">
    <p class='ocr_par' dir='ltr' id='par_1_35' title="bbox 2202 590 3780 662">
     <span class='ocr_line' id='line_1_35' title="bbox 2202 590 3780 662; baseline 0.004 -19"><span class='ocrx_word' id='word_1_241' title='bbox 2202 590 2407 655; x_wconf 72' lang='lat' dir='ltr'>Sarrae,</span> <span class='ocrx_word' id='word_1_242' title='bbox 2439 590 2539 644; x_wconf 91' lang='lat' dir='ltr'>sed</span> <span class='ocrx_word' id='word_1_243' title='bbox 2575 590 2754 645; x_wconf 91' lang='lat' dir='ltr'>istum</span> <span class='ocrx_word' id='word_1_244' title='bbox 2788 594 3023 662; x_wconf 89' lang='lat' dir='ltr'>partum</span> <span class='ocrx_word' id='word_1_245' title='bbox 3055 590 3337 657; x_wconf 63' lang='lat' dir='ltr'>Ecclesiae,</span> <span class='ocrx_word' id='word_1_246' title='bbox 3369 590 3463 661; x_wconf 88' lang='lat' dir='ltr'>qui</span> <span class='ocrx_word' id='word_1_247' title='bbox 3493 596 3627 648; x_wconf 86' lang='lat' dir='ltr'>esset</span> <span class='ocrx_word' id='word_1_248' title='bbox 3657 594 3780 650; x_wconf 84' lang='lat' dir='ltr'>futu-</span> 
     </span>
    </p>
   </div>
   <div class='ocr_carea' id='block_1_36' title="bbox 2202 678 3778 751">
    <p class='ocr_par' dir='ltr' id='par_1_36' title="bbox 2202 678 3778 751">
     <span class='ocr_line' id='line_1_36' title="bbox 2202 678 3778 751; baseline 0.003 -19"><span class='ocrx_word' id='word_1_249' title='bbox 2202 695 2322 732; x_wconf 89' lang='lat' dir='ltr'>rus.</span> <span class='ocrx_word' id='word_1_250' title='bbox 2360 678 2618 748; x_wconf 89' lang='lat' dir='ltr'>Denique</span> <span class='ocrx_word' id='word_1_251' title='bbox 2641 682 2697 733; x_wconf 92' lang='lat' dir='ltr'>et</span> <span class='ocrx_word' id='word_1_252' title='bbox 2726 678 2877 733; x_wconf 87' lang='lat' dir='ltr'>infra</span> <span class='ocrx_word' id='word_1_253' title='bbox 2908 679 2990 733; x_wconf 91' lang='lat' dir='ltr'>ait</span> <span class='ocrx_word' id='word_1_254' title='bbox 3015 695 3028 734; x_wconf 88' lang='lat'><strong>:</strong></span> <span class='ocrx_word' id='word_1_255' title='bbox 3065 680 3323 735; x_wconf 79' lang='lat' dir='ltr'>Revertar</span> <span class='ocrx_word' id='word_1_256' title='bbox 3345 680 3412 735; x_wconf 85' lang='lat' dir='ltr'>ad</span> <span class='ocrx_word' id='word_1_257' title='bbox 3431 682 3551 735; x_wconf 80' lang='lat' dir='ltr'>tein</span> <span class='ocrx_word' id='word_1_258' title='bbox 3568 682 3778 751; x_wconf 79' lang='lat' dir='ltr'>fructum,</span> 
     </span>
    </p>
   </div>
   <div class='ocr_carea' id='block_1_37' title="bbox 2200 765 3785 842">
    <p class='ocr_par' dir='ltr' id='par_1_37' title="bbox 2200 765 3785 842">
     <span class='ocr_line' id='line_1_37' title="bbox 2200 765 3785 842; baseline 0.003 -21"><span class='ocrx_word' id='word_1_259' title='bbox 2200 771 2249 821; x_wconf 75' lang='lat' dir='ltr'>et</span> <span class='ocrx_word' id='word_1_260' title='bbox 2280 768 2384 821; x_wconf 76' lang='lat' dir='ltr'>erit</span> <span class='ocrx_word' id='word_1_261' title='bbox 2413 766 2597 821; x_wconf 78' lang='lat' dir='ltr'>Same</span> <span class='ocrx_word' id='word_1_262' title='bbox 2626 767 2778 838; x_wconf 77' lang='lat' dir='ltr'>ﬁlius</span> <span class='ocrx_word' id='word_1_263' title='bbox 2810 765 3143 838; x_wconf 77' lang='lat' dir='ltr'>(Gen.xv1u,</span> <span class='ocrx_word' id='word_1_264' title='bbox 3177 769 3281 839; x_wconf 81' lang='grc'>10).</span> <span class='ocrx_word' id='word_1_265' title='bbox 3307 768 3367 824; x_wconf 89' lang='lat' dir='ltr'>In</span> <span class='ocrx_word' id='word_1_266' title='bbox 3393 784 3500 839; x_wconf 92' lang='lat' dir='ltr'>quo</span> <span class='ocrx_word' id='word_1_267' title='bbox 3522 773 3785 842; x_wconf 87' lang='lat' dir='ltr'>utrumque</span> 
     </span>
    </p>
   </div>
   <div class='ocr_carea' id='block_1_38' title="bbox 2201 854 3782 926">
    <p class='ocr_par' dir='ltr' id='par_1_38' title="bbox 2201 854 3782 926">
     <span class='ocr_line' id='line_1_38' title="bbox 2201 854 3782 926; baseline 0.001 -17"><span class='ocrx_word' id='word_1_268' title='bbox 2201 871 2516 926; x_wconf 89' lang='lat' dir='ltr'>possumus</span> <span class='ocrx_word' id='word_1_269' title='bbox 2548 854 2828 926; x_wconf 88' lang='lat' dir='ltr'>accipere,</span> <span class='ocrx_word' id='word_1_270' title='bbox 2865 858 2922 910; x_wconf 91' lang='lat' dir='ltr'>et</span> <span class='ocrx_word' id='word_1_271' title='bbox 2960 854 3117 912; x_wconf 90' lang='lat' dir='ltr'>hunc</span> <span class='ocrx_word' id='word_1_272' title='bbox 3144 860 3483 912; x_wconf 89' lang='lat' dir='ltr'>conventum</span> <span class='ocrx_word' id='word_1_273' title='bbox 3544 856 3782 926; x_wconf 71' lang='lat' dir='ltr'>Ecclesia,</span> 
     </span>
    </p>
   </div>
   <div class='ocr_carea' id='block_1_39' title="bbox 2198 943 3082 999">
    <p class='ocr_par' dir='ltr' id='par_1_39' title="bbox 2198 943 3082 999">
     <span class='ocr_line' id='line_1_39' title="bbox 2198 943 3082 999; baseline 0.001 -1"><span class='ocrx_word' id='word_1_274' title='bbox 2198 950 2253 998; x_wconf 90' lang='lat' dir='ltr'>el</span> <span class='ocrx_word' id='word_1_275' title='bbox 2283 943 2544 997; x_wconf 79' lang='lat' dir='ltr'>ﬁdelium</span> <span class='ocrx_word' id='word_1_276' title='bbox 2576 943 3082 999; x_wconf 87' lang='lat' dir='ltr'>resurrectionem.</span> 
     </span>
    </p>
   </div>
   <div class='ocr_carea' id='block_1_40' title="bbox 2267 1030 3786 1103">
    <p class='ocr_par' dir='ltr' id='par_1_40' title="bbox 2267 1030 3786 1103">
     <span class='ocr_line' id='line_1_40' title="bbox 2267 1030 3786 1103; baseline 0.003 -20"><span class='ocrx_word' id='word_1_277' title='bbox 2267 1031 2354 1084; x_wconf 82' lang='lat'>9|.</span> <span class='ocrx_word' id='word_1_278' title='bbox 2389 1031 2580 1086; x_wconf 84' lang='lat' dir='ltr'>Tertio</span> <span class='ocrx_word' id='word_1_279' title='bbox 2612 1030 2836 1086; x_wconf 91' lang='lat' dir='ltr'>decimo</span> <span class='ocrx_word' id='word_1_280' title='bbox 2868 1047 3102 1103; x_wconf 89' lang='lat' dir='ltr'>quoque</span> <span class='ocrx_word' id='word_1_281' title='bbox 3133 1048 3284 1087; x_wconf 90' lang='lat' dir='ltr'>anno</span> <span class='ocrx_word' id='word_1_282' title='bbox 3302 1032 3451 1103; x_wconf 90' lang='lat' dir='ltr'>quod</span> <span class='ocrx_word' id='word_1_283' title='bbox 3473 1032 3786 1088; x_wconf 89' lang='lat' dir='ltr'>circumcidi-</span> 
     </span>
    </p>
   </div>
   <div class='ocr_carea' id='block_1_41' title="bbox 2195 1118 3786 1192">
    <p class='ocr_par' dir='ltr' id='par_1_41' title="bbox 2195 1118 3786 1192">
     <span class='ocr_line' id='line_1_41' title="bbox 2195 1118 3786 1192; baseline 0.004 -21"><span class='ocrx_word' id='word_1_284' title='bbox 2195 1125 2293 1173; x_wconf 88' lang='lat' dir='ltr'>tur</span> <span class='ocrx_word' id='word_1_285' title='bbox 2324 1118 2555 1189; x_wconf 88' lang='lat' dir='ltr'>Ismael,</span> <span class='ocrx_word' id='word_1_286' title='bbox 2581 1118 2725 1174; x_wconf 86' lang='lat' dir='ltr'>ratio</span> <span class='ocrx_word' id='word_1_287' title='bbox 2764 1119 3002 1175; x_wconf 85' lang='lat' dir='ltr'>evidens</span> <span class='ocrx_word' id='word_1_288' title='bbox 3036 1137 3048 1175; x_wconf 91' lang='lat'>:</span> <span class='ocrx_word' id='word_1_289' title='bbox 3083 1120 3222 1190; x_wconf 87' lang='lat' dir='ltr'>quia</span> <span class='ocrx_word' id='word_1_290' title='bbox 3247 1119 3297 1175; x_wconf 88' lang='lat' dir='ltr'>is</span> <span class='ocrx_word' id='word_1_291' title='bbox 3327 1119 3424 1191; x_wconf 92' lang='lat' dir='ltr'>qui</span> <span class='ocrx_word' id='word_1_292' title='bbox 3453 1119 3679 1192; x_wconf 86' lang='lat' dir='ltr'>incipere</span> <span class='ocrx_word' id='word_1_293' title='bbox 3705 1121 3786 1177; x_wconf 81' lang='lat' dir='ltr'>ha-</span> 
     </span>
    </p>
   </div>
   <div class='ocr_carea' id='block_1_42' title="bbox 2197 1208 3789 1279">
    <p class='ocr_par' dir='ltr' id='par_1_42' title="bbox 2197 1208 3789 1279">
     <span class='ocr_line' id='line_1_42' title="bbox 2197 1208 3789 1279; baseline 0.001 -17"><span class='ocrx_word' id='word_1_294' title='bbox 2197 1209 2292 1263; x_wconf 88' lang='lat' dir='ltr'>bet</span> <span class='ocrx_word' id='word_1_295' title='bbox 2324 1208 2405 1262; x_wconf 90' lang='lat' dir='ltr'>uti</span> <span class='ocrx_word' id='word_1_296' title='bbox 2440 1208 2769 1279; x_wconf 85' lang='lat' dir='ltr'>cognitione</span> <span class='ocrx_word' id='word_1_297' title='bbox 2800 1208 3049 1277; x_wconf 83' lang='lat' dir='ltr'>feminae,</span> <span class='ocrx_word' id='word_1_298' title='bbox 3084 1213 3220 1263; x_wconf 89' lang='lat' dir='ltr'>ante</span> <span class='ocrx_word' id='word_1_299' title='bbox 3256 1208 3424 1263; x_wconf 89' lang='lat' dir='ltr'>debet</span> <span class='ocrx_word' id='word_1_300' title='bbox 3469 1208 3695 1264; x_wconf 87' lang='lat' dir='ltr'>recidere</span> <span class='ocrx_word' id='word_1_301' title='bbox 3740 1209 3789 1264; x_wconf 88' lang='lat' dir='ltr'>in</span> 
     </span>
    </p>
   </div>
   <div class='ocr_carea' id='block_1_43' title="bbox 2196 1295 3791 1369">
    <p class='ocr_par' dir='ltr' id='par_1_43' title="bbox 2196 1295 3791 1369">
     <span class='ocr_line' id='line_1_43' title="bbox 2196 1295 3791 1369; baseline 0 -17"><span class='ocrx_word' id='word_1_302' title='bbox 2196 1313 2259 1352; x_wconf 90' lang='lat' dir='ltr'>se</span> <span class='ocrx_word' id='word_1_303' title='bbox 2287 1297 2554 1351; x_wconf 89' lang='lat' dir='ltr'>ardorem</span> <span class='ocrx_word' id='word_1_304' title='bbox 2594 1295 2881 1365; x_wconf 89' lang='lat' dir='ltr'>libidinis,</span> <span class='ocrx_word' id='word_1_305' title='bbox 2950 1301 3015 1351; x_wconf 92' lang='lat' dir='ltr'>ut</span> <span class='ocrx_word' id='word_1_306' title='bbox 3070 1313 3103 1351; x_wconf 90' lang='lat' dir='ltr'>a</span> <span class='ocrx_word' id='word_1_307' title='bbox 3161 1296 3471 1369; x_wconf 85' lang='lat' dir='ltr'>superfluis</span> <span class='ocrx_word' id='word_1_308' title='bbox 3543 1297 3791 1352; x_wconf 86' lang='lat' dir='ltr'>abstineat</span> 
     </span>
    </p>
   </div>
   <div class='ocr_carea' id='block_1_44' title="bbox 2195 1384 3790 1458">
    <p class='ocr_par' dir='ltr' id='par_1_44' title="bbox 2195 1384 3790 1458">
     <span class='ocr_line' id='line_1_44' title="bbox 2195 1384 3790 1458; baseline -0.002 -16"><span class='ocrx_word' id='word_1_309' title='bbox 2195 1386 2732 1451; x_wconf 83' lang='lat' dir='ltr'>commissionibus,</span> <span class='ocrx_word' id='word_1_310' title='bbox 2767 1385 3163 1457; x_wconf 88' lang='lat' dir='ltr'>conjunctioni</span> <span class='ocrx_word' id='word_1_311' title='bbox 3195 1390 3425 1441; x_wconf 89' lang='lat' dir='ltr'>tantum</span> <span class='ocrx_word' id='word_1_312' title='bbox 3456 1402 3514 1441; x_wconf 91' lang='lat' dir='ltr'>se</span> <span class='ocrx_word' id='word_1_313' title='bbox 3563 1384 3790 1458; x_wconf 74' lang='lat' dir='ltr'>legitimae</span> 
     </span>
    </p>
   </div>
   <div class='ocr_carea' id='block_1_45' title="bbox 2195 1481 2465 1530">
    <p class='ocr_par' dir='ltr' id='par_1_45' title="bbox 2195 1481 2465 1530">
     <span class='ocr_line' id='line_1_45' title="bbox 2195 1481 2465 1530; baseline -0.007 0"><span class='ocrx_word' id='word_1_314' title='bbox 2195 1481 2465 1530; x_wconf 64' lang='lat' dir='ltr'>reservet.</span> 
     </span>
    </p>
   </div>
   <div class='ocr_carea' id='block_1_46' title="bbox 2264 1561 3796 1637">
    <p class='ocr_par' dir='ltr' id='par_1_46' title="bbox 2264 1561 3796 1637">
     <span class='ocr_line' id='line_1_46' title="bbox 2264 1561 3796 1637; baseline 0.003 -22"><span class='ocrx_word' id='word_1_315' title='bbox 2264 1564 2352 1617; x_wconf 76' lang='lat'>92.</span> <span class='ocrx_word' id='word_1_316' title='bbox 2389 1563 2638 1617; x_wconf 84' lang='lat' dir='ltr'>Mentem</span> <span class='ocrx_word' id='word_1_317' title='bbox 2685 1579 2916 1637; x_wconf 78' lang='lat' dir='ltr'>quoque</span> <span class='ocrx_word' id='word_1_318' title='bbox 2978 1562 3258 1634; x_wconf 87' lang='lat' dir='ltr'>sapientis</span> <span class='ocrx_word' id='word_1_319' title='bbox 3314 1561 3644 1635; x_wconf 86' lang='lat' dir='ltr'>hospitalem</span> <span class='ocrx_word' id='word_1_320' title='bbox 3693 1579 3796 1619; x_wconf 86' lang='lat' dir='ltr'>esse</span> 
     </span>
    </p>
   </div>
   <div class='ocr_carea' id='block_1_47' title="bbox 2196 1651 3794 1724">
    <p class='ocr_par' dir='ltr' id='par_1_47' title="bbox 2196 1651 3794 1724">
     <span class='ocr_line' id='line_1_47' title="bbox 2196 1651 3794 1724; baseline 0 -18"><span class='ocrx_word' id='word_1_321' title='bbox 2196 1654 2376 1720; x_wconf 87' lang='lat' dir='ltr'>decet,</span> <span class='ocrx_word' id='word_1_322' title='bbox 2408 1656 2471 1705; x_wconf 88' lang='lat' dir='ltr'>ut</span> <span class='ocrx_word' id='word_1_323' title='bbox 2501 1652 2676 1705; x_wconf 88' lang='lat' dir='ltr'>etiam</span> <span class='ocrx_word' id='word_1_324' title='bbox 2711 1651 2842 1706; x_wconf 90' lang='lat' dir='ltr'>aliis</span> <span class='ocrx_word' id='word_1_325' title='bbox 2874 1651 3169 1723; x_wconf 89' lang='lat' dir='ltr'>impertiat</span> <span class='ocrx_word' id='word_1_326' title='bbox 3200 1652 3291 1707; x_wconf 90' lang='lat' dir='ltr'>sui</span> <span class='ocrx_word' id='word_1_327' title='bbox 3323 1652 3581 1724; x_wconf 86' lang='lat' dir='ltr'>gratiam,</span> <span class='ocrx_word' id='word_1_328' title='bbox 3611 1657 3660 1707; x_wconf 90' lang='lat' dir='ltr'>et</span> <span class='ocrx_word' id='word_1_329' title='bbox 3685 1668 3794 1723; x_wconf 87' lang='lat' dir='ltr'>pru-</span> 
     </span>
    </p>
   </div>
   <div class='ocr_carea' id='block_1_48' title="bbox 2115 1739 3796 1844">
    <p class='ocr_par' dir='ltr' id='par_1_48' title="bbox 2115 1739 3796 1844">
     <span class='ocr_line' id='line_1_48' title="bbox 2115 1739 3796 1844; baseline 0.001 -50"><span class='ocrx_word' id='word_1_330' title='bbox 2115 1780 2163 1844; x_wconf 82' lang='lat' dir='ltr'><strong>B</strong></span> <span class='ocrx_word' id='word_1_331' title='bbox 2194 1741 2401 1794; x_wconf 67' lang='lat' dir='ltr'>dentiaz</span> <span class='ocrx_word' id='word_1_332' title='bbox 2431 1757 2547 1794; x_wconf 80' lang='lat' dir='ltr'>suae</span> <span class='ocrx_word' id='word_1_333' title='bbox 2582 1741 2835 1794; x_wconf 86' lang='lat' dir='ltr'>fructum</span> <span class='ocrx_word' id='word_1_334' title='bbox 2869 1739 2999 1795; x_wconf 89' lang='lat' dir='ltr'>aliis</span> <span class='ocrx_word' id='word_1_335' title='bbox 3030 1756 3264 1811; x_wconf 90' lang='lat' dir='ltr'>quoque</span> <span class='ocrx_word' id='word_1_336' title='bbox 3294 1740 3529 1808; x_wconf 88' lang='lat' dir='ltr'>dividat,</span> <span class='ocrx_word' id='word_1_337' title='bbox 3559 1744 3714 1812; x_wconf 88' lang='lat' dir='ltr'>atque</span> <span class='ocrx_word' id='word_1_338' title='bbox 3733 1740 3796 1795; x_wconf 83' lang='lat' dir='ltr'>ita</span> 
     </span>
    </p>
   </div>
   <div class='ocr_carea' id='block_1_49' title="bbox 2196 1827 3794 1900">
    <p class='ocr_par' dir='ltr' id='par_1_49' title="bbox 2196 1827 3794 1900">
     <span class='ocr_line' id='line_1_49' title="bbox 2196 1827 3794 1900; baseline 0 -18"><span class='ocrx_word' id='word_1_339' title='bbox 2196 1830 2365 1883; x_wconf 86' lang='lat' dir='ltr'>bonis</span> <span class='ocrx_word' id='word_1_340' title='bbox 2405 1827 2715 1899; x_wconf 91' lang='lat' dir='ltr'>epulentur</span> <span class='ocrx_word' id='word_1_341' title='bbox 2762 1828 3035 1884; x_wconf 67' lang='lat' dir='ltr'>doctrinae</span> <span class='ocrx_word' id='word_1_342' title='bbox 3083 1828 3255 1896; x_wconf 89' lang='lat' dir='ltr'>cibis,</span> <span class='ocrx_word' id='word_1_343' title='bbox 3306 1827 3648 1900; x_wconf 87' lang='lat' dir='ltr'>epulumque</span> <span class='ocrx_word' id='word_1_344' title='bbox 3692 1829 3794 1898; x_wconf 89' lang='lat' dir='ltr'>ejus</span> 
     </span>
    </p>
   </div>
   <div class='ocr_carea' id='block_1_50' title="bbox 2196 1917 2990 1972">
    <p class='ocr_par' dir='ltr' id='par_1_50' title="bbox 2196 1917 2990 1972">
     <span class='ocr_line' id='line_1_50' title="bbox 2196 1917 2990 1972; baseline -0.001 0"><span class='ocrx_word' id='word_1_345' title='bbox 2196 1918 2464 1972; x_wconf 74' lang='lat' dir='ltr'>exhibeat</span> <span class='ocrx_word' id='word_1_346' title='bbox 2503 1917 2990 1972; x_wconf 87' lang='lat' dir='ltr'>desiderantibus.</span> 
     </span>
    </p>
   </div>
   <div class='ocr_carea' id='block_1_51' title="bbox 2266 2005 3798 2077">
    <p class='ocr_par' dir='ltr' id='par_1_51' title="bbox 2266 2005 3798 2077">
     <span class='ocr_line' id='line_1_51' title="bbox 2266 2005 3798 2077; baseline 0.001 -18"><span class='ocrx_word' id='word_1_347' title='bbox 2266 2007 2354 2061; x_wconf 79' lang='lat'>93.</span> <span class='ocrx_word' id='word_1_348' title='bbox 2390 2007 2538 2061; x_wconf 91' lang='lat' dir='ltr'>Tum</span> <span class='ocrx_word' id='word_1_349' title='bbox 2573 2010 2849 2077; x_wconf 75' lang='lat' dir='ltr'>prmterea</span> <span class='ocrx_word' id='word_1_350' title='bbox 2887 2006 3107 2061; x_wconf 89' lang='lat' dir='ltr'>nesciat</span> <span class='ocrx_word' id='word_1_351' title='bbox 3137 2005 3249 2061; x_wconf 91' lang='lat' dir='ltr'>nisi</span> <span class='ocrx_word' id='word_1_352' title='bbox 3302 2006 3614 2062; x_wconf 89' lang='lat' dir='ltr'>secundum</span> <span class='ocrx_word' id='word_1_353' title='bbox 3658 2010 3798 2061; x_wconf 87' lang='lat' dir='ltr'>natu-</span> 
     </span>
    </p>
   </div>
   <div class='ocr_carea' id='block_1_52' title="bbox 2199 2093 3797 2165">
    <p class='ocr_par' dir='ltr' id='par_1_52' title="bbox 2199 2093 3797 2165">
     <span class='ocr_line' id='line_1_52' title="bbox 2199 2093 3797 2165; baseline 0.001 -18"><span class='ocrx_word' id='word_1_354' title='bbox 2199 2112 2324 2148; x_wconf 90' lang='lat' dir='ltr'>ram</span> <span class='ocrx_word' id='word_1_355' title='bbox 2358 2094 2567 2161; x_wconf 86' lang='lat' dir='ltr'>vivere,</span> <span class='ocrx_word' id='word_1_356' title='bbox 2594 2094 2651 2148; x_wconf 93' lang='lat' dir='ltr'>in</span> <span class='ocrx_word' id='word_1_357' title='bbox 2685 2096 2855 2165; x_wconf 89' lang='lat' dir='ltr'>cujus</span> <span class='ocrx_word' id='word_1_358' title='bbox 2888 2094 3154 2150; x_wconf 89' lang='lat' dir='ltr'>instituto</span> <span class='ocrx_word' id='word_1_359' title='bbox 3184 2099 3241 2150; x_wconf 93' lang='lat' dir='ltr'>et</span> <span class='ocrx_word' id='word_1_360' title='bbox 3272 2094 3473 2150; x_wconf 88' lang='lat' dir='ltr'>ordine</span> <span class='ocrx_word' id='word_1_361' title='bbox 3493 2094 3587 2150; x_wconf 90' lang='lat' dir='ltr'>Dei</span> <span class='ocrx_word' id='word_1_362' title='bbox 3608 2093 3687 2149; x_wconf 78' lang='lat' dir='ltr'>lex</span> <span class='ocrx_word' id='word_1_363' title='bbox 3710 2097 3797 2149; x_wconf 89' lang='lat' dir='ltr'>est.</span> 
     </span>
    </p>
   </div>
   <div class='ocr_carea' id='block_1_53' title="bbox 2198 2182 3799 2256">
    <p class='ocr_par' dir='ltr' id='par_1_53' title="bbox 2198 2182 3799 2256">
     <span class='ocr_line' id='line_1_53' title="bbox 2198 2182 3799 2256; baseline 0 -20"><span class='ocrx_word' id='word_1_364' title='bbox 2198 2182 2351 2237; x_wconf 87' lang='lat' dir='ltr'>Nulli</span> <span class='ocrx_word' id='word_1_365' title='bbox 2387 2199 2447 2238; x_wconf 92' lang='lat' dir='ltr'>se</span> <span class='ocrx_word' id='word_1_366' title='bbox 2478 2182 2908 2239; x_wconf 57' lang='lat' dir='ltr'>transversaria</span> <span class='ocrx_word' id='word_1_367' title='bbox 2938 2182 3242 2256; x_wconf 90' lang='lat' dir='ltr'>cupiditati</span> <span class='ocrx_word' id='word_1_368' title='bbox 3305 2184 3543 2239; x_wconf 89' lang='lat' dir='ltr'>miscere</span> <span class='ocrx_word' id='word_1_369' title='bbox 3598 2182 3799 2246; x_wconf 86' lang='lat' dir='ltr'>noverit,</span> 
     </span>
    </p>
   </div>
   <div class='ocr_carea' id='block_1_54' title="bbox 2199 2268 3801 2343">
    <p class='ocr_par' dir='ltr' id='par_1_54' title="bbox 2199 2268 3801 2343">
     <span class='ocr_line' id='line_1_54' title="bbox 2199 2268 3801 2343; baseline 0 -19"><span class='ocrx_word' id='word_1_370' title='bbox 2199 2270 2382 2326; x_wconf 88' lang='lat' dir='ltr'>solius</span> <span class='ocrx_word' id='word_1_371' title='bbox 2414 2271 2707 2343; x_wconf 71' lang='lat' dir='ltr'>sapientia:</span> <span class='ocrx_word' id='word_1_372' title='bbox 2742 2275 3018 2343; x_wconf 67' lang='lat' dir='ltr'>praeoptet</span> <span class='ocrx_word' id='word_1_373' title='bbox 3058 2270 3352 2343; x_wconf 88' lang='lat' dir='ltr'>copulam.</span> <span class='ocrx_word' id='word_1_374' title='bbox 3403 2271 3674 2328; x_wconf 81' lang='lat' dir='ltr'>Mendetis</span> <span class='ocrx_word' id='word_1_375' title='bbox 3720 2268 3801 2325; x_wconf 85' lang='lat' dir='ltr'>Dei</span> 
     </span>
    </p>
   </div>
   <div class='ocr_carea' id='block_1_55' title="bbox 2199 2359 3804 2433">
    <p class='ocr_par' dir='ltr' id='par_1_55' title="bbox 2199 2359 3804 2433">
     <span class='ocr_line' id='line_1_55' title="bbox 2199 2359 3804 2433; baseline -0.001 -18"><span class='ocrx_word' id='word_1_376' title='bbox 2199 2359 2395 2415; x_wconf 63' lang='lat' dir='ltr'>saeculi</span> <span class='ocrx_word' id='word_1_377' title='bbox 2426 2360 2595 2415; x_wconf 87' lang='lat' dir='ltr'>istius</span> <span class='ocrx_word' id='word_1_378' title='bbox 2619 2360 2886 2432; x_wconf 84' lang='lat' dir='ltr'>gloriam,</span> <span class='ocrx_word' id='word_1_379' title='bbox 2912 2365 2968 2416; x_wconf 93' lang='lat' dir='ltr'>et</span> <span class='ocrx_word' id='word_1_380' title='bbox 2996 2360 3317 2432; x_wconf 89' lang='lat' dir='ltr'>quamdam</span> <span class='ocrx_word' id='word_1_381' title='bbox 3342 2361 3632 2433; x_wconf 68' lang='lat' dir='ltr'>praesentis</span> <span class='ocrx_word' id='word_1_382' title='bbox 3646 2360 3804 2416; x_wconf 87' lang='lat' dir='ltr'>laudis</span> 
     </span>
    </p>
   </div>
   <div class='ocr_carea' id='block_1_56' title="bbox 2200 2434 3803 2522">
    <p class='ocr_par' dir='ltr' id='par_1_56' title="bbox 2200 2434 3803 2522">
     <span class='ocr_line' id='line_1_56' title="bbox 2200 2434 3803 2522; baseline -0.001 -20"><span class='ocrx_word' id='word_1_383' title='bbox 2200 2448 2598 2504; x_wconf 81' lang='lat' dir='ltr'>haereditatem</span> <span class='ocrx_word' id='word_1_384' title='bbox 2632 2450 2899 2519; x_wconf 76' lang='lat' dir='ltr'>praeferre</span> <span class='ocrx_word' id='word_1_385' title='bbox 2931 2450 3187 2505; x_wconf 89' lang='lat' dir='ltr'>nesciat:</span> <span class='ocrx_word' id='word_1_386' title='bbox 3223 2455 3400 2522; x_wconf 89' lang='lat' dir='ltr'>atque</span> <span class='ocrx_word' id='word_1_387' title='bbox 3446 2455 3509 2505; x_wconf 93' lang='lat' dir='ltr'>ut</span> <span class='ocrx_word' id='word_1_388' title='bbox 3558 2434 3803 2505; x_wconf 81' lang='lat' dir='ltr'>altaribus</span> 
     </span>
    </p>
   </div>
   <div class='ocr_carea' id='block_1_57' title="bbox 2198 2537 3804 2609">
    <p class='ocr_par' dir='ltr' id='par_1_57' title="bbox 2198 2537 3804 2609">
     <span class='ocr_line' id='line_1_57' title="bbox 2198 2537 3804 2609; baseline -0.001 -18"><span class='ocrx_word' id='word_1_389' title='bbox 2198 2537 2422 2591; x_wconf 87' lang='lat' dir='ltr'>Domini</span> <span class='ocrx_word' id='word_1_390' title='bbox 2460 2537 2883 2593; x_wconf 81' lang='lat' dir='ltr'>sunsimmolet</span> <span class='ocrx_word' id='word_1_391' title='bbox 2913 2537 3216 2605; x_wconf 86' lang='lat' dir='ltr'>utilitates,</span> <span class='ocrx_word' id='word_1_392' title='bbox 3266 2538 3354 2594; x_wconf 88' lang='lat' dir='ltr'>ita</span> <span class='ocrx_word' id='word_1_393' title='bbox 3390 2539 3589 2609; x_wconf 89' lang='lat' dir='ltr'>judieii</span> <span class='ocrx_word' id='word_1_394' title='bbox 3643 2539 3804 2609; x_wconf 87' lang='lat' dir='ltr'>ignem</span> 
     </span>
    </p>
   </div>
   <div class='ocr_carea' id='block_1_58' title="bbox 2198 2626 3806 2699">
    <p class='ocr_par' dir='ltr' id='par_1_58' title="bbox 2198 2626 3806 2699">
     <span class='ocr_line' id='line_1_58' title="bbox 2198 2626 3806 2699; baseline 0 -20"><span class='ocrx_word' id='word_1_395' title='bbox 2198 2642 2314 2680; x_wconf 91' lang='lat' dir='ltr'>non</span> <span class='ocrx_word' id='word_1_396' title='bbox 2347 2626 2612 2696; x_wconf 82' lang='lat' dir='ltr'>excipiat,</span> <span class='ocrx_word' id='word_1_397' title='bbox 2649 2643 2836 2697; x_wconf 85' lang='lat' dir='ltr'>neque</span> <span class='ocrx_word' id='word_1_398' title='bbox 2886 2626 3258 2682; x_wconf 83' lang='lat' dir='ltr'>reformidet:</span> <span class='ocrx_word' id='word_1_399' title='bbox 3309 2628 3410 2682; x_wconf 89' lang='lat' dir='ltr'>sed</span> <span class='ocrx_word' id='word_1_400' title='bbox 3459 2627 3636 2699; x_wconf 87' lang='lat' dir='ltr'>magis</span> <span class='ocrx_word' id='word_1_401' title='bbox 3662 2626 3806 2682; x_wconf 85' lang='lat' dir='ltr'>etiam</span> 
     </span>
    </p>
   </div>
   <div class='ocr_carea' id='block_1_59' title="bbox 2198 2713 3011 2785">
    <p class='ocr_par' dir='ltr' id='par_1_59' title="bbox 2198 2713 3011 2785">
     <span class='ocr_line' id='line_1_59' title="bbox 2198 2713 3011 2785; baseline 0 -17"><span class='ocrx_word' id='word_1_402' title='bbox 2198 2718 2265 2769; x_wconf 90' lang='lat' dir='ltr'>ut</span> <span class='ocrx_word' id='word_1_403' title='bbox 2295 2713 2442 2769; x_wconf 90' lang='lat' dir='ltr'>alios</span> <span class='ocrx_word' id='word_1_404' title='bbox 2473 2713 2701 2785; x_wconf 89' lang='lat' dir='ltr'>eripiat,</span> <span class='ocrx_word' id='word_1_405' title='bbox 2733 2713 3011 2770; x_wconf 88' lang='lat' dir='ltr'>elaboret.</span> 
     </span>
    </p>
   </div>
   <div class='ocr_carea' id='block_1_60' title="bbox 2198 2881 3811 2957">
    <p class='ocr_par' dir='ltr' id='par_1_60' title="bbox 2198 2881 3811 2957">
     <span class='ocr_line' id='line_1_60' title="bbox 2198 2881 3811 2957; baseline -0.001 -21"><span class='ocrx_word' id='word_1_406' title='bbox 2198 2882 2336 2957; x_wconf 73' lang='lat' dir='ltr'>dare</span> <span class='ocrx_word' id='word_1_407' title='bbox 2368 2886 2575 2957; x_wconf 86' lang='lat' dir='ltr'>conata</span> <span class='ocrx_word' id='word_1_408' title='bbox 2605 2881 2761 2937; x_wconf 90' lang='lat' dir='ltr'>haud</span> <span class='ocrx_word' id='word_1_409' title='bbox 2793 2883 3158 2939; x_wconf 90' lang='lat' dir='ltr'>incommode</span> <span class='ocrx_word' id='word_1_410' title='bbox 3189 2883 3275 2939; x_wconf 88' lang='lat' dir='ltr'>sic</span> <span class='ocrx_word' id='word_1_411' title='bbox 3334 2883 3619 2957; x_wconf 90' lang='lat' dir='ltr'>reposuit:</span> <span class='ocrx_word' id='word_1_412' title='bbox 3663 2883 3734 2938; x_wconf 83' lang='lat' dir='ltr'>Ita</span> <span class='ocrx_word' id='word_1_413' title='bbox 3770 2882 3811 2934; x_wconf 78' lang='lat' dir='ltr'>et</span> 
     </span>
    </p>
   </div>
   <div class='ocr_carea' id='block_1_61' title="bbox 2196 2955 3811 3021">
    <p class='ocr_par' dir='ltr' id='par_1_61' title="bbox 2196 2955 3811 3021">
     <span class='ocr_line' id='line_1_61' title="bbox 2196 2955 3811 3021; baseline -0.002 -13"><span class='ocrx_word' id='word_1_414' title='bbox 2196 2955 2366 3008; x_wconf 82' lang='lat' dir='ltr'>Deum</span> <span class='ocrx_word' id='word_1_415' title='bbox 2397 2956 2455 3007; x_wconf 78' lang='lat' dir='ltr'>in.</span> <span class='ocrx_word' id='word_1_416' title='bbox 2481 2957 2792 3008; x_wconf 55' lang='lat' dir='ltr'>testamento</span> <span class='ocrx_word' id='word_1_417' title='bbox 2822 2970 3001 3021; x_wconf 82' lang='lat' dir='ltr'>usum,</span> <span class='ocrx_word' id='word_1_418' title='bbox 3028 2964 3078 3009; x_wconf 81' lang='lat' dir='ltr'>et</span> <span class='ocrx_word' id='word_1_419' title='bbox 3107 2970 3203 3009; x_wconf 83' lang='lat' dir='ltr'>nos</span> <span class='ocrx_word' id='word_1_420' title='bbox 3250 2955 3415 3012; x_wconf 65' lang='lat' dir='ltr'>hunc</span> <span class='ocrx_word' id='word_1_421' title='bbox 3445 2970 3642 3011; x_wconf 71' lang='lat' dir='ltr'>morem</span> <span class='ocrx_word' id='word_1_422' title='bbox 3680 2966 3811 3007; x_wconf 74' lang='lat' dir='ltr'>acce-</span> 
     </span>
    </p>
   </div>
   <div class='ocr_carea' id='block_1_62' title="bbox 2193 3024 3813 3106">
    <p class='ocr_par' dir='ltr' id='par_1_62' title="bbox 2193 3024 3813 3106">
     <span class='ocr_line' id='line_1_62' title="bbox 2193 3024 3813 3106; baseline -0.002 -27"><span class='ocrx_word' id='word_1_423' title='bbox 2193 3027 2397 3106; x_wconf 61' lang='lat' dir='ltr'>pimus,</span> <span class='ocrx_word' id='word_1_424' title='bbox 2422 3024 2621 3089; x_wconf 64' lang='lat' dir='ltr'>haeres,</span> <span class='ocrx_word' id='word_1_425' title='bbox 2653 3029 2760 3106; x_wconf 79' lang='lat' dir='ltr'>etc.</span> <span class='ocrx_word' id='word_1_426' title='bbox 2787 3025 3007 3106; x_wconf 37' lang='lat' dir='ltr'>.errum</span> <span class='ocrx_word' id='word_1_427' title='bbox 3043 3026 3232 3098; x_wconf 86' lang='lat' dir='ltr'>potior</span> <span class='ocrx_word' id='word_1_428' title='bbox 3265 3028 3442 3083; x_wconf 84' lang='lat' dir='ltr'>nobis</span> <span class='ocrx_word' id='word_1_429' title='bbox 3470 3027 3589 3083; x_wconf 88' lang='lat' dir='ltr'>visa</span> <span class='ocrx_word' id='word_1_430' title='bbox 3614 3029 3693 3081; x_wconf 89' lang='lat' dir='ltr'>est</span> <span class='ocrx_word' id='word_1_431' title='bbox 3718 3036 3813 3077; x_wconf 88' lang='lat' dir='ltr'>om-</span> 
     </span>
    </p>
   </div>
   <div class='ocr_carea' id='block_1_63' title="bbox 2200 3096 2915 3152">
    <p class='ocr_par' dir='ltr' id='par_1_63' title="bbox 2200 3096 2915 3152">
     <span class='ocr_line' id='line_1_63' title="bbox 2200 3096 2915 3152; baseline 0.003 -2"><span class='ocrx_word' id='word_1_432' title='bbox 2200 3096 2364 3150; x_wconf 89' lang='lat' dir='ltr'>nium</span> <span class='ocrx_word' id='word_1_433' title='bbox 2397 3112 2540 3151; x_wconf 89' lang='lat' dir='ltr'>mss.</span> <span class='ocrx_word' id='word_1_434' title='bbox 2577 3096 2915 3152; x_wconf 87' lang='lat' dir='ltr'>auctoritas.</span> 
     </span>
    </p>
   </div>
   <div class='ocr_carea' id='block_1_64' title="bbox 449 3299 3816 3332">
    <p class='ocr_par' dir='ltr' id='par_1_64' title="bbox 449 3299 3816 3332">
     <span class='ocr_line' id='line_1_64' title="bbox 449 3299 3816 3332; baseline -0.002 0"><span class='ocrx_word' id='word_1_435' title='bbox 449 3299 3816 3332; x_wconf 55' lang='grc' dir='ltr'>Μ</span> 
     </span>
    </p>
   </div>
   <div class='ocr_carea' id='block_1_65' title="bbox 875 3471 3420 3564">
    <p class='ocr_par' dir='ltr' id='par_1_65' title="bbox 875 3471 3420 3564">
     <span class='ocr_line' id='line_1_65' title="bbox 875 3471 3420 3564; baseline 0.001 -2"><span class='ocrx_word' id='word_1_436' title='bbox 875 3478 988 3563; x_wconf 82' lang='grc' dir='ltr'>ΙΝ</span> <span class='ocrx_word' id='word_1_437' title='bbox 1048 3475 1500 3563; x_wconf 71' lang='lat' dir='ltr'>LIBRUM</span> <span class='ocrx_word' id='word_1_438' title='bbox 1557 3475 1700 3559; x_wconf 91' lang='lat' dir='ltr'>DE</span> <span class='ocrx_word' id='word_1_439' title='bbox 1759 3473 2071 3561; x_wconf 83' lang='lat' dir='ltr'>ISAAC</span> <span class='ocrx_word' id='word_1_440' title='bbox 2131 3474 2277 3558; x_wconf 88' lang='lat' dir='ltr'>ET</span> <span class='ocrx_word' id='word_1_441' title='bbox 2337 3474 2675 3559; x_wconf 82' lang='grc' dir='ltr'>ΑΝΙΜΑ</span> <span class='ocrx_word' id='word_1_442' title='bbox 2735 3471 3420 3564; x_wconf 86' lang='lat' dir='ltr'>ADMONITIO.</span> 
     </span>
    </p>
   </div>
   <div class='ocr_carea' id='block_1_66' title="bbox 520 3798 3823 3881">
    <p class='ocr_par' dir='ltr' id='par_1_66' title="bbox 520 3798 3823 3881">
     <span class='ocr_line' id='line_1_66' title="bbox 520 3798 3823 3881; baseline -0.003 -17"><span class='ocrx_word' id='word_1_443' title='bbox 520 3808 1021 3876; x_wconf 80' lang='lat' dir='ltr'>Quemadmodum</span> <span class='ocrx_word' id='word_1_444' title='bbox 1056 3808 1295 3881; x_wconf 86' lang='lat' dir='ltr'>sanctus</span> <span class='ocrx_word' id='word_1_445' title='bbox 1326 3802 1669 3858; x_wconf 87' lang='lat' dir='ltr'>Ambrosius</span> <span class='ocrx_word' id='word_1_446' title='bbox 1691 3800 1750 3855; x_wconf 91' lang='lat' dir='ltr'>in</span> <span class='ocrx_word' id='word_1_447' title='bbox 1771 3800 1957 3872; x_wconf 90' lang='lat' dir='ltr'>primo</span> <span class='ocrx_word' id='word_1_448' title='bbox 2001 3800 2147 3856; x_wconf 91' lang='lat' dir='ltr'>libro</span> <span class='ocrx_word' id='word_1_449' title='bbox 2176 3800 2241 3855; x_wconf 83' lang='lat' dir='ltr'>de</span> <span class='ocrx_word' id='word_1_450' title='bbox 2260 3801 2535 3855; x_wconf 79' lang='lat' dir='ltr'>Abraham</span> <span class='ocrx_word' id='word_1_451' title='bbox 2554 3801 2992 3857; x_wconf 89' lang='lat' dir='ltr'>catechumenis</span> <span class='ocrx_word' id='word_1_452' title='bbox 3014 3801 3192 3874; x_wconf 88' lang='lat' dir='ltr'>hujus</span> <span class='ocrx_word' id='word_1_453' title='bbox 3218 3804 3491 3877; x_wconf 85' lang='lat' dir='ltr'>exemplo</span> <span class='ocrx_word' id='word_1_454' title='bbox 3516 3798 3823 3876; x_wconf 68' lang='lat' dir='ltr'>patriarcha</span> 
     </span>
    </p>
   </div>
   <div class='ocr_carea' id='block_1_67' title="bbox 448 3889 3823 3966">
    <p class='ocr_par' dir='ltr' id='par_1_67' title="bbox 448 3889 3823 3966">
     <span class='ocr_line' id='line_1_67' title="bbox 448 3889 3823 3966; baseline -0.004 -11"><span class='ocrx_word' id='word_1_455' title='bbox 448 3899 787 3955; x_wconf 69' lang='lat' dir='ltr'>Christianae</span> <span class='ocrx_word' id='word_1_456' title='bbox 822 3894 1138 3966; x_wconf 87' lang='lat' dir='ltr'>religionis,</span> <span class='ocrx_word' id='word_1_457' title='bbox 1164 3910 1341 3964; x_wconf 90' lang='lat' dir='ltr'>quam</span> <span class='ocrx_word' id='word_1_458' title='bbox 1372 3894 1428 3946; x_wconf 92' lang='lat' dir='ltr'>in</span> <span class='ocrx_word' id='word_1_459' title='bbox 1463 3891 1763 3963; x_wconf 87' lang='lat' dir='ltr'>pervigilio</span> <span class='ocrx_word' id='word_1_460' title='bbox 1794 3889 2089 3959; x_wconf 83' lang='lat' dir='ltr'>pasehatis</span> <span class='ocrx_word' id='word_1_461' title='bbox 2148 3890 2465 3960; x_wconf 78' lang='lat' dir='ltr'>professuri</span> <span class='ocrx_word' id='word_1_462' title='bbox 2497 3894 2713 3956; x_wconf 75' lang='lat' dir='ltr'>essent,</span> <span class='ocrx_word' id='word_1_463' title='bbox 2750 3889 2940 3944; x_wconf 78' lang='lat' dir='ltr'>ofﬁcia</span> <span class='ocrx_word' id='word_1_464' title='bbox 2972 3891 3330 3961; x_wconf 82' lang='lat' dir='ltr'>patefecerit,</span> <span class='ocrx_word' id='word_1_465' title='bbox 3363 3894 3421 3947; x_wconf 91' lang='lat' dir='ltr'>in</span> <span class='ocrx_word' id='word_1_466' title='bbox 3454 3892 3624 3948; x_wconf 87' lang='lat' dir='ltr'>altero</span> <span class='ocrx_word' id='word_1_467' title='bbox 3656 3894 3823 3945; x_wconf 84' lang='lat' dir='ltr'>autem</span> 
     </span>
    </p>
   </div>
   <div class='ocr_carea' id='block_1_68' title="bbox 448 3976 3820 4058">
    <p class='ocr_par' dir='ltr' id='par_1_68' title="bbox 448 3976 3820 4058">
     <span class='ocr_line' id='line_1_68' title="bbox 448 3976 3820 4058; baseline -0.004 -14"><span class='ocrx_word' id='word_1_468' title='bbox 448 3989 656 4044; x_wconf 68' lang='lat' dir='ltr'>animae</span> <span class='ocrx_word' id='word_1_469' title='bbox 689 4003 790 4058; x_wconf 90' lang='lat' dir='ltr'>per</span> <span class='ocrx_word' id='word_1_470' title='bbox 819 3984 1025 4039; x_wconf 88' lang='lat' dir='ltr'>Adami</span> <span class='ocrx_word' id='word_1_471' title='bbox 1058 3988 1359 4054; x_wconf 88' lang='lat' dir='ltr'>peccatum</span> <span class='ocrx_word' id='word_1_472' title='bbox 1395 3981 1573 4050; x_wconf 81' lang='lat' dir='ltr'>lapsae</span> <span class='ocrx_word' id='word_1_473' title='bbox 1603 3978 1967 4051; x_wconf 86' lang='lat' dir='ltr'>resurgondi,</span> <span class='ocrx_word' id='word_1_474' title='bbox 2002 3982 2175 4049; x_wconf 89' lang='lat' dir='ltr'>atque</span> <span class='ocrx_word' id='word_1_475' title='bbox 2215 3978 2286 4033; x_wconf 92' lang='lat' dir='ltr'>ad</span> <span class='ocrx_word' id='word_1_476' title='bbox 2323 3978 2733 4048; x_wconf 84' lang='lat' dir='ltr'>perfectionem</span> <span class='ocrx_word' id='word_1_477' title='bbox 2760 3978 3015 4034; x_wconf 89' lang='lat' dir='ltr'>enitendi</span> <span class='ocrx_word' id='word_1_478' title='bbox 3047 3980 3290 4035; x_wconf 89' lang='lat' dir='ltr'>modum</span> <span class='ocrx_word' id='word_1_479' title='bbox 3350 3976 3820 4038; x_wconf 81' lang='lat' dir='ltr'>demonstraverit,</span> 
     </span>
    </p>
   </div>
   <div class='ocr_carea' id='block_1_69' title="bbox 451 4065 3826 4141">
    <p class='ocr_par' dir='ltr' id='par_1_69' title="bbox 451 4065 3826 4141">
     <span class='ocr_line' id='line_1_69' title="bbox 451 4065 3826 4141; baseline -0.004 -9"><span class='ocrx_word' id='word_1_480' title='bbox 451 4080 507 4132; x_wconf 90' lang='lat' dir='ltr'>in</span> <span class='ocrx_word' id='word_1_481' title='bbox 542 4082 741 4131; x_wconf 86' lang='lat' dir='ltr'>nostra</span> <span class='ocrx_word' id='word_1_482' title='bbox 771 4075 845 4129; x_wconf 87' lang='lat' dir='ltr'>ad</span> <span class='ocrx_word' id='word_1_483' title='bbox 875 4074 1030 4127; x_wconf 85' lang='lat' dir='ltr'>idem</span> <span class='ocrx_word' id='word_1_484' title='bbox 1062 4088 1210 4141; x_wconf 88' lang='lat' dir='ltr'>opus</span> <span class='ocrx_word' id='word_1_485' title='bbox 1243 4066 1655 4123; x_wconf 85' lang='lat' dir='ltr'>Admonitione</span> <span class='ocrx_word' id='word_1_486' title='bbox 1688 4066 2134 4121; x_wconf 85' lang='lat' dir='ltr'>declaravimus.</span> <span class='ocrx_word' id='word_1_487' title='bbox 2188 4065 2566 4136; x_wconf 75' lang='lat' dir='ltr'>Prosequitur</span> <span class='ocrx_word' id='word_1_488' title='bbox 2608 4066 2875 4122; x_wconf 86' lang='lat' dir='ltr'>instituta</span> <span class='ocrx_word' id='word_1_489' title='bbox 2930 4072 3267 4123; x_wconf 89' lang='lat' dir='ltr'>acroamata</span> <span class='ocrx_word' id='word_1_490' title='bbox 3324 4068 3826 4141; x_wconf 66' lang='lat' dir='ltr'>praceptionesque</span> 
     </span>
    </p>
   </div>
   <div class='ocr_carea' id='block_1_70' title="bbox 452 4153 3827 4233">
    <p class='ocr_par' dir='ltr' id='par_1_70' title="bbox 452 4153 3827 4233">
     <span class='ocr_line' id='line_1_70' title="bbox 452 4153 3827 4233; baseline -0.005 -13"><span class='ocrx_word' id='word_1_491' title='bbox 452 4167 710 4220; x_wconf 80' lang='lat' dir='ltr'>Antistes</span> <span class='ocrx_word' id='word_1_492' title='bbox 742 4159 1253 4233; x_wconf 88' lang='lat' dir='ltr'>vigilantissimus,</span> <span class='ocrx_word' id='word_1_493' title='bbox 1288 4173 1391 4211; x_wconf 89' lang='lat' dir='ltr'>nec</span> <span class='ocrx_word' id='word_1_494' title='bbox 1424 4156 1538 4210; x_wconf 88' lang='lat' dir='ltr'>alia</span> <span class='ocrx_word' id='word_1_495' title='bbox 1563 4156 1632 4209; x_wconf 90' lang='lat' dir='ltr'>de</span> <span class='ocrx_word' id='word_1_496' title='bbox 1664 4172 1843 4210; x_wconf 89' lang='lat' dir='ltr'>causa</span> <span class='ocrx_word' id='word_1_497' title='bbox 1903 4153 2226 4208; x_wconf 90' lang='lat' dir='ltr'>secundum</span> <span class='ocrx_word' id='word_1_498' title='bbox 2286 4154 2593 4210; x_wconf 87' lang='lat' dir='ltr'>memorati</span> <span class='ocrx_word' id='word_1_499' title='bbox 2652 4155 2844 4225; x_wconf 89' lang='lat' dir='ltr'>operis</span> <span class='ocrx_word' id='word_1_500' title='bbox 2891 4154 3130 4217; x_wconf 88' lang='lat' dir='ltr'>librum,</span> <span class='ocrx_word' id='word_1_501' title='bbox 3183 4157 3284 4211; x_wconf 92' lang='lat' dir='ltr'>ubi</span> <span class='ocrx_word' id='word_1_502' title='bbox 3355 4157 3517 4213; x_wconf 89' lang='lat' dir='ltr'>Isaac</span> <span class='ocrx_word' id='word_1_503' title='bbox 3565 4161 3751 4211; x_wconf 88' lang='lat' dir='ltr'>natum</span> <span class='ocrx_word' id='word_1_504' title='bbox 3779 4155 3827 4206; x_wconf 89' lang='lat' dir='ltr'>et</span> 
     </span>
    </p>
   </div>
   <div class='ocr_carea' id='block_1_71' title="bbox 451 4240 3822 4317">
    <p class='ocr_par' dir='ltr' id='par_1_71' title="bbox 451 4240 3822 4317">
     <span class='ocr_line' id='line_1_71' title="bbox 451 4240 3822 4317; baseline -0.004 -9"><span class='ocrx_word' id='word_1_505' title='bbox 451 4252 862 4309; x_wconf 86' lang='lat' dir='ltr'>circumcisum</span> <span class='ocrx_word' id='word_1_506' title='bbox 888 4246 1106 4313; x_wconf 87' lang='lat' dir='ltr'>retulit,</span> <span class='ocrx_word' id='word_1_507' title='bbox 1131 4243 1419 4315; x_wconf 82' lang='lat' dir='ltr'>extemplo</span> <span class='ocrx_word' id='word_1_508' title='bbox 1454 4243 1674 4299; x_wconf 76' lang='lat' dir='ltr'>[iniisse</span> <span class='ocrx_word' id='word_1_509' title='bbox 1706 4244 1875 4298; x_wconf 86' lang='lat' dir='ltr'>nobis</span> <span class='ocrx_word' id='word_1_510' title='bbox 1906 4243 2152 4308; x_wconf 87' lang='lat' dir='ltr'>videtur,</span> <span class='ocrx_word' id='word_1_511' title='bbox 2184 4240 2297 4295; x_wconf 90' lang='lat' dir='ltr'>nisi</span> <span class='ocrx_word' id='word_1_512' title='bbox 2332 4245 2396 4295; x_wconf 92' lang='lat' dir='ltr'>ut</span> <span class='ocrx_word' id='word_1_513' title='bbox 2425 4258 2493 4297; x_wconf 85' lang='lat' dir='ltr'>ex</span> <span class='ocrx_word' id='word_1_514' title='bbox 2517 4243 2781 4313; x_wconf 88' lang='lat' dir='ltr'>ejusdem</span> <span class='ocrx_word' id='word_1_515' title='bbox 2807 4259 2941 4297; x_wconf 88' lang='lat' dir='ltr'>cum</span> <span class='ocrx_word' id='word_1_516' title='bbox 2972 4243 3230 4300; x_wconf 83' lang='lat' dir='ltr'>Rebecca</span> <span class='ocrx_word' id='word_1_517' title='bbox 3260 4246 3538 4317; x_wconf 89' lang='lat' dir='ltr'>conjugio</span> <span class='ocrx_word' id='word_1_518' title='bbox 3594 4240 3822 4300; x_wconf 86' lang='lat' dir='ltr'>hominis</span> 
     </span>
    </p>
   </div>
   <div class='ocr_carea' id='block_1_72' title="bbox 453 4328 3816 4404">
    <p class='ocr_par' dir='ltr' id='par_1_72' title="bbox 453 4328 3816 4404">
     <span class='ocr_line' id='line_1_72' title="bbox 453 4328 3816 4404; baseline -0.004 -9"><span class='ocrx_word' id='word_1_519' title='bbox 453 4339 758 4394; x_wconf 82' lang='lat' dir='ltr'>christiani</span> <span class='ocrx_word' id='word_1_520' title='bbox 790 4338 1071 4401; x_wconf 87' lang='lat' dir='ltr'>animam,</span> <span class='ocrx_word' id='word_1_521' title='bbox 1117 4336 1258 4389; x_wconf 89' lang='lat' dir='ltr'>dum</span> <span class='ocrx_word' id='word_1_522' title='bbox 1282 4334 1341 4387; x_wconf 90' lang='lat' dir='ltr'>in</span> <span class='ocrx_word' id='word_1_523' title='bbox 1374 4331 1615 4404; x_wconf 88' lang='lat' dir='ltr'>genitali</span> <span class='ocrx_word' id='word_1_524' title='bbox 1647 4334 1801 4387; x_wconf 84' lang='lat' dir='ltr'>fonte</span> <span class='ocrx_word' id='word_1_525' title='bbox 1832 4329 2174 4398; x_wconf 88' lang='lat' dir='ltr'>renascitur,</span> <span class='ocrx_word' id='word_1_526' title='bbox 2209 4328 2603 4384; x_wconf 89' lang='lat' dir='ltr'>arctissimum</span> <span class='ocrx_word' id='word_1_527' title='bbox 2635 4330 2932 4401; x_wconf 90' lang='lat' dir='ltr'>quoddam</span> <span class='ocrx_word' id='word_1_528' title='bbox 2988 4330 3271 4402; x_wconf 85' lang='lat' dir='ltr'>spiritalis</span> <span class='ocrx_word' id='word_1_529' title='bbox 3327 4333 3682 4391; x_wconf 89' lang='lat' dir='ltr'>matrimonii</span> <span class='ocrx_word' id='word_1_530' title='bbox 3702 4342 3816 4386; x_wconf 91' lang='lat' dir='ltr'>cum</span> 
     </span>
    </p>
   </div>
   <div class='ocr_carea' id='block_1_73' title="bbox 454 4416 3824 4494">
    <p class='ocr_par' dir='ltr' id='par_1_73' title="bbox 454 4416 3824 4494">
     <span class='ocr_line' id='line_1_73' title="bbox 454 4416 3824 4494; baseline -0.004 -12"><span class='ocrx_word' id='word_1_531' title='bbox 454 4428 639 4482; x_wconf 82' lang='lat' dir='ltr'>Verbo</span> <span class='ocrx_word' id='word_1_532' title='bbox 686 4429 797 4482; x_wconf 86' lang='lat' dir='ltr'>Deo</span> <span class='ocrx_word' id='word_1_533' title='bbox 829 4428 1017 4481; x_wconf 79' lang='lat' dir='ltr'>foedus</span> <span class='ocrx_word' id='word_1_534' title='bbox 1048 4425 1192 4479; x_wconf 88' lang='lat' dir='ltr'>inire</span> <span class='ocrx_word' id='word_1_535' title='bbox 1223 4423 1572 4478; x_wconf 88' lang='lat' dir='ltr'>ostenderet.</span> <span class='ocrx_word' id='word_1_536' title='bbox 1610 4421 1668 4475; x_wconf 94' lang='lat' dir='ltr'>Id</span> <span class='ocrx_word' id='word_1_537' title='bbox 1699 4420 1887 4475; x_wconf 90' lang='lat' dir='ltr'>hocin</span> <span class='ocrx_word' id='word_1_538' title='bbox 1919 4418 2067 4473; x_wconf 86' lang='lat' dir='ltr'>libro</span> <span class='ocrx_word' id='word_1_539' title='bbox 2099 4434 2270 4490; x_wconf 89' lang='lat' dir='ltr'>quem</span> <span class='ocrx_word' id='word_1_540' title='bbox 2302 4422 2609 4490; x_wconf 88' lang='lat' dir='ltr'>propterea</span> <span class='ocrx_word' id='word_1_541' title='bbox 2632 4418 2696 4473; x_wconf 87' lang='lat' dir='ltr'>de</span> <span class='ocrx_word' id='word_1_542' title='bbox 2727 4422 2880 4473; x_wconf 78' lang='lat' dir='ltr'>Isaac</span> <span class='ocrx_word' id='word_1_543' title='bbox 2924 4426 2973 4474; x_wconf 80' lang='lat' dir='ltr'>et</span> <span class='ocrx_word' id='word_1_544' title='bbox 3018 4420 3218 4474; x_wconf 85' lang='lat' dir='ltr'>Anima</span> <span class='ocrx_word' id='word_1_545' title='bbox 3246 4420 3600 4494; x_wconf 89' lang='lat' dir='ltr'>inscriptum</span> <span class='ocrx_word' id='word_1_546' title='bbox 3650 4416 3824 4480; x_wconf 87' lang='lat' dir='ltr'>voluit,</span> 
     </span>
    </p>
   </div>
   <div class='ocr_carea' id='block_1_74' title="bbox 454 4506 3826 4589">
    <p class='ocr_par' dir='ltr' id='par_1_74' title="bbox 454 4506 3826 4589">
     <span class='ocr_line' id='line_1_74' title="bbox 454 4506 3826 4589; baseline -0.004 -18"><span class='ocrx_word' id='word_1_547' title='bbox 454 4532 734 4589; x_wconf 87' lang='lat' dir='ltr'>perquam</span> <span class='ocrx_word' id='word_1_548' title='bbox 767 4514 994 4585; x_wconf 81' lang='lat' dir='ltr'>egregie</span> <span class='ocrx_word' id='word_1_549' title='bbox 1028 4512 1293 4585; x_wconf 65' lang='lat' dir='ltr'>praestitit</span> <span class='ocrx_word' id='word_1_550' title='bbox 1322 4514 1469 4582; x_wconf 87' lang='lat' dir='ltr'>(cap.</span> <span class='ocrx_word' id='word_1_551' title='bbox 1510 4512 1578 4579; x_wconf 86' lang='grc'>1).</span> <span class='ocrx_word' id='word_1_552' title='bbox 1614 4509 1779 4563; x_wconf 90' lang='lat' dir='ltr'>Enim</span> <span class='ocrx_word' id='word_1_553' title='bbox 1806 4524 1937 4563; x_wconf 90' lang='lat' dir='ltr'>vero</span> <span class='ocrx_word' id='word_1_554' title='bbox 1966 4510 2278 4578; x_wconf 87' lang='lat' dir='ltr'>postquam</span> <span class='ocrx_word' id='word_1_555' title='bbox 2312 4506 2471 4562; x_wconf 88' lang='lat' dir='ltr'>Isaac</span> <span class='ocrx_word' id='word_1_556' title='bbox 2503 4506 2799 4562; x_wconf 87' lang='lat' dir='ltr'>nativitate</span> <span class='ocrx_word' id='word_1_557' title='bbox 2829 4524 2896 4563; x_wconf 88' lang='lat' dir='ltr'>ac</span> <span class='ocrx_word' id='word_1_558' title='bbox 2936 4511 3121 4564; x_wconf 88' lang='lat' dir='ltr'>morte</span> <span class='ocrx_word' id='word_1_559' title='bbox 3172 4525 3282 4564; x_wconf 87' lang='lat' dir='ltr'>sua</span> <span class='ocrx_word' id='word_1_560' title='bbox 3331 4510 3547 4566; x_wconf 89' lang='lat' dir='ltr'>Christi</span> <span class='ocrx_word' id='word_1_561' title='bbox 3606 4509 3826 4579; x_wconf 85' lang='lat' dir='ltr'>figuram</span> 
     </span>
    </p>
   </div>
   <div class='ocr_carea' id='block_1_75' title="bbox 453 4593 3825 4670">
    <p class='ocr_par' dir='ltr' id='par_1_75' title="bbox 453 4593 3825 4670">
     <span class='ocr_line' id='line_1_75' title="bbox 453 4593 3825 4670; baseline -0.004 -9"><span class='ocrx_word' id='word_1_562' title='bbox 453 4605 735 4668; x_wconf 79' lang='lat' dir='ltr'>extitisse,</span> <span class='ocrx_word' id='word_1_563' title='bbox 765 4602 916 4656; x_wconf 85' lang='lat' dir='ltr'>sicut</span> <span class='ocrx_word' id='word_1_564' title='bbox 941 4608 998 4656; x_wconf 91' lang='lat' dir='ltr'>et</span> <span class='ocrx_word' id='word_1_565' title='bbox 1029 4602 1346 4656; x_wconf 82' lang='lat' dir='ltr'>Rebeccam</span> <span class='ocrx_word' id='word_1_566' title='bbox 1380 4600 1587 4654; x_wconf 67' lang='lat' dir='ltr'>animae</span> <span class='ocrx_word' id='word_1_567' title='bbox 1622 4597 1824 4670; x_wconf 88' lang='lat' dir='ltr'>paucis</span> <span class='ocrx_word' id='word_1_568' title='bbox 1883 4595 2129 4668; x_wconf 89' lang='lat' dir='ltr'>aperuit,</span> <span class='ocrx_word' id='word_1_569' title='bbox 2164 4596 2407 4650; x_wconf 81' lang='lat' dir='ltr'>definita</span> <span class='ocrx_word' id='word_1_570' title='bbox 2445 4595 2709 4665; x_wconf 90' lang='lat' dir='ltr'>ejusdem</span> <span class='ocrx_word' id='word_1_571' title='bbox 2743 4595 2953 4650; x_wconf 68' lang='lat' dir='ltr'>animm</span> <span class='ocrx_word' id='word_1_572' title='bbox 3011 4600 3243 4664; x_wconf 87' lang='lat' dir='ltr'>natura,</span> <span class='ocrx_word' id='word_1_573' title='bbox 3304 4602 3501 4654; x_wconf 87' lang='lat' dir='ltr'>totum</span> <span class='ocrx_word' id='word_1_574' title='bbox 3556 4593 3825 4652; x_wconf 88' lang='lat' dir='ltr'>hominem</span> 
     </span>
    </p>
   </div>
   <div class='ocr_carea' id='block_1_76' title="bbox 456 4680 3827 4767">
    <p class='ocr_par' dir='ltr' id='par_1_76' title="bbox 456 4680 3827 4767">
     <span class='ocr_line' id='line_1_76' title="bbox 456 4680 3827 4767; baseline -0.005 -18"><span class='ocrx_word' id='word_1_575' title='bbox 456 4693 829 4767; x_wconf 88' lang='lat' dir='ltr'>potissimum</span> <span class='ocrx_word' id='word_1_576' title='bbox 862 4690 919 4743; x_wconf 92' lang='lat' dir='ltr'>in</span> <span class='ocrx_word' id='word_1_577' title='bbox 951 4689 1080 4760; x_wconf 87' lang='lat' dir='ltr'>ipsa</span> <span class='ocrx_word' id='word_1_578' title='bbox 1109 4688 1426 4743; x_wconf 88' lang='lat' dir='ltr'>consistere</span> <span class='ocrx_word' id='word_1_579' title='bbox 1456 4686 1668 4742; x_wconf 87' lang='lat' dir='ltr'>astruit</span> <span class='ocrx_word' id='word_1_580' title='bbox 1701 4687 1849 4756; x_wconf 87' lang='lat' dir='ltr'>(cap.</span> <span class='ocrx_word' id='word_1_581' title='bbox 1882 4688 1957 4753; x_wconf 77' lang='lat'>2).</span> <span class='ocrx_word' id='word_1_582' title='bbox 1993 4685 2151 4738; x_wconf 91' lang='lat' dir='ltr'>Hanc</span> <span class='ocrx_word' id='word_1_583' title='bbox 2184 4687 2380 4738; x_wconf 90' lang='lat' dir='ltr'>autem</span> <span class='ocrx_word' id='word_1_584' title='bbox 2414 4684 2576 4739; x_wconf 85' lang='lat' dir='ltr'>docet</span> <span class='ocrx_word' id='word_1_585' title='bbox 2614 4683 2740 4738; x_wconf 90' lang='lat' dir='ltr'>ideo</span> <span class='ocrx_word' id='word_1_586' title='bbox 2800 4700 2927 4739; x_wconf 89' lang='lat' dir='ltr'>esse</span> <span class='ocrx_word' id='word_1_587' title='bbox 2984 4684 3413 4756; x_wconf 80' lang='lat' dir='ltr'>imperfectam,</span> <span class='ocrx_word' id='word_1_588' title='bbox 3472 4685 3623 4757; x_wconf 90' lang='lat' dir='ltr'>quod</span> <span class='ocrx_word' id='word_1_589' title='bbox 3678 4680 3827 4767; x_wconf 74' lang='lat' dir='ltr'>rebus</span> 
     </span>
    </p>
   </div>
   <div class='ocr_carea' id='block_1_77' title="bbox 453 4762 3830 4854">
    <p class='ocr_par' dir='ltr' id='par_1_77' title="bbox 453 4762 3830 4854">
     <span class='ocr_line' id='line_1_77' title="bbox 453 4762 3830 4854; baseline -0.005 -16"><span class='ocrx_word' id='word_1_590' title='bbox 453 4762 746 4854; x_wconf 71' lang='lat' dir='ltr'>corporeis</span> <span class='ocrx_word' id='word_1_591' title='bbox 776 4796 842 4833; x_wconf 89' lang='lat' dir='ltr'>ac</span> <span class='ocrx_word' id='word_1_592' title='bbox 873 4776 1069 4832; x_wconf 75' lang='lat' dir='ltr'>smculi</span> <span class='ocrx_word' id='word_1_593' title='bbox 1099 4775 1494 4846; x_wconf 86' lang='lat' dir='ltr'>voluptatibus</span> <span class='ocrx_word' id='word_1_594' title='bbox 1527 4776 1901 4837; x_wconf 61' lang='lat' dir='ltr'>adhaerescat,</span> <span class='ocrx_word' id='word_1_595' title='bbox 1935 4777 2135 4827; x_wconf 92' lang='lat' dir='ltr'>contra</span> <span class='ocrx_word' id='word_1_596' title='bbox 2186 4788 2320 4826; x_wconf 86' lang='lat' dir='ltr'>vero</span> <span class='ocrx_word' id='word_1_597' title='bbox 2358 4772 2617 4842; x_wconf 90' lang='lat' dir='ltr'>primum</span> <span class='ocrx_word' id='word_1_598' title='bbox 2672 4771 2743 4825; x_wconf 89' lang='lat' dir='ltr'>ad</span> <span class='ocrx_word' id='word_1_599' title='bbox 2784 4770 3196 4843; x_wconf 82' lang='lat' dir='ltr'>perfectionem</span> <span class='ocrx_word' id='word_1_600' title='bbox 3225 4773 3482 4844; x_wconf 88' lang='lat' dir='ltr'>gradum</span> <span class='ocrx_word' id='word_1_601' title='bbox 3543 4773 3737 4835; x_wconf 84' lang='lat' dir='ltr'>facere,</span> <span class='ocrx_word' id='word_1_602' title='bbox 3787 4762 3830 4821; x_wconf 78' lang='lat' dir='ltr'>si</span> 
     </span>
    </p>
   </div>
   <div class='ocr_carea' id='block_1_78' title="bbox 452 4859 3827 4940">
    <p class='ocr_par' dir='ltr' id='par_1_78' title="bbox 452 4859 3827 4940">
     <span class='ocr_line' id='line_1_78' title="bbox 452 4859 3827 4940; baseline -0.006 -12"><span class='ocrx_word' id='word_1_603' title='bbox 452 4872 682 4928; x_wconf 84' lang='lat' dir='ltr'>easdem</span> <span class='ocrx_word' id='word_1_604' title='bbox 717 4867 920 4940; x_wconf 80' lang='lat' dir='ltr'>fugiat,</span> <span class='ocrx_word' id='word_1_605' title='bbox 954 4871 1009 4920; x_wconf 90' lang='lat' dir='ltr'>et</span> <span class='ocrx_word' id='word_1_606' title='bbox 1040 4882 1218 4936; x_wconf 90' lang='lat' dir='ltr'>supra</span> <span class='ocrx_word' id='word_1_607' title='bbox 1248 4862 1481 4916; x_wconf 89' lang='lat' dir='ltr'>illarum</span> <span class='ocrx_word' id='word_1_608' title='bbox 1510 4879 1735 4916; x_wconf 75' lang='lat' dir='ltr'>caenum</span> <span class='ocrx_word' id='word_1_609' title='bbox 1769 4860 1973 4915; x_wconf 88' lang='lat' dir='ltr'>attolat</span> <span class='ocrx_word' id='word_1_610' title='bbox 2003 4877 2150 4915; x_wconf 90' lang='lat' dir='ltr'>sese.</span> <span class='ocrx_word' id='word_1_611' title='bbox 2185 4860 2329 4914; x_wconf 78' lang='lat' dir='ltr'>l-Iinc</span> <span class='ocrx_word' id='word_1_612' title='bbox 2359 4864 2773 4931; x_wconf 88' lang='lat' dir='ltr'>argumentum</span> <span class='ocrx_word' id='word_1_613' title='bbox 2806 4859 3167 4931; x_wconf 85' lang='lat' dir='ltr'>propositum</span> <span class='ocrx_word' id='word_1_614' title='bbox 3198 4864 3518 4933; x_wconf 81' lang='lat' dir='ltr'>aggressus</span> <span class='ocrx_word' id='word_1_615' title='bbox 3542 4860 3827 4916; x_wconf 80' lang='lat' dir='ltr'>Rebeccam</span> 
     </span>
    </p>
   </div>
   <div class='ocr_carea' id='block_1_79' title="bbox 452 4942 3827 5027">
    <p class='ocr_par' dir='ltr' id='par_1_79' title="bbox 452 4942 3827 5027">
     <span class='ocr_line' id='line_1_79' title="bbox 452 4942 3827 5027; baseline -0.007 -10"><span class='ocrx_word' id='word_1_616' title='bbox 452 4964 649 5027; x_wconf 90' lang='lat' dir='ltr'>talem,</span> <span class='ocrx_word' id='word_1_617' title='bbox 683 4975 817 5015; x_wconf 89' lang='lat' dir='ltr'>cum</span> <span class='ocrx_word' id='word_1_618' title='bbox 851 4957 922 5012; x_wconf 91' lang='lat' dir='ltr'>ad</span> <span class='ocrx_word' id='word_1_619' title='bbox 954 4956 1113 5010; x_wconf 85' lang='lat' dir='ltr'>Isaac</span> <span class='ocrx_word' id='word_1_620' title='bbox 1144 4952 1379 5017; x_wconf 83' lang='lat' dir='ltr'>veniret,</span> <span class='ocrx_word' id='word_1_621' title='bbox 1430 4951 1609 5003; x_wconf 80' lang='lat' dir='ltr'>fuisse</span> <span class='ocrx_word' id='word_1_622' title='bbox 1642 4950 1799 5016; x_wconf 83' lang='lat' dir='ltr'>dicit,</span> <span class='ocrx_word' id='word_1_623' title='bbox 1835 4950 2050 5019; x_wconf 87' lang='lat' dir='ltr'>quippe</span> <span class='ocrx_word' id='word_1_624' title='bbox 2072 4966 2195 5017; x_wconf 66' lang='lat' dir='ltr'>«,uao</span> <span class='ocrx_word' id='word_1_625' title='bbox 2226 4948 2488 5003; x_wconf 85' lang='lat' dir='ltr'>divinum</span> <span class='ocrx_word' id='word_1_626' title='bbox 2522 4949 2578 5003; x_wconf 89' lang='lat' dir='ltr'>in</span> <span class='ocrx_word' id='word_1_627' title='bbox 2613 4947 2710 5003; x_wconf 94' lang='lat' dir='ltr'>illo</span> <span class='ocrx_word' id='word_1_628' title='bbox 2743 4948 2997 5004; x_wconf 89' lang='lat' dir='ltr'>Verbum</span> <span class='ocrx_word' id='word_1_629' title='bbox 3032 4949 3304 5004; x_wconf 87' lang='lat' dir='ltr'>ardenter</span> <span class='ocrx_word' id='word_1_630' title='bbox 3323 4954 3591 5023; x_wconf 79' lang='lat' dir='ltr'>expetere</span> <span class='ocrx_word' id='word_1_631' title='bbox 3612 4963 3671 5004; x_wconf 88' lang='lat' dir='ltr'>se</span> <span class='ocrx_word' id='word_1_632' title='bbox 3687 4942 3827 5000; x_wconf 87' lang='lat' dir='ltr'>testi-</span> 
     </span>
    </p>
   </div>
   <div class='ocr_carea' id='block_1_80' title="bbox 457 5036 3827 5109">
    <p class='ocr_par' dir='ltr' id='par_1_80' title="bbox 457 5036 3827 5109">
     <span class='ocr_line' id='line_1_80' title="bbox 457 5036 3827 5109; baseline -0.004 -4"><span class='ocrx_word' id='word_1_633' title='bbox 457 5053 661 5105; x_wconf 80' lang='lat' dir='ltr'>ficatur</span> <span class='ocrx_word' id='word_1_634' title='bbox 691 5049 951 5103; x_wconf 89' lang='lat' dir='ltr'>clamans</span> <span class='ocrx_word' id='word_1_635' title='bbox 978 5062 989 5099; x_wconf 92' lang='lat'><strong>:</strong></span> <span class='ocrx_word' id='word_1_636' title='bbox 1025 5043 1308 5099; x_wconf 60' lang='lat' dir='ltr'>Osrulrlur</span> <span class='ocrx_word' id='word_1_637' title='bbox 1338 5040 1505 5092; x_wconf 80' lang='lat' dir='ltr'>mcab</span> <span class='ocrx_word' id='word_1_638' title='bbox 1537 5039 1729 5092; x_wconf 75' lang='lat' dir='ltr'>osculis</span> <span class='ocrx_word' id='word_1_639' title='bbox 1759 5040 1975 5092; x_wconf 69' lang='lat' dir='ltr'>orissuz’</span> <span class='ocrx_word' id='word_1_640' title='bbox 2003 5046 2150 5109; x_wconf 89' lang='lat' dir='ltr'>(cap.</span> <span class='ocrx_word' id='word_1_641' title='bbox 2186 5038 2239 5106; x_wconf 85' lang='grc'>3)</span> <span class='ocrx_word' id='word_1_642' title='bbox 2254 5068 2269 5089; x_wconf 59' lang='grc' dir='ltr'>,η</span> <span class='ocrx_word' id='word_1_643' title='bbox 2304 5042 2433 5107; x_wconf 89' lang='lat' dir='ltr'>Ipse</span> <span class='ocrx_word' id='word_1_644' title='bbox 2466 5037 2704 5107; x_wconf 90' lang='lat' dir='ltr'>quidem</span> <span class='ocrx_word' id='word_1_645' title='bbox 2734 5036 3081 5092; x_wconf 84' lang='lat' dir='ltr'>Ambrosius</span> <span class='ocrx_word' id='word_1_646' title='bbox 3131 5036 3329 5093; x_wconf 88' lang='lat' dir='ltr'>locum</span> <span class='ocrx_word' id='word_1_647' title='bbox 3390 5039 3547 5093; x_wconf 91' lang='lat' dir='ltr'>hunc</span> <span class='ocrx_word' id='word_1_648' title='bbox 3593 5036 3827 5103; x_wconf 79' lang='lat' dir='ltr'>aliosque</span> 
     </span>
    </p>
   </div>
   <div class='ocr_carea' id='block_1_81' title="bbox 455 5121 3826 5196">
    <p class='ocr_par' dir='ltr' id='par_1_81' title="bbox 455 5121 3826 5196">
     <span class='ocr_line' id='line_1_81' title="bbox 455 5121 3826 5196; baseline -0.006 -4"><span class='ocrx_word' id='word_1_649' title='bbox 455 5154 659 5192; x_wconf 85' lang='lat' dir='ltr'>omnes</span> <span class='ocrx_word' id='word_1_650' title='bbox 706 5136 922 5192; x_wconf 87' lang='lat' dir='ltr'>Cantiei</span> <span class='ocrx_word' id='word_1_651' title='bbox 973 5133 1333 5188; x_wconf 80' lang='lat' dir='ltr'>canticorum</span> <span class='ocrx_word' id='word_1_652' title='bbox 1380 5127 1697 5182; x_wconf 87' lang='lat' dir='ltr'>versiculos</span> <span class='ocrx_word' id='word_1_653' title='bbox 1750 5126 1925 5181; x_wconf 86' lang='lat' dir='ltr'>etiam</span> <span class='ocrx_word' id='word_1_654' title='bbox 1974 5124 2237 5181; x_wconf 69' lang='lat' dir='ltr'>Ecclesia:</span> <span class='ocrx_word' id='word_1_655' title='bbox 2270 5124 2699 5182; x_wconf 88' lang='lat' dir='ltr'>accommodari</span> <span class='ocrx_word' id='word_1_656' title='bbox 2748 5140 2921 5195; x_wconf 87' lang='lat' dir='ltr'>posse</span> <span class='ocrx_word' id='word_1_657' title='bbox 2961 5126 3309 5196; x_wconf 85' lang='lat' dir='ltr'>proﬁtetur:</span> <span class='ocrx_word' id='word_1_658' title='bbox 3344 5127 3447 5183; x_wconf 90' lang='lat' dir='ltr'>sed</span> <span class='ocrx_word' id='word_1_659' title='bbox 3479 5142 3611 5181; x_wconf 90' lang='lat' dir='ltr'>cum</span> <span class='ocrx_word' id='word_1_660' title='bbox 3650 5121 3826 5179; x_wconf 84' lang='lat' dir='ltr'>eadem</span> 
     </span>
    </p>
   </div>
   <div class='ocr_carea' id='block_1_82' title="bbox 460 5207 3825 5296">
    <p class='ocr_par' dir='ltr' id='par_1_82' title="bbox 460 5207 3825 5296">
     <span class='ocr_line' id='line_1_82' title="bbox 460 5207 3825 5296; baseline -0.005 -17"><span class='ocrx_word' id='word_1_661' title='bbox 460 5226 733 5296; x_wconf 69' lang='lat' dir='ltr'>mysteria</span> <span class='ocrx_word' id='word_1_662' title='bbox 766 5230 887 5280; x_wconf 88' lang='lat' dir='ltr'>tum</span> <span class='ocrx_word' id='word_1_663' title='bbox 922 5222 1081 5288; x_wconf 89' lang='lat' dir='ltr'>alibi,</span> <span class='ocrx_word' id='word_1_664' title='bbox 1115 5227 1240 5275; x_wconf 90' lang='lat' dir='ltr'>tum</span> <span class='ocrx_word' id='word_1_665' title='bbox 1274 5216 1357 5273; x_wconf 90' lang='lat' dir='ltr'>vel</span> <span class='ocrx_word' id='word_1_666' title='bbox 1392 5215 1640 5270; x_wconf 78' lang='lat' dir='ltr'>maxime</span> <span class='ocrx_word' id='word_1_667' title='bbox 1674 5215 1729 5269; x_wconf 93' lang='lat' dir='ltr'>in</span> <span class='ocrx_word' id='word_1_668' title='bbox 1763 5213 2128 5270; x_wconf 86' lang='lat' dir='ltr'>enarratione</span> <span class='ocrx_word' id='word_1_669' title='bbox 2158 5212 2369 5284; x_wconf 88' lang='lat' dir='ltr'>psalmi</span> <span class='ocrx_word' id='word_1_670' title='bbox 2392 5230 2543 5267; x_wconf 82' lang='lat' dir='ltr'>cxvu</span> <span class='ocrx_word' id='word_1_671' title='bbox 2575 5212 2959 5280; x_wconf 85' lang='lat' dir='ltr'>enucleasset,</span> <span class='ocrx_word' id='word_1_672' title='bbox 2980 5212 3089 5270; x_wconf 90' lang='lat' dir='ltr'>hoc</span> <span class='ocrx_word' id='word_1_673' title='bbox 3114 5214 3173 5268; x_wconf 92' lang='lat' dir='ltr'><strong>in</strong></span> <span class='ocrx_word' id='word_1_674' title='bbox 3196 5213 3346 5270; x_wconf 88' lang='lat' dir='ltr'>libro</span> <span class='ocrx_word' id='word_1_675' title='bbox 3367 5207 3825 5274; x_wconf 85' lang='lat' dir='ltr'>totusincumbit,</span> 
     </span>
    </p>
   </div>
   <div class='ocr_carea' id='block_1_83' title="bbox 460 5299 3827 5379">
    <p class='ocr_par' dir='ltr' id='par_1_83' title="bbox 460 5299 3827 5379">
     <span class='ocr_line' id='line_1_83' title="bbox 460 5299 3827 5379; baseline -0.003 -12"><span class='ocrx_word' id='word_1_676' title='bbox 460 5321 522 5367; x_wconf 90' lang='lat' dir='ltr'>ut</span> <span class='ocrx_word' id='word_1_677' title='bbox 553 5314 760 5367; x_wconf 83' lang='lat' dir='ltr'>animae</span> <span class='ocrx_word' id='word_1_678' title='bbox 792 5330 923 5368; x_wconf 89' lang='lat' dir='ltr'>cum</span> <span class='ocrx_word' id='word_1_679' title='bbox 956 5312 1143 5366; x_wconf 90' lang='lat' dir='ltr'>Verbo</span> <span class='ocrx_word' id='word_1_680' title='bbox 1173 5308 1512 5379; x_wconf 85' lang='lat' dir='ltr'>conjugium</span> <span class='ocrx_word' id='word_1_681' title='bbox 1545 5308 1821 5376; x_wconf 90' lang='lat' dir='ltr'>perpetuo</span> <span class='ocrx_word' id='word_1_682' title='bbox 1854 5302 2081 5374; x_wconf 83' lang='lat' dir='ltr'>mystici</span> <span class='ocrx_word' id='word_1_683' title='bbox 2113 5301 2272 5357; x_wconf 91' lang='lat' dir='ltr'>illius</span> <span class='ocrx_word' id='word_1_684' title='bbox 2302 5299 2661 5373; x_wconf 88' lang='lat' dir='ltr'>epithalamii</span> <span class='ocrx_word' id='word_1_685' title='bbox 2694 5302 3113 5358; x_wconf 89' lang='lat' dir='ltr'>commentario</span> <span class='ocrx_word' id='word_1_686' title='bbox 3143 5303 3451 5360; x_wconf 88' lang='lat' dir='ltr'>edisserat.</span> <span class='ocrx_word' id='word_1_687' title='bbox 3479 5301 3639 5368; x_wconf 87' lang='lat' dir='ltr'>Quod</span> <span class='ocrx_word' id='word_1_688' title='bbox 3658 5304 3827 5355; x_wconf 80' lang='lat' dir='ltr'>tamen</span> 
     </span>
    </p>
   </div>
   <div class='ocr_carea' id='block_1_84' title="bbox 462 5382 3828 5473">
    <p class='ocr_par' dir='ltr' id='par_1_84' title="bbox 462 5382 3828 5473">
     <span class='ocr_line' id='line_1_84' title="bbox 462 5382 3828 5473; baseline -0.003 -19"><span class='ocrx_word' id='word_1_689' title='bbox 462 5419 573 5456; x_wconf 87' lang='lat' dir='ltr'>non</span> <span class='ocrx_word' id='word_1_690' title='bbox 606 5401 688 5455; x_wconf 86' lang='lat' dir='ltr'>ita</span> <span class='ocrx_word' id='word_1_691' title='bbox 716 5401 987 5473; x_wconf 86' lang='lat' dir='ltr'>accipias,</span> <span class='ocrx_word' id='word_1_692' title='bbox 1020 5399 1188 5471; x_wconf 86' lang='lat' dir='ltr'>quasi</span> <span class='ocrx_word' id='word_1_693' title='bbox 1220 5412 1453 5452; x_wconf 89' lang='lat' dir='ltr'>versum</span> <span class='ocrx_word' id='word_1_694' title='bbox 1484 5393 1721 5450; x_wconf 89' lang='lat' dir='ltr'>omnino</span> <span class='ocrx_word' id='word_1_695' title='bbox 1754 5392 1984 5447; x_wconf 88' lang='lat' dir='ltr'>nullum</span> <span class='ocrx_word' id='word_1_696' title='bbox 2016 5390 2374 5463; x_wconf 74' lang='lat' dir='ltr'>praeterierit,</span> <span class='ocrx_word' id='word_1_697' title='bbox 2406 5407 2539 5446; x_wconf 91' lang='lat' dir='ltr'>cum</span> <span class='ocrx_word' id='word_1_698' title='bbox 2572 5407 2630 5446; x_wconf 91' lang='lat' dir='ltr'>re</span> <span class='ocrx_word' id='word_1_699' title='bbox 2679 5391 2808 5462; x_wconf 89' lang='lat' dir='ltr'>ipsa</span> <span class='ocrx_word' id='word_1_700' title='bbox 2836 5390 2995 5447; x_wconf 90' lang='lat' dir='ltr'>haud</span> <span class='ocrx_word' id='word_1_701' title='bbox 3025 5393 3216 5464; x_wconf 87' lang='lat' dir='ltr'>pauci,</span> <span class='ocrx_word' id='word_1_702' title='bbox 3250 5395 3309 5447; x_wconf 91' lang='lat' dir='ltr'>et</span> <span class='ocrx_word' id='word_1_703' title='bbox 3336 5391 3378 5446; x_wconf 89' lang='lat' dir='ltr'>ii</span> <span class='ocrx_word' id='word_1_704' title='bbox 3400 5390 3715 5464; x_wconf 85' lang='lat' dir='ltr'>praesertim</span> <span class='ocrx_word' id='word_1_705' title='bbox 3741 5382 3828 5456; x_wconf 87' lang='lat' dir='ltr'>qui</span> 
     </span>
    </p>
   </div>
   <div class='ocr_carea' id='block_1_85' title="bbox 457 5477 3829 5561">
    <p class='ocr_par' dir='ltr' id='par_1_85' title="bbox 457 5477 3829 5561">
     <span class='ocr_line' id='line_1_85' title="bbox 457 5477 3829 5561; baseline -0.005 -15"><span class='ocrx_word' id='word_1_706' title='bbox 457 5491 525 5546; x_wconf 64' lang='lat' dir='ltr'>ait</span> <span class='ocrx_word' id='word_1_707' title='bbox 554 5488 749 5560; x_wconf 82' lang='lat' dir='ltr'>sponsi</span> <span class='ocrx_word' id='word_1_708' title='bbox 778 5505 1121 5561; x_wconf 76' lang='lat' dir='ltr'>sponsaeque</span> <span class='ocrx_word' id='word_1_709' title='bbox 1150 5483 1647 5559; x_wconf 86' lang='lat' dir='ltr'>pulchritudinem</span> <span class='ocrx_word' id='word_1_710' title='bbox 1680 5480 1989 5554; x_wconf 87' lang='lat' dir='ltr'>pertinent,</span> <span class='ocrx_word' id='word_1_711' title='bbox 2022 5479 2403 5548; x_wconf 88' lang='lat' dir='ltr'>omittantur;</span> <span class='ocrx_word' id='word_1_712' title='bbox 2437 5479 2538 5535; x_wconf 88' lang='lat' dir='ltr'>sed</span> <span class='ocrx_word' id='word_1_713' title='bbox 2568 5478 2666 5536; x_wconf 90' lang='lat' dir='ltr'>isti</span> <span class='ocrx_word' id='word_1_714' title='bbox 2699 5480 3017 5552; x_wconf 90' lang='lat' dir='ltr'>quominus</span> <span class='ocrx_word' id='word_1_715' title='bbox 3037 5497 3193 5538; x_wconf 90' lang='lat' dir='ltr'>unus</span> <span class='ocrx_word' id='word_1_716' title='bbox 3222 5479 3304 5537; x_wconf 88' lang='lat' dir='ltr'>sit</span> <span class='ocrx_word' id='word_1_717' title='bbox 3332 5479 3527 5555; x_wconf 90' lang='lat' dir='ltr'>operis</span> <span class='ocrx_word' id='word_1_718' title='bbox 3556 5477 3829 5561; x_wconf 77' lang='lat' dir='ltr'>contextus</span> 
     </span>
    </p>
   </div>
   <div class='ocr_carea' id='block_1_86' title="bbox 457 5560 3829 5649">
    <p class='ocr_par' dir='ltr' id='par_1_86' title="bbox 457 5560 3829 5649">
     <span class='ocr_line' id='line_1_86' title="bbox 457 5560 3829 5649; baseline -0.004 -15"><span class='ocrx_word' id='word_1_719' title='bbox 457 5574 606 5646; x_wconf 77' lang='lat' dir='ltr'>nihil</span> <span class='ocrx_word' id='word_1_720' title='bbox 652 5560 860 5636; x_wconf 79' lang='lat' dir='ltr'>vetant.</span> <span class='ocrx_word' id='word_1_721' title='bbox 896 5577 1069 5633; x_wconf 90' lang='lat' dir='ltr'>Porro</span> <span class='ocrx_word' id='word_1_722' title='bbox 1096 5581 1160 5634; x_wconf 89' lang='lat' dir='ltr'>ut</span> <span class='ocrx_word' id='word_1_723' title='bbox 1217 5574 1552 5635; x_wconf 86' lang='lat' dir='ltr'>distinctius</span> <span class='ocrx_word' id='word_1_724' title='bbox 1610 5577 1785 5647; x_wconf 89' lang='lat' dir='ltr'>atque</span> <span class='ocrx_word' id='word_1_725' title='bbox 1837 5569 2164 5631; x_wconf 85' lang='lat' dir='ltr'>ordinatius</span> <span class='ocrx_word' id='word_1_726' title='bbox 2220 5572 2476 5644; x_wconf 76' lang='lat' dir='ltr'>coeptum</span> <span class='ocrx_word' id='word_1_727' title='bbox 2533 5568 2827 5644; x_wconf 82' lang='lat' dir='ltr'>procedat,</span> <span class='ocrx_word' id='word_1_728' title='bbox 2883 5570 2971 5632; x_wconf 83' lang='lat' dir='ltr'>vir</span> <span class='ocrx_word' id='word_1_729' title='bbox 3019 5573 3258 5631; x_wconf 80' lang='lat' dir='ltr'>sanctus</span> <span class='ocrx_word' id='word_1_730' title='bbox 3287 5568 3564 5649; x_wconf 86' lang='lat' dir='ltr'>proponit</span> <span class='ocrx_word' id='word_1_731' title='bbox 3617 5568 3754 5649; x_wconf 80' lang='lat' dir='ltr'>(cap.</span> <span class='ocrx_word' id='word_1_732' title='bbox 3780 5560 3829 5640; x_wconf 84' lang='lat'>6)</span> 
     </span>
    </p>
   </div>
  </div>
