4026 6186
70 3468 79 3545 l

66 3552 77 3611 ε

259 228 355 290 525
1214 228 1316 292 DE
1358 189 1603 293 ISAAC‘
1630 233 1729 292 ET
1773 228 2052 293 ANIMA.
2086 267 2163 276 —
2194 228 2653 295 ADMONITIO.
3513 230 3637 292 sse

260 360 589 430 exponitque
621 358 838 431 gradus
868 362 1137 430 quatuor,
1172 360 1387 432 quibus
1435 363 1633 418 anima
1670 366 1795 433 jam
1848 364 2179 436 graviorum
2220 364 2365 435 jugo
2413 364 2687 420 vitiorum
2745 362 2929 419 libera
2985 362 3057 419 ad
3116 378 3411 419 summam
3466 362 3631 419 illam

258 447 673 519 perfectionem,
707 448 767 502 in
800 464 916 519 qua
947 448 1061 503 Deo
1092 465 1192 518 per
1220 449 1561 505 charitatem
1604 453 1810 521 juncta
1841 469 2143 523 nunquam
2195 454 2564 523 postmodum
2613 453 2685 508 ab
2735 454 2861 525 ipso
2910 451 3221 519 divellitur,
3274 452 3630 507 conscendit.

256 538 520 593 Ceterum
563 536 683 591 sive
729 536 1057 592 naturalem
1103 554 1169 593 ac
1213 538 1456 594 minime
1484 547 1741 596 coactam
1792 541 2046 596 materiae
2090 541 2553 612 dispositionem,
2585 541 2701 597 sive
2754 542 2985 597 brevem
3039 540 3221 607 illam,
3255 540 3355 595 sed
3400 543 3634 595 acutam

256 625 545 695 Scriptura
574 623 929 695 explicanda:
960 625 1246 681 rationem
1278 632 1528 697 spectes,
1561 643 1664 683 seu
1697 628 1950 700 denique
1976 628 2391 684 transitionum
2425 630 2641 701 quibus
2669 630 2973 701 aptissime
3020 634 3337 684 nectuntur
3374 627 3630 699 singula,

254 712 705 777 concinnitatem,
729 713 864 783 jure
895 712 1107 769 dixeris
1137 716 1687 772 commentationem
1717 715 1868 772 hanc
1898 717 2187 787 ejusmodi
2217 733 2365 784 esse,
2399 734 2525 788 qum
2555 717 2648 771 vix
2676 717 2780 772 ulli
2830 734 2898 772 ex
2945 716 3076 772 aliis
3104 716 3505 772 Ambrosianis
3536 730 3633 770 ce-

255 803 354 857 dat.

310 891 495 962 Ipsam
528 906 698 961 porro
730 896 959 946 constat
989 890 1120 947 libri
1153 893 1389 948 nomine
1434 892 1805 964 appellatam,
1846 910 1961 948 non
2012 892 2202 947 solum
2252 898 2417 947 aetate
2460 893 2785 949 Cassiodori
2833 892 2957 960 (lib.
2990 895 3063 948 De
3104 893 3236 947 Inst.
3265 892 3373 947 div.
3416 908 3541 964 cap.
3572 891 3629 962 5)

253 978 626 1050 etAugustini
678 978 799 1047 (lib.
854 997 871 1034 ι
921 980 1101 1034 Contr.
1142 982 1246 1052 [αι.
1283 983 1495 1050 Pelng.,
1526 999 1575 1037 c.
1607 984 1661 1045 9,
1695 986 1751 1036 et
1781 980 1816 1036 Ι.
1848 999 1907 1044 n,
1936 998 1983 1036 ο.
2016 982 2073 1050 5)
2108 999 2120 1035 :
2157 982 2256 1036 sed
2311 983 2486 1035 etiam
2547 983 2619 1036 ab
2673 982 2923 1052 ipsemet
2978 979 3282 1036 Ambrosio
3340 979 3400 1032 in
3459 994 3630 1049 opere

254 1066 497 1139 sequenti
527 1067 636 1121 sub
668 1067 776 1121 hac
806 1067 1182 1139 inscriptione
1214 1071 1394 1123 fuisse
1424 1070 2039 1124 memoratam.Utrum
2074 1087 2203 1124 vero
2232 1070 2539 1125 conciones
2569 1071 2786 1124 fuerint
2807 1086 2932 1140 quae
2955 1069 3227 1140 primitus
3249 1069 3320 1122 ad
3344 1067 3627 1139 populum

253 1155 440 1212 habita:
472 1156 531 1209 in
565 1155 722 1210 hunc
755 1156 969 1211 librum
1002 1164 1202 1228 postea
1230 1157 1655 1212 transformata:
1688 1158 1824 1224 sint,
1858 1160 2167 1214 obscurius
2195 1165 2301 1213 est.
2336 1160 2477 1213 Cum
2506 1158 2661 1213 enim
2707 1175 2841 1213 eum
2896 1158 3073 1212 ferme
3122 1155 3268 1211 nihil
3316 1155 3475 1211 aliud
3502 1170 3631 1210 esse

256 1247 624 1306 advertamus,
657 1261 832 1315 quam
879 1246 1109 1300 brevem
1160 1247 1381 1301 Cantici
1433 1246 1791 1301 canticorum
1825 1248 2248 1319 paraphrasim,
2284 1248 2340 1302 id
2395 1252 2807 1319 argumentum
2858 1263 3022 1301 sacro
3072 1245 3371 1316 suggestui
3422 1258 3628 1316 parum

255 1333 550 1387 admodum
582 1332 809 1387 videtur
838 1333 1163 1389 convenire.
1193 1334 1603 1390 Verumtamen
1635 1341 1699 1388 ut
1724 1352 1838 1390 non
1879 1334 2044 1390 aliter
2074 1336 2166 1390 hic
2201 1341 2376 1407 atque
2407 1336 2463 1389 in
2497 1335 2659 1389 libris
2690 1337 2757 1389 De
2788 1335 3061 1389 Abraham
3095 1336 3307 1387 factum
3332 1336 3629 1404 putemus,

253 1428 355 1475 tum
385 1437 587 1476 eorum
623 1421 775 1475 inter
803 1437 866 1475 se
897 1423 1300 1478 convenientia
1328 1422 1695 1492 adducimur,
1728 1427 1854 1479 tum
1884 1424 2058 1479 etiam
2105 1423 2403 1495 przeceptis
2436 1424 2505 1477 ad
2537 1425 2871 1478 auditorum
2904 1421 3331 1477 institutionem
3380 1420 3633 1474 maxime

254 1508 645 1577 accommodis,
679 1525 805 1578 quae
834 1510 1179 1581 expositioni
1213 1512 1340 1581 ejus
1372 1511 1593 1567 inserta
1640 1527 1808 1566 nemo
1856 1528 1972 1567 non
2019 1511 2433 1583 deprehendat.
2468 1512 2535 1565 Et
2583 1511 2703 1565 haec
2752 1528 2930 1566 causa
2977 1514 3065 1564 est
3111 1526 3213 1563 cur
3253 1506 3632 1563 Cassiodorus

255 1602 462 1651 senator
492 1594 616 1651 loco
647 1596 821 1650 citato
854 1597 925 1651 de
952 1596 1025 1651 iis
1056 1599 1155 1668 qui
1186 1597 1244 1651 in
1278 1597 1582 1654 Canticum
1614 1600 1971 1655 canticorum
2004 1600 2363 1670 scripserunt
2393 1615 2592 1670 agens,
2627 1615 2803 1653 suum
2856 1599 2926 1652 de
2970 1598 3078 1652 bac
3118 1595 3306 1667 Opella
3339 1594 3631 1664 judicium

257 1686 319 1740 ita
346 1684 688 1757 reliquerit;
724 1685 888 1751 Unde,
924 1686 1134 1757 inquit,
1167 1686 1223 1741 S.
1258 1687 1574 1743 Ambrosius
1621 1690 1681 1741 in
1736 1688 1877 1743 libro
1917 1690 2082 1743 tertio
2130 1687 2603 1753 Patriarcharum,
2637 1689 2733 1741 ubi
2781 1686 2845 1741 de
2888 1702 3117 1757 persona
3164 1688 3320 1740 Isaac
3368 1684 3630 1752 loquitur,

256 1774 403 1828 multa
430 1773 729 1828 salubriter
757 1773 1163 1845 luculenterque
1189 1776 1471 1832 disseruit.
1782 1764 1791 1772 ’

312 1863 426 1916 Haec
456 1860 661 1916 eadem
690 1859 926 1917 Cantica
956 1863 1096 1917 totis
1129 1862 1328 1919 decem
1360 1864 1759 1919 voluminibus
1788 1869 1910 1919 tam
1944 1864 2277 1919 mirandum
2329 1866 2387 1919 in
2433 1865 2673 1919 modum
2707 1864 2983 1935 Origenes
3021 1861 3390 1924 enodaverat,
3424 1863 3490 1914 ut
3518 1875 3634 1913 non

258 1949 523 2006 dubitaret
551 1948 937 2021 Hieronymus
970 1950 1041 2004 de
1076 1950 1279 2007 iisdem
1313 1953 1569 2008 scribere
1598 1953 1721 2024 (Ep.
1757 1953 1826 2007 ad
1861 1957 2178 2008 Damasum
2213 1954 2446 2024 papam)
2481 1970 2493 2007 :
2530 1952 2664 2006 Cum
2694 1955 2751 2006 in
2783 1952 2993 2006 cwleris
3024 1950 3183 2004 libris
3211 1963 3394 2004 omnes
3424 1947 3635 2016 vicerit,

257 2040 544 2094 inCanlico
570 2040 907 2093 canticorum
935 2041 1129 2110 ipsese
1156 2043 1304 2095 vicit.
1340 2042 1588 2097 Maxime
1639 2047 1834 2097 autem
1877 2040 2177 2113 probabile
2224 2045 2313 2095 est
2361 2041 2914 2112 praestantissimum
2963 2038 3073 2093 hoc
3124 2053 3269 2107 opus
3314 2036 3374 2090 in
3423 2050 3635 2090 manus

256 2143 461 2199 quoque
490 2126 783 2182 Ambrosii
816 2129 1167 2198 pervenisse,
1195 2146 1262 2185 ac
1291 2135 1559 2185 sanctum
1590 2131 1925 2185 Antistitem
1979 2146 2048 2184 ex
2096 2129 2397 2185 laboribus
2427 2130 2573 2184 tanti
2606 2130 2710 2184 viri
2744 2146 2777 2183 a
2807 2144 2922 2200 quo
2970 2127 3177 2197 reliqui
3213 2126 3393 2181 ferme
3436 2124 3636 2178 Patres

252 2219 351 2271 tam
380 2214 567 2270 multa
595 2219 835 2287 tamque
866 2214 1146 2286 praeclara
1175 2217 1426 2272 mutuati
1457 2218 1951 2289 sunt,adjumenti
1983 2218 2204 2289 aliquid
2232 2217 2700 2290 decerpsisse.At
2728 2217 2963 2288 quando
2993 2219 3323 2286 temporum
3357 2211 3636 2284 iniquitas

250 2304 569 2359 thesaurum
600 2301 763 2357 illum
796 2302 964 2358 nobis
993 2303 1218 2365 invidit.
1251 2322 1363 2360 non
1400 2306 1532 2360 licet
1563 2305 1886 2377 quidquam
1923 2304 2291 2377 exploratum
2338 2306 2525 2377 magis
2576 2310 2676 2361 aut
2718 2305 3146 2377 deprehensum
3202 2316 3543 2374 proponere.
3575 2299 3637 2355 Si

250 2397 421 2449 tamen
454 2408 656 2448 verum
690 2392 865 2447 fuerit
896 2393 1048 2464 quod
1076 2393 1358 2448 adversus
1390 2394 1699 2449 Erasmum
1734 2399 1793 2449 et
1822 2394 1968 2450 alios
1998 2411 2112 2448 non
2146 2410 2362 2465 paucos
2389 2395 2689 2449 contendit
2717 2395 2962 2449 Huetius
2992 2393 3236 2463 (Origen.
3262 2391 3453 2456 lib.m,
3486 2390 3516 2461 §
3555 2391 3634 2457 7),

250 2487 482 2551 quatuor
510 2479 786 2536 bomilias
814 2496 941 2550 quae
973 2497 1107 2536 cum
1140 2498 1247 2537 sua
1278 2482 1613 2552 praefatione
1646 2484 1797 2537 inter
1826 2483 2093 2554 Origenis
2134 2488 2310 2552 atque
2339 2482 2672 2554 Hieronymi
2722 2498 2899 2553 Opera
2940 2485 3187 2545 exstant,
3223 2477 3369 2532 nulli
3399 2479 3635 2532 Patrum

248 2569 566 2626 Latinorum
597 2569 816 2634 deberi,
848 2570 947 2625 sed
980 2585 1077 2624 eas
1108 2570 1475 2642 ipsissimum
1508 2571 1739 2626 initium
1773 2588 1902 2627 esse
1931 2573 2128 2626 decem
2158 2572 2642 2627 Origenianorum
2672 2570 3058 2635 voluminum,
3107 2582 3253 2637 quas
3304 2566 3553 2619 Rufinus
3603 2579 3639 2619 a

250 2672 352 2726 quo
382 2656 583 2712 Latine
612 2655 847 2711 redditae
879 2662 1037 2722 sunt,
1076 2674 1235 2713 more
1264 2675 1369 2713 suo
1400 2658 1765 2730 interpolavit
1798 2675 1811 2713 :
1845 2663 1948 2714 aut
1977 2660 2025 2713 si
2058 2657 2228 2714 malis
2257 2659 2473 2729 smpius
2504 2658 2738 2712 laudato
2770 2655 3021 2712 senatori
3068 2653 3360 2717 accedere,
3400 2651 3635 2706 easdem

249 2744 379 2799 nihil
412 2744 572 2800 aliud
603 2760 730 2801 esse
761 2746 1077 2801 at‘tirmanti
1111 2748 1241 2815 (loc.
1274 2748 1418 2817 cit.),
1454 2748 1564 2802 nisi
1593 2746 1966 2801 distributam
2018 2746 2073 2799 in
2123 2751 2242 2800 tres
2290 2745 2485 2801 libros
2514 2744 3049 2816 amplificationem,
3082 2757 3257 2813 quam
3289 2756 3360 2795 ex
3406 2738 3636 2794 duabus

249 2833 493 2889 homiliis
523 2832 640 2889 alia
663 2833 965 2890 occasione
997 2835 1069 2889 ab
1094 2834 1340 2907 Origene
1391 2836 1448 2890 in
1500 2836 1614 2890 duo
1664 2835 1859 2907 priora
1910 2833 2280 2889 Canticorum
2332 2832 2524 2903 capita
2569 2832 2930 2905 compositis,
2962 2836 3018 2885 et
3065 2833 3135 2884 ab
3181 2829 3523 2899 Hieronymo
3573 2827 3634 2881 in

248 2921 505 2976 Latinum
536 2921 741 2989 versis,
776 2922 1024 2979 Ruﬁnus
1056 2924 1510 2990 consarcinavit;
1545 2924 1615 2991 si,
1644 2923 1965 2995 inquimus,
2001 2923 2210 2976 borum
2244 2920 2589 2976 alterutrum
2613 2920 3040 2976 admittendum
3072 2919 3168 2983 sit,
3201 2933 3268 2972 ex
3297 2915 3637 2971 eorumdem

246 3010 499 3082 Origenis
530 3012 994 3082 fragmentorum
1020 3017 1079 3068 et
1106 3013 1504 3068 Ambrosianae
1535 3011 2042 3067 commentationis
2061 3009 2849 3081 collationeintelligesillius
2869 3008 3206 3063 methodum
3234 3022 3349 3061 non
3372 3004 3639 3076 imperite

242 3104 500 3154 sanctum
532 3099 825 3155 doctorem
858 3114 992 3155 esse
1022 3100 1342 3165 imitatum,
1378 3102 1552 3172 idque
1584 3100 1931 3171 cumprimis
1963 3101 2062 3155 ubi
2092 3100 2383 3171 triplicem
2430 3100 2736 3171 Scriptura:
2778 3114 3016 3154 sensum
3050 3112 3257 3167 nempe
3288 3093 3636 3159 naturalem,

245 3188 509 3243 moralem
545 3204 612 3242 ac
644 3187 955 3259 mysticum
988 3187 1299 3262 distinguit
1326 3196 1501 3261 atque
1530 3189 1826 3255 edisserit;
1861 3190 2130 3260 quamvis
2152 3190 2209 3243 in
2239 3188 2369 3243 aliis
2399 3187 2697 3259 opusculis
2721 3203 2847 3257 quae
2870 3185 3152 3240 hactenus
3174 3200 3209 3238 a
3228 3181 3397 3237 nobis
3426 3180 3641 3235 exami-

241 3281 376 3331 nata
401 3280 557 3344 sunt,
593 3276 739 3330 duos
766 3280 1000 3332 tantum
1034 3276 1406 3348 interpretur,
1442 3278 1750 3349 mysticum
1786 3293 1851 3332 ac
1883 3276 2183 3343 moralem,
2220 3277 2319 3332 ubi
2351 3281 2546 3332 tamen
2578 3291 2712 3330 cum
2747 3275 2857 3329 hoc
2887 3272 3093 3328 ultimo
3123 3271 3174 3327 is
3206 3286 3380 3342 quem
3403 3272 3639 3323 natura-

243 3364 350 3419 lem
382 3364 438 3420 in
468 3365 579 3420 hoc
609 3364 756 3419 libro
781 3364 1015 3431 vocitat,
1043 3366 1440 3421 confunditur.

308 3458 474 3508 Porro
504 3458 571 3508 ut
600 3453 754 3508 idem
784 3458 1018 3524 tempus
1068 3469 1134 3508 ac
1179 3454 1345 3509 libris
1396 3455 1471 3509 De
1519 3454 1845 3521 Abrahamo,
1881 3469 2090 3525 nempe
2143 3470 2363 3508 annum
2413 3452 2639 3507 circiter
2684 3454 2785 3505 387
2838 3451 2974 3505 huic
2998 3450 3216 3521 scripto
3247 3447 3639 3518 assignemus,

242 3542 380 3596 facit
407 3559 537 3597 cum
571 3541 802 3597 illorum
852 3543 1004 3597 inter
1033 3559 1097 3597 se
1136 3544 1457 3610 connectio,
1510 3549 1636 3599 tum
1686 3544 1882 3613 ipsum
1930 3541 2217 3597 Ambrosii
2268 3542 2669 3595 testimonium
2729 3542 2883 3611 quod
2931 3538 3095 3593 initio
3140 3537 3273 3593 libri
3317 3536 3382 3591 de
3426 3532 3640 3605 Ioseph,

242 3630 394 3685 sicut
419 3637 475 3687 et
501 3631 634 3685 libri
668 3631 1044 3701 deMysteriis,
1077 3648 1251 3704 quem
1283 3639 1478 3702 ἀμεσῶς
1509 3640 1642 3704 post
1696 3648 1888 3704 ipsum
1948 3631 2329 3695 elucubravit,
2388 3631 2744 3702 reperimus;
2806 3629 2922 3682 imo
2975 3643 3108 3683 vero
3160 3628 3478 3681 obscurum
3530 3638 3645 3677 non

245 3724 335 3773 est
366 3724 628 3775 sanctum
663 3718 974 3774 Praesulem
1007 3720 1077 3774 ad
1110 3721 1345 3776 eosdem
1379 3737 1528 3792 quos
1560 3721 1616 3775 in
1641 3736 1812 3792 opere
1844 3719 2128 3792 superiori
2180 3718 2606 3790 alloquebatur,
2640 3718 2698 3771 in
2731 3717 2838 3771 hoc
2867 3714 3043 3770 etiam
3092 3714 3266 3769 verba
3313 3713 3500 3767 facere
3534 3726 3547 3763 :
3590 3711 3650 3764 at

247 3808 495 3863 revocari
522 3807 583 3861 in
617 3807 859 3862 dubium
895 3812 1083 3879 potest
1107 3812 1305 3863 utrum
1337 3815 1472 3863 ante
1501 3810 1649 3865 festa
1680 3809 1973 3880 pascbatis
2001 3808 2060 3863 id
2090 3808 2363 3872 evenerit,
2398 3823 2470 3861 an
2502 3812 2719 3878 postea.
2771 3804 2963 3876 Ipsius
3006 3803 3240 3874 quidem
3291 3796 3648 3869 scriptionis,

246 3893 305 3948 in
337 3911 451 3966 qua
480 3896 551 3951 de
582 3894 829 3966 spiritali
867 3895 1141 3967 conjugio
1195 3912 1310 3966 quo
1356 3896 1499 3951 nihil
1555 3897 1729 3952 habet
1768 3897 2322 3967 perfectissimorum
2372 3895 2832 3971 Christianorum
2879 3892 2996 3947 vita
3024 3888 3360 3954 sublimius,
3407 3884 3653 3941 materia

248 3984 475 4039 videtur
523 3983 769 4038 indicari
819 3983 933 4038 ista
980 4000 1095 4039 non
1136 3984 1423 4055 pertinere
1463 3985 1532 4039 ad
1582 3985 2053 4053 catechumenos,
2088 3989 2284 4057 utpote
2331 3985 2548 4056 quibus
2594 3989 2751 4039 certa
2788 3981 3065 4054 mysteria
3102 3978 3467 4050 tegebantur,
3507 3972 3653 4044 ipsis

254 4072 623 4140 postmodum
660 4072 782 4141 jam
822 4070 1174 4142 baptismate
1216 4071 1461 4127 initiatis
1500 4072 1825 4129 revelanda.
1867 4073 1925 4128 Si
1965 4077 2161 4129 tamen
2202 4090 2269 4129 ex
2309 4073 2514 4146 primis
2552 4072 2705 4128 verbi
2748 4070 2879 4125 libri
2918 4070 2982 4124 de
3019 4068 3289 4139 Mysteriis
3335 4063 3444 4118 hac
3482 4061 3554 4116 de
3592 4076 3654 4115 re

255 4165 504 4217 statuere
535 4178 642 4216 nos
670 4163 951 4232 oporteat,
987 4160 1298 4215 dicendum
1331 4162 1441 4216 erit
1479 4178 1575 4217 eos
1622 4162 1945 4217 etiamnum
1985 4162 2141 4218 intra
2176 4162 2724 4218 catechumenorum
2765 4158 3029 4214 ordinem
3068 4153 3359 4211 exstitisse
3396 4154 3465 4207 ad
3505 4165 3654 4221 quos

258 4264 580 4305 sermonem
624 4249 879 4304 habebat
917 4248 1284 4304 Ambrosius.
1328 4250 1397 4303 Et
1436 4249 1544 4305 hoc
1584 4251 1708 4320 ipse
1746 4252 1941 4305 forsan
1983 4250 2199 4320 innuit,
2241 4252 2341 4306 ubi
2382 4250 2521 4305 dicit
2557 4266 2569 4303 ε
2609 4250 2769 4302 Venit
2797 4246 3017 4318 pascha,
3058 4246 3206 4300 venit
3242 4241 3491 4297 remissio
3530 4254 3653 4309 pec-

260 4346 516 4405 catorum,
548 4343 651 4393 etc.
685 4338 834 4408 (cap.
871 4354 945 4404 ιν,
981 4353 1145 4392 num.
1174 4339 1286 4409 35).
1323 4338 1467 4392 Cum
1519 4344 1716 4393 autem
1755 4340 1879 4410 jam
1921 4337 2005 4392 illi
2056 4338 2116 4393 in
2168 4336 2630 4409 Competentium
2685 4351 2993 4390 numerum
3038 4333 3097 4387 in
3148 4347 3323 4403 quem
3373 4345 3491 4383 non
3541 4326 3655 4382 nisi

261 4432 497 4482 exeunte
522 4425 974 4498 quadragesima
1003 4425 1484 4491 admittebantur,
1516 4432 1714 4481 essent
1742 4426 1953 4493 allecti,
1989 4426 2230 4482 minime
2259 4425 2544 4481 dubitavit
2572 4428 2811 4479 sanctus
2858 4422 3119 4476 Antistes
3148 4421 3206 4474 in
3239 4416 3542 4492 procinctu
3582 4415 3656 4472 ad

265 4513 616 4585 baptismum
658 4515 863 4587 positis
902 4530 1077 4572 sacra;
1118 4515 1296 4587 hujus
1336 4514 1763 4588 conjunctionis
1802 4515 2097 4589 mysteria,
2131 4522 2187 4572 et
2224 4514 2439 4588 gradus
2487 4511 2704 4585 quibus
2734 4511 2805 4569 ad
2844 4526 2974 4568 eam
3010 4507 3398 4582 pervenirent,
3461 4504 3652 4564 decla-

266 4618 410 4662 rare.
