4122 6146
505 228 625 301 5!“!

1960 243 2024 302 S.
2073 239 2447 301 AMBROSII

3756 246 3849 309 528

509 414 3855 455 mm

1159 596 1977 756 SANCTI
2172 595 3252 753 AMBROSII

1743 885 2316 945 MEDIOLANENSIS
2354 886 2672 943 EPISGOPI

1277 1076 1497 1204 DE
1628 1071 2136 1204 ISAAC

2251 1073 2464 1199 ΕΤ
2586 1071 3143 1202 ΑΝΙΜΑ

1788 1325 2102 1410 LIBER
2162 1322 2477 1413 UNUS
2521 1314 2627 1409 (⁸).

871 1690 1155 1749 858-55
1197 1689 1427 1746 CAPUT
1470 1688 1777 1745 PRIMUM.

503 1799 921 1857 Commemlalur
956 1806 1175 1853 sanctus
1221 1797 1373 1851 Isaac
1412 1799 1528 1849 tam
1571 1811 1640 1850 ex
1680 1798 1910 1865 paterna
1936 1793 2148 1863 origine

570 1876 623 1928 et
650 1872 854 1942 gratia.
887 1884 1050 1940 quam
1079 1884 1149 1942 ex
1177 1869 1491 1942 Dominich
1513 1868 2003 1942 geiwi'ationis‘_ct_
2023 1880 2146 1942 pas-

538 1935 742 1999 .u'oizis
764 1935 1233 2013 prwﬁguratione,
1263 1954 1328 1993 ac
1355 1940 1675 2013 mysterium
1705 1940 1851 1992 inter
1873 1935 2150 2013 Christum

566 2030 667 2086 per
704 2009 864 2086 Isaac
888 2009 1273 2086 designatum,
1313 2012 1362 2064 et
1408 2011 1654 2064 animum
1701 2009 2148 2079 repraesentatam

567 2083 666 2157 per
693 2084 982 2139 Rebeccam
1010 2083 1277 2153 aperitur.

572 2226 625 2282 1.
667 2222 731 2281 In
770 2225 935 2297 patre
993 2223 1159 2279 nobis
1219 2221 1402 2278 sancti
1465 2220 1625 2277 Isaac
1682 2220 1764 2276 vel
1804 2220 1965 2292 origo
2005 2220 2149 2276 satis

499 2310 590 2372 est
627 2328 924 2386 eatpressa,
962 2310 1051 2368 vel
1082 2310 1267 2385 gratia
1300 2326 1314 2364 :
1347 2310 1442 2364 cui
1472 2310 1542 2365 ad
1584 2324 1816 2364 omnem
1860 2308 2150 2364 redundat

499 2403 745 2477 gloriam
777 2399 875 2474 (2),
907 2400 1059 2473 quod
1096 2404 1258 2455 tanto
1289 2403 1345 2455 et
1372 2403 1493 2454 tam
1525 2397 1795 2454 imitabili
1823 2397 1943 2452 viro
1973 2400 2145 2452 natus

497 2491 742 2549 Abrahae
773 2490 922 2563 patri
956 2488 1259 2562 prmmium
1295 2487 1421 2543 fuit.
1456 2487 1654 2558 Neque
1681 2502 1814 2542 vero
1855 2486 2000 2541 illud
2037 2486 2147 2540 mi-

498 2578 698 2649 rabile,
731 2594 865 2636 cum
898 2578 953 2634 in
995 2593 1062 2632 eo
1111 2576 1423 2633 Dominicaa
1467 2575 1859 2649 generationis
1906 2578 1963 2629 et
2016 2591 2148 2646 pas-

494 2669 681 2728 sionis
720 2666 909 2741 figura
948 2663 1630 2739 praecesserit.Siquidem
1671 2667 1727 2718 et
1758 2663 1972 2719 sterilis
2001 2679 2150 2719 anus

494 2776 562 2817 ex
598 2754 987 2832 promissione
1038 2756 1135 2811 Dei
1186 2752 1413 2827 peperit
1458 2768 1615 2817 eum,
1667 2758 1732 2806 ut
1779 2752 2148 2808 crederemus

495 2846 650 2921 quod
679 2846 888 2918 potens
921 2846 1010 2900 est
1042 2842 1198 2898 Deus
1225 2842 1512 2908 facere,ut
1541 2844 1741 2912 posset
1770 2844 1825 2895 et
1856 2839 2017 2912 virgo
2048 2855 2147 2912 ge-

496 2946 719 3003 nerare,
752 2932 809 2987 et
839 2930 1069 2986 oblatus
1099 2929 1309 2985 unicus
1338 2929 1405 2984 ad
1452 2926 1903 2996 immolandum,
1945 2928 2046 3000 qui
2090 2932 2147 2984 et

2177 1687 2222 1752 Α
2259 1686 2551 1757 Sapientis
2585 1686 2740 1741 enim
2764 1689 2851 1741 est
2876 1701 3181 1759 segregare
3208 1704 3269 1743 se
3300 1704 3333 1743 a
3360 1686 3748 1761 voluptatibus
3767 1704 3870 1744 car-

2258 1774 2601 1839 nis,elcvare
2634 1774 2915 1839 animam,
2949 1778 3123 1846 atque
3145 1792 3178 1831 a
3197 1792 3436 1849 corpore
3454 1775 3730 1833 abducere
3752 1777 3869 1845 ;hoc

2257 1867 2347 1916 est
2375 1862 2529 1917 enim
2564 1879 2625 1918 se
2656 1863 2951 1918 hominem
2986 1878 3317 1937 agnoscere.
3354 1863 3461 1929 Qui
3505 1863 3870 1920 Chaldaeorum

2257 1966 2529 2005 sermone
2573 1952 2723 2006 Enos
2761 1951 2995 2022 dicitur,
3040 1952 3242 2009 Latine
3281 1953 3479 2009 homo.
3522 1952 3669 2009 Enos
3705 1959 3870 2011 autem

2258 2040 2355 2110 qui
2391 2041 2714 2112 assumpsit
2744 2045 2802 2096 et
2832 2040 3085 2113 speravit
3116 2041 3384 2098 invocare
3412 2041 3635 2110 Deum;
3667 2048 3720 2098 et
3765 2042 3873 2097 ideo

2258 2128 2518 2184 creditur
2547 2144 2675 2184 esse
2705 2128 3046 2185 translatus.
3077 2130 3202 2185 Non
3232 2130 3467 2187 videtur
3497 2129 3686 2203 itaque
3725 2129 3874 2186 homo

2258 2232 2406 2283 esse,
2441 2216 2552 2272 nisi
2585 2217 2685 2289 qui
2716 2218 2774 2271 in
2830 2219 3006 2273 Deum
3053 2223 3270 2290 sperat.
3312 2218 3418 2283 Qui
3470 2225 3663 2275 autem
3708 2220 3877 2291 sperat

2259 2305 2317 2359 in
2350 2304 2555 2374 Deum,
2589 2323 2701 2361 non
2737 2308 2943 2379 degere
2972 2306 3033 2362 in
3065 2308 3259 2377 terris,
3294 2309 3393 2363 sed
3445 2307 3615 2381 quasi
3653 2306 3874 2362 transla-

2258 2398 2355 2448 tus
2394 2395 2685 2450 adhaerere
2734 2395 2871 2460 Deo,
2906 2395 3217 2451 manifesta
3263 2396 3381 2452 veri
3429 2396 3889 2469 interpretatione

2259 2482 2527 2555 signatur
2558 2484 2653 2553 (’1).

2325 2573 2589 2627 2.Bonus
2624 2574 2799 2645 ig3?ur
2829 2573 2991 2628 Isaac
3019 2577 3419 2647 verus,utpote
3453 2575 3662 2647 plenus
3681 2575 3875 2648 gratiis,

2257 2662 2315 2715 et
2348 2660 2473 2715 t‘ons
2505 2660 2735 2715 laetitiae.
2757 2660 2839 2714 Ad
2875 2677 3048 2733 quem
3081 2660 3297 2717 fontem
3328 2663 3601 2719 veniebat
3629 2662 3877 2726 Rebecca,

2259 2751 2324 2803 ut
2353 2747 2621 2819 impleret
2660 2749 2926 2821 hydriam
2974 2765 3146 2823 aqua.
3180 2748 3332 2805 Dicit
3372 2751 3531 2807 enim
3583 2748 3877 2823 Scriptura,

2256 2836 2394 2908 quia
2448 2837 2766 2893 descendens
2822 2836 2891 2893 ad
2946 2840 3169 2909 fontem,
3204 2838 3454 2912 implevit
3520 2840 3789 2914 hydriam,
3840 2841 3883 2893 et

2254 2925 2504 2982 ascendit
2533 2925 2686 2995 (Gen.
2728 2943 2880 2989 xxrv,
2917 2926 3024 2999 l6).
3075 2924 3387 2983 Descendit
3436 2929 3638 3002 itaque
3685 2927 3752 2983 ad
3796 2940 3879 2983 sa-

495 3020 642 3097 patri
675 3035 792 3077 non
825 3018 1056 3092 periret,
1090 3021 1148 3073 et
1177 3016 1417 3089 implere
1448 3016 2142 3089 sacriﬁciumJtaqueip-
2176 3045 2224 3113 Β
2257 3013 2485 3086 pientiae
2518 3015 2733 3071 fontem
2776 3014 2863 3071 vel
2896 3014 3169 3084 Ecclesia,
3211 3015 3300 3073 vel
3347 3017 3569 3085 anima,
3604 3022 3668 3074 ut
3712 3021 3878 3073 totum

495 3126 559 3168 so
587 3109 828 3167 nomine
863 3107 1108 3181 ﬁguram
1141 3110 1196 3162 et
1217 3106 1463 3178 gratiam
1497 3104 1710 3177 signat,
1736 3105 1895 3161 Isaac
1927 3105 2155 3161 etenim.

497 3203 655 3256 risus
686 3197 889 3255 Latine
915 3194 1303 3268 significatur,
1335 3194 1491 3249 risus
1524 3199 1717 3249 autem
1750 3193 1978 3267 insigne
2001 3194 2146 3249 laeti-

494 3290 586 3344 ti'ie
616 3291 723 3344 est.
756 3282 895 3350 Quis
927 3287 1122 3339 autem
1175 3282 1405 3354 ignorat
1451 3298 1597 3353 quos
1645 3282 1695 3338 is
1741 3282 2144 3339 universorum

501 3375 705 3432 latitia
732 3373 810 3429 sit
838 3372 940 3443 qui
973 3370 1179 3426 mortis
1208 3369 1597 3425 formidolosae
1626 3369 1712 3426 vel
1741 3387 1950 3442 pavore
1987 3388 2143 3428 com-

502 3459 813 3537 pressosve]
831 3474 1073 3516 maerore
1089 3457 1533 3523 sublato,factus
1546 3458 1819 3515 omnibus
1844 3464 1932 3516 est
1946 3460 2087 3516 remi
2096 3477 2147 3515 s-

501 3553 587 3608 sio
610 3546 1017 3623 peccatorum?
1048 3548 1245 3619 Itaque
1262 3546 1360 3601 ille
1382 3546 1814 3617 nominabatur,
1842 3555 1896 3604 et
1922 3549 2031 3604 iste
2052 3550 2146 3605 de-

502 3639 845 3713 signabatur
876 3652 889 3692 :
923 3635 1020 3694 ille
1051 3636 1504 3708 exprimebatur,
1537 3640 1594 3691 et
1624 3636 1731 3692 iste
1763 3637 2145 3694 annuntiaba-

500 3728 778 3801 tur.‘Ipse
807 3730 895 3783 est
924 3740 1098 3797 quem
1134 3725 1259 3795 jam
1298 3729 1440 3779 tunc
1471 3726 1934 3797 persequebatur
1964 3725 2143 3781 ancil-

500 3819 554 3873 la
585 3830 599 3872 :
632 3816 759 3889 ipse
789 3817 877 3870 est
906 3817 1142 3887 propter
1157 3828 1328 3885 quem
1346 3814 1472 3884 jam
1502 3817 1642 3867 tunc
1672 3813 2001 3869 dicebatur:
2029 3816 2142 3869 Ea:-

497 3902 637 3979 pelle
658 3904 955 3963 mutillum:
980 3918 1090 3957 non
1118 3903 1265 3957 enim
1285 3903 1459 3958 haeres
1485 3903 1592 3956 erit
1610 3901 1759 3970 ﬁlim
1776 3903 2002 3959 ancillae
2019 3918 2145 3958 cum

497 3995 615 4065 filio
642 4006 759 4049 meo
789 3993 944 4048 Isaac
973 3990 1123 4062 (Gen.
1151 3991 1383 4061 xxr,lO).
1419 3991 1546 4061 Ipse
1580 3993 1667 4044 est
1696 3990 1788 4044 cui
1820 3994 1983 4062 pater
2003 3990 2142 4047 alie-

498 4084 769 4157 nigenam
801 4074 955 4138 850
985 4077 1294 4151 acquisivit
1321 4094 1619 4150 sponsam.
1654 4079 1781 4151 Ipse
1827 4084 1917 4134 est
1961 4079 2140 4149 mitis,

499 4168 762 4239 humilis,
795 4173 969 4241 atque
998 4172 1368 4237 mansuetus,
1401 4168 1499 4239 qui
1549 4167 1814 4223 veniente
1864 4168 2141 4233 Rebecca,

498 4262 608 4317 hoc
638 4256 1058 4330 est,patientia,
1090 4256 1261 4312 exivit
1287 4256 1346 4311 in
1378 4272 1652 4329 campum
1684 4256 2014 4313 abalienare
2046 4259 2139 4330 (3).

569 4406 585 4473 (
601 4401 648 4473 Ι)
677 4399 946 4473 _S_criptus
973 4398 1107 4454 circ.
1130 4416 1280 4473 ann.
1304 4399 1429 4454 387.

569 4469 646 4542 (2)
677 4469 952 4542 Hic‘mss.
987 4474 1041 4523 et
1079 4470 1217 4525 edit.
1269 4477 1379 4526 vet.
1431 4471 1583 4526 inter
1634 4487 1694 4526 sc
1741 4471 2137 4527 consentiunt.

498 4534 799 4616 nisi'quod
838 4534 1250 4616 illorumgtres
1296 4558 1400 4613 pro
1445 4543 1622 4616 ἓςαηειί
1664 4544 1813 4616 Isaac
1862 4544 1942 4597 vel
1989 4546 2141 4616 origo

496 4611 923 4685 satis,'habent,
954 4614 1140 4685 sancto
1169 4611 1323 4666 Isaac
1374 4612 1456 4667 vel
1503 4614 1656 4681 origo
1680 4614 1925 4685 salutis;
1955 4618 2009 4667 et
2043 4611 2137 4669 ubi

497 4682 647 4746 mss.
673 4696 900 4747 omnes,
932 4683 1026 4736 cui
1049 4682 1118 4737 ad
1159 4697 1391 4751 omnem,
1444 4688 1577 4748 etc.,
1602 4683 1765 4755 pedit.
1809 4686 2138 4755 praeterunt,

494 4779 621 4817 cum
666 4755 738 4812 ad
779 4768 1083 4825 omnem..._
1113 4755 1359 4825 primum
1401 4755 1548 4823 fuit;
1596 4754 1761 4808 Rom.
1794 4754 1926 4810 vero
1952 4760 2137 4811 totum

497 4834 691 4888 locum
723 4827 804 4881 ita
828 4823 1253 4879 consarcinavit
1282 4842 1295 4879 :
1328 4825 1387 4878 In
1436 4834 1597 4895 patre
1642 4827 1918 4881 Abraham
1965 4830 2142 4882 sancti

498 4906 649 4960 Isaac
677 4896 767 4955 vel
796 4897 947 4966 origo
984 4897 1119 4951 satis
1161 4905 1238 4950 est
1282 4897 1438 4950 nobis
1484 4910 1760 4966 expressa,
1796 4899 1875 4952 vel
1922 4901 2099 4967 gratia
2121 4916 2140 4958 .-

494 4992 617 5031 cum
647 4971 718 5028 ad
745 4981 1032 5023 omnem...
1064 4970 1113 5021 et
1154 4972 1265 5022 iam
1295 4968 1623 5021 im'mitabili
1673 4970 1785 5021 riro
1834 4974 1992 5022 natm
2028 4973 2139 5038 ipse

496 5049 553 5100 in
593 5041 885 5117 praemium
930 5039 1148 5108 fuerit:
1177 5055 1279 5093 nec
1326 5054 1437 5092 non
1481 5046 1535 5092 et
1582 5038 1722 5093 illud
1766 5044 1842 5094 est
1887 5042 2142 5096 mirabile

530 5116 634 5171 uod
658 5116 718 5170 in
746 5125 828 5174 eo,
855 5117 957 5163 elo.

497 5134 634 5187 quoa
658 5134 718 5170 ιη
746 5134 828 5174 eu,
855 5134 957 5163 6w.

567 5190 644 5250 (3)
679 5186 759 5239 Ita
790 5195 932 5234 mss.
984 5184 1041 5235 et
1087 5182 1227 5236 edit.
1260 5197 1463 5236 omnes
1513 5182 1631 5233 ant.
1668 5179 1741 5233 At
1782 5180 1908 5235 sola
1948 5181 2137 5238 Rom..

495 5258 665 5311 exivit
694 5258 755 5310 in
786 5267 1040 5323 campum
1078 5268 1160 5323 ise
1230 5268 1504 5318 exercere,
1557 5251 1653 5304 ubi
1721 5251 1879 5306 LXX.
1926 5252 2137 5323 lnterp.

495 5326 662 5398 sequi
697 5320 1093 5398 voluit._’_apud
1135 5328 1288 5398 quod
1364 5324 1546 5398 legas,
1588 5332 1678 5398 Kal
1709 5391 1722 5398 _
1748 5329 1946 5398 ἐξῆλθεν
2005 5320 2142 5383 Ἰσᾶκ

494 5390 844 5467 αδολεσχῆσαι.
883 5390 1101 5467 Verum
1143 5390 1359 5452 ultimas
1400 5390 1670 5467 dictionis
1708 5391 1834 5450 loco
1884 5394 2144 5467 Symma-

492 5468 640 5540 cbus
675 5463 925 5540 legebat,
968 5465 1203 5540 λαλῆσαξ,
1266 5466 1499 5540 Aquila,
1553 5473 1786 5538 ὁμιλῆσαι
1838 5463 1982 5522 Vide
2036 5467 2145 5540 No-

489 5538 700 5604 bilium
730 5533 803 5595 id
834 5533 1045 5603 eadem
1072 5536 1266 5599 verba.
1295 5533 1624 5601 A’balienare
1671 5533 1867 5596 autem
1909 5538 2142 5616 praprie

2254 3119 2356 3158 vas
2384 3102 2654 3175 impleret
2684 3120 2880 3170 suum,
2916 3109 2973 3159 et
2995 3104 3257 3161 hauriret
3286 3122 3442 3179 purae
3478 3106 3768 3180 sapientia:
3807 3103 3880 3159 di-

2256 3190 2557 3264 sciplinas,
2593 3208 2740 3264 quas
2770 3191 3006 3248 haurire
3034 3194 3222 3249 Judmi
3258 3195 3326 3251 de
3358 3195 3518 3252 fonte
3551 3194 3768 3270 proﬂuo
3795 3208 3882 3249 no-

2256 3278 2511 3336 luerunt.
2572 3280 2713 3345 Quis
2771 3281 2880 3336 iste
2937 3282 3066 3337 fons
3116 3282 3211 3350 sit,
3263 3282 3395 3338 audi
3450 3283 3780 3340 dicentem:
3818 3281 3885 3336 ιι

2254 3368 2662 3441 dereliquerunt
2691 3371 2896 3441 fontem
2927 3385 3089 3443 aqua
3116 3374 3260 3429 victe
3308 3372 3529 3443 (larem.
3584 3390 3646 3439 ιι,
3685 3371 3787 3443 13).
3818 3366 3884 3424 Ad

2256 3457 2412 3512 hunc
2445 3458 2661 3513 fontem
2694 3459 2963 3514 currebat
2992 3459 3197 3516 sitiens
3228 3461 3425 3517 anima
3456 3460 3883 3534 prophetarum,

2255 3546 2408 3602 sicut
2446 3552 2499 3603 et
2545 3548 2716 3602 David
2761 3548 2899 3603 dicit
2940 3565 2953 3603 :
2998 3548 3180 3605 Sitiz'it
3210 3552 3399 3605 anima
3448 3566 3575 3606 mea
3628 3548 3697 3606 ad
3738 3549 3885 3603 Deum

2251 3638 2437 3691 vivum
2467 3636 2634 3708 (Psal.
2668 3651 2781 3703 xm,
2810 3638 2885 3709 3),
2922 3641 2984 3691 ut
3013 3637 3174 3693 sitim
3206 3653 3375 3694 suam
3406 3639 3674 3696 ubertate
3703 3636 3886 3693 divina:

2254 3725 2605 3798 cognitionis
2638 3724 2908 3797 expleret,
2937 3728 2994 3780 et
3023 3725 3370 3798 insipientiae
3402 3728 3750 3801 sanguinem
3781 3720 3884 3797 spi-

2253 3813 2556 3869 ritualium
2590 3816 2777 3886 rigatu
2810 3812 3059 3870 dilueret
3089 3814 3462 3872 ﬂuentorum.
3496 3816 3605 3871 Hic
3636 3820 3723 3872 est
3747 3813 3885 3870 enim

2253 3900 2445 3957 ﬂuxus
2477 3900 2804 3974 sanguinis,
2839 3901 2991 3957 sicut
3020 3902 3314 3975 significat
3343 3902 3434 3959 lex
3466 3904 3643 3976 (Levii
3666 3920 3756 3969 xx,
3791 3896 3886 3971 18).

2255 3990 2350 4062 qui
2385 3990 2735 4061 deoperitur,
2770 3989 3004 4063 quando
3034 3991 3123 4046 vir
3150 3992 3374 4048 sedenti
3404 3992 3463 4048 in
3513 3993 3723 4049 diebus
3769 4005 3887 4045 san-

2253 4079 2449 4152 guinis
2481 4079 2572 4133 sui
2602 4078 2833 4135 mulieri
2874 4078 3174 4138 miscetur.
3206 4080 3416 4137 Mulier
3455 4087 3551 4137 est
3600 4074 3886 4136 delectatio

2252 4168 2509 4240 corporis
2540 4173 2597 4223 et
2624 4167 2929 4224 illecebris.
2962 4166 3165 4241 Itaque
3196 4184 3332 4225 cave
3379 4186 3449 4226 ne
3493 4170 3664 4242 vigor
3693 4165 3889 4223 mentis

2248 4262 2362 4313 tuze
2413 4257 2565 4313 coitu
2617 4258 2869 4328 quodam
2921 4257 3069 4313 857
3123 4274 3406 4331 corporeae
3452 4257 3776 4333 voluptatis
3812 4253 3888 4309 in-

2171 4408 2215 4475 c
2252 4405 2342 4457 est
2393 4401 2658 4456 animum
2700 4416 2736 4455 a
2772 4400 2941 4455 seriis
2988 4401 3391 4527 (gravibusque
3444 4399 3892 4475 cogitationibus

2253 4478 2557 4527 evocatum
2588 4470 2869 4527 relaxare:
2921 4488 2983 4527 se
3075 4472 3414 4527 Ambrosius
3458 4491 3588 4527 rem
3619 4473 3693 4527 ad
3734 4468 3890 4527 spiri-

2253 4478 2557 4528 avocatum
2588 4470 2869 4536 relaxare;
2921 4468 3027 4527 sed
3075 4468 3414 4531 Ambrosius
3458 4468 3588 4529 rein
3619 4473 3693 4529 ad
3734 4468 3890 4542 spiri-

2250 4542 2428 4599 talem
2481 4559 2720 4598 sensum
2772 4558 2930 4597 more
2978 4558 3085 4598 suo
3132 4542 3248 4609 hic,
3294 4549 3352 4599 et
3393 4544 3550 4599 infra
3589 4561 3639 4599 c.
3673 4543 3727 4608 3,
3761 4539 3815 4597 n.
3844 4539 3891 4605 6,

2251 4616 2593 4687 traducens,
2620 4612 2743 4687 vult
2772 4614 2921 4668 idem
2953 4629 3080 4669 esse
3112 4619 3286 4687 atque
3333 4632 3368 4670 a
3412 4616 3578 4670 curis
3611 4609 3889 4670 saeculari-

2252 4686 2362 4740 bus
2392 4686 2461 4741 ad
2494 4684 2813 4739 caelestium
2849 4701 3043 4740 rerum
3078 4684 3520 4743 meditationem
3547 4688 3890 4742 convertere.

2249 4756 2394 4811 Vide
2440 4756 2616 4829 etiam
2656 4755 3085 4829 Commentaria
3115 4757 3174 4829 in
3216 4757 3363 4829 psal.
3395 4772 3578 4813 cxvm
3613 4762 3814 4829 Aocton.
3844 4754 3890 4815 4,

2248 4844 2416 4901 versu
2448 4830 2501 4892 3,
2535 4828 2687 4881 sicut
2713 4833 2770 4882 et
2800 4828 3073 4901 epist._ad
3106 4827 3579 4901 Chrom.quibus
3610 4827 3756 4901 locis
3785 4840 3894 4878 ver-

2254 4899 2391 4953 bum
2423 4906 2707 4971 ἀδολεσχεῖν
2740 4914 2842 4971 per
2872 4898 3140 4953 Latinum
3166 4898 3509 4956 hallucinari
3531 4900 3608 4955 ab
3630 4899 3894 4968 interpre-

2249 4976 2304 5024 te
2337 4971 2562 5024 redditu
2575 4970 2635 5023 ιη
2659 4970 2859 5025 tradit.

2322 5043 2397 5111 (4)
2457 5041 2602 5096 Edit.
2654 5041 2823 5095 Rom.
2888 5042 2946 5094 in
3003 5040 3191 5106 Deum,
3232 5041 3409 5112 placet
3460 5045 3601 5107 Deo,
3657 5041 3896 5112 mutatu!

2250 5104 2337 5165 ἐπ’
2359 5104 2578 5175 melius,
2608 5128 2707 5166 nec
2755 5111 2969 5167 videtur
3014 5104 3281 5180 degereiu
3313 5114 3436 5168 Deo.
3472 5104 3603 5167 Ideo
3632 5115 3685 5166 et
3728 5104 3895 5165 Enoch

2248 5182 2454 5237 dicitur
2493 5183 2629 5254 quod
2674 5200 2785 5237 mm
2831 5192 2909 5237 est
2949 5184 3220 5250 inventus,
3254 5186 3386 5254 quia
3428 5183 3734 5254 transtulit

2251 5255 2390 5308 Deus
2420 5273 2437 5309 :
2468 5248 2606 5329 quod
2634 5248 3427 5329 mani/‘estainierpretatione,
3459 5258 3576 5329 etc.
3613 5248 3888 5329 Vet._edi_t:

2250 5320 2490 5399 et__mss.'
2516 5320 2801 5399 hocgloco'
2835 5323 2976 5399 nihil
3021 5320 3386 5399 discrepant,
3420 5325 3567 5399 nisi
3599 5320 3891 5399 qupd__ubi

2252 5395 2392 5452 edit.
2423 5400 2480 5470 et
2508 5396 2750 5470 quidam
2783 5413 2926 5470 mss.
2959 5394 3196 5470 habent,
3215 5392 3349 5469 uiri,
3372 5396 3430 5453 in
3463 5392 3893 5470 aliis‘pluribus

2251 5483 2317 5526 ac
2348 5467 2777 5542 probatioribus
2805 5467 3019 5546 legitur
3047 5469 3181 5527 veri.
