4026 6186
457 348 581 423 831

1915 348 1982 415 S.
2025 344 2399 415 AMBROSII

3681 356 3771 421 53!

464 483 801 544 innocentia
845 486 1039 545 cordis
1095 484 1185 544 sui
1253 483 1414 543 nullo
1473 501 1584 542 usu
1642 484 1889 543 terrenis
1944 483 2100 540 vitiis
2129 482 2185 548 Α
2214 482 2481 541 osculum
2514 483 2771 541 adhaeret
2799 483 2999 543 anima
3030 483 3146 543 Deo
3168 482 3374 552 Verbo,
3406 499 3499 557 per
3523 487 3657 559 quod
3688 489 3775 546 sibi

462 576 797 639 misceatur,
867 579 1043 646 atque
1109 574 1676 646 irreprehensihilem
1734 575 1884 628 viam
1952 574 2099 629 inof-

462 664 631 719 fenso
662 666 875 721 mentis
905 669 1102 734 carpat
1134 664 1373 733 vestigio
1421 681 1525 717 nec
1572 663 1758 718 ullum
1816 663 2008 718 locum
2042 663 2102 717 in

466 769 530 808 se
559 754 781 825 aperiat
811 751 1188 823 corruptioni.

534 843 590 896 7.
622 841 788 897 Malis
820 844 944 897 erat
974 841 1131 895 Isaac
1162 856 1297 895 cum
1328 841 1643 896 Rebeccam
1699 840 2102 895 advenientem

464 933 839 999 exspectaret,
873 944 1209 999 praeparans
1240 944 1302 984 se
1330 927 1551 999 c0pulaa
1595 927 1863 1000 spiritali.
1896 928 2101 982 Venie-

463 1015 566 1070 bat
596 1016 748 1071 enim
780 1017 899 1085 jam
933 1016 1264 1072 ccelestihus
1295 1017 1494 1071 dotata
1525 1017 1818 1086 mysteriis
1844 1034 1856 1071 :
1911 1016 2102 1071 venie-

462 1103 565 1158 bat
585 1119 794 1175 magna
823 1120 1021 1158 secum
1054 1108 1395 1159 ornamenta
1449 1104 1681 1159 aurium
1733 1109 1791 1160 et
1820 1120 2103 1159 manuum

464 1189 694 1252 ferens;
729 1206 794 1246 eo
825 1192 975 1261 quod
1013 1192 1215 1246 auditu
1249 1197 1305 1247 et
1361 1192 1633 1263 operibus
1683 1192 1953 1248 emineat.
2001 1194 2103 1247 Ec-

464 1276 653 1334 clesiae
686 1278 1078 1349 pulchritudo,
1111 1279 1203 1334 cui
1236 1284 1386 1335 recte
1416 1282 1635 1335 dictum
1697 1281 2053 1335 advertimus
2088 1297 2100 1335 :

462 1367 585 1422 Esto
612 1368 673 1420 in
725 1368 907 1421 millia
964 1368 1225 1433 millium,
1289 1376 1343 1422 et
1412 1384 1590 1423 semen
1632 1373 1790 1424 tuum
1835 1369 2106 1439 possideat

465 1454 905 1510 adversariorum
957 1458 1204 1511 civitates
1263 1455 1414 1527 (Gen.
1470 1474 1618 1522 xxw,
1692 1458 1805 1527 60).
1889 1457 2107 1511 Decora

463 1541 646 1614 igitur
682 1542 942 1607 ecclesia,
998 1561 1124 1615 qua:
1182 1561 1250 1600 ex
1305 1545 1560 1600 inimicis
1614 1545 1887 1617 gentibus
1954 1543 2106 1599 filios

467 1630 797 1701 acquisivit.
864 1631 973 1685 Sed
1040 1636 1233 1703 potest
1300 1632 1408 1687 hoc
1473 1634 1646 1687 etiam
1713 1633 1784 1686 ad
1845 1631 2104 1686 animam

466 1718 731 1790 deputari
781 1736 905 1790 quae
970 1719 1275 1790 passiones
1340 1721 1597 1791 corporis
1662 1720 1903 1791 subigit,
1948 1725 2005 1775 et
2033 1719 2104 1774 ad

465 1807 749 1863 virtutum
783 1806 975 1862 officia
1005 1808 1308 1874 convertit,
1341 1813 1851 1880 repugnantesque
1909 1812 2105 1863 motus

468 1895 581 1950 sibi
612 1895 947 1951 obedientes
977 1896 1131 1952 859
1179 1896 1375 1951 efficit.
1432 1898 1578 1967 Ergo
1635 1897 1721 1952 vel
1772 1896 1971 1951 anima
1999 1900 2107 1950 Pa-

468 1982 732 2038 triarchae
762 1984 966 2038 videns
996 1985 1341 2055 mysterium
1369 1985 1605 2052 Christi,
1635 1986 1841 2040 videns
1888 1984 2107 2039 Rebec-

468 2086 598 2126 cam
662 2071 989 2126 venientem
1031 2089 1163 2127 cum
1229 2073 1385 2129 vasis
1451 2074 1644 2128 aureis
1700 2078 1756 2127 et
1795 2072 2106 2143 argenteis,

468 2161 749 2228 tanquam
782 2158 1098 2215 Ecclesiam
1122 2177 1254 2215 cum
1286 2161 1501 2233 pepulo
1531 2164 1858 2225 nationum,
1903 2161 2110 2215 mirata

471 2245 971 2318 pulchritudinem
1026 2248 1220 2315 Verbi,
1254 2253 1311 2303 et
1384 2254 1884 2305 sacramentorum
1980 2250 2110 2319 eius

470 2332 649 2389 dicit:
728 2334 1012 2390 Osculetur
1068 2351 1156 2391 me
1222 2338 1289 2391 ab
1317 2339 1515 2392 osculis
1552 2353 1601 2393 or
1617 2339 1664 2392 is
1700 2337 1997 2406 suis(Cant,
2066 2353 2105 2404 ι,

472 2421 547 2492 1).
580 2420 682 2476 Vel
715 2422 973 2478 Rebecca
1020 2424 1225 2479 videns
1254 2441 1452 2480 verum
1488 2426 1668 2490 Isaac,
1727 2441 1931 2483 verum
1962 2425 2108 2480 illud

470 2508 775 2581 gaudium,
804 2526 999 2565 veram
1032 2510 1314 2579 laetitiam,
1347 2514 1643 2569 desiderat
1673 2513 1941 2569 osculari.

540 2596 595 2650 8.
646 2599 869 2652 Primus
920 2600 1129 2656 anim
1180 2616 1475 2671 processus.
1536 2602 1683 2667 Quid
1742 2606 1833 2657 est
1889 2602 2105 2673 igitur:

473 2684 757 2741 Osculetur
783 2702 870 2741 me
897 2687 964 2741 ab
1030 2690 1227 2743 osculis
1283 2692 1395 2744 oris
1451 2690 1590 2745 sui?
1649 2689 1992 2746 Considerat
2020 2689 2109 2745 vel

469 2771 787 2828 Ecclesiam
838 2774 1071 2842 jamdiu
1130 2776 1418 2844 promisso
1471 2777 1584 2831 sibi
1642 2794 1746 2848 per
1794 2777 2111 2850 Pr0phetas

470 2859 774 2915 Dominico
804 2861 1075 2930 adventu,
1108 2878 1211 2933 per
1240 2867 1506 2935 tempora
1535 2864 1722 2920 multa
1738 2882 2107 2936 suspensam,

470 2944 561 3001 vel
592 2945 869 3013 animam,
901 2965 1027 3019 quis
1057 2948 1290 3006 elevans
1320 2967 1383 3006 se
1439 2968 1473 3008 a
1530 2968 1789 3024 corpore,
1823 2953 2110 3009 abdicatis

475 3031 733 3101 luxuria,
762 3038 938 3106 atque
994 3035 1240 3101 deliciis,
1297 3037 1811 3111 voluptatibusque
1860 3040 2107 3096 carnali-

473 3120 606 3186 bus,
638 3125 810 3177 exuta
846 3139 1079 3195 quoque
1110 3123 1503 3182 sollicitudine
1551 3128 1917 3184 saecularium
1950 3127 2110 3182 vani-

2210 572 2647 629 transfunditur
2713 574 2959 645 spiritus
2988 572 3340 629 osculantis:
3398 573 3538 629 sicut
3585 574 3725 631 etiam
3748 578 3779 632 ii

2211 660 2310 731 qui
2341 677 2402 715 se
2431 661 2798 725 osculantur,
2834 678 2949 717 non
2976 665 3117 717 sunt
3143 660 3422 730 labiorum
3445 662 3779 732 praelibatione

2211 749 2485 817 contenti,
2520 751 2619 805 sed
2656 750 2934 821 spiritum
2970 766 3145 805 suum
3168 750 3279 805 sibi
3305 749 3534 805 invicem
3561 751 3784 806 videntur

2211 836 2535 893 infundere.
3848 900 3855 904 .

2280 926 2335 980 9.
2368 926 2695 982 Ostendens
2750 927 2950 1000 itaque
2997 944 3113 983 non
3171 926 3297 983 sola
3345 927 3579 999 speciem
3626 927 3785 993 Verbi,

2212 1017 2269 1068 et
2323 1012 2552 1069 vultum
2612 1016 2949 1086 quemdam,
3010 1017 3110 1072 sed
3168 1016 3367 1071 omnia
3416 1016 3534 1083 ejus
3559 1015 3790 1070 interiora

2213 1100 2453 1172 diligere
2511 1104 2799 1175 adjungit,
2863 1106 2936 1159 ad
3001 1103 3334 1160 osculorum
3397 1104 3650 1174 gratiam:
3679 1104 3791 1170 Quia

2213 1191 2372 1251 bona.
2402 1190 2612 1261 inquit,
2645 1193 2814 1248 ubera
2841 1197 2939 1248 tua
2970 1208 3135 1264 super
3203 1196 3393 1248 vinum
3439 1200 3486 1247 et
3543 1192 3657 1247 odor
3708 1208 3792 1245 un-

2211 1286 2535 1346 guentorum
2562 1284 2783 1336 tuorum
2811 1298 2975 1354 super
3018 1284 3206 1337 omnia
3269 1288 3511 1336 aromata
3572 1280 3728 1349 (Cant.
3755 1295 3787 1345 ι,

2215 1367 2266 1429 1,
2296 1369 2371 1431 2).
2406 1366 2510 1422 llla
2539 1367 2807 1423 osculum
2862 1368 3147 1441 poposcit,
3196 1369 3349 1425 Deus
3390 1368 3627 1423 Verbum
3671 1382 3722 1421 se
3753 1364 3795 1421 ei

2212 1458 2370 1510 totus
2402 1455 2677 1520 infundit,
2711 1462 2769 1512 et
2798 1458 3040 1513 nudavit
3088 1457 3139 1513 ei
3200 1457 3379 1513 ubera
3424 1472 3543 1522 sua,
3589 1454 3685 1509 hoc
3707 1458 3795 1517 est,

2213 1542 2489 1611 dogmata
2519 1560 2646 1612 sua,
2680 1549 2736 1600 et
2765 1545 3058 1602 interioris
3080 1545 3379 1616 sapientiae
3403 1542 3729 1615 disciplinas,
3753 1546 3794 1595 et

2213 1636 2649 1699 unguentorum
2720 1649 2963 1689 suorum
3030 1632 3186 1688 dulci
3281 1634 3454 1689 odore
3546 1628 3793 1699 fragravit.

2213 1717 2437 1782 Quibus
2515 1725 2703 1792 capta,
2783 1720 2925 1776 dicit
2984 1722 3317 1777 uberiorem
3380 1736 3504 1777 esse
3558 1715 3795 1790 jucundi-

2137 1840 2185 1905 Β
2214 1808 2393 1860 tatem
2438 1807 2645 1905 divinae
2694 1809 3067 1905 cognitionis,
3121 1826 3305 1905 quam
3351 1808 3601 1905 laetitiam
3640 1803 3796 1905 omnis

2218 1909 2503 1965 corporeae
2534 1896 2871 1968 voluptatis.
2928 1898 3165 1969 Aspirat
3212 1897 3371 1952 enim
3401 1897 3457 1952 in
3483 1894 3655 1951 Verbo
3691 1892 3804 1947 odor

2216 1982 2437 2053 gratia,
2468 1987 2526 2039 et
2552 1985 2821 2041 remissio
2852 1990 3248 2057 peccatorum,
3284 2002 3409 2057 quis
3437 1984 3495 2039 in
3523 1987 3693 2038 totum
3716 1978 3804 2033 dif-

2216 2069 2348 2125 fusa
2370 2073 2680 2136 mundum,
2724 2075 2923 2130 omnia
2960 2077 3243 2145 tanquam
3293 2072 3576 2129 exinanito
3605 2065 3802 2140 replevit

2218 2163 2555 2229 unguento;
2588 2161 2728 2231 quia
2790 2178 2892 2233 per
2956 2162 3262 2218 universos
3328 2161 3515 2234 gravis
3573 2158 3803 2213 vitiorum

2216 2245 2493 2302 colluvies
2523 2248 2751 2304 detersa
2770 2254 2878 2305 est.

2291 2335 2375 2389 10.
2422 2335 2742 2406 Propterea,
2801 2337 3014 2409 inquit,
3074 2337 3485 2395 adulescentula
3543 2335 3812 2390 dilemma!

2217 2427 2287 2478 te.
2321 2424 2545 2478 Attrahc
2603 2440 2721 2493 nos,
2789 2430 2849 2480 ut
2874 2434 2994 2498 post
3022 2426 3240 2482 odorem
3288 2428 3674 2498 unguentorum
3713 2429 3809 2475 tuo-

2216 2527 2343 2565 rum
2387 2527 2673 2566 curramus
2714 2513 2873 2583 (Ibid.
2927 2516 2963 2568 2
3009 2522 3062 2569 et
3108 2515 3186 2586 3).
3238 2515 3401 2570 Bona
3447 2512 3669 2585 quidem
3704 2522 3812 2579 pru-

2217 2598 2437 2662 dentia,
2464 2600 2563 2655 sed
2595 2600 2785 2656 dulcis
2812 2602 3227 2659 misericordia.
3283 2603 3445 2659 Illam
3500 2600 3643 2657 enim
3673 2592 3810 2668 pauci

2217 2693 2634 2758 assequuntur,
2693 2688 2812 2745 haec
2870 2691 2940 2745 ad
3001 2706 3205 2747 omnes
3266 2691 3544 2763 pervenit.
3612 2687 3812 2754 Propter

2219 2774 2390 2838 hanc,
2422 2774 2635 2847 inquit,
2666 2776 3093 2847 indulgentiam
3118 2780 3275 2835 860
3302 2785 3464 2834 tuam
3521 2774 3748 2846 diligunt
3768 2772 3812 2821 te

2218 2862 2423 2918 anima
2455 2869 2741 2921 renovatae
2770 2867 3003 2937 spiritu.
3040 2867 3203 2923 Unde
3232 2872 3295 2923 at
3324 2868 3395 2923 ad
3428 2865 3671 2923 animam
3697 2854 3814 2915 dici-

2216 2954 2354 3006 tur:
2390 2952 2753 3008 Renovabitur
2776 2955 2914 3009 sicut
2942 2954 3147 3026 aliquae
3194 2956 3457 3025 juventus
3513 2957 3605 3007 tua
3667 2945 3813 3021 (Psal.

2217 3055 2313 3105 cu,
2364 3039 2442 3109 5).
2502 3040 2590 3095 Ad
2643 3041 2902 3096 animam
2958 3042 3117 3097 enim
3171 3042 3543 3115 loquebatur,
3600 3040 3813 3095 dicens:

2219 3127 2469 3193 Benedic,
2501 3129 2692 3183 anima
2719 3145 2869 3194 mea,
2930 3131 3225 3186 Dominum
3289 3129 3447 3202 (Ibid.
3507 3129 3556 3184 4.
3613 3128 3674 3183 Et
3709 3126 3813 3180 ideo

473 3211 684 3272 tatum,
706 3210 833 3280 jam
865 3211 1090 3267 dudum
1121 3212 1475 3269 infusionem
1507 3215 1840 3271 sibidivinae
1864 3232 2109 3287 praesen-
2140 3198 2183 3264 (ἶ
2221 3213 2456 3269 festinat
2485 3216 2554 3270 ad
2587 3216 2864 3280 Verbum,
2924 3223 2981 3272 et
3032 3222 3198 3289 rogat
3249 3198 3319 3273 ut
3371 3217 3702 3281 attrahatur,
3762 3228 3818 3267 ne

477 3296 590 3361 tim,
622 3302 680 3352 et
708 3298 956 3370 gratiam
1011 3300 1185 3356 Verbi
1233 3301 1511 3359 salutaris
1563 3309 1812 3376 exoptet,
1855 3321 2113 3359 comma-

477 3383 660 3439 cerari
727 3386 880 3455 quod
948 3403 1076 3444 sero
1150 3389 1363 3455 veniat,
1437 3396 1494 3446 et
1570 3392 1787 3462 afﬂigi:
1865 3392 2111 3463 ideoque

480 3472 648 3543 quasi
681 3471 1040 3530 vulneratam
1068 3476 1364 3543 charitate,
1398 3496 1532 3534 cum
1563 3496 1757 3535 moras
1804 3482 1932 3551 ejus
1963 3481 2113 3536 ferre

478 3574 597 3614 non
627 3561 835 3630 possit,
862 3578 1197 3619 conversam
1230 3566 1301 3620 ad
1331 3566 1562 3623 Patrem
1594 3583 1816 3637 rogare,
1866 3573 1929 3622 ut
1976 3568 2109 3623 mit-

472 3649 558 3701 tat
588 3647 699 3702 sibi
732 3648 917 3704 Deum
973 3651 1259 3717 Verbum;
1330 3659 1387 3709 et
1450 3672 1688 3711 causam
1743 3673 1858 3727 qua
1916 3657 1994 3711 sit
2023 3657 2105 3712 ita

466 3731 783 3805 impatiens
834 3736 1147 3806 declarare,
1196 3740 1524 3798 dicentem:
1584 3744 1869 3799 Osculetur
1922 3745 2103 3799 meab

462 3823 663 3877 osculis
692 3825 803 3879 oris
829 3828 937 3880 sui.
998 3827 1122 3882 Non
1167 3845 1352 3884 unum
1410 3830 1677 3885 osculum
1728 3832 1952 3901 quaerit,
1996 3833 2098 3887 sed

459 3906 630 3978 plura
658 3910 860 3967 oscula
891 3918 954 3967 ut
984 3914 1339 3971 desiderium
1392 3933 1567 3972 suum
1624 3918 1808 3988 possit
1846 3919 2093 3991 explere.
2124 3926 2127 3929 '

455 3997 591 4061 Quae
621 3998 776 4053 enim
809 3999 1022 4073 diligit,
1057 4019 1172 4057 non
1198 4007 1287 4058 est
1337 4004 1514 4059 unius
1568 4005 1752 4061 osculi
1814 4008 2094 4078 parcitate

451 4088 723 4141 contenta
746 4104 766 4141 :
796 4088 897 4142 sed
930 4089 1098 4157 plura
1129 4090 1326 4162 exigit,
1361 4092 1531 4163 plura
1581 4093 1877 4163 vindicat;
1928 4102 1985 4151 et
2014 4097 2096 4152 ita

454 4187 517 4226 se
546 4172 800 4244 amplius
830 4174 1039 4231 dilecto
1079 4179 1487 4234 commendare
1540 4183 1859 4238 consuevit.
1911 4184 2091 4239 Deni-

453 4272 568 4328 que
595 4258 699 4316 illa
727 4260 787 4316 in
845 4263 1149 4336 Evangelia
1205 4266 1291 4320 sic
1351 4270 1593 4338 probata
1644 4275 1755 4334 est,
1811 4271 1943 4343 qaia
1974 4289 2084 4328 non

451 4349 681 4402 cessavit
733 4348 944 4421 inquit,
996 4354 1237 4409 osculari
1307 4356 1467 4426 pedes
1538 4373 1771 4413 meos....
1849 4369 1899 4414 et
1964 4362 2084 4417 ideo

451 4434 678 4488 remissa
706 4446 835 4489 sunt
857 4441 911 4492 ei
936 4449 1151 4508 peccata
1178 4444 1374 4509 multa,
1406 4446 1538 4514 quia
1591 4445 1794 4501 dilexit
1852 4450 2087 4504 multum

2222 3301 2367 3357 forte
2396 3304 2879 3376 derelinquatur;
2930 3306 3070 3377 quia
3125 3307 3317 3362 currit
3346 3307 3447 3363 Dei
3503 3305 3752 3367 Verbum,
3775 3303 3819 3355 et

2224 3406 2337 3444 non
2368 3395 2455 3446 est
2482 3391 2811 3464 alligatum.
2844 3393 3105 3465 Denique
3135 3394 3399 3451 exsultat
3455 3400 3716 3465 tanquam
3750 3390 3817 3461 gi.

2220 3493 2325 3550 gas
2353 3495 2419 3534 ac
2444 3481 2792 3536 currendam
2821 3480 2995 3537 viam.
3030 3484 3099 3537 Et
3143 3484 3293 3555 quia
3347 3499 3615 3555 egressus
3654 3481 3765 3547 ejus
3790 3494 3817 3531 a

2220 3581 2453 3623 summo
2483 3568 2647 3635 coelo,
2679 3573 2736 3625 et
2765 3586 3045 3626 occursus
3075 3572 3203 3643 ejus
3238 3588 3429 3644 usque
3457 3572 3527 3626 ad
3560 3581 3819 3627 summum

2218 3655 2369 3724 ejus,
2399 3655 2600 3713 videns
2627 3673 2689 3712 se
2746 3657 3029 3729 imparem
3075 3664 3251 3715 tanta;
3314 3660 3597 3717 velocitati
3652 3657 3818 3712 dicit:

2215 3744 2442 3799 Altrahe
2467 3761 2584 3800 nos.
2616 3745 2783 3801 Bona
2803 3742 3003 3803 anima
3032 3764 3158 3819 qua:
3180 3765 3303 3804 non
3337 3766 3442 3821 pro
3474 3764 3534 3804 se
3579 3745 3709 3810 sola,
3737 3741 3817 3798 sed

2213 3849 2316 3903 pro
2373 3833 2649 3889 omnibus
2706 3839 2892 3906 rogat,
2952 3836 3196 3901 Attrahe,
3259 3836 3476 3909 inquit,
3534 3832 3822 3890 nos.Habe-

2211 3938 2345 3977 mus
2375 3921 2531 3977 enim
2564 3921 2945 3993 cupiditatem
3004 3925 3315 3995 sequendi,
3376 3940 3550 3997 quam
3584 3935 3817 3994 unguen-

2208 4013 2403 4065 torum
2430 4013 2665 4065 tuorum
2697 4010 2948 4082 inspirat
3002 4012 3225 4083 gratia:
3294 4014 3399 4069 sed
3461 4012 3598 4085 quia
3640 4022 3819 4065 cursus

2203 4101 2335 4152 tuos
2365 4113 2593 4166 aequare
2623 4114 2741 4153 non
2767 4115 3105 4169 possumus,
3136 4103 3371 4157 attrahe
3405 4118 3530 4164 nos,
3589 4103 3650 4154 ut
3677 4095 3815 4151 auxi-

2204 4183 2280 4239 lio
2308 4191 2409 4240 tuo
2443 4184 2595 4239 fultae
2628 4186 2888 4257 vestigiis
2916 4188 3035 4243 tuis
3094 4190 3401 4259 possimus
3451 4187 3726 4245 insistere.
3769 4179 3819 4237 Si

2200 4273 2356 4328 enim
2386 4278 2449 4327 tu
2479 4274 2803 4340 attraxeris,
2837 4292 3142 4332 curramus
3170 4282 3229 4332 et
3262 4294 3395 4346 nos,
3450 4283 3508 4333 et
3563 4271 3817 4347 spiritalia

2197 4359 2516 4415 velocitatis
2548 4361 2729 4417 ﬂabra
2759 4365 3079 4434 capiemus.
3110 4364 3441 4436 Deponitur
3470 4366 3623 4421 enim
3651 4359 3814 4418 sarci-

2198 4465 2271 4502 na
2301 4449 2514 4519 quibus
2546 4465 2757 4505 manus
2786 4455 2888 4505 tua
2917 4450 3103 4508 fulcro
3161 4457 3271 4518 est,
3336 4459 3396 4508 et
3427 4452 3616 4509 oleum
3669 4455 3812 4504 tuum

662 4537 759 4588 V",
783 4525 909 4619 μέλε’),
954 4531 1017 4619 ἐἰ
1048 4528 1182 4619 {17).
1240 4530 1383 4601 Ergo
1414 4531 1620 4619 etbaac
1651 4534 1849 4589 anima
1878 4536 2083 4592 oscula
2119 4555 2166 4619 Β
2197 4534 2543 4601 infunditur,
2573 4553 2688 4608 quo
2719 4545 2955 4594 curatus
2984 4544 3073 4594 est
3131 4540 3230 4596 ille
3288 4542 3393 4613 qui
3453 4558 3488 4596 a
3517 4536 3812 4595 latronibus

446 4605 619 4663 Verbi
676 4608 861 4665 multo
937 4613 1247 4679 desiderat,
1327 4623 1391 4672 ut
1454 4618 1820 4677 illuminetur
1869 4623 2079 4679 divinis

443 4696 807 4767 cognotionis
838 4697 1080 4755 lumine.
1114 4702 1231 4758 Hoc
1261 4711 1349 4759 est
1374 4707 1529 4761 enim
1562 4709 1828 4765 osculum
1880 4710 2074 4779 Verbi,

438 4783 641 4839 lumen
672 4785 893 4841 scilicet
922 4788 1267 4859 cognitionis
1324 4810 1520 4850 sacrae.
1582 4796 1892 4854 Osculatur
1918 4800 2076 4856 enim

437 4888 545 4927 nos
575 4872 730 4929 Deus
760 4875 1037 4943 Verbum,
1068 4879 1303 4949 quando
1334 4897 1432 4936 cor
1461 4887 1749 4949 nostrum,
1782 4890 1838 4941 et
1876 4885 2071 4958 ipsum

430 4960 753 5033 principale
818 4962 1074 5020 hominis
1140 4966 1353 5037 spiritu
1440 4969 1645 5025 divina:
1724 4975 2073 5046 cognitionis

429 5046 744 5115 illuminat,
799 5068 915 5122 quo
962 5053 1160 5108 anima
1217 5055 1431 5111 donata
1485 5058 1784 5116 charitatis
1826 5064 2067 5134 pignore

388 5134 393 5141 ’
427 5136 698 5206 nuptiali,
732 5137 859 5193 lzcta
890 5145 1065 5213 atque
1096 5159 1274 5199 ovans
1306 5144 1481 5200 dicit:
1516 5152 1580 5201 Os
1634 5165 1814 5204 meum
1851 5155 2067 5222 aperui,

428 5224 481 5275 et
507 5223 648 5278 duxi
674 5227 931 5297 spiritum
969 5228 1143 5300 (Psal,
1199 5246 1393 5297 cxvm,
1454 5233 1598 5304 l3l).
1659 5236 1938 5294 Osculum
1980 5244 2069 5295 est

2195 4623 2533 4679 vulneratus
2613 4631 2719 4680 est.
2778 4629 2858 4681 Ac
2916 4644 2988 4682 ne
3043 4627 3366 4701 impudens
3418 4629 3524 4685 tibi
3577 4627 3814 4682 videatur

2189 4713 2343 4783 quod
2375 4712 2455 4767 ait
2478 4730 2490 4766 :
2521 4714 2745 4768 Attrahc
2774 4716 3035 4779 nos,audi
3059 4717 3230 4772 dicen
3244 4722 3366 4774 tem
3393 4735 3407 4773 :
3435 4719 3614 4774 Venite
3634 4714 3699 4770 ad
3722 4726 3810 4773 me.

2185 4816 2369 4855 omnes
2398 4802 2494 4872 qui
2524 4802 2805 4865 laboratis,
2865 4812 2916 4858 et
2972 4808 3195 4860 onerati
3250 4810 3407 4876 estis,
3467 4816 3521 4862 et
3574 4820 3664 4876 ego
3732 4815 3811 4855 vos

2182 4889 2427 4957 reﬁciam
2457 4889 2682 4959 (Matth.
2716 4908 2791 4957 χι,
2825 4893 2937 4960 28).
2999 4892 3174 4950 Vides
3232 4896 3394 4967 quod
3458 4894 3698 4950 libenter
3721 4904 3810 4944 nos

2180 4977 2453 5042 attrahat,
2481 4994 2553 5033 ne
2582 4995 2995 5036 remaneamus
3019 4989 3357 5053 sequentes.
3411 4984 3524 5040 Sed
3575 4980 3672 5054 qui
3698 4975 3806 5035 vult

2179 5064 2412 5131 attrahi,
2475 5071 2671 5120 currat
2730 5072 2793 5120 ut
2847 5069 3345 5138 comprehendat:
3394 5077 3451 5128 et
3509 5072 3696 5127 currat
3723 5081 3807 5121 su-

2178 5154 2370 5224 perior
2399 5152 2768 5224 obliviscens,
2802 5159 2860 5210 et
2880 5172 2948 5211 ea
2972 5173 3100 5228 quas
3129 5163 3269 5214 sunt
3292 5161 3492 5230 priora
3514 5161 3806 5232 appetens:

2176 5240 2259 5296 sic
2289 5241 2445 5297 enim
2501 5241 2712 5313 poterit
2756 5243 3030 5302 Christus
3078 5248 3607 5319 comprehendere.
3666 5242 3807 5301 Unde

427 5306 583 5409 enim
615 5326 728 5409 quo
755 5311 1003 5409 invicem
1030 5322 1295 5409 amantes
1329 5320 1445 5376 sibi
1479 5321 1797 5389 adhaerent,
1823 5329 1879 5380 et
1909 5326 2066 5383 velut
2172 5334 2228 5385 et
2255 5306 2567 5402 Apostolus
2598 5330 2715 5386 ait:
2749 5331 2840 5389 Sic
2868 5336 3104 5403 currite,
3160 5306 3228 5391 ut.
3250 5352 3443 5393 omnes
3472 5338 3553 5409 (9)
3582 5347 3806 5405 comprec

427 5397 629 5467 gratia:
685 5399 976 5459 interioris
1032 5406 1316 5463 suavitate
1375 5409 1698 5480 potiuntur.
1770 5412 1877 5467 Per
1952 5413 2060 5470 hoc
2171 5397 2417 5473 hend‘atis
2446 5419 2493 5489 (1
2546 5419 2672 5483 Cor,
2728 5437 2803 5487 1x,
2859 5422 2975 5490 24).
3036 5397 3173 5479 vim
3227 5428 3290 5480 et
3346 5397 3488 5481 ista‘
3532 5397 3610 5481 'ad
3685 5397 3804 5476 ίπιο

496 5608 573 5679 (9)
640 5608 785 5665 Edit.
854 5629 920 5676 ac
985 5616 1153 5686 pauci
1223 5634 1389 5688 mss.,
1434 5627 1491 5676 ut
1555 5626 2058 5697 cmnprehendatis;
2100 5629 2197 5689 alii
2230 5630 2426 5704 plures
2456 5632 2910 5707 potioresque,ut
2937 5652 3123 5695 omnes
3153 5638 3637 5711 comprehendam.
