4122 6146
309 315 418 383 833

1447 310 1681 385 LIBER
1725 318 1826 385 DE
1871 313 2107 383 ISAAC
2150 314 2251 379 ET
2296 312 2571 382 ANIMA.

3585 314 3704 381 534

307 453 457 510 vium
511 448 833 527 pervenire,
890 467 1017 528 quin
1079 451 1378 514 desiderat
1431 454 1944 529 comprehendere.
1978 448 2199 521 Aillas
2230 448 2489 508 caelestes
2521 454 2577 510 et
2614 450 2909 527 appositas
2955 470 3117 515 sacro
3171 452 3490 513 ministerio
3542 460 3703 527 pote-

308 542 620 600 Prudenter
674 559 814 616 ergo
870 550 1037 617 rogat
1091 550 1157 602 ut
1213 547 1580 603 attrahatur:
1639 547 1775 618 quia
1832 561 1949 600 non

309 649 499 688 omnes
529 632 695 703 sequi
730 638 1000 703 possunt.
1035 635 1299 707 Denique
1330 636 1498 691 Petro
1529 636 1741 690 dicenti
1768 653 1780 690 :
1836 636 1952 702 Quo

306 722 449 795 vadis
497 721 676 792 (Joan.
740 738 867 788 xm,
922 724 1057 794 36)?
1120 724 1424 795 respondit
1482 724 1738 778 Verbum
1806 722 1948 777 Dei:

305 792 420 866 Non
442 814 590 881 potes
643 827 738 865 me
791 813 947 883 sequi
996 812 1170 880 modo,
1230 815 1473 884 sequeris
1533 822 1715 868 autem
1768 820 1953 883 postea

306 900 497 972 (Ibid).
551 898 756 955 Claves
807 900 859 955 ei
911 901 1287 956 commiserat
1336 901 1499 973 regni
1547 900 1844 967 caelorum,
1895 906 1954 954 et

308 988 588 1061 sequendo
620 1004 682 1043 se
717 987 1010 1060 imparem
1036 990 1345 1060 judicavit.
1380 991 1537 1045 Hanc
1577 996 1774 1044 tamen
1825 989 1951 1043 ani-

310 1093 451 1133 mam
506 1093 617 1132 non
679 1075 941 1142 distulit,
1000 1078 1138 1150 quia
1194 1095 1313 1133 non
1373 1079 1781 1150 praesumebat,
1847 1078 1949 1132 sed

304 1166 546 1239 rogabat.

950 1256 1179 1312 CAPUT
1206 1256 1307 1323 ιν.

304 1340 660 1401 lntroducitur
689 1345 759 1397 in
789 1345 1105 1399 cubiculum
1134 1347 1280 1411 regis
1311 1346 1551 1415 perfecta
1588 1347 1795 1399 anima.
1849 1344 1953 1397 Cui

368 1417 596 1487 corporis
622 1432 679 1470 se
740 1417 1068 1485 contagione
1121 1418 1399 1485 fuscalam
1445 1418 1710 1485 querenti,
1773 1423 1861 1487 ut,
1893 1431 1951 1468 se

368 1486 660 1559 cognoscat,
690 1490 898 1559 exeat,
949 1491 1056 1542 etc.
1119 1487 1366 1542 Christus
1406 1489 1688 1559 praecipit.
1751 1486 1951 1540 Emlem

367 1556 510 1629 equm
540 1556 875 1629 Solomonis
915 1566 1284 1629 comparatur.
1336 1556 1419 1612 Ad
1462 1556 1599 1613 haec
1622 1559 1778 1629 putei
1821 1574 1951 1627 quos

365 1628 500 1699 fodit
531 1631 694 1691 Isaac,
734 1628 878 1700 quid
908 1628 1215 1697 signiﬁcent
1237 1633 1262 1682 .9
1291 1631 1353 1683 Et
1383 1645 1486 1698 quo
1532 1628 1684 1699 pacto
1732 1629 1950 1682 demum

367 1702 605 1757 Christus
628 1703 925 1755 revocatus
954 1701 1019 1755 ab
1061 1703 1275 1767 anima,
1335 1700 1538 1755 saliens
1595 1700 1792 1766 redeat,
1850 1717 1952 1754 nec

364 1790 478 1827 non
511 1773 615 1842 ipsi
641 1772 1091 1827 adblandiatur?

367 1881 452 1935 11.
486 1879 777 1936 Secundus
808 1879 1021 1935 animae
1053 1894 1353 1949 processus.
1405 1908 1473 1919 ——
1521 1878 1779 1950 Denique
1827 1878 1945 1933 ait:

294 1970 605 2026 Introduxit
634 1984 723 2023 me
754 1983 868 2022 rea:
889 1968 949 2021 in
977 1968 1290 2023 cubiculum
1334 1984 1498 2022 suum
1547 1968 1728 2037 (Cant.
1779 1985 1820 2033 ι,
1867 1969 1943 2037 3).

294 2059 471 2115 Beata
500 2057 717 2124 anima,
756 2072 893 2127 quae
926 2055 1097 2111 Verbi
1125 2056 1453 2128 ingreditur
1481 2055 1818 2126 penetralia.
1852 2060 1945 2110 In-

294 2161 541 2217 surgens
571 2159 838 2215 namque
870 2143 943 2198 de
973 2158 1210 2214 corpore
1241 2144 1312 2198 ab
1345 2142 1617 2198 omnibus
1649 2145 1713 2198 ﬁt
1760 2160 1946 2199 remo-

292 2235 408 2290 tior
435 2251 560 2305 quae
590 2232 748 2287 intra
775 2235 968 2286 semet
998 2231 1183 2301 ipsam
1215 2232 1479 2286 divinum
1511 2231 1676 2296 illud,
1731 2232 1777 2285 si
1832 2249 1947 2303 quo

292 2323 467 2378 modo
508 2320 746 2392 assequi
800 2319 1009 2391 possit,
1068 2324 1365 2375 scrutatur
1404 2326 1461 2373 et
1508 2320 1733 2392 quaerit.
1784 2320 1944 2382 Quod

291 2428 432 2468 cum
463 2409 716 2483 potuerit
746 2407 1263 2479 comprehendere.
1294 2424 1362 2463 ea
1391 2423 1516 2477 quae
1549 2414 1689 2463 sunt
1736 2408 1948 2463 intelli-

290 2498 498 2573 gibilia
527 2513 936 2570 supergressa,
972 2496 1028 2550 in
1059 2495 1160 2551 illo
1209 2498 1608 2562 confirmatur,
1659 2502 1833 2567 atque
1883 2514 1948 2553 eo

290 2588 573 2660 pascitur.
605 2584 765 2641 Talis
796 2588 923 2640 erat
954 2583 1169 2639 Paulus
1190 2584 1289 2655 qui
1311 2584 1530 2640 sciebat
1550 2601 1612 2640 se
1634 2590 1865 2657 raptum
1891 2587 1947 2639 in

290 2675 656 2749 paradisum,
693 2674 799 2729 sed
833 2673 959 2727 sive
988 2678 1150 2728 extra
1178 2690 1389 2745 corpus
1416 2679 1669 2746 raptum,
1723 2674 1841 2729 sive
1889 2675 1945 2729 in

289 2779 554 2837 corpore,
589 2762 916 2818 nesciebat.
947 2762 1355 2817 Assurrexerat
1385 2763 1538 2816 enim
1581 2763 1778 2817 anima
1820 2764 1949 2832 ejus

287 2854 364 2909 de
396 2868 656 2924 corpore,
698 2856 757 2906 et
805 2866 870 2905 se
918 2867 953 2903 a
999 2850 1318 2905 visceribus
1365 2856 1422 2905 et
1462 2851 1708 2906 vinculis
1757 2853 1948 2907 carnis

285 2942 617 2997 abduxerat
645 2945 825 3009 atque
854 2937 1210 3005 elevaverat;
1245 2938 1549 3009 factusque
1580 2957 1613 2994 a
1634 2940 1949 3010 semetipso

285 3028 546 3093 alienus,
573 3027 732 3082 intra
761 3026 1145 3097 semetipsum
1178 3027 1368 3080 tenuit
1410 3028 1585 3082 verba
1636 3027 1950 3081 ineffabilia

286 3134 426 3190 qua:
453 3116 709 3181 audivit,
731 3120 790 3169 et
819 3113 1059 3185 vulgare
1093 3131 1208 3169 non
1242 3116 1468 3186 potuit;
1520 3115 1658 3186 quia
1707 3116 1953 3171 advertit

1980 1827 2027 1890 B

2064 544 2285 595 states:
2344 542 2518 597 Nolite
2575 546 2823 615 aspicere
2877 564 2961 602 me
3018 548 3158 618 quod
3207 548 3485 618 obfuscata
3529 561 3697 599 sum:

2062 630 2325 700 quoniam
2354 646 2460 684 non
2492 636 2566 686 est
2599 633 2829 689 intuitus
2865 652 2951 689 me
2994 637 3095 691 sol.
3147 638 3281 691 Filii
3325 636 3520 689 matris
3566 649 3703 689 meae

2062 721 2443 788 pugnaverunt
2471 720 2757 775 adversum
2786 740 2871 777 me
2902 724 3056 793 (Ibid.
3096 726 3172 795 5),
3221 724 3327 778 hoc
3373 728 3461 779 est
3511 723 3702 793 impu-

2064 811 2389 876 gnaverunt
2420 823 2511 861 me
2541 809 2794 879 corporis
2830 811 3152 881 passiones,
3186 812 3379 867 carnis
3418 811 3703 867 illecebrae

2064 892 2505 963 coloravcrunt;
2542 897 2667 951 ideo
2699 899 2841 954 mibi
2876 900 2957 954 sol
2983 901 3227 970 justitizn
3266 918 3379 955 non
3432 899 3699 954 refulsit:

2065 999 2181 1053 quo
2213 983 2445 1039 viduata
2480 985 2762 1055 prazsidio,
2797 988 3154 1043 devotionem
3190 1006 3402 1055 meam,
3432 993 3488 1042 et
3512 989 3706 1043 obser-

2062 1072 2320 1126 vantiam
2352 1071 2583 1143 plenam
2614 1090 2840 1129 scrvare
2873 1093 2987 1130 non
3021 1077 3179 1147 potui
3208 1095 3220 1142 ;
3256 1076 3364 1130 hoc
3395 1080 3482 1130 est
3511 1076 3700 1130 enim:

2072 1162 2289 1215 Vineam
2346 1178 2521 1215 meam
2561 1179 2665 1216 non
2720 1165 3006 1219 custodimt
3058 1166 3263 1233 (llud),
3313 1164 3450 1236 quia
3499 1165 3706 1236 spinas

2064 1254 2265 1305 etnon
2320 1267 2487 1304 uvam
2537 1251 2727 1319 attuli,
2780 1253 2837 1306 id
2887 1258 2993 1319 cst,
3049 1255 3264 1310 faciens
3316 1258 3551 1324 peccata
3598 1270 3706 1325 pro

2064 1338 2368 1393 fructibus.
2875 1341 2881 1347 ’

2132 1427 2221 1481 44.
2257 1429 2321 1481 Et
2361 1444 2492 1481 cum
2545 1429 2615 1484 de
2662 1430 2845 1484 Verbo
2895 1430 3174 1500 loquitur,
3226 1431 3543 1487 irradiante
3591 1430 3706 1485 sibi

2062 1515 2232 1570 Verbi
2266 1515 2572 1586 splendore
2604 1533 2881 1573 convvrsa
2909 1520 2978 1573 ad
3014 1520 3205 1590 ipsum
3242 1520 3417 1575 dicit:
3464 1522 3563 1578 Ubi
3610 1538 3708 1592 pa-

2058 1606 2209 1658 scis?
2270 1606 2369 1660 Ubi
2426 1620 2613 1658 manes
2672 1608 2727 1659 in
2785 1607 3095 1662 meridiano
3155 1609 3311 1676 (Ibid.
3372 1609 3471 1680 6)?
3529 1610 3705 1664 Recte

2062 1692 2239 1746 dicit:
2278 1693 2377 1748 Ubi
2414 1695 2625 1763 pascis?
2676 1695 2814 1765 quia
2870 1695 3059 1767 regale
3116 1698 3227 1767 (12)
3281 1702 3370 1751 est
3415 1698 3516 1752 Dei
3564 1698 3706 1752 Ver-

2061 1782 2240 1835 bum:
2307 1781 2405 1837 Ubi
2460 1798 2670 1849 manes,
2731 1783 2869 1853 quia
2929 1784 3182 1840 morale:
3240 1786 3299 1839 In
3367 1787 3702 1852 meridiano,

2058 1869 2196 1939 quia
2245 1870 2580 1941 mysticum.
2634 1871 2933 1942 Siquidem
2995 1873 3236 1929 meridie
3291 1875 3506 1946 Joscph
3565 1892 3702 1931 cum

2057 1958 2338 2013 fratribus
2369 1959 2493 2014 suis
2544 1959 2599 2013 in
2655 1960 2913 2015 convivio
2968 1964 3322 2018 constitutus
3369 1964 3702 2020 futurorum

2056 2050 2387 2117 temporum
2432 2047 2708 2117 mysteria
2756 2048 3066 2103 revolabat.
3130 2052 3237 2106 Sed
3291 2052 3466 2107 etiam
3518 2053 3700 2109 David

2059 2134 2178 2201 ait;
2216 2136 2405 2189 Revela
2457 2136 2528 2190 ad
2576 2137 2863 2191 Dominum
2914 2140 3061 2193 riam
3106 2142 3285 2208 tuam,
3335 2146 3387 2196 et
3432 2158 3587 2212 spera
3638 2145 3704 2198 in

2057 2239 2201 2289 eum,
2235 2231 2288 2277 ct
2316 2225 2432 2291 ipse
2461 2227 2666 2294 faciet:
2705 2234 2754 2281 et
2782 2227 2969 2281 educet
3018 2229 3156 2283 sicut
3201 2230 3383 2284 lumen
3422 2232 3705 2301 justitiam

2059 2319 2230 2377 tuam,
2263 2315 2317 2365 et
2337 2313 2619 2381 judicium
2669 2324 2825 2369 tuum
2875 2320 3136 2387 tanquam
3184 2319 3478 2374 meridiem
3526 2321 3699 2391 (Psal.

2058 2401 2333 2464 xxxv1,5,
2395 2402 2471 2463 6).
2519 2403 2588 2456 Et
2648 2403 2737 2473 ipe
2798 2403 3012 2460 Paulus
3069 2404 3531 2464 circumfulsisse
3589 2410 3701 2466 sibi

2058 2486 2253 2541 lumen
2290 2490 2529 2544 meridie
2554 2492 2804 2547 asseruit
2834 2493 2966 2558 (Act.
3004 2510 3079 2553 Ix.
3111 2496 3188 2561 3),
3222 2498 3454 2566 quando
3487 2515 3521 2552 a
3570 2517 3701 2572 per-

2060 2575 2355 2631 secutione
2385 2582 2471 2631 est
2500 2595 2816 2636 conversus
2848 2582 2916 2636 ad
2950 2582 3214 2652 gratiam.
3250 2584 3521 2647 Queritur
3562 2605 3699 2660 ergo

2059 2664 2211 2734 quod
2251 2664 2523 2720 derelicta
2554 2667 2650 2733 sit,
2711 2685 2929 2741 pauper
2983 2687 3051 2725 ex
3106 2671 3300 2726 divite.
3351 2674 3702 2733 Abundabat

2060 2752 2215 2806 enim
2268 2769 2508 2809 munere
2564 2758 2923 2826 gratiarum:
2987 2759 3083 2813 sed
3144 2777 3311 2831 egere
3353 2764 3544 2835 coepit,
3600 2767 3701 2822 ubi

2060 2840 2267 2894 divina:
2305 2844 2617 2912 praesentiae
2650 2846 2759 2899 sibi
2792 2846 2956 2917 copia
2988 2849 3270 2919 denegata
3299 2854 3424 2918 est;
3470 2858 3527 2907 et
3572 2854 3703 2911 ideo

2060 2928 2145 2983 vel
2186 2930 2351 2999 quasi
2396 2934 2755 2987 mercenaria
2814 2935 3013 2990 haberi
3066 2938 3341 3007 postulat,
3394 2956 3520 3011 qua:
3572 2948 3707 3001 ante

2062 3018 2170 3071 sibi
2208 3019 2568 3089 pretiosioris
2596 3023 2812 3093 copula:
2846 3025 3092 3096 gratiam
3123 3025 3468 3084 vindicabat.

2139 3109 2220 3161 15.
2258 3108 2358 3161 Cui
2392 3111 2691 3180 respondit
2722 3112 2972 3167 Verbum
3008 3114 3144 3169 Dei:
3182 3117 3299 3171 Nisi
3324 3134 3613 3188 cognoscas
3632 3132 3703 3192 te,

282 3223 359 3262 ea
387 3206 551 3276 loqui
582 3203 808 3259 homini
846 3219 959 3258 non
992 3201 1185 3257 licere.
1213 3203 1421 3259 Anima
1450 3219 1586 3273 ergo
1618 3204 1769 3258 bona
1812 3221 1945 3258 con-
1979 3191 2021 3257 C
2060 3195 2251 3251 decora
2313 3199 2455 3251 inter
2490 3200 2748 3256 mulieres
2803 3202 2978 3272 (Cant.
3012 3219 3050 3268 ι,
3106 3204 3160 3274 7)
3191 3221 3202 3267 ;
3265 3221 3392 3275 Quae
3442 3191 3703 3279 quereris

285 3294 511 3350 temnit
539 3292 796 3348 visibilis.
838 3296 894 3346 et
947 3290 1272 3355 sensibilis,
1327 3308 1432 3346 nec
1485 3293 1627 3347 361
1682 3293 1950 3348 consistit

285 3384 352 3438 in
386 3382 496 3447 eis,
530 3397 635 3437 nec
667 3380 727 3435 in
753 3378 1145 3450 deSpiciendis
1194 3380 1311 3449 (iO)
1362 3379 1451 3434 his
1499 3380 1848 3435 immoratur
1895 3386 1951 3436 et

287 3470 547 3538 residet;
582 3469 684 3525 sed
718 3468 982 3524 ascendit
1013 3467 1084 3523 ad
1115 3466 1216 3522 illa
1247 3472 1459 3523 aeterna
1508 3473 1566 3523 et
1613 3469 1948 3540 invisibilia,

288 3566 348 3615 et
379 3558 561 3631 plena
592 3556 914 3624 miraculis,
948 3573 1096 3628 puro
1128 3571 1304 3610 sensu
1340 3573 1401 3610 se
1444 3557 1549 3627 piae
1600 3558 1814 3613 mentis
1864 3562 1949 3612 at-

278 3648 530 3717 tollens.
578 3645 812 3701 Etenim
862 3643 1201 3716 perfectioni
1252 3645 1514 3710 studens,
1566 3644 1756 3700 sclum
1806 3645 1950 3700 illud

289 3738 518 3792 bonum
562 3733 894 3790 Divinitatis
940 3733 1218 3797 intendit,
1264 3748 1369 3787 nec
1419 3732 1577 3787 aliud
1628 3734 1949 3805 quidquam

290 3822 716 3895 requirendum
749 3825 952 3893 putat;
987 3821 1126 3891 quia
1147 3824 1307 3875 tenet
1333 3820 1486 3890 quod
1510 3837 1810 3876 summum
1839 3827 1948 3876 est.

290 3913 502 3983 Itaque
532 3911 617 3966 vir
645 3909 1012 3981 hujusmodi,
1043 3908 1103 3963 in
1149 3924 1264 3979 quo
1313 3913 1401 3963 est
1440 3908 1645 3964 animae
1691 3910 1947 3981 pulchri-

291 4001 463 4066 tudo,
497 3998 659 4055 solus
683 3998 795 4053 sibi
827 3997 1106 4065 abundat,
1140 3996 1279 4068 quia
1316 3996 1439 4068 ipse
1488 3997 1599 4053 sibi
1650 4006 1738 4055 est
1787 4000 1950 4056 satis.

290 4089 417 4144 Nec
484 4086 644 4143 solus
710 4085 1028 4158 aliquando
1095 4090 1204 4154 est,
1247 4084 1340 4140 cui
1405 4086 1615 4156 praesul
1667 4087 1950 4143 Dominus

292 4177 489 4232 adest.
700 4168 711 4171 ’

378 4268 461 4319 12.
488 4263 750 4335 Denique
781 4263 839 4317 in
870 4261 1016 4317 illud
1048 4261 1228 4317 divini
1261 4262 1421 4317 illius
1477 4264 1812 4320 introducta
1861 4282 1951 4321 se-

289 4358 567 4410 cretum:
629 4352 998 4417 Exsultemus,
1057 4351 1268 4421 inquit,
1340 4357 1390 4405 et
1446 4354 1702 4409 lselemur
1762 4356 1817 4408 in
1876 4359 1948 4421 te,

285 4452 346 4499 et
375 4440 688 4514 diligamus
720 4443 887 4497 ubera
940 4447 1046 4494 tua
1102 4456 1265 4511 super
1320 4442 1510 4495 vinum
1566 4442 1770 4511 (Ibid).
1826 4448 1950 4497 Non

287 4530 463 4586 enim
496 4529 556 4583 in
586 4529 825 4596 divitiis,
858 4532 915 4585 et
944 4528 1071 4583 auri
1101 4527 1441 4600 argentique
1472 4530 1783 4598 thesauris,
1836 4548 1947 4586 non

288 4620 357 4675 in
426 4618 867 4689 possessionum
915 4616 1224 4682 fructibus,
1270 4633 1384 4671 non
1436 4617 1492 4671 in
1544 4621 1952 4689 potestatibus,

286 4724 425 4763 non
459 4705 517 4760 in
566 4705 862 4771 conviviis,
913 4706 1013 4761 sed
1066 4705 1127 4759 in
1185 4704 1308 4761 solo
1365 4710 1477 4761 Deo
1517 4707 1717 4777 justus
1763 4708 1952 4764 exsul-

284 4801 385 4853 tat
416 4793 555 4865 (ll).

378 4883 472 4938 13.
505 4883 714 4938 Eadem
748 4887 944 4939 tamen
979 4883 1177 4938 anima
1208 4900 1565 4956 cognoscens
1595 4903 1655 4941 se
1698 4888 1955 4959 corporis

287 4971 589 5031 societate
616 4971 920 5041 fuscatam,
954 4972 1098 5028 dicit
1128 4973 1202 5027 ad
1247 4972 1391 5028 alias
1443 4975 1693 5044 animas,
1741 4976 1830 5031 vel
1881 4978 1951 5031 ad

368 5132 676 5206 (10)Edit.
711 5134 877 5206 Rom.
917 5137 974 5189 et
1004 5133 1203 5206 primze
1254 5134 1324 5188 ab
1374 5133 1475 5189 illa
1522 5135 1704 5201 Paris,
1755 5153 1851 5193 nec
1895 5140 1955 5194 in

275 5204 697 5277 suspiciemtis.
750 5204 1021 5276 Reliquis
1065 5222 1197 5260 cum
1253 5222 1393 5261 mss.
1445 5209 1740 5275 omnibus,
1772 5226 1868 5262 nec
1896 5212 1953 5263 in

276 5275 690 5351 despiciendis,
721 5275 958 5351 excepto
992 5281 1185 5351 tamen
1218 5279 1489 5351 uno_cod.
1524 5278 1654 5332 Vat.
1678 5280 1769 5351 fin
1816 5299 1952 5351 quo,

280 5346 403 5405 nec
432 5346 817 5419 inspiciendis.
851 5347 959 5404 Sed
993 5348 1052 5402 in
1088 5353 1315 5419 recepta
1344 5347 1589 5404 lectione
1632 5350 1774 5405 nihil
1827 5346 1953 5407 mu;

282 5417 583 5483 tandum,
617 5434 748 5472 cum
780 5418 1087 5491 despicere,
1119 5417 1235 5473 non
1284 5437 1514 5491 semper
1561 5421 1714 5476 idem
1765 5422 1841 5476 sit
1889 5442 1953 5479 ac

283 5498 681 5561 contemnere,
740 5489 841 5543 sed
885 5507 918 5545 a
970 5490 1231 5561 probatis
1291 5489 1629 5547 auctoribus
1687 5500 1956 5549 sumatur

562 5576 623 5615 ro
651 5559 913 5629 dispicere
942 5559 999 5617 et
1026 5561 1392 5627 considerare.

575 5630 677 5686 dit.
718 5632 1005 5705 paucique
1053 5649 1223 5701 mss.,
1273 5635 1331 5689 in
1374 5635 1490 5689 solo
1534 5637 1643 5690 Deo
1689 5638 1951 5705 exsultat,

275 5563 490 5620 etiam

363 5632 495 5704 (Η)

1984 4556 2030 4619 Ῐ)

2059 3287 2211 3356 quod
2247 3285 2447 3340 relicta
2478 3287 2579 3355 sis,
2614 3289 2726 3344 nisi
2758 3294 2809 3345 te
2843 3307 3178 3361 cognoscas,
3206 3293 3314 3348 nisi
3342 3299 3399 3350 te
3427 3298 3705 3368 pmnitcat

2060 3373 2259 3445 lapsus
2290 3374 2399 3440 tui,
2431 3375 2543 3429 nisi
2586 3377 2965 3434 intentionem
3017 3380 3339 3438 devotionis
3391 3387 3701 3458 approbes,

2060 3463 2172 3517 nisi
2206 3462 2350 3516 ﬁdes
2383 3469 2481 3518 tua
2513 3470 2567 3519 et
2598 3466 2904 3524 sinceritas
2932 3473 3232 3539 augeatur,
3268 3473 3504 3542 querela
3553 3475 3700 3531 nihil

2062 3550 2337 3623 proderit.
2370 3553 2484 3606 Aut
2514 3553 2633 3607 sic:
2680 3555 2798 3610 Nisi
2845 3573 3163 3629 cognoscas
3207 3562 3261 3613 te
3309 3562 3448 3632 quia
3494 3564 3707 3620 decora

2059 3657 2141 3705 es,
2178 3639 2287 3693 nisi
2318 3639 2813 3710 pulchritudinem
2850 3650 3066 3700 natura
3098 3652 3208 3701 tum
3236 3664 3449 3717 serves,
3485 3656 3539 3707 et
3578 3670 3704 3709 cor-

2061 3729 2217 3800 poris
2240 3735 2295 3782 te
2318 3728 2602 3785 illecebrae
2626 3748 2737 3786 non
2768 3734 3123 3805 demergant,
3154 3752 3257 3790 nec
3284 3737 3704 3810 impedimenta

2060 3818 2374 3884 detineant,
2408 3819 2552 3873 nihil
2584 3820 2688 3874 tibi
2714 3827 2989 3877 creaturae
3014 3822 3274 3880 melioris
3297 3827 3569 3883 nobilitas
3590 3829 3702 3900 (13)

2061 3906 2501 3976 suffragabitur.

2134 3997 2217 4049 16.
2255 3997 2547 4066 Cognosce
2582 3997 2759 4069 igitur
2789 4005 2864 4063 te,
2895 4005 2951 4055 et
2983 4005 3204 4057 natura:
3251 4008 3364 4058 tua:
3414 4005 3701 4071 decorem,

2059 4089 2115 4138 et
2145 4082 2232 4137 cxi
2266 4085 2430 4153 quasi
2467 4090 2637 4139 exuta
2668 4086 2914 4143 vinculis
2946 4090 3172 4161 pedem,
3208 4097 3264 4146 ct
3295 4094 3451 4149 nudo
3481 4101 3707 4153 exserta

2058 4172 2321 4243 vestigio,
2385 4177 2448 4226 ut
2503 4174 2760 4229 carnalia
2818 4176 3219 4249 integumenta
3272 4198 3388 4236 non
3445 4184 3701 4241 sentias:

2060 4260 2366 4331 vestigium
2402 4262 2615 4315 mentis
2644 4267 2757 4317 tum
2785 4266 3107 4335 corporalia
3136 4266 3369 4325 vincula
3399 4273 3551 4327 362
3589 4291 3704 4330 non

2062 4348 2383 4420 implicent,
2417 4356 2481 4404 ut
2515 4368 2613 4421 pes
2658 4356 2795 4406 tuus
2845 4352 3159 4423 speciosus
3192 4364 3486 4429 appareat.
3537 4363 3707 4421 Tales

2061 4437 2213 4492 enim
2249 4443 2385 4493 sunt
2417 4438 2514 4510 qui
2550 4440 2618 4493 ad
2654 4458 2896 4513 regnum
2926 4441 3200 4499 oculorum
3234 4450 3705 4508 annuntiandum

2063 4526 2360 4597 eliguntur
2388 4546 2420 4582 a
2452 4527 2720 4598 Domino,
2755 4530 2824 4585 de
2857 4532 3070 4601 quibus
3101 4533 3321 4591 dictum
3351 4543 3475 4594 est:
3534 4542 3706 4608 Quam

2062 4617 2288 4685 speciosi
2314 4616 2469 4685 pelles
2500 4620 3002 4688 euangeliz‘antimn
3046 4639 3237 4692 pacem
3284 4628 3410 4693 (Isa.
3470 4645 3560 4693 LII,
3608 4629 3700 4698 7)!

2061 4703 2217 4758 Talis
2250 4705 2497 4775 Moyses,
2532 4706 2621 4759 cui
2657 4707 2903 4763 dicitur:
2938 4709 3100 4767 Solre
3137 4716 3561 4770 calceamentmn
3596 4732 3700 4785 pc-

2062 4793 2191 4846 dum
2226 4800 2443 4848 tuorum
2473 4794 2664 4863 (Exod.
2701 4814 2782 4863 IlI,
2815 4798 2868 4866 5)
2899 4817 2909 4866 ;
2956 4807 3018 4854 ut
3065 4807 3373 4856 vacaturus
3421 4800 3701 4873 populum

2064 4883 2132 4936 ad
2169 4882 2265 4938 Dei
2302 4900 2565 4954 regnum,
2602 4885 2765 4957 prius
2796 4889 2985 4943 carnis
3016 4891 3251 4945 exuvias
3283 4891 3615 4960 deponeret,
3646 4896 3704 4947 et

2064 4972 2219 5026 nudo
2253 4971 2482 5043 spiritu,
2517 4975 2875 5048 vestigioque
2909 4978 3121 5033 mentis
3143 4978 3452 5033 incederet.
3479 4978 3595 5033 Hoc
3617 4985 3706 5036 est

2066 5128 2268 5199 reliqui
2304 5130 2556 5195 melius,.
2594 5175 2605 5186 .
2642 5137 2815 5199 justus
2843 5136 3095 5189 exsultat.

2136 5202 2247 5273 (12)
2279 5204 2421 5280 Cum
2456 5205 2531 5280 ibi
2567 5204 2789 5280 aliudat
2819 5207 2885 5259 ad
2922 5205 3208 5280 triplicem
3244 5208 3552 5280 Scriptum
3577 5228 3705 5268 sen-

2064 5290 2219 5349 sum,
2252 5277 2438 5345 regule
2468 5275 2612 5349 dixit
2642 5293 2740 5344 pro
2783 5277 3063 5341 ηίιίιινίιὶιι,
3114 5280 3253 5349 quia
3302 5275 3487 5337 Verbo
3532 5289 3702 5339 natu-

2064 5344 2263 5399 raliter
2293 5344 2790 5417 cmnpclitregcm
2822 5364 2970 5401 esse.

2134 5417 2244 5485 (13)
2277 5420 2492 5472 Omnes
2522 5415 2760 5471 cditfac
2811 5434 2951 5471 mss.
3005 5420 3295 5488 nonnulli,
3341 5427 3552 5481 natura:
3598 5443 3707 5482 me-

2064 5487 2217 5541 lioris
2241 5490 2517 5553 nobilitas,
2552 5491 2686 5556 etc.,
2719 5488 2817 5542 sed
2853 5489 3054 5560 optimi
3081 5487 3540 5569 quiquelegunt,
3563 5514 3706 5554 crea-

2064 5568 2224 5624 turae,
2246 5568 2353 5613 etc.
