4122 6146
471 254 588 320 535

1928 265 1992 328 S.
2041 262 2413 328 AMBROSII

3717 277 3812 343 336

471 403 607 464 ergo
638 389 792 464 quod
825 391 942 454 ait:
975 396 1082 454 Exi
1111 401 1169 454 tu
1199 399 1258 454 in
1281 400 1550 455 calari-teis
1603 418 1636 454 ι’.
1659 419 1808 472 gum,
1859 405 1908 458 et
1955 415 2114 475 pasce
2143 398 2199 467 Α
2231 397 2518 458 dicatione
2548 402 2871 473 connectat,
2904 403 2962 460 et
2983 405 3266 478 tanquam
3303 407 3472 464 utero
3495 423 3592 466 suo
3611 411 3759 472 cloud

471 480 652 539 bardos
697 486 818 540 tuos
863 487 922 540 in
969 486 1338 544 tabernaculis
1382 494 1666 561 pastorum
1713 492 1892 564 (Cant.
1945 510 1984 561 ι,
2033 493 2112 565 7),

469 571 608 644 quia
639 589 742 646 per
767 591 971 649 greges
1001 595 1247 650 regnum
1282 578 1687 652 intelligimus,
1721 599 1786 638 eo
1819 585 1969 654 quod
2017 601 2116 656 po-

469 661 703 720 testatis
753 665 829 720 sit
886 667 1158 738 gregibus
1210 669 1536 738 praesidere.
1588 671 1864 727 Przesidet
1919 677 2116 728 autem

473 753 885 826 unusquisque
911 754 1020 810 sibi
1053 756 1309 826 quadam
1340 763 1624 830 potestate
1658 759 1855 832 regali,
1888 761 1935 817 si
1959 779 2118 817 coer-

477 845 602 898 ceat
632 842 690 898 in
722 860 784 898 se
815 843 1073 914 corporis
1102 843 1295 911 luxus,
1331 852 1387 902 et
1417 848 1679 904 servituti
1721 849 1948 922 redigat
1995 867 2120 906 car-

478 947 610 986 nem
645 947 832 987 suam.
867 931 1115 1005 Ideoque
1147 934 1367 991 dictum
1400 942 1522 992 est:
1561 941 1798 1009 Regnum
1827 941 1928 995 Dei
1974 942 2124 995 intra

479 1035 568 1074 vos
596 1023 676 1074 est
706 1021 855 1091 (Luc.
882 1039 1018 1077 xvn.
1053 1023 1162 1094 2|).
1185 1025 1349 1081 Unde
1371 1025 1611 1098 pulchre
1633 1028 1714 1084 ait
1734 1029 1805 1084 ad
1829 1029 2118 1084 animam:

479 1109 607 1172 Eri,
640 1108 698 1162 id
738 1115 846 1176 est,
899 1111 984 1165 exi
1040 1129 1072 1166 a
1119 1113 1373 1180 servitio,
1423 1116 1511 1171 cxi
1563 1133 1597 1172 a
1643 1117 1836 1173 carnis
1883 1117 2124 1191 imperio

483 1199 656 1270 atque
686 1198 986 1254 dominatu
1015 1216 1026 1256 :
1061 1201 1146 1256 exi
1182 1220 1293 1258 non
1330 1203 1386 1258 in
1419 1221 1612 1273 carne,
1637 1207 1738 1261 sed
1791 1207 1850 1262 in
1873 1206 2122 1278 spiritu:

482 1286 570 1342 exi
601 1287 671 1341 ad
706 1286 959 1359 regimen
994 1291 1320 1360 potestatis.
1357 1293 1605 1365 Ideoque
1646 1295 1910 1350 addidit:
1963 1298 2130 1352 Pasce

485 1377 670 1434 haedos
700 1385 836 1433 tuos.
868 1378 1020 1449 Rege
1047 1397 1114 1434 ea
1144 1398 1270 1450 quae
1302 1381 1360 1436 in
1395 1381 1633 1438 sinistra
1663 1389 1765 1438 tua
1804 1388 1942 1440 sunt
1989 1401 2126 1439 nam

487 1467 537 1522 si
570 1483 684 1522 non
716 1471 1012 1539 regantur,
1045 1467 1210 1524 facile
1243 1469 1542 1526 labuntur.
1599 1473 1808 1528 Goerce
1858 1473 2128 1544 petulan-

487 1554 652 1623 tiam,
685 1555 985 1612 lasciviam
1015 1558 1097 1612 tui
1133 1559 1410 1630 corporis,
1441 1561 1804 1616 etluxuriam
1830 1561 2128 1618 irrationa-

486 1644 661 1700 bilem
688 1663 700 1700 :
733 1645 941 1700 cdoma
972 1645 1124 1702 leves
1157 1652 1351 1703 motus
1381 1648 1426 1720 (Ι
1449 1650 1516 1714 i),
1544 1667 1716 1721 pasce
1759 1667 1856 1706 eos
1908 1668 2019 1706 non
2069 1650 2126 1706 in

2295 491 2448 548 363
2481 491 2565 548 l9.
2600 493 2734 558 Quae
2766 509 2882 548 non
2915 493 3206 551 immerito
3243 511 3412 552 soror
3456 501 3628 573 magis
3671 516 3818 576 quam

2225 597 2370 635 uxor
2399 580 2744 654 appellatur,
2779 598 2846 638 eo
2877 583 3034 655 quod
3067 583 3226 640 mitis
3257 590 3433 658 atque
3459 589 3683 659 paciﬁca
3715 597 3818 651 ani-

2229 685 2326 724 ma
2354 671 2683 726 communis
2714 672 2901 743 magis
2933 671 3165 743 pietatis
3196 691 3378 746 quam
3409 678 3660 748 specialis
3682 699 3826 756 copu-

2228 757 2295 812 laa
2329 775 2536 814 nomen
2567 759 2834 831 accipiat,
2867 765 2925 816 et
2954 761 3096 833 quia
3122 763 3412 822 universis
3459 769 3635 840 magis
3675 787 3824 842 quam

2233 845 2332 902 uni
2366 863 2427 902 se
2458 847 2754 904 existimet
2777 847 3115 917 obligatam.

2299 936 2385 992 20.
2423 937 2588 992 Fodit
2620 941 2815 993 autem
2847 943 3054 1010 puteos
3083 939 3264 1007 Isaac,
3305 946 3364 998 et
3409 943 3678 1016 plurimos
3716 951 3827 1023 qui-

2233 1025 2386 1094 dem,
2422 1043 2568 1098 quos
2598 1025 2820 1082 foderat
2849 1035 3014 1100 pater
3049 1030 3176 1100 eius
3227 1031 3359 1104 (15),
3415 1039 3471 1089 et
3513 1037 3831 1108 repleverant

2234 1112 2366 1170 illos
2398 1119 2528 1186 post
2559 1119 2801 1171 mortem
2847 1117 3090 1172 Abrahe
3139 1120 3323 1190 patris
3369 1121 3546 1190 illius,
3595 1125 3832 1200 alienige-

2237 1221 2342 1259 nae.
2378 1203 2496 1258 Prae
2527 1204 2750 1260 caeteris
2777 1209 2971 1260 tamen
3001 1207 3145 1262 fodit
3175 1208 3282 1265 bos
3313 1214 3536 1282 puteos,
3577 1230 3742 1271 unum
3785 1219 3833 1272 in

2235 1290 2497 1346 convalle
2550 1292 2855 1361 Gerarum,
2913 1299 2970 1349 et
3021 1293 3244 1352 invenit
3297 1296 3376 1353 ibi
3429 1304 3661 1371 puteum
3699 1319 3838 1376 aqua

2234 1379 2412 1436 vivas:
2450 1385 2506 1434 et
2553 1379 2714 1436 litem
2773 1383 3031 1438 fecerunt
3087 1387 3350 1456 pastores
3407 1395 3676 1446 (terarum
3725 1411 3836 1448 cuin

2238 1468 2574 1540 pastoribus
2605 1470 2786 1536 Isaac,
2819 1487 2886 1526 eo
2916 1473 3070 1543 quod
3122 1488 3335 1546 aquam
3385 1467 3497 1532 sibi
3537 1479 3660 1550 ejus
3707 1481 3842 1552 putei

2238 1556 2408 1628 quasi
2466 1559 2760 1630 propriam
2824 1561 3218 1630 vindicabant,
3277 1569 3334 1620 et
3391 1567 3610 1624 vocavit
3660 1585 3843 1625 nomen

2237 1645 2366 1715 ejus
2399 1646 2773 1718 lnjustitiam.
2809 1649 2878 1705 Et
2919 1647 3064 1706 fodit
3110 1649 3292 1708 alium
3347 1659 3610 1725 puteum,
3657 1657 3714 1714 in
3753 1671 3848 1730 quo

487 1733 779 1805 corporeis
809 1733 1223 1806 tabernaculis,
1257 1737 1356 1792 sed
1393 1738 1448 1792 in
1491 1739 1882 1796 tabernaculis
1931 1746 2125 1813 pasto-
2161 1765 2210 1832 Β
2239 1739 2367 1832 οζιξι
2395 1735 2875 1832 est—disceptatio,
2909 1743 2966 1794 et
2991 1739 3395 1832 imposuit‘illi
3424 1760 3630 1802 nomen
3679 1745 3849 1804 Inimi-

491 1839 644 1889 rum,
679 1821 780 1893 qui
810 1839 1006 1895 regere
1037 1840 1272 1897 gregem
1305 1833 1538 1882 norunt.
1573 1829 1899 1885 Suntenim
1917 1828 2134 1885 amabi-

489 1910 571 1967 lia
599 1911 971 1967 tabcrnacula
1020 1913 1196 1969 Israel
1247 1915 1398 1970 sicut
1442 1934 1680 1973 nemora
1723 1918 2136 1974 obuuibrantia

492 2017 668 2073 super
699 2001 937 2066 flumen,
973 2001 1030 2057 in
1060 2003 1276 2075 quibus
1317 2005 1514 2060 anima
1556 2013 1835 2080 tanquam
1889 2008 1943 2062 in
1998 2025 2136 2080 pro-

492 2089 686 2146 cinctu
720 2089 926 2147 bcllico
954 2091 1062 2146 sita
1095 2093 1305 2148 bonam
1339 2099 1562 2150 exercet
1601 2095 1888 2162 militiam,
1939 2097 2136 2152 incur-

495 2197 598 2235 sus
627 2180 886 2252 explorat
918 2181 1176 2250 hostiles,
1205 2182 1436 2240 virtutis
1468 2183 1662 2241 labore
1710 2185 1915 2256 quaerit
1961 2186 2136 2241 victo-

495 2271 664 2337 riam,
699 2275 762 2326 ut
789 2271 974 2342 possit
1003 2288 1162 2344 equa:
1193 2271 1278 2326 illi
1309 2289 1434 2344 qua:
1467 2273 1796 2330 Salomonis
1826 2283 1916 2330 est
1955 2276 2135 2345 (Cant.

495 2379 534 2426 ι,
566 2361 621 2431 8)
655 2360 998 2432 comparari,
1050 2361 1209 2417 velox
1257 2363 1328 2418 ad
1373 2363 1748 2430 currendum,
1800 2363 2018 2420 habilis
2067 2363 2136 2419 ad

495 2452 750 2522 partum,
784 2448 1059 2520 quoniam
1093 2451 1417 2508 fecunditas
1443 2453 1649 2508 anima:
1679 2453 2047 2510 desideratur
2083 2458 2142 2510 ct

495 2537 798 2610 quznritur.

569 2629 654 2682 17.
687 2627 818 2682 Haec
846 2645 980 2700 ergo
1012 2646 1163 2701 equa
1192 2631 1444 2702 pretiosa
1473 2635 1562 2686 est
1590 2635 1648 2688 et
1672 2648 1880 2690 currus
1919 2633 2140 2689 Pharao

493 2717 740 2786 veloces,
775 2718 928 2788 quod
961 2717 1140 2790 aliqui
1169 2719 1240 2774 ad
1289 2718 1606 2776 Ecclesium
1661 2721 1919 2777 referunt
1963 2727 2021 2778 et
2068 2723 2140 2778 ad

497 2805 802 2880 p0pulum.
837 2806 947 2861 Sed
979 2807 1050 2861 de
1083 2806 1189 2863 hoc
1221 2808 1497 2878 mysterio
1542 2807 1680 2863 alibi
1732 2809 1945 2882 szepius
1993 2811 2140 2866 dixi-

499 2911 654 2959 mus,
687 2898 744 2950 et
773 2895 1025 2950 maxime
1053 2893 1112 2949 in
1159 2894 1385 2966 psalmo
1433 2898 1750 2952 centesimo
1799 2906 1998 2955 octavo
2041 2899 2139 2954 de-

499 2982 649 3039 cimo
681 2982 879 3054 (scrm.
911 2985 946 3036 2
978 2985 1034 3038 in
1065 2985 1210 3040 Psol.
1245 2986 1458 3056 cxxin).
1493 2985 1609 3063 Hoc
1651 2990 1846 3042 autem
1897 2987 2022 3044 loco
2071 2989 2142 3046 de

421 3073 437 3090 '
499 3074 698 3129 anima
725 3072 1037 3128 dicendum
1079 3076 1467 3144 suscepimus.
1502 3074 1687 3146 Hujus
1719 3093 1880 3148 equae
1929 3077 2140 3133 similis

499 3161 822 3219 astimatur
851 3161 970 3218 hanc
1005 3162 1221 3230 anima,
1255 3163 1362 3218 hoc
1385 3170 1493 3232 cst,
1522 3165 1870 3236 prophetica:
1895 3165 1978 3222 vel
2003 3183 2138 3238 apo-

497 3251 712 3308 stolicae
737 3252 990 3318 virtutis,
1015 3253 1170 3324 quod
1198 3253 1254 3306 in
1277 3269 1476 3308 eorum
1503 3262 1926 3311 annumeretur
1945 3273 2138 3328 grege,

499 3341 600 3412 qui
653 3340 1006 3396 fecunditate
1063 3341 1488 3412 prendicationis
1550 3359 1668 3398 sua)
1741 3343 1920 3399 tutius
1983 3344 2140 3399 orbis

497 3433 786 3484 terrarum
819 3427 1008 3500 spatia
1039 3429 1415 3493 referserunt,
1447 3433 1504 3483 ct
1523 3431 1790 3500 quamvis
1823 3431 1880 3486 in
1903 3447 2142 3504 corpore

497 3517 821 3586 constituti,
874 3515 1035 3572 nulla
1082 3521 1273 3572 tamen
1326 3534 1534 3573 cursus
1581 3519 1862 3590 spiritalis
1910 3537 2143 3577 sensere

498 3605 824 3678 dispendia.
859 3605 1107 3678 Ideoque
1138 3605 1411 3661 laudatur
1439 3607 1594 3678 quod
1629 3607 1847 3663 caelesti
1873 3609 1983 3664 sibi
2009 3608 2142 3664 illu-

501 3695 760 3752 minante
791 3699 1098 3768 praecepto,
1125 3697 1251 3764 jam
1285 3695 1567 3767 speciosa,
1595 3698 1718 3768 jam
1754 3696 1998 3768 pulchra
2040 3697 2138 3767 sit,

499 3804 626 3860 quas
658 3785 819 3842 vultu
851 3786 1118 3858 praeferat
1147 3784 1430 3840 castitatis
1469 3785 1759 3845 decorem.
1807 3791 1864 3839 et
1906 3785 2142 3840 redimi-

499 3876 631 3934 cula
653 3875 892 3932 cervicis
923 3873 1171 3938 attollat,
1208 3874 1264 3928 in
1296 3889 1414 3944 qua
1444 3877 1583 3928 sunt
1613 3871 1899 3944 patientiae
1944 3878 2000 3928 et
2031 3873 2142 3927 hu-

449 3965 720 4024 militatis
751 3963 1025 4035 insignia.
1046 3960 1203 4017 Talis
1226 3961 1438 4016 animze
1458 3960 1736 4032 diligebat
1760 3961 1929 4016 Isaac
1953 3978 2016 4017 ve
2033 3979 2142 4018 rus

495 4049 782 4120 decorem,
817 4051 1228 4115 humilitatem,
1259 4048 1622 4122 patientiam,
1655 4054 1713 4103 et
1761 4049 1886 4105 ideo
1935 4055 2139 4121 partus

492 4145 622 4216 ejus
653 4144 820 4200 avide
854 4139 1204 4213 requirebat.

560 4233 650 4288 48.
699 4229 975 4302 Concepit
1025 4237 1218 4284 autem
1266 4227 1540 4293 Rebecca,
1592 4231 1648 4282 et
1700 4227 1980 4298 patientia
2028 4245 2136 4284 sua

486 4322 706 4378 nodum
739 4319 1066 4376 sterilitatis
1095 4315 1360 4374 absolvit.
1395 4316 1541 4382 Quid
1571 4321 1765 4371 autem
1801 4317 1987 4386 pariat
2008 4334 2137 4388 pro-

483 4409 716 4482 phetica
744 4415 918 4482 atque
951 4407 1271 4479 apostolica
1315 4405 1514 4460 anima
1563 4405 2025 4472 consideremus,
2077 4411 2136 4460 et

2243 1821 2434 1879 citias.
2467 1824 2534 1880 Et
2559 1825 2704 1880 fodit
2734 1826 2992 1894 tertium,
3023 1827 3082 1883 in
3115 1845 3231 1900 quo
3261 1829 3332 1888 lis
3363 1831 3527 1890 nulla
3564 1834 3708 1891 inter
3731 1850 3854 1909 pas-

2243 1917 2400 1967 tores
2429 1913 2746 1970 commissa
2773 1919 2879 1982 est,
2911 1921 2971 1972 et
3016 1919 3240 1974 vocavit
3283 1935 3418 1978 eum
3469 1923 3852 1982 Latitudinem.

2248 2000 2414 2056 Fodit
2443 2005 2499 2056 et
2527 2005 2770 2074 puteum
2801 2003 3150 2074 Juramenti,
3184 2013 3240 2062 et
3271 2025 3384 2064 non
3437 2011 3653 2068 invenit
3705 2014 3762 2069 in
3801 2025 3857 2070 eo

2247 2106 2483 2162 aquam,
2516 2095 2574 2145 et
2603 2091 2826 2148 vocavit
2853 2108 2986 2149 eum
3017 2098 3259 2166 puteum
3287 2097 3619 2156 Juramenti
3645 2103 3768 2174 (16).

2317 2179 2406 2234 2t.
2440 2179 2580 2246 Quis
2611 2179 2734 2236 haec
2762 2181 2980 2254 legens,
3013 2187 3244 2241 terrena
3275 2187 3463 2259 magis
3493 2205 3668 2260 quam
3708 2188 3862 2262 spiri-

2245 2265 2388 2323 talia
2415 2285 2592 2340 opera
2619 2286 2747 2325 esse
2777 2271 3110 2342 arbitretur,
3144 2275 3299 2345 quod
3322 2275 3409 2332 vel
3434 2277 3725 2334 Abraham
3742 2279 3866 2334 fodit

2249 2363 2481 2430 puteos,
2525 2357 2613 2413 vel
2668 2358 2846 2428 Isaac,
2890 2361 3036 2416 tanti
3079 2361 3348 2420 videlicet
3394 2365 3753 2436 patriarchae,
3794 2365 3864 2422 vel

2249 2447 2423 2502 etiam
2453 2446 2653 2517 Jacob,
2686 2447 2839 2503 sicut
2879 2455 2936 2503 et
2985 2447 3044 2504 in
3093 2449 3402 2524 Evangelio
3454 2454 3635 2526 (Joan.
3683 2473 3754 2520 ιν,
3804 2453 3898 2532 l2).

2250 2535 2594 2608 reperimus,
2627 2535 2782 2590 velut
2825 2536 3014 2593 fontes
3059 2538 3302 2610 quidam
3348 2543 3586 2614 generis
3630 2543 3870 2608 humani,

2250 2630 2309 2680 et
2339 2623 2669 2697 specialiter
2693 2624 3016 2682 devotionis
3053 2643 3122 2682 ac
3169 2627 3326 2684 ﬁdei.
3387 2631 3544 2696 Quid
3603 2638 3692 2688 est
3741 2632 3875 2688 enim

2249 2718 2461 2785 puteus
2492 2730 2656 2786 aqua:
2681 2713 2840 2783 vivas,
2863 2713 2976 2770 nisi
2996 2715 3296 2786 profunda:
3317 2717 3573 2776 altitudo
3589 2721 3880 2777 doctrina?

2251 2802 2414 2859 Unde
2445 2808 2501 2858 et
2531 2807 2688 2875 Agar
2715 2803 2788 2857 ad
2819 2806 3061 2875 puteum
3093 2804 3368 2877 angelum
3400 2807 3574 2874 vidit,
3621 2813 3680 2866 et
3722 2809 3884 2865 Jacob

2251 2892 2323 2948 ad
2355 2897 2596 2964 puteum
2631 2890 2843 2947 ltachel
2899 2892 3010 2948 sibi
3069 2892 3291 2949 invenit
3345 2912 3628 2952 uxorem:
3677 2897 3884 2971 Moyses

2252 2995 2485 3052 quoque
2514 2996 2685 3036 secus
2714 2985 2953 3051 puteum
2985 2981 3168 3036 futuri
3198 2981 3406 3038 locavit
3456 2985 3672 3041 merita
3715 2985 3889 3059 prima

2252 3068 2530 3141 conjugii.

2323 3162 2412 3212 22.
2446 3165 2490 3212 A
2525 3165 2697 3229 puteo
2731 3157 2908 3230 igitur
2937 3156 3204 3222 visionis,
3233 3161 3464 3232 aperire
3517 3163 3682 3219 Isaac
3729 3162 3888 3218 ador-

2253 3263 2355 3302 sus
2385 3251 2475 3302 est
2505 3254 2730 3318 puteos,
2763 3254 2820 3302 et
2851 3247 3001 3302 bono
3060 3248 3286 3316 ordine,
3321 3255 3385 3304 ut
3415 3252 3556 3320 ejus
3574 3257 3737 3322 putei
3756 3265 3893 3322 aqua

2251 3335 2510 3408 primum
2541 3334 2883 3392 rationabile
2910 3334 3140 3402 animos,
3175 3335 3539 3410 oculumque
3567 3343 3700 3412 ejus
3730 3339 3895 3395 dilue-

2254 3431 2338 3480 ret
2363 3433 2420 3481 ct
2449 3425 2685 3488 foveret,
2713 3441 2828 3496 quo
2873 3423 3065 3480 visum
3125 3425 3252 3496 ejus
3300 3427 3528 3484 taceret
3581 3429 3897 3485 clariorem.

2252 3513 2418 3570 Fodit
2445 3513 2620 3569 etiam
2653 3513 2798 3568 alios
2828 3517 3034 3584 puteos
3065 3513 3278 3584 plures.
3316 3515 3486 3572 Unde
3515 3523 3582 3573 et
3627 3519 3900 3590 scriptum

2253 3610 2342 3660 est
2367 3620 2379 3660 :
2415 3605 2546 3659 Bibe
2573 3619 2773 3674 aquam
2801 3602 2868 3657 de
2896 3603 3006 3658 tuis
3037 3605 3199 3669 vasis,
3231 3607 3285 3660 et
3311 3605 3378 3660 de
3420 3611 3738 3678 puteorum
3791 3599 3909 3662 tuo:

2252 3711 2379 3748 rum
2405 3693 2648 3764 fontibus
2679 3693 2859 3762 (Prov.
2893 3707 2948 3756 v,
2981 3693 3090 3763 15).
3133 3693 3362 3763 Quanto
3413 3694 3629 3766 plures
3680 3695 3904 3759 fuerint,

2253 3787 2417 3838 tanto
2445 3787 2534 3837 est
2557 3780 2792 3836 uberior
2820 3779 3210 3836 redundantia
3235 3780 3596 3852 gratiarum.
3636 3783 3807 3840 Fodit
3825 3788 3909 3836 ta-

2255 3889 2388 3926 men
2421 3875 2680 3942 puteum,
2711 3884 2885 3940 quem
2916 3868 3142 3924 foderat
3191 3875 3356 3940 pater
3399 3871 3545 3942 ejus
3594 3871 3907 3934 Abraham,

2251 3961 2322 4015 de
2352 3977 2468 4031 quo
2499 3958 2660 4014 litem
2694 3961 2952 4012 fecerunt
2982 3964 3246 4027 pastores
3275 3959 3605 4031 Gerarum,
3645 3960 3762 4016 hoc
3811 3962 3912 4022 est,

2251 4049 2534 4104 maceriae.
2571 4046 2676 4102 Ubi
2704 4046 2859 4102 enim
2894 4047 3164 4113 maceria,
3196 4047 3274 4102 ibi
3303 4046 3527 4104 divisio
3560 4049 3723 4104 inter
3752 4063 3912 4118 repu-

2247 4143 2514 4209 gnantes,
2544 4135 2624 4190 ibi
2655 4133 2982 4205 iujustitia;
3015 4139 3073 4190 et
3103 4135 3229 4191 ideo
3256 4136 3493 4192 vocavit
3525 4135 3912 4208 Injustitiam.

2244 4225 2435 4281 Alium
2479 4241 2709 4296 quoque
2749 4223 2912 4290 fodit,
2961 4227 3020 4278 et
3056 4227 3183 4279 orta
3229 4223 3647 4291 dissensione,
3699 4223 3917 4281 vocavit

2245 4333 2379 4371 eum
2415 4311 2774 4368 Inimicitias.
2813 4312 2874 4365 ln
2897 4310 3115 4382 quibus
3129 4311 3631 4371 videtureiucere
3652 4313 3919 4371 doctrina

2246 4401 2505 4465 moralis,
2533 4418 2599 4455 eo
2629 4399 2784 4470 quod
2817 4397 3048 4454 sublato
3082 4400 3298 4470 pariete
3345 4403 3664 4468 macerias,
3718 4402 3918 4458 solutae

479 4497 772 4570 quomodo
805 4494 1019 4568 pariat:
1063 4495 1229 4558 Abiit,
1288 4493 1498 4563 inquit,
1557 4493 1893 4562 interrogare
1951 4493 2128 4547 Domi—
2159 4500 2203 4564 ι)
2236 4493 2356 4546 sint
2384 4493 2442 4544 in
2475 4506 2647 4545 carne
2677 4487 2934 4542 hominis
2968 4487 3306 4557 inimicitiae,
3337 4495 3394 4544 et
3419 4493 3600 4546 tacta
3624 4492 3756 4546 sint
3781 4498 3924 4545 utra-

474 4603 613 4642 num
645 4584 796 4655 (Gen.
832 4601 962 4649 xxv,
999 4585 1113 4652 22),
1159 4583 1298 4654 quia
1343 4581 1714 4636 exsultabant
1762 4581 2014 4635 infantes
2064 4579 2124 4636 in

474 4681 640 4732 utero
671 4674 823 4745 ejus.
860 4673 926 4727 Et
959 4687 1302 4742 responsum
1349 4670 1607 4740 accepit:
1659 4671 1788 4724 Duae
1833 4673 2016 4739 gentes
2066 4671 2126 4723 in

472 4775 630 4822 utero
661 4768 753 4819 tuo
781 4769 910 4817 sunt
965 4761 1122 4826 (Ii/id.
1181 4761 1311 4830 23);
1375 4777 1440 4814 eo
1497 4759 1652 4829 quod
1715 4749 1856 4812 nih'il
1917 4767 2125 4830 sponte

469 4857 826 4926 praesumat:
861 4852 962 4907 sed
994 4851 1050 4905 in
1083 4849 1358 4904 omnibus
1393 4863 1696 4903 summum
1749 4853 1927 4902 Deum
1980 4865 2122 4920 prin-

423 4938 656 4999 l-sulem
693 4945 896 5014 poscat
945 4957 1184 4994 suorum
1245 4936 1662 4992 consiliorum:
1723 4935 1903 4990 simul
1951 4936 2123 5008 plena

470 5029 634 5101 pacis
663 5034 840 5100 atque
871 5026 1106 5100 pictatis
1137 5019 1286 5080 duos
1317 5022 1564 5096 pepulos
1595 5039 1702 5077 sua
1733 5023 1848 5079 tide
1878 5031 1934 5078 et
1977 5043 2118 5096 prte-

541 5171 652 5243 (14)
686 5171 826 5225 Mss.
850 5169 984 5243 _Big.
1018 5173 1075 5243 et
1105 5168 1278 5243 Ebr.,_
1298 5166 1681 5243 petulantiam
1727 5166 1988 5243 lusrivmn
2033 5167 2120 5221 tui

467 5237 728 5312 corporis,
760 5245 810 5294 el
843 5237 1091 5297 luxuriae
1141 5238 1542 5294 irratz‘onabz'lis
1580 5237 1770 5292 elomu
1811 5238 1950 5292 leves
1996 5253 2116 5292 7732',-

463 5313 572 5366 tus.
600 5317 784 5373 Pasce.
810 5318 919 5368 etc.

537 5384 652 5452 (15)
676 5382 847 5461 llam.
883 5381 1021 5461 edit.
1056 5399 1188 5461 nam
1219 5396 1348 5461 quos
1376 5379 1587 5461 foderat
1639 5378 1924 5461 Abraham.
1961 5383 2118 5461 pater

460 5453 598 5517 eius,
633 5451 1024 5508 obstruxerunt
1055 5461 1104 5506 et
1138 5451 1499 5518 impleverunt
1529 5460 1745 5504 terra...
1776 5452 1949 5520 putris
1975 5451 2112 5520 eius.

457 5523 674 5578 Eadem
729 5527 951 5582 multos
999 5523 1321 5594 {Scripturm
1371 5521 1524 5576 locos
1583 5519 1801 5594 passim
1861 5521 2111 5590 infarcit,

455 5611 488 5664 ς
503 5611 606 5650 uos
637 5607 940 5667 nusquam
976 5591 1108 5646 alibi
1128 5591 1417 5665 ircpcrias.

2237 4597 2350 4652 que
2385 4594 2566 4634 unum
2599 4577 2656 4632 in
2689 4576 2876 4648 ﬁgura
2907 4592 3008 4647 per
3039 4576 3219 4643 Isaac,
3253 4575 3313 4632 in
3345 4578 3616 4635 veritate
3637 4595 3754 4652 per
3770 4579 3924 4636 Chri-

2235 4675 2418 4733 stum,
2451 4667 2774 4736 meritoque
2802 4668 3005 4735 postea
3034 4681 3182 4736 pura
3213 4681 3368 4736 aqua
3399 4665 3471 4721 in
3505 4683 3586 4722 eo
3623 4673 3808 4740 puteo
3849 4665 3924 4720 sit

2234 4760 2480 4828 reperta,
2513 4761 2794 4824 tanquam
2824 4750 3089 4808 doctrina
3117 4753 3356 4809 moralis
3403 4755 3597 4812 utilis
3651 4757 3733 4812 ad
3784 4756 3924 4811 bau-

2233 4844 2524 4899 riendum.
2557 4842 2772 4897 Puteus
2822 4854 3057 4912 quoque
3104 4841 3478 4898 Latitudinis
3543 4845 3704 4916 quid
3768 4839 3922 4899 aliud

2231 4933 2524 5004 significat
2557 4930 2666 4986 nisi
2723 4931 2794 4985 de
2852 4927 3223 4986 naturalibus
3281 4930 3749 5003 disciplinam?
3805 4932 3930 4996 Qua

2230 5039 2407 5077 causa
2435 5030 2492 5076 et
2525 5018 2792 5076 Latitudo
2823 5017 3056 5084 dicitur,
3106 5019 3246 5090 quia
3303 5019 3435 5074 sine
3504 5021 3924 5085 contentione,

2301 5165 2412 5236 (16)
2449 5163 2595 5236 Eilit.
2629 5162 2820 5236 Rom,
2851 5159 3002 5216 Fodit
3031 5163 3082 5236 et
3135 5161 3314 5216 alium
3338 5170 3629 5232 pureum,
3665 5169 3728 5220 et
3782 5179 3929 5218 nun-

2226 5233 2426 5290 tiantes
2455 5235 2598 5290 servi
2628 5235 2898 5288 invenisse
2923 5247 2978 5287 se
3027 5233 3091 5286 in
3117 5247 3178 5287 eo
3207 5246 3434 5302 aquam,
3483 5237 3726 5291 vocavit
3783 5249 3926 5296 cum.

2227 5312 2362 5372 etc.,
2399 5323 2470 5360 ne
2499 5311 2751 5361 correcta
2781 5302 3041 5376 quidem.
3077 5302 3206 5376 Duo
3235 5318 3404 5376 mss,
3474 5305 3656 5362 Fodit
3714 5311 3774 5363 et
3829 5322 3929 5376 pu-

2225 5387 2370 5433 teum
2393 5377 2724 5446 juramcnti.
2774 5375 2990 5430 Etenim
3017 5374 3226 5430 invenit
3256 5374 3316 5428 in
3344 5387 3706 5446 eoiaquam.
3753 5381 3808 5432 ei
3829 5374 3931 5429 vo-

2223 5439 2526 5515 cavitfelc.
2580 5445 2996 5517 Reliquiqve‘ro
3054 5461 3206 5517 mss._
3253 5449 3310 5499 et
3362 5439 3529 5500 edit'.
3605 5447 3929 5504 nobiscum

2229 5511 2484 5595 l‘a‘ciqnt:
2521 5520 2638 5574 imo
2665 5511 2892 5595 et'_LXX
2925 5511 3314 5595 lntcrprctum
3345 5519 3738 5595 austeritas,
3781 5533 3932 5591 quos

2224 5591 2316 5648 adi
2349 5590 2492 5646 Gen.
2524 5607 2675 5660 xxvx,
2698 5590 2786 5656 32,
2820 5592 2876 5644 et
2905 5585 3314 5644 notas'Nobilii
3344 5585 3628 5645 ibidem.
