4122 6146
284 283 399 351 081

1421 273 1654 342 LIBER
1694 272 1800 338 DE
1840 265 2073 335 ISAAC
2118 267 2218 330 ET
2261 264 2541 334 ANIMA.

3578 264 3698 331 838

286 418 411 478 sine
434 414 555 487 lite,
579 416 707 492 jam
734 412 969 490 quietus
999 415 1173 488 atque
1212 428 1458 471 securus
1481 412 1590 479 est,
1622 408 1722 484 qui
1749 423 1928 465 mun-
1961 402 2019 472 Α
2045 403 2192 461 tiam
2222 403 2523 465 charitatis
2542 422 2668 480 quis
2690 403 2878 480 major
2906 410 2964 466 et
2989 406 3223 466 uberior
3242 407 3526 478 estquam
3547 402 3693 460 ﬁdes

294 509 438 567 dans
463 507 585 564 haec
615 509 672 563 et
714 502 1016 563 sensibilis
1061 501 1238 559 fuerit
1278 516 1716 573 supergressus.
1771 496 1940 552 Unde

294 597 574 670 superatis
597 596 724 667 jam
754 593 1201 651 adversantibus
1249 597 1309 647 et
1352 588 1698 663 alienigenis
1727 586 1947 660 cogita-

295 685 544 744 tionibus
572 684 735 757 (quid
765 683 921 739 enim
950 687 1072 738 tam
1103 680 1365 736 alienum
1399 695 1575 751 quam
1608 676 1808 733 omnia
1839 691 1943 730 saa-

297 774 529 844 cularia,
571 788 696 845 quae
740 774 1021 843 perpetua
1075 787 1208 827 esse
1268 786 1385 825 non
1436 767 1703 841 possunt)
1752 766 1949 837 potest

296 863 519 937 sapiens
570 860 765 916 dicere
800 878 813 917 :
846 861 1112 917 Dilatavit
1159 860 1427 915 Dominus
1475 858 1652 924 nobis,
1683 864 1737 911 et
1776 853 1948 921 auxi;

288 968 384 1008 nos
406 942 564 1022 super
589 958 802 1004 terram
834 948 982 1020 (Gen.
1007 966 1162 1016 xxvr,
1189 948 1306 1017 22),
1330 946 1471 1019 quia
1500 949 1730 1001 terrena
1757 948 1948 998 trans-

290 1039 490 1097 cendit.
527 1037 787 1095 Ultimus
817 1042 907 1094 est
935 1042 1147 1109 puteus
1178 1038 1338 1093 864
1364 1033 1715 1100 Juramenti,
1738 1033 1798 1086 in
1829 1046 1948 1102 quo

291 1130 342 1186 ei
371 1128 519 1184 visus
548 1130 639 1182 est
682 1126 870 1194 Deus,
901 1131 958 1182 et
986 1126 1068 1181 ait
1095 1125 1147 1181 ei
1180 1144 1193 1181 :
1230 1125 1355 1181 Noli
1382 1126 1574 1179 timere
1607 1122 1740 1193 (17),
1773 1125 1947 1176 tecum

299 1219 433 1274 enim
457 1232 575 1272 sum
593 1214 766 1287 (Ibid.
790 1216 904 1286 24).
928 1215 998 1270 Et
1026 1213 1324 1271 benedixit
1345 1229 1499 1269 eum.
1524 1210 1654 1267 Haec
1686 1207 1951 1265 doctrina

287 1306 409 1379 jam
439 1302 685 1377 mystica
717 1306 832 1358 est.
1386 1366 1393 1372 ἰ

360 1394 443 1448 23.
464 1392 650 1449 Habes
684 1390 819 1447 haec
850 1390 909 1446 in
941 1390 1281 1457 Salomone;
1315 1388 1456 1462 quia
1484 1385 1794 1445 Proverbia
1820 1386 1951 1456 ejus

294 1479 544 1548 moralia,
573 1478 967 1535 Ecclesiastes
998 1478 1311 1546 naturalis,
1342 1478 1403 1533 in
1439 1492 1555 1549 quo
1586 1474 1758 1548 quasi
1786 1472 1950 1530 vani-

297 1574 436 1629 tates
463 1568 631 1626 istius
664 1568 929 1641 despicit
958 1567 1181 1637 mundi,
1216 1567 1467 1639 mystica
1485 1568 1612 1638 ejus
1643 1567 1781 1621 sunt
1801 1563 1950 1619 Can-

290 1660 407 1716 tica
444 1658 839 1714 canticorum.
869 1657 1058 1713 Habes
1101 1661 1159 1712 et
1207 1655 1269 1711 in
1318 1655 1600 1727 propheta
1634 1671 1647 1709 :
1678 1655 1952 1708 Seminate

2056 498 2116 550 et
2145 504 2300 567 s’pes,
2323 500 2461 551 tunc
2491 497 2596 553 tibi
2638 498 2765 554 fons
2794 501 2901 554 est.
2920 498 3207 555 Exuberat
3233 496 3389 553 enim
3421 493 3693 560 charitas,

2057 588 2127 639 ut
2154 587 2211 638 et
2241 583 2473 641 haurire
2497 601 2625 642 eam
2648 587 2935 653 cominus,
2958 593 3015 643 et
3041 588 3230 660 rigare
3250 587 3378 656 ejus
3400 582 3701 641 afﬂuentia

2056 670 2296 728 hortum
2329 678 2497 729 tuum
2528 677 2718 746 possis
2756 675 3117 747 spiritalibus
3166 673 3452 731 fructibus
3482 673 3696 728 redun-

2060 762 2319 818 dantem.
2351 764 2421 818 Et
2449 764 2588 835 quia
2634 764 2786 819 ultra
2811 765 3006 836 ipsum
3060 768 3303 836 puteum
3332 761 3450 833 (19)
3479 761 3701 817 Latitu-

2059 852 2217 908 dinis
2267 857 2374 923 est,
2416 853 2517 925 qui
2561 854 2899 910 charitatem
2946 853 3140 919 habet,
3191 852 3320 908 ideo
3368 850 3534 916 dixit,
3564 848 3706 921 quia

2061 942 2160 997 ubi
2194 942 2449 998 charitas
2479 946 2585 1010 est,
2628 943 2709 998 ibi
2752 943 3007 1015 impetus
3039 958 3290 1014 magnus
3338 938 3642 994 descendit
3672 954 3705 992 a

2062 1028 2299 1087 Libano.
2330 1032 2410 1087 Nc
2441 1031 2579 1103 quid
2619 1037 2811 1087 autem
2853 1036 3078 1087 moveat
3107 1029 3261 1102 quod
3292 1031 3349 1084 et
3376 1031 3616 1100 puteum
3650 1029 3710 1081 et

2059 1122 2279 1177 fontem
2334 1122 2605 1177 eumdem
2652 1121 2817 1188 dixit,
2863 1121 3036 1177 etiam
3087 1116 3463 1191 Evangelium
3512 1121 3571 1171 te
3615 1115 3708 1170 in-

2060 1214 2270 1278 struat,
2300 1210 2360 1264 in
2409 1226 2523 1281 quo
2569 1209 2850 1282 scriptum
2902 1214 2989 1266 est
3022 1228 3034 1266 :
3069 1211 3211 1278 Quia
3257 1208 3404 1265 venit
3442 1208 3598 1263 Iesus
3648 1203 3712 1259 in

2058 1301 2331 1356 civitatem
2374 1300 2662 1366 Samaria),
2691 1315 2816 1371 quae
2843 1300 3048 1355 dicitur
3096 1296 3323 1369 Sychar,
3348 1298 3515 1367 juxta
3556 1308 3710 1367 pra?—

2059 1389 2211 1444 dium
2241 1388 2381 1460 quod
2403 1388 2551 1444 dedit
2590 1389 2755 1444 Iacob
2801 1388 2994 1459 Ioseph
3035 1388 3151 1458 ﬁlio
3200 1403 3314 1442 suo.
3349 1387 3479 1441 Erat
3526 1391 3713 1441 autem

2060 1480 2140 1535 ibi
2167 1482 2290 1549 fons
2320 1479 2498 1535 Iacob.
2531 1479 2597 1533 Et
2635 1479 2918 1549 fatigatus,
2949 1476 3161 1549 inquit,
3192 1476 3406 1532 sedebat
3432 1478 3510 1532 sic
3547 1489 3715 1546 super

2058 1574 2286 1640 puteum
2313 1568 2489 1638 (Joan.
2523 1583 2598 1632 ιν,
2629 1568 2682 1632 6,
2711 1567 2786 1637 6).
2820 1566 2982 1622 Unde
3011 1567 3082 1621 ad
3133 1565 3443 1637 mysticam
3492 1560 3711 1620 doctri-

2063 1673 2198 1712 nam
2229 1656 2387 1712 hunc
2412 1655 2611 1711 referri
2657 1660 2897 1727 puteum
2948 1653 3121 1710 etiam
3170 1653 3250 1709 ibi
3300 1652 3716 1726 cognoscimus

298 1748 438 1805 vobis
464 1746 531 1802 ad
550 1747 865 1818 justitiam,
898 1745 1226 1801 vindemiate
1263 1745 1335 1800 ad
1368 1747 1608 1815 fructum
1635 1745 1784 1841 vitae,
1817 1742 1949 1796 illu-
1980 1772 2030 1841 Β
2063 1746 2202 1817 quia
2231 1745 2309 1801 ibi
2343 1743 2708 1801 Samaritana
2737 1742 2858 1809 illa,
2893 1743 2949 1799 id
2981 1747 3088 1811 est,
3120 1749 3317 1798 custos
3346 1744 3572 1798 (custds
3602 1756 3715 1841 au-

290 1836 492 1891 minate
516 1834 665 1890 vobis
712 1835 905 1890 iumen
950 1835 1279 1903 cognitionis
1308 1833 1465 1902 (Osee
1490 1850 1545 1899 x,
1581 1833 1687 1904 12).
1717 1830 1835 1887 Hoc
1864 1832 1956 1885 est
1983 1827 2028 1841 "
2060 1838 2182 1890 tem
2213 1833 2532 1889 caelestium
2566 1832 3003 1904 praeceptorum)
3033 1830 3235 1887 hausit
3277 1831 3347 1886 de
3395 1833 3570 1902 puteo
3615 1827 3717 1885 illo

294 1923 443 1982 enim
480 1922 678 1980 lumen
733 1922 1111 1994 cognitionis,
1133 1922 1350 1978 habere
1379 1921 1682 1977 cbaritatis
1727 1919 1947 1991 perfec-

296 2012 530 2069 tionem.
565 2012 830 2083 ldeoque
861 2010 1084 2065 dictum
1115 2015 1205 2066 est
1238 2026 1251 2066 :
1284 2011 1410 2066 Noli
1448 2012 1671 2071 timere;
1702 2008 1957 2064 charitas

296 2102 446 2157 enim
478 2101 751 2156 timorem
789 2098 1048 2175 excludit
1085 2100 1261 2154 foras.
1294 2099 1366 2153 Ut
1397 2114 1819 2171 cognoscamus
1850 2115 1959 2153 au-

300 2193 418 2246 tem
450 2189 589 2261 quia
615 2192 674 2244 et
704 2186 995 2244 Salomon
1034 2187 1117 2242 ita
1146 2187 1254 2244 hos
1287 2188 1703 2260 interpretatus
1733 2190 1821 2242 est
1850 2204 1957 2259 pu-

299 2283 442 2346 teos,
475 2281 539 2333 ut
576 2277 648 2333 ad
695 2274 989 2332 moralem
1019 2276 1371 2343 doctrinam,
1402 2280 1461 2331 et
1508 2274 1835 2331 naturalem
1867 2291 1960 2331 re-

298 2368 495 2433 ferret,
526 2369 584 2421 et
612 2364 960 2438 mysticam,
992 2363 1052 2418 in
1086 2363 1336 2435 singulis
1364 2362 1531 2420 libris
1561 2363 1686 2419 suis
1716 2380 1863 2434 quos
1892 2363 1963 2419 de

302 2453 645 2522 moralibus,
678 2452 772 2509 vel
827 2451 1219 2521 naturalibus,
1255 2451 1345 2507 vel
1395 2452 1657 2525 mysticis
1706 2453 1961 2525 scripsit,

288 2542 500 2616 .posuit
528 2542 638 2598 hos
668 2546 904 2613 puteos.

370 2631 461 2686 2.4.
481 2630 628 2686 Nam
661 2634 720 2685 et
748 2629 813 2685 in
848 2628 1174 2684 Proverbiis
1211 2644 1345 2684 cum
1394 2628 1804 2685 declinandam
1836 2646 1963 2703 spe-

303 2720 453 2777 ciem
483 2719 704 2775 diceret
752 2716 1053 2774 saecularis
1099 2716 1401 2785 illecebrae,
1436 2718 1518 2773 ait
1549 2735 1561 2774 :
1592 2721 1728 2774 Bibe
1767 2735 1969 2791 aquam

292 2808 367 2866 de
397 2809 507 2863 tuis
533 2809 701 2875 vasis,
737 2810 789 2861 et
817 2804 885 2861 de
928 2808 1216 2877 puteorum
1244 2814 1459 2862 tuorum
1507 2810 1766 2878 fontibus,
1799 2816 1849 2864 et
1874 2826 1967 2864 su-

290 2898 582 2971 perﬂuant
611 2897 719 2952 tibi
747 2909 914 2967 aqua
941 2895 1006 2949 de
1034 2902 1127 2949 tuo
1159 2896 1310 2965 fonte
1339 2895 1520 2967 (Prov.
1548 2912 1604 2963 ν,
1640 2897 1748 2968 15).
1780 2897 1850 2952 Et
1879 2898 1967 2952 in-

306 2986 399 3043 tra
432 3002 445 3041 :
478 2986 618 3041 Fons
648 2999 810 3056 aqum
835 2987 951 3039 tua?
992 2985 1067 3038 sit
1111 2983 1216 3037 tibi
1256 2986 1535 3054 proprius,
1567 2991 1617 3039 et
1652 2984 1971 3056 jucundare

302 3092 431 3132 cum
461 3090 636 3131 uxore
680 3072 840 3144 (Ibid.
874 3071 994 3143 18);
1024 3086 1089 3127 eo
1121 3071 1277 3143 quod
1310 3071 1422 3143 (18)
1451 3073 1732 3128 adversus
1776 3077 1970 3129 tenta-

2064 1923 2263 1979 divina
2291 1922 2444 1979 885
2476 1920 2771 1993 mysteria,
2805 1936 3160 1993 cog-noscens
3191 1920 3330 1992 quia
3358 1919 3512 1976 Deus
3542 1918 3717 1999 spiri-

2064 2017 2162 2069 tus
2192 2016 2302 2077 est;
2335 2018 2393 2067 et
2422 2027 2540 2066 non
2572 2010 2632 2065 in
2673 2010 2798 2066 loco
2841 2010 3140 2076 adoratur,
3172 2010 3271 2066 sed
3301 2007 3360 2063 in
3393 2008 3625 2081 spiritu,
3660 2010 3721 2064 et
3833 2038 3839 2043 ι

2068 2101 2208 2174 quia
2237 2100 2482 2156 Messias
2512 2098 2776 2155 Christus
2806 2103 2895 2155 est
2923 2098 3035 2170 (20)
3057 2088 3216 2168 (Ibid.
3238 2099 3330 2166 24,
3349 2096 3459 2169 25).
3485 2096 3557 2153 Et
3585 2097 3719 2154 ideo

2068 2190 2169 2260 qui
2200 2187 2392 2244 adhuc
2420 2192 2786 2260 exspectatur
2815 2205 2850 2243 a
2876 2187 3114 2253 Judaais,
3141 2188 3266 2257 jam
3293 2186 3468 2244 venit.
3494 2185 3719 2253 Quibus

2062 2276 2308 2343 auditis,
2342 2276 2556 2333 mulier
2583 2275 2684 2331 illa
2708 2292 2835 2348 quae
2866 2275 3115 2347 speciem
3147 2275 3414 2333 Ecclesia:
3441 2275 3609 2349 gerit,
3643 2275 3724 2333 leo

2069 2366 2161 2439 gis
2191 2370 2557 2421 sacramenta
2586 2364 2873 2438 cognovit,
2903 2368 2959 2421 et
2987 2363 3252 2421 credidit.

2140 2456 2232 2509 27.
2268 2454 2329 2508 In
2376 2454 2502 2525 ipso
2550 2469 2781 2526 quoque
2826 2453 3196 2509 Canticorum
3246 2450 3415 2510 libro
3443 2453 3721 2511 Salomon

2071 2540 2224 2598 hanc
2282 2541 2569 2614 triplicem
2633 2540 2981 2614 sapientiam
3047 2540 3342 2597 evidenter
3398 2543 3721 2615 expressit;

2074 2631 2210 2688 licet
2255 2632 2316 2686 in
2366 2629 2688 2687 Proverbiis
2734 2629 2946 2687 dixerit
2975 2630 3156 2702 (Prov.
3192 2646 3330 2696 χχιι,
3358 2630 3472 2701 20),
3507 2634 3574 2687 ut
3619 2631 3724 2687 tri-

2070 2719 2304 2792 pliciter
2345 2718 2456 2774 sibi
2503 2718 2798 2786 scriberet,
2831 2717 2930 2790 qui
2985 2716 3329 2789 sapientiam
3382 2719 3511 2789 ejus
3552 2718 3727 2778 vellet

2077 2809 2299 2865 audire.
2332 2807 2427 2862 Ait
2480 2823 2616 2880 ergo
2662 2806 2723 2863 in
2762 2806 3012 2864 Canticis
3063 2805 3292 2879 Sponsa
3347 2807 3418 2863 de
3473 2809 3726 2881 Sponso,

2076 2898 2207 2953 Ecce
2229 2913 2284 2953 es
2312 2912 2535 2967 sponsus
2579 2897 2933 2953 consobrinus
2960 2911 3110 2951 meus
3155 2897 3402 2968 equidem
3446 2898 3679 2970 pulcher
3707 2917 3726 2954 :

2076 2986 2366 3042 acclinatio
2395 2985 2508 3057 (21)
2536 2989 2726 3041 nostra
2761 3002 2950 3058 opaca,
2982 2983 3157 3041 trabes
3195 2985 3481 3042 domorum
3508 2995 3731 3043 nostra-

2078 3091 2204 3130 rum
2248 3072 2418 3142 cedri,
2451 3075 2740 3129 lacunaria
2785 3078 2975 3129 nostra
3018 3075 3265 3144 cupressi
3285 3074 3465 3145 (Cant.
3502 3088 3544 3141 ι,
3579 3076 3647 3130 15
3672 3078 3732 3132 et

306 3168 512 3220 menta
560 3140 771 3218 mundi
821 3140 1078 3216 remedio
1128 3140 1473 3216 nobislvera
1526 3160 1814 3233 sapientia
1869 3164 1965 3232 sit,
1999 3140 2043 3208 (ἶ
2082 3163 2189 3235 16).
2215 3140 2536 3217 Possumus
2566 3162 2675 3217 hoc
2695 3163 2765 3218 de
2789 3140 3110 3218 moralibus
3131 3140 3411 3234 accipere.
3437 3161 3541 3218 Ubi
3569 3162 3729 3218 enim

306 3251 557 3309 moralis
587 3267 826 3323 quoque
865 3248 1150 3319 doctrina,
1182 3262 1309 3319 quae
1356 3247 1672 3320 imaginem
1722 3252 1971 3307 munda-

302 3360 399 3399 nae
429 3339 750 3412 voluptatis
801 3336 1147 3393 meretriciis
1178 3336 1532 3408 quibusdam
1562 3336 1773 3393 illitam
1823 3339 1972 3395 fucis

304 3430 535 3502 irriguo
563 3445 674 3485 suo
708 3427 916 3493 diluat,
945 3430 1003 3481 et
1030 3426 1247 3481 ﬂuento
1279 3426 1370 3481 sui
1403 3425 1581 3481 fontis
1607 3427 1925 3500 abstergat.

379 3521 474 3574 25.
507 3518 590 3575 De
620 3514 995 3573 naturalibus
1027 3529 1262 3586 quoque
1302 3514 1486 3570 habes
1529 3515 1588 3568 in
1631 3515 1974 3573 Ecclesiaste

300 3610 536 3666 dictum
571 3624 584 3662 :
622 3608 749 3662 Feci
775 3604 918 3660 mihi
940 3604 1187 3675 piscinas
1230 3618 1503 3675 aquarum
1531 3603 1601 3658 ad
1628 3604 1974 3676 irrigandum

299 3716 375 3759 ea:
414 3697 509 3753 his
549 3695 758 3752 saltum
802 3693 1203 3765 germinantem
1247 3691 1439 3762 (Eccte.
1472 3706 1535 3757 Il,
1567 3692 1645 3763 6).
1678 3693 1878 3764 Neque
1916 3698 1973 3749 te

300 3788 545 3849 moveat
580 3782 736 3856 quod
787 3798 893 3854 pro
945 3784 1119 3853 puteo
1180 3779 1437 3851 piscinas
1487 3781 1715 3851 posuit;
1749 3782 1889 3853 quia
1918 3785 1975 3838 et

300 3875 541 3946 Moyses
580 3876 832 3945 puteum
867 3864 1221 3925 Latitudinis
1249 3869 1411 3936 dixit,
1444 3885 1511 3924 eo
1559 3871 1717 3941 quod
1749 3888 1781 3926 a
1810 3870 1971 3927 solli-

301 3962 570 4022 citudine
601 3958 761 4016 omni
792 3963 850 4014 et
868 3954 1161 4030 angustiis
1181 3957 1526 4020 absolvitur.
1545 3959 1648 4030 qui
1679 3960 1969 4016 mundum

300 4052 468 4108 hunc
495 4050 593 4121 pia
625 4051 819 4103 mente
855 4045 1304 4102 transcenderit.
1337 4046 1463 4101 Non
1507 4046 1800 4104 immerito
1832 4065 1968 4121 ergo

298 4138 572 4213 piscinas
602 4136 775 4193 habet
804 4135 1206 4203 Ecclesiastes,
1222 4134 1321 4206 qui
1351 4134 1495 4190 vidit
1523 4135 1749 4192 nullam
1782 4139 1967 4194 abun-

298 4228 577 4285 dantiam
604 4242 735 4282 esse
764 4226 875 4282 sub
909 4224 1031 4281 sole
1060 4240 1072 4278 :
1103 4223 1205 4279 sed
1232 4223 1282 4279 si
1315 4224 1447 4294 quis
1479 4225 1781 4283 abundare
1807 4227 1965 4295 velit,

296 4318 363 4374 in
396 4315 632 4371 Christo
663 4315 940 4370 abundet.

370 4406 473 4461 26.
502 4405 573 4459 Et
598 4404 671 4459 de
701 4402 966 4475 mysticis
1007 4406 1219 4473 puteus
1263 4406 1530 4472 superest
1561 4402 1751 4469 nobis,
1785 4419 1959 4475 quem

2081 3249 2395 3323 requiescit
2426 3248 2691 3305 Christus
2738 3255 2797 3306 et
2851 3249 3127 3315 Ecclesia,
3161 3249 3273 3305 nisi
3335 3249 3395 3306 in
3452 3252 3728 3323 operibus

2080 3355 2200 3395 sua:
2233 3337 2460 3409 plebis?
2495 3337 2757 3411 Denique
2800 3340 2898 3395 ubi
2944 3338 3335 3411 impudicitia,
3369 3339 3465 3395 ubi
3518 3354 3728 3412 super-

2081 3428 2198 3493 bia,
2231 3426 2327 3481 ubi
2382 3426 2665 3497 iniquitas
2722 3432 2864 3495 erat,
2898 3427 2978 3483 ibi
3032 3425 3114 3481 ait
3170 3426 3451 3484 Dominus
3506 3427 3726 3484 Jesus:

2080 3516 2255 3571 Filius
2285 3517 2469 3571 autem
2498 3516 2734 3570 hominis
2777 3532 2887 3571 non
2918 3515 3074 3571 habet
3100 3516 3198 3570 ubi
3242 3525 3404 3588 caput
3448 3532 3611 3573 suum
3641 3533 3730 3574 re-

2081 3604 2247 3660 clinet
2275 3601 2482 3675 (Matth.
2516 3619 2637 3670 VIII,
2670 3603 2783 3675 20).

2149 3694 2240 3749 28.
2273 3692 2352 3749 De
2399 3690 2765 3748 naturalibus
2813 3695 3008 3747 autem
3061 3691 3203 3763 quid
3254 3692 3622 3765 accipimus?
3669 3698 3730 3753 In

2080 3783 2299 3850 umbra,
2354 3780 2566 3853 inquit,
2617 3781 2734 3853 ejus
2788 3765 3073 3852 concupiui
3122 3786 3174 3833 et
3228 3779 3365 3845 sedi,
3413 3785 3466 3835 et
3521 3784 3733 3851 fructus

2079 3874 2196 3943 ejus
2260 3871 2438 3926 dulcis
2499 3872 2559 3925 in
2622 3870 2875 3941 faucibus
2940 3870 3076 3924 meis
3132 3865 3309 3938 (Cant.
3370 3884 3431 3934 ιι,
3488 3868 3568 3940 3.)
3623 3870 3731 3936 Qui

2080 3961 2235 4017 enim
2266 3963 2497 4015 terrena
2536 3958 2996 4032 supergreditur,
3029 3962 3087 4012 et
3115 3954 3208 4011 cui
3259 3955 3561 4011 mundana
3607 3974 3732 4014 mo-

2079 4050 2313 4106 riuntur
2362 4048 2663 4122 (quoniam
2711 4046 3072 4119 cruciﬁgitur
3103 4044 3154 4100 ei
3186 4044 3465 4110 mundus,
3499 4050 3556 4101 et
3606 4047 3732 4119 ipse

2080 4140 2323 4207 mundo)
2355 4139 2553 4194 omnia
2584 4153 2710 4209 quas
2744 4140 2884 4193 sunt
2929 4135 3039 4192 sub
3080 4133 3200 4190 sole
3231 4132 3447 4206 refugit
3492 4141 3547 4190 et
3595 4152 3733 4193 con-

2079 4228 2309 4283 temnit.

2149 4315 2237 4371 29.
2272 4315 2350 4370 De
2382 4313 2643 4386 mysticis
2689 4329 2923 4386 quoque
2954 4312 3035 4368 ait
3067 4329 3079 4367 :
3114 4312 3368 4370 Introduc
3399 4330 3483 4370 me
3530 4314 3592 4370 in
3639 4316 3732 4373 do-

2077 4421 2230 4459 mum
2259 4406 2398 4470 vini,
2430 4405 2692 4459 constitue
2724 4405 2782 4458 in
2822 4420 2909 4460 me
2948 4403 3265 4459 charitatem
3297 4404 3454 4473 (Ibid.
3488 4404 3565 4477 4).
3600 4405 3736 4463 Ete-

295 4495 487 4552 etiam
535 4491 732 4563 ipsum
788 4491 1115 4563 reperimus
1164 4488 1224 4543 in
1274 4488 1528 4544 Canticis
1575 4490 1959 4563 canticorum,
2006 4506 2053 4571 D
2093 4493 2219 4549 nim
2249 4494 2401 4548 sicut
2429 4492 2659 4547 vineam
2711 4509 2879 4547 suam
2926 4492 3079 4559 vitis,
3111 4492 3192 4547 ita
3238 4493 3523 4551 Dominus
3569 4497 3739 4552 Iesus

296 4584 542 4639 dicente
592 4579 898 4651 Scriptura
945 4597 958 4634 :
1018 4580 1155 4634 Fons
1215 4578 1517 4646 hortorum,
1562 4584 1758 4650 puteus
1809 4597 1975 4653 aqua

295 4673 474 4735 vivat,
504 4676 560 4724 et
602 4670 812 4741 impetu
854 4667 1183 4724 descendens
1211 4684 1249 4721 a
1289 4666 1500 4723 Libano
1529 4667 1710 4738 (Cant.
1745 4686 1822 4735 ιν,
1856 4672 1967 4744 15).

292 4756 542 4816 Etenim
588 4756 638 4813 si
685 4756 1097 4830 mysteriorum
1149 4754 1522 4811 altitudinem
1574 4760 1966 4829 persequaris,

290 4853 531 4921 puteus
553 4843 659 4901 tibi
685 4845 917 4901 videtur
945 4849 1227 4917 tanquam
1271 4843 1331 4898 in
1378 4843 1665 4914 profundo
1698 4844 1812 4901 sita
1842 4863 1965 4920 my-

291 4937 464 4994 stica
494 4949 621 4991 esse
645 4934 931 5006 sapientia
963 4951 975 4989 :
1011 4933 1060 4989 si
1090 4948 1225 4989 vero
1266 4931 1501 4988 haurire
1530 4932 1673 4989 velis
1722 4935 1966 4991 affluen-

370 5092 499 5164 (17)
534 5093 721 5167 Rom.,
752 5092 917 5162 edit.,
951 5096 1069 5166 Ego
1117 5108 1242 5149 sum
1288 5094 1430 5149 Deus
1475 5093 1752 5149 Abraham
1792 5099 1967 5167 patris

284 5169 412 5235 tui,
450 5181 519 5220 ne
546 5166 739 5221 tineas.

368 5234 701 5363 (18gdAd'zit
748 5237 913 5293 Rom.
949 5235 1111 5301 edit.,
1147 5249 1273 5306 quae
1318 5235 1387 5289 ab
1427 5234 1790 5291 adolescentia
1835 5242 1962 5301 tua;

390 5325 472 5363 au
549 5349 563 5363 .
595 5324 625 5363 e
653 5324 701 5363 c.
1480 5361 1487 5363 Α

279 5327 353 5369 eo
390 5324 563 5374 quoa,
595 5324 701 5363 θιο.
1471 5361 1489 5374 ρ

367 5325 747 5451 (Τδῗίῖῑὲιὲὲχ
790 5392 934 5434 mss.
980 5375 1241 5451 melioris
1288 5361 1691 5451 notis.’Unus,
1722 5376 1788 5432 Et
1832 5380 1963 5451 quia

280 5445 464 5510 ultra
484 5445 675 5520 ipsum
701 5460 915 5522 puteus,
947 5454 1055 5505 etc.
1090 5449 1233 5503 Tres
1281 5445 1401 5516 alii,
1429 5450 1486 5502 et
1528 5452 1751 5502 cunctae
1799 5445 1959 5517 edit.,

276 5527 357 5582 Et
394 5522 684 5594 quiakipse
711 5525 925 5594 puteus,
962 5525 1070 5594 etc3

368 5590 500 5666 (20)
534 5590 724 5661 Edit,
739 5595 802 5650 Et
844 5594 974 5665 quia
1017 5590 1235 5647 Messias
1264 5592 1409 5647 venit
1441 5590 1537 5663 qui
1568 5590 1812 5647 Christus
1861 5597 1957 5650 est.

2080 4581 2362 4654 populum
2395 4597 2568 4637 suum
2602 4581 2769 4653 quasi
2802 4580 2936 4637 vitis
2968 4587 3184 4638 aeterna
3213 4582 3567 4655 quibusdam
3600 4585 3734 4641 bra-

2080 4670 2229 4725 chiis
2260 4670 2561 4726 charitatis
2593 4668 2985 4742 amplectitur.

2151 4761 2239 4814 30.
2273 4758 2592 4814 Considera
2636 4758 2887 4832 singula.
2922 4762 2985 4815 In
3019 4757 3339 4816 moralibus
3385 4760 3492 4815 ﬂos
3532 4764 3643 4829 est,
3677 4765 3737 4817 et

2076 4846 2229 4902 inter
2259 4846 2461 4918 spinas
2492 4844 2707 4916 lilium,
2741 4847 2893 4905 sicut
2931 4849 3055 4920 ipse
3099 4849 3182 4905 ait
3215 4866 3228 4904 :
3261 4849 3366 4920 Ego
3396 4849 3495 4918 ﬂos
3522 4853 3732 4921 campi,

2079 4942 2129 4990 et
2178 4936 2362 4990 lilium
2411 4936 2748 4993 convallium
2794 4937 2950 5009 (Ibid.
3006 4937 3077 5009 1).
3113 4938 3178 4993 In
3227 4935 3549 4992 moralibus
3596 4952 3732 5011 ergo

2074 5096 2238 5160 Mss.,
2265 5098 2331 5151 Et
2363 5097 2497 5167 quia
2528 5100 2759 5153 Messias
2787 5098 3027 5153 Christus
3051 5104 3148 5151 est.

2142 5166 2385 5240 (21)Sic
2412 5183 2554 5223 mss.
2609 5174 2739 5225 octo
2787 5167 3170 5240 probatiores.
3192 5166 3318 5240 (Alii
3367 5166 3612 5240 aliquot,
3666 5187 3734 5228 ac

2069 5246 2181 5294 vet.
2215 5239 2379 5304 edit.,
2423 5240 2554 5294 Ecce
2598 5238 2829 5309 sponsus
2885 5240 2963 5293 est
3021 5238 3372 5294 consobrinus
3425 5238 3603 5296 meus.
3673 5251 3739 5306 Ει

2070 5310 2188 5383 ideo
2224 5308 2811 5383 pulchraracclinatio,
2859 5314 2965 5364 etc.
3002 5308 3184 5383 Rom.
3216 5327 3373 5383 vero,
3421 5312 3554 5367 Ecce
3592 5329 3669 5383 pu
3691 5324 3737 5378 ι-

2068 5380 2197 5435 cher
2224 5380 2277 5437 es
2305 5381 2658 5437 consobrinus
2710 5396 2879 5447 meus,
2924 5395 3043 5435 ecce
3087 5381 3316 5447 pulcher
3360 5397 3434 5447 es,
3466 5387 3518 5438 et
3564 5380 3731 5441 decc-

2068 5467 2195 5513 rus;
2252 5453 2538 5507 declinatio
2596 5461 2803 5513 nostra,
2866 5456 2975 5505 etc.
3037 5450 3179 5506 LXX
3236 5454 3634 5525 interp.,'160e
3723 5478 3745 5509 ε

2068 5529 2217 5604 nam;
2274 5527 2539 5604 ἀξξᾈςειδξςν,
2579 5544 2939 5604 ’μουζνιξξμγε
2994 5528 3186 5604 ᾠραῖος,
3234 5534 3351 5597 πρὸς
3396 5532 3542 5599 κλίνῃ
3589 5534 3730 5597 ἡμῶν

2069 5602 2282 5659 σύσκιος.
2314 5588 2458 5652 Vide
2487 5590 2664 5649 Notas
2694 5588 2911 5649 Nobilii
2942 5596 3014 5654 ad
3040 5588 3208 5652 hunc
3227 5588 3480 5653 versum.
