4122 6146
465 258 585 328 539

1983 258 2048 325 S.
2092 253 2470 325 AMBROSII

3708 268 3808 337 6&0

465 395 574 454 ﬂos
602 397 710 453 est.
745 393 807 452 In
849 390 1214 453 naturalibus
1256 386 1343 452 sol
1383 389 1650 468 justitim,
1682 388 1785 467 qui
1826 388 2020 452 oriens
2050 394 2108 450 et
2133 388 2192 461 Α
2219 389 2292 450 ad
2351 405 2463 464 me,
2498 405 2627 467 quis
2682 388 2875 452 adhuc
2930 387 3182 464 laboras,
3229 395 3288 453 et
3339 395 3567 456 onerata
3595 412 3668 472 es,
3697 406 3811 478 quia

463 501 777 558 resurgens
825 484 1140 552 illuminat,
1173 483 1443 542 occidens
1493 483 1824 541 obumbrat.
1849 483 1995 540 Cave
2037 501 2112 540 ne

462 574 569 631 tibi
601 576 848 642 occidat,
883 575 1021 648 quia
1058 575 1342 647 scriptum
1374 578 1481 629 est.
1512 575 1602 630 Sol
1629 590 1739 630 non
1781 574 1989 630 occidat
2016 590 2111 629 su-

457 680 562 736 per
599 666 950 723 iracundiam
995 673 1225 719 vestram
1256 663 1467 735 (Ephes.
1500 680 1575 729 1v,
1606 663 1717 733 26).
1752 664 1812 718 In
1844 662 2111 734 mysticis

463 754 719 812 charitas
749 758 855 820 est,
887 752 1024 825 quia
1066 751 1365 823 plenitudo
1398 751 1542 821 legis
1589 756 1677 808 est
1723 750 2011 807 Christus.
2044 751 2111 806 Et

460 842 591 900 ideo
634 842 888 899 Ecclesia
931 857 1057 913 quae
1100 839 1291 913 diligit
1321 840 1640 910 Christum,
1673 839 1976 910 vulnerata
2020 845 2110 896 est

462 932 761 988 charitate.

531 1023 619 1076 31.
654 1020 811 1075 Hanc
840 1018 1039 1092 itaque
1079 1018 1425 1074 charitatem
1458 1018 1724 1083 suscitat,
1759 1022 1816 1073 et
1862 1017 2109 1074 resusci-

456 1111 545 1165 tat
575 1109 757 1164 donec
787 1124 986 1163 vocem
1018 1108 1145 1178 ejus
1181 1107 1448 1178 accipiat,
1483 1112 1537 1160 et
1578 1107 1944 1177 praesentiam
1978 1109 2107 1178 ejus

458 1201 754 1264 arcessat;
816 1196 955 1268 quia
1010 1196 1292 1267 quaesitus
1347 1212 1461 1251 non
1519 1194 1709 1251 solum
1768 1195 1944 1260 venit,
2003 1197 2103 1251 sed

458 1286 633 1341 etiam
665 1284 881 1340 saliens
920 1285 1076 1339 venit
1108 1300 1121 1341 :
1155 1284 1369 1340 Saliens
1396 1300 1561 1356 super
1584 1293 1813 1351 montes,
1854 1289 1903 1339 et
1952 1292 2105 1339 tran-

455 1376 644 1430 siliens
698 1389 857 1445 super
909 1373 1071 1428 colles
1126 1373 1303 1440 (Cant.
1365 1390 1425 1439 ιι,
1485 1373 1565 1443 8).
1621 1372 1809 1444 Super
1866 1372 2106 1443 majoris

456 1463 654 1535 gratiae
706 1461 933 1517 animas
982 1460 1136 1527 salit,
1186 1461 1477 1517 inferioris
1520 1461 1796 1517 transilit.
1824 1460 1926 1516 Vel
1976 1460 2102 1517 sic:

457 1551 672 1608 saliens
718 1551 1010 1622 quomodo
1056 1550 1255 1606 venit?
1303 1549 1466 1605 Saltu
1518 1550 1773 1621 quodam
1832 1549 1989 1605 venit
2044 1549 2104 1604 in

455 1640 614 1696 hunc
673 1641 981 1695 mundum.
1016 1640 1185 1711 Apud
1244 1639 1473 1695 Patrem
1525 1646 1665 1705 erat,
1699 1638 1758 1693 in
1804 1638 2102 1711 Virginem

454 1729 631 1793 venit,
663 1733 720 1785 et
748 1744 814 1784 ex
844 1728 1080 1801 Virgine
1108 1728 1168 1782 in
1211 1744 1467 1800 praesepe
1499 1726 1829 1783 transilivit.
1860 1726 1927 1827 In
1954 1743 2102 1827 prfe-
2132 1762 2181 1827 B

454 1818 579 1891 sepi
610 1821 754 1884 erat,
789 1820 845 1872 et
876 1816 1133 1887 fulgebat
1174 1816 1233 1871 in
1278 1816 1440 1880 caelo,
1473 1816 1777 1872 descendit
1807 1816 1865 1870 in
1896 1814 2103 1870 Jorda-

454 1923 613 1978 nem,
646 1904 907 1961 ascendit
936 1905 994 1959 in
1038 1921 1292 1972 crucem,
1324 1904 1627 1961 descendit
1671 1904 1731 1958 in
1780 1902 2101 1971 tumulum,

453 1995 704 2051 surrexit
734 2010 763 2049 e
793 1993 1040 2059 tumulo,
1075 1998 1134 2049 et
1190 1994 1352 2049 sedet
1406 1994 1477 2049 ad
1538 1992 1726 2049 Patris
1782 1993 2099 2048 dexteram.

452 2084 593 2140 Inde
640 2083 809 2155 quasi
856 2082 1141 2139 hinnulus
1184 2098 1509 2147 cervorum,
1542 2082 1643 2152 qui
1690 2080 1982 2136 desiderat
2029 2080 2101 2135 ad

452 2175 643 2230 fontes
672 2188 980 2244 aquarum,
1013 2171 1316 2228 descendit
1355 2171 1426 2226 ad
1470 2169 1737 2235 Paulum,
1771 2172 1828 2225 et
1858 2168 2105 2224 circum-

452 2262 614 2319 falsit
641 2278 796 2329 eum,
828 2264 885 2315 et
926 2258 1177 2316 exsilivit
1222 2276 1399 2331 super
1444 2257 1758 2313 Ecclesium
1813 2261 2102 2327 sanctam,

452 2367 579 2421 quae
609 2352 697 2405 est
727 2348 1117 2421 Bethel,quod
1141 2347 1355 2403 dicitur
1378 2346 1590 2402 domus
1611 2345 1732 2402 Dei.
1758 2344 1922 2402 Pauli
1944 2345 2098 2401 enim

449 2438 674 2495 vocatio
706 2436 972 2493 Ecclesiae
1003 2437 1303 2492 firmitudo
1330 2439 1435 2490 est.
1504 2482 1513 2491 .

521 2528 610 2583 3‘2.
645 2525 816 2582 Venit
846 2542 1003 2598 ergo.
1043 2529 1100 2581 et
1146 2525 1337 2597 primo
1387 2525 1519 2595 post
1569 2524 1847 2595 parietem
1895 2527 2003 2591 est,
2038 2527 2103 2579 ut

450 2615 790 2672 inimicitias
813 2615 1020 2670 animus
1042 2617 1099 2670 et
1119 2612 1377 2686 corporis
1400 2612 1604 2678 solvat,
1629 2611 1858 2668 sublato
1885 2611 2103 2683 pariete

450 2705 551 2778 qui
599 2704 1086 2777 impedimentum
1135 2700 1454 2759 concordiae
1500 2701 1806 2757 videbatur
1852 2701 2097 2757 adferre.

450 2793 669 2849 Deinde
698 2790 981 2863 prospicit
1018 2807 1120 2864 per
1143 2791 1450 2846 fenestras.
1484 2788 1618 2851 Quae
1668 2788 1789 2843 sint
1835 2788 2101 2845 fenestrae

450 2881 586 2936 audi
628 2879 973 2951 prophetam
1021 2878 1311 2935 dicentem
1346 2894 1358 2933 :
1391 2879 1665 2932 Fenestra:
1710 2881 1917 2948 apertae
1944 2878 2099 2933 860

446 2971 574 3025 sunt
603 2984 633 3023 e
660 2969 791 3023 cazlo
825 2968 1137 3040 (Isa.xx1v).
1174 2965 1492 3037 Prophetas
1540 2965 1744 3036 utique
1785 2965 2095 3037 significat,

447 3073 552 3129 per
580 3072 729 3128 quos
749 3055 1034 3112 Dominus
1061 3070 1246 3127 genus
1276 3053 1532 3124 respexit
1560 3052 1885 3109 humanum
1911 3054 2098 3125 prius-

449 3160 627 3218 quam
659 3143 720 3199 in
750 3148 934 3199 terras
964 3143 1091 3215 ipse
1121 3141 1498 3197 descenderet
1521 3140 1655 3212 (22).

517 3234 606 3289 33.
641 3233 710 3287 Et
738 3232 914 3288 hodie
942 3230 991 3285 si
1020 3247 1135 3301 qua
1185 3246 1320 3284 eum
1351 3228 1550 3285 anima
1597 3229 1847 3285 multum
1898 3231 2098 3302 requi-

449 3324 566 3386 rat,
627 3319 882 3375 multum
940 3316 1260 3372 merebitur
1321 3317 1766 3385 misericordiae;
1822 3318 2098 3391 quoniam

450 3408 550 3480 qui
607 3406 862 3462 multum
919 3405 1184 3477 requirit,
1238 3405 1559 3477 plurimum
1616 3406 1861 3463 debetur
1919 3408 1991 3464 ei.
2040 3408 2097 3463 Si

449 3513 566 3569 qua
608 3511 745 3568 ergo
794 3495 992 3550 anima
1046 3510 1185 3551 eum
1241 3493 1567 3550 studiosius
1626 3499 1867 3567 quaerat,
1928 3496 2100 3570 longe

447 3584 613 3640 audit
648 3600 844 3640 vocem
898 3584 1025 3654 ejus
1058 3599 1070 3637 :
1106 3587 1164 3639 et
1209 3583 1478 3655 quamvis
1516 3583 1586 3639 ab
1637 3583 1770 3640 aliis
1820 3586 2095 3657 requirat,

446 3690 562 3746 pris
613 3673 756 3744 ipsis
788 3688 821 3727 a
850 3672 1066 3743 quibus
1118 3672 1324 3743 quaerit
1353 3673 1487 3744 (23),
1523 3672 1687 3727 audit
1714 3688 1914 3728 vocem
1946 3675 2096 3746 ejus.

443 3761 617 3817 Videt
644 3776 777 3816 eum
818 3759 1125 3816 salientem
1174 3761 1246 3816 ad
1295 3777 1358 3817 se
1401 3760 1617 3827 venire,
1650 3760 1708 3816 id
1758 3765 1865 3827 est,
1894 3779 2099 3835 prope-

444 3854 672 3905 rantem
706 3853 881 3921 atque
912 3852 1267 3917 currentem,
1300 3852 1359 3904 et
1401 3848 1823 3905 transilientem
1856 3866 1955 3907 eos
1997 3851 2098 3923 qui

444 3938 678 3995 infirmo
709 3939 878 3993 corde
905 3937 1178 3993 virtutem
1217 3938 1347 4008 ejus
1394 3954 1599 4009 capere
1646 3955 1763 3995 non
1814 3944 2095 4012 possunt;

445 4026 696 4099 denique
748 4026 1202 4098 prospicientem
1253 4042 1358 4097 per
1417 4026 1731 4099 aenigmata
1782 4028 2099 4101 propheta-

444 4131 597 4181 rum,
624 4113 869 4187 legendo
901 4130 1000 4169 eos
1029 4116 1087 4168 et
1112 4114 1364 4168 tenendo
1386 4129 1586 4169 eorum
1618 4130 1920 4171 sermones
1944 4116 2101 4171 videt

445 4219 579 4260 eum
610 4202 1086 4275 prospicientem,
1118 4203 1218 4258 sed
1252 4200 1419 4274 quasi
1464 4218 1567 4273 per
1609 4203 1949 4272 fenestram,
1981 4222 2096 4261 non

444 4292 638 4347 adhuc
682 4290 850 4362 quasi
900 4293 1267 4361 praesentem.
1303 4289 1473 4345 Videt
1519 4290 1875 4347 eminentem
1924 4310 2100 4365 super

445 4380 610 4435 retia.
644 4378 789 4443 Quid
822 4382 913 4433 est
942 4376 1073 4443 hoc,
1104 4378 1219 4433 nisi
1264 4378 1407 4434 forte
1439 4378 1579 4451 quia
1624 4377 1724 4434 illa
1753 4380 1899 4434 retia
1928 4381 2099 4436 nobis

445 4472 604 4559 sunt,
657 4482 772 4559 non
831 4465 937 4520 illi.
993 4466 1159 4559 Eetia
1210 4473 1370 4532 sunt,
1420 4484 1487 4559 eo
1542 4467 1697 4559 quod
1749 4468 1940 4524 adhuc
1997 4468 2175 4559 illaD

433 4556 643 4611 anima
674 4554 826 4608 intra
857 4554 1160 4611 sensibilia
1202 4558 1259 4610 et
1304 4556 1604 4611 mundana
1634 4556 1732 4625 sit,
1766 4573 1891 4628 quae
1932 4573 2098 4612 men-

443 4648 561 4701 tem
593 4642 853 4699 hominis
881 4658 1107 4714 capere,
1137 4646 1194 4697 et
1224 4642 1478 4713 quodam
1519 4643 1653 4699 sinu
1695 4645 1929 4717 proprio
1959 4662 2096 4701 con-

444 4736 759 4790 sueverunt
806 4730 1112 4787 involvere.
1145 4732 1336 4787 Posito
1380 4748 1514 4805 ergo
1563 4732 1755 4789 adhuc
1804 4733 1863 4789 in
1913 4751 2094 4790 saecu-

441 4822 687 4890 laribus,
719 4819 819 4876 sed
865 4823 1056 4875 tamen
1099 4822 1378 4891 quaerenti
1409 4837 1543 4876 eum
1594 4836 1697 4891 per
1743 4821 1887 4878 retia
1916 4838 1979 4879 se
2009 4840 2096 4880 os-

440 4911 649 4967 tendit.

512 5002 599 5055 34.
628 4998 885 5069 Denique
908 4996 1047 5052 dicit
1076 4998 1145 5053 ad
1180 4998 1436 5053 animam
1469 4998 1764 5069 ejusmodi
1790 5017 1802 5055 :
1833 5001 2092 5073 Exsurge,

441 5089 565 5143 veni
610 5087 873 5158 proxima
921 5103 1043 5142 mea
1073 5087 1249 5157 (Cant.
1285 5102 1345 5150 ιι,
1377 5087 1488 5157 10),
1521 5085 1580 5141 id
1613 5091 1725 5153 est,
1769 5105 2014 5162 exsurge
2061 5107 2097 5145 a

443 5175 927 5233 delectationibus
956 5176 1182 5245 mundi,
1216 5190 1460 5249 exsurge
1491 5191 1526 5230 a
1563 5177 1831 5243 terrenis,
1862 5182 1921 5234 et
1964 5164 2094 5236 vehi

515 5351 627 5421 (22)
657 5352 805 5407 Edit.
841 5354 1123 5428 quaedam
1160 5352 1364 5428 Pari_s.,
1392 5352 1493 5428 ad
1507 5369 1679 5425 genus
1708 5357 1949 5428 respexit
1992 5358 2092 5413 hu-

441 5438 705 5495 manum;
746 5424 1073 5494 priusquam
1104 5427 1218 5495 ipse
1266 5424 1631 5494 descenderet,
1661 5435 1714 5482 et
1760 5424 1968 5493 locutus
1994 5433 2091 5485 est.

442 5493 505 5569 in
538 5498 658 5547 ant.
713 5493 926 5569 autem
962 5495 1098 5569 edit.
1126 5493 1313 5552 deest
1360 5499 1619 5568 respexit,
1652 5515 1718 5554 ac
1764 5499 1988 5569 vocula,
2021 5504 2092 5556 et.

440 5563 503 5619 In
537 5580 680 5619 mss.
714 5578 841 5629 vero
878 5564 1097 5634 legitur
1125 5573 1191 5621 ut
1222 5568 1279 5622 in
1311 5563 1607 5625 contextu.

2218 481 2470 540 sollicita
2496 500 2559 539 es
2590 500 2717 557 quas
2747 487 2888 541 sunt
2917 485 3145 541 mundi.
3166 483 3309 542 Veni
3339 503 3515 560 supra
3541 493 3812 565 mundum,

2217 573 2347 628 veni
2380 573 2450 627 ad
2500 589 2614 640 me,
2649 573 2789 644 quia
2833 589 2940 647 ego
2987 574 3097 630 vici
3144 576 3455 633 mundum.
3486 577 3621 635 Veni
3665 598 3814 657 prope

2218 677 2312 716 me
2334 662 2458 732 jam
2493 661 2739 734 pulchra
2768 665 2994 718 aeternae
3014 662 3143 718 vitae
3172 664 3400 734 decore,
3417 666 3536 737 jam
3565 668 3816 739 columba,

2217 748 2275 804 id
2310 755 2416 817 est,
2444 749 2607 806 mitis
2638 767 2786 823 aque
2813 755 3138 818 mansueta,
3157 753 3288 824 jam
3318 758 3437 809 tota
3465 754 3627 827 plena
3650 761 3818 830 gratia

2216 838 2520 911 spiritalis.
2551 839 2694 895 Jure
2732 854 2870 912 ergo
2910 840 3038 911 jam
3068 840 3213 897 retia
3258 842 3462 898 timere
3503 861 3611 899 non
3656 847 3818 915 debet,

2216 944 2349 982 cum
2387 927 2436 983 is
2466 932 2629 984 vocet
2673 928 2745 984 ad
2794 945 2857 985 se
2904 928 3184 998 animam,
3245 932 3345 1002 qui
3402 936 3754 991 tentamentis
3777 942 3825 991 et

2216 1017 2439 1072 retibus
2497 1016 2703 1072 mundi
2761 1033 2876 1073 non
2936 1018 3127 1090 potuit
3177 1019 3328 1091 capi.
3368 1020 3510 1076 Nam
3560 1038 3682 1077 cum
3734 1041 3822 1081 nos

2216 1104 2484 1161 homines
2552 1105 2923 1163 ambulemus
2979 1107 3040 1163 in
3089 1108 3283 1163 medio
3346 1107 3696 1180 laqueorum,
3741 1130 3828 1184 per

2215 1194 2612 1265 appetentiam
2646 1210 2792 1251 esca
2822 1195 3045 1251 retibus
3071 1195 3249 1253 simul
3280 1200 3336 1251 et
3362 1195 3585 1268 laqueis
3623 1200 3826 1257 obnoxii

2215 1298 2443 1338 sumus.
2483 1282 2585 1338 Ille
2615 1282 2675 1339 in
2705 1299 2944 1356 corpore
2990 1284 3218 1355 positus
3248 1285 3393 1339 retia
3435 1302 3549 1341 non
3594 1287 3829 1355 timebat,

2214 1370 2315 1425 sed
2348 1370 2645 1426 eminebat
2674 1387 2850 1442 super
2878 1371 3043 1439 retia,
3076 1371 3130 1427 id
3164 1378 3274 1439 est,
3301 1388 3479 1445 super
3504 1378 3832 1433 tentamenta

2217 1459 2445 1526 mundi,
2478 1463 2536 1514 et
2563 1459 2822 1531 corporis
2870 1460 3207 1532 passiones;
3250 1461 3367 1516 imo
3421 1467 3479 1517 et
3527 1463 3667 1519 alios
3710 1466 3833 1520 emi-

2213 1562 2352 1602 nere
2380 1547 2646 1603 faciebat.
2672 1548 2922 1620 Ideoque
2951 1549 3127 1606 etiam
3158 1549 3309 1606 hanc
3329 1549 3588 1606 animam
3618 1552 3835 1610 fundare

2210 1634 2411 1691 volens
2466 1635 2741 1692 dicebat:
2774 1638 3051 1711 Exsurge,
3094 1640 3223 1694 veni
3263 1641 3525 1710 proxima
3571 1656 3708 1709 mea,
3735 1641 3838 1698 noli

2211 1723 2419 1781 timere
2450 1725 2617 1780 retia.

2283 1814 2372 1868 35.
2403 1814 2534 1869 Jam
2578 1815 2851 1885 praeteriit
2880 1813 3065 1887 hyems
3093 1815 3275 1886 (Ibid.,
3313 1816 3424 1886 11),
3466 1817 3527 1873 id
3572 1822 3678 1885 est,
3704 1819 3843 1875 venit

2212 1901 2451 1972 pascha,
2481 1902 2643 1958 venit
2685 1902 3070 1975 indulgentia,
3099 1904 3259 1959 venit
3301 1905 3573 1962 remissio
3604 1912 3842 1979 peccato-

2213 2005 2368 2056 rum,
2401 1991 2648 2046 cessavit
2689 1991 2951 2060 tentatio,
2996 1991 3187 2048 imber
3232 1992 3395 2061 abiit,
3430 1994 3681 2066 procella
3719 1995 3845 2051 abiit

2212 2080 2271 2131 et
2313 2077 2631 2148 quassatio.
2666 2081 2816 2134 Ante
2871 2079 3187 2135 adventum
3232 2080 3450 2136 Christi
3506 2081 3709 2155 hyeme
3749 2087 3844 2149 est,

2212 2169 2346 2237 post
2375 2166 2687 2222 adventum
2733 2166 2863 2236 ejus
2910 2167 3080 2223 ﬂores
3125 2173 3286 2224 sunt.
3320 2168 3487 2225 Unde
3533 2170 3617 2226 ait
3644 2187 3657 2227 :
3688 2172 3847 2227 Flore:

2211 2255 2318 2309 visi
2344 2261 2473 2309 sunt
2496 2256 2557 2309 in
2575 2262 2724 2310 terra
2743 2254 2930 2326 (Ibid.,
2954 2256 3060 2328 12).
3088 2255 3202 2311 Ubi
3221 2261 3357 2312 ante
3376 2258 3589 2331 spinae,
3614 2258 3692 2314 ibi
3713 2276 3852 2315 nunc

2213 2341 2405 2398 ﬂores.
2456 2344 2703 2414 Tempus,
2752 2342 2965 2415 inquit,
2994 2344 3219 2400 secandi
3261 2345 3495 2403 advenit
3525 2347 3727 2418 (Ibid.).
3757 2346 3850 2403 Ubi

2212 2436 2346 2487 ante
2384 2431 2709 2499 desertum,
2741 2431 2822 2487 ibi
2866 2448 3024 2488 nunc
3071 2432 3284 2490 messis
3331 2438 3442 2490 est.
3482 2436 3598 2493 Vox
3643 2437 3855 2491 turturis

2211 2521 2403 2576 audita
2430 2528 2509 2575 est
2537 2522 2596 2575 in
2645 2527 2792 2576 terra
2820 2525 3008 2577 nostra
3037 2521 3242 2593 (Ibid)
3276 2523 3431 2579 Bene
3461 2524 3693 2579 addidit
3737 2540 3855 2596 pro-

2210 2607 2404 2679 pheta,
2429 2609 2642 2674 Nostra,
2668 2607 2837 2680 quasi
2862 2609 3164 2666 admirans
3192 2611 3345 2682 quod
3381 2611 3488 2668 ubi
3523 2617 3660 2669 ante
3688 2611 3860 2684 impu-

2211 2695 2430 2761 dicitia,
2463 2696 2543 2751 ibi
2575 2712 2730 2751 nunc
2758 2697 3023 2753 castitas.

2280 2785 2369 2839 36.
2401 2785 2561 2839 Ficus
2603 2785 2836 2856 protulit
2888 2800 3103 2854 grossos
3160 2802 3284 2842 suos
3342 2788 3540 2858 (Ibid.,
3587 2788 3702 2861 13).
3739 2788 3862 2855 Quae

2210 2876 2344 2929 ante
2373 2872 2544 2946 quasi
2590 2872 2962 2929 infructuosa
2999 2873 3320 2945 jubebatur
3348 2876 3568 2944 excidi,
3602 2876 3727 2933 haec
3755 2876 3864 2931 fru-

2208 2964 2340 3018 ctus
2369 2962 2519 3017 ferre
2541 2962 2668 3032 jam
2698 2960 2890 3033 coepit.
2924 2961 3037 3017 Sed
3084 2962 3222 3034 quid
3256 2961 3504 3020 dubitas
3536 2966 3682 3037 quia
3711 2980 3866 3038 gros-

2209 3066 2307 3107 sos
2336 3050 2522 3106 dixit?
2551 3048 2776 3105 Priores
2813 3048 3074 3116 discutit,
3107 3054 3174 3105 ut
3212 3052 3579 3122 posteriores
3612 3053 3868 3109 meliores

2126 3123 2170 3190 C
2209 3140 2428 3196 afferat.
2462 3138 2716 3194 Grossus
2762 3137 2915 3194 sicut
2944 3139 3265 3212 Synagogas
3310 3140 3551 3198 fructus
3583 3141 3868 3214 abjicitur,

2209 3226 2473 3283 Ecclesiae
2504 3230 2699 3283 autem
2731 3231 3063 3283 renovatur.

2278 3317 2367 3372 37.
2401 3317 2468 3371 Et
2496 3314 2765 3388 quamvis
2796 3314 2971 3387 plena
3017 3315 3417 3388 tranquillitas
3450 3318 3558 3385 sit,
3589 3323 3651 3375 et
3690 3317 3873 3375 adole-

2206 3404 2396 3461 verint
2423 3403 2721 3477 mysteria,
2753 3402 2965 3460 iterum
3009 3408 3207 3460 tamen
3253 3405 3396 3463 dicit
3430 3424 3444 3462 :
3481 3408 3671 3478 Surge
3696 3424 3880 3464 secura

2209 3494 2359 3550 ³θῖ
2393 3494 2762 3562 integumento
2788 3498 2956 3563 petrae
2988 3492 3172 3564 (Ibid.,
3198 3494 3309 3565 14),
3336 3494 3397 3549 id
3431 3500 3551 3564 est,
3586 3501 3719 3552 tuta
3747 3512 3878 3569 pris-

2208 3580 2358 3637 sidio
2412 3580 2706 3652 passionis
2764 3596 2925 3647 mea,
2953 3584 3013 3636 et
3068 3580 3203 3637 fidei
3261 3583 3676 3641 munimento.
3709 3584 3882 3641 Suxe-

2207 3673 2347 3726 runt
2374 3669 2532 3725 enim
2564 3666 2678 3723 mel
2712 3668 2783 3725 de
2812 3672 2993 3739 petra,
3025 3672 3084 3725 et
3139 3668 3332 3725 oleum
3388 3672 3470 3727 de
3533 3673 3885 3729 ﬁrmissima

2206 3763 2389 3831 petra.
2434 3758 2554 3814 Hoc
2608 3757 3010 3830 integumento
3067 3758 3277 3815 animai
3333 3759 3586 3831 piorum
3646 3762 3887 3827 indute,

2199 3848 2326 3918 jam
2357 3847 2526 3903 nuda;
2569 3861 2685 3901 non
2715 3850 2876 3910 sunt,
2905 3849 2964 3900 et
2992 3844 3115 3902 hac
3161 3846 3280 3903 illis
3329 3853 3423 3905 est
3476 3849 3884 3922 praemunitio.

2206 3937 2457 4008 Ideoque
2503 3939 2562 3990 et
2618 3934 2755 3990 huic
2801 3933 3010 3990 animae
3042 3934 3168 3991 ait:
3199 3937 3267 3991 Et
3305 3939 3440 3992 veni
3494 3946 3587 4007 tu,
3640 3937 3894 3995 columba

2204 4042 2347 4090 mea,
2400 4026 2762 4095 integumento
2805 4026 2975 4095 petrae
3012 4026 3182 4097 juxta
3226 4029 3768 4096 praemunitionem,
3810 4042 3895 4082 os-

2206 4112 2362 4170 tende
2416 4112 2563 4167 mihi
2623 4112 2826 4182 faciem
2874 4114 3050 4180 tuam,
3082 4115 3135 4168 et
3181 4114 3411 4169 insinua
3487 4131 3693 4172 vocem
3752 4123 3899 4172 tuam

2207 4200 2413 4273 (Ibid).
2441 4200 2719 4256 Hortatur
2766 4200 2839 4255 ad
2892 4200 3331 4269 confidentiam,
3385 4208 3461 4259 ut
3510 4221 3643 4261 non
3695 4204 3900 4260 erube-

2207 4294 2332 4345 scat
2359 4305 2591 4345 crucem
2621 4287 2860 4354 Christi,
2892 4304 2998 4344 nec
3050 4290 3179 4361 ejus
3233 4290 3666 4363 signaculum.
3700 4293 3904 4349 Horta-

2206 4384 2305 4434 tur
2334 4380 2401 4435 ad
2452 4377 2900 4446 confessionem,
2932 4376 3059 4433 vult
3104 4395 3309 4442 omnes
3360 4379 3647 4437 insidias
3703 4383 3904 4438 demo-

2205 4466 2353 4536 veri;
2387 4471 2453 4523 ut
2480 4467 2671 4523 bonus
2701 4465 2845 4521 odor
2883 4464 3020 4522 ﬁdei
3052 4466 3251 4541 spirat,
3286 4471 3348 4522 ut
3377 4468 3526 4524 dies
3560 4470 3823 4544 fulgeat,
3847 4473 3907 4525 ut

2207 4557 2460 4613 adversas
2492 4554 2678 4611 noctis
2728 4554 2941 4609 umbra
2987 4570 3104 4611 non
3154 4559 3394 4623 noceat;
3460 4559 3776 4629 quoniam
3810 4557 3907 4629 qui

2198 4646 2370 4717 juxta
2398 4642 2698 4700 Christum
2721 4647 2813 4699 est
2841 4642 2981 4698 dicit
3013 4658 3026 4697 :
3060 4643 3180 4699 Nox
3206 4647 3530 4715 praemisit,
3564 4647 3693 4703 dies
3724 4649 3908 4702 autem

2203 4733 2664 4806 appropinquavit
2693 4732 2867 4802 (Rom.
2898 4746 3022 4796 xm,
3056 4731 3166 4802 12).
3200 4731 3300 4787 Est
3346 4736 3408 4788 et
3461 4722 3707 4792 umbra
3738 4752 3914 4793 saecu-

2206 4822 2421 4879 larium
2462 4837 2590 4893 quas
2637 4819 2931 4893 praeteriit,
2962 4823 3021 4876 et
3049 4819 3176 4877 dies
3217 4820 3573 4880 calestium
3630 4824 3912 4881 Christus

2206 4912 2306 4983 qui
2357 4910 2576 4967 sanctis
2635 4908 2762 4965 suis
2790 4907 2966 4966 lucet.
2998 4908 3223 4981 Accipit
3278 4909 3401 4965 haec
3470 4911 3704 4970 anima
3762 4912 3919 4969 bona

2207 5001 2454 5074 pignora
2482 4997 2808 5055 charitatis.

2862 5086 3095 5143 CAPUT
3134 5087 3201 5141 V.

2274 5182 2515 5251 Sponsus
2556 5177 2730 5233 denuo
2768 5176 3055 5248 sublapsus
3101 5177 3168 5232 ab
3217 5178 3411 5232 anima
3476 5177 3550 5234 in
3607 5178 3807 5238 cubili
3858 5178 3915 5232 in

2277 5355 2390 5431 (23)
2422 5354 2640 5411 Omnes
2679 5352 2950 5431 _edit.,gab
2977 5354 3119 5431 _a_liis
3163 5354 3529 5431 requiratur,
3589 5373 3731 5431 prae
3781 5359 3918 5430 ipsis

2204 5445 2241 5484 a
2268 5425 2463 5555 quiens
2483 5427 2803 5555 ἐυεργέων,
2833 5428 2943 5481 etc.
2976 5425 3116 5482 Mss.
3148 5440 3179 5481 e
3209 5426 3527 5484 contrario
3562 5425 3641 5485 tib
3696 5432 3783 5488 eis
3803 5425 3916 5486 ’νε-

2207 5515 2370 5572 quire
2400 5541 2413 5569 ,
2448 5514 2479 5555 e
2546 5542 2559 5555 .
