4122 6146
276 298 387 390 tu

1428 320 1657 386 manu
1701 318 1801 380 DE
1846 309 2082 379 ISAAC
2128 294 2229 375 ΕΤ
2274 316 2551 385 ANIMA.

3568 330 3685 393 542

347 460 645 530 noctibus,
677 462 1115 540 etc.,_incass_um
1144 459 1439 540 σπανίων,
1464 464 1516 540 et
1549 474 1717 540 quare
1740 457 1927 540 tidem
1957 433 2015 513 Α
2044 452 2569 527 persecutionibus,
2620 462 2675 517 et
2720 459 2832 519 cito
2884 462 3203 523 inveniunt.
3256 466 3324 523 Et
3355 465 3482 523 ideo
3513 464 3683 540 quasi

348 542 533 591 tamen
579 538 760 606 postea
801 535 1097 606 invenitur
1194 531 1458 603 quomodo
1490 529 1602 606 ipse
1631 531 1806 585 teneri
1835 529 1926 583 de-

349 608 472 687 beat
492 609 517 660 .9
574 601 724 687 Hunc
778 605 970 687 deinde
1001 621 1149 687 .cum
1201 601 1403 687 sponsa
1450 620 1478 658 e
1507 601 1710 687 deserto
1741 616 1928 687 ascen-

350 677 570 733 dentem
613 678 753 748 ﬁlim
801 676 1125 748 Jerusalem,
1158 671 1463 748 mirantur,
1518 682 1680 748 atque
1707 672 1777 726 ad
1806 671 1929 726 tha-

350 750 560 804 lamum
589 746 881 817 prosecutae
924 747 1282 818 epithalamio
1321 746 1617 818 celebrant.
1655 746 1770 818 Ipse
1792 757 1928 818 gua-

346 836 454 891 que
513 814 759 874 animam
814 814 1039 891 propius
1099 821 1347 873 vocatam
1431 817 1605 871 variis
1674 814 1932 891 laudibus

343 899 593 947 exornat.

340 997 427 1051 38.
474 996 689 1052 Tertius
720 996 935 1051 animm
959 1011 1261 1066 processus.
1292 1025 1359 1033 --
1390 993 1500 1048 Sed
1534 991 1671 1063 quia
1700 1005 1932 1062 semper

273 1082 500 1140 solliciti
550 1097 677 1137 esse
730 1082 1039 1146 debemus,
1088 1098 1325 1154 semper
1372 1080 1581 1137 intenti
1626 1100 1638 1147 ;
1696 1084 1753 1135 et
1793 1078 1933 1150 quia

272 1172 522 1228 Verbum
552 1170 652 1225 Dei
687 1171 852 1225 sicut
905 1170 1171 1241 capreola
1219 1169 1431 1233 exsilit,
1477 1173 1577 1224 aut
1607 1169 1759 1223 sicut
1799 1166 1931 1221 hin-

274 1260 446 1317 nulus
476 1274 812 1325 cervorum,
847 1275 1077 1329 semper
1105 1257 1306 1330 vigilet
1356 1257 1571 1325 anima,
1605 1262 1661 1311 et
1689 1259 1930 1326 praeten-

274 1351 371 1406 dat
398 1365 523 1420 quae
580 1348 844 1419 requirit
899 1364 1053 1412 eum,
1115 1351 1173 1403 et
1204 1364 1334 1417 quae
1393 1352 1588 1402 tenere
1617 1345 1929 1400 desiderat.

274 1438 404 1494 Ideo
434 1435 597 1507 quasi
630 1435 997 1505 sublapsum
1029 1435 1163 1500 sibi,
1204 1436 1268 1490 In
1318 1436 1512 1500 cubili,
1547 1434 1758 1504 inquit,
1791 1448 1929 1497 meo,

272 1529 330 1581 in
360 1524 609 1581 noctibus
640 1525 884 1595 quaesivi
929 1541 1085 1596 quem
1131 1524 1331 1579 dilexit
1375 1525 1566 1578 anima
1594 1538 1717 1578 mea
1748 1521 1929 1591 (Cant.

274 1630 357 1680 ιιι,
392 1614 463 1683 1).
497 1612 600 1678 Qui
644 1612 804 1668 bene
867 1613 1094 1683 quaerit,
1153 1612 1213 1667 in
1245 1611 1424 1667 cubili
1464 1616 1702 1682 ques-rat,
1736 1609 1796 1664 in
1828 1626 1930 1665 no-

272 1702 467 1758 ctibus
497 1703 743 1773 queret,
779 1716 890 1755 nec
923 1700 1044 1756 dies
1089 1700 1357 1770 feriatus,
1389 1714 1576 1769 neque
1606 1703 1803 1753 noctes
1834 1697 1930 1752 sit.

271 1788 511 1846 Nullum
556 1793 804 1860 tempus
858 1792 1071 1843 vaceta
1103 1788 1359 1859 pietatis,
1391 1787 1612 1854 ofﬁcio;
1645 1790 1702 1841 et
1730 1785 1782 1875 si
1819 1802 1931 1842 non
1966 1811 2015 1875 Β

270 1876 553 1933 invenerit
571 1876 792 1948 primo,
829 1879 1157 1947 perseveret
1188 1876 1246 1930 in
1279 1875 1649 1946 requirendo.
1684 1874 1950 1945 Ideoque

271 1965 450 2022 dicit:
500 1966 820 2034 Exsurgam
872 1965 1076 2034 itaque,
1121 1968 1172 2019 et
1220 1978 1470 2035 quaeram
1517 1965 1577 2017 in
1604 1966 1841 2028 civitate,
1875 1964 1935 2018 in

271 2059 412 2126 foro,
448 2056 508 2109 in
550 2053 755 2124 plateis
788 2052 954 2121 (Ibid.
1009 2052 1085 2115 2).
1118 2053 1189 2107 Et
1234 2051 1482 2107 fortasse
1531 2051 1658 2107 ideo
1692 2068 1806 2105 non
1839 2051 1933 2105 in-

270 2142 434 2199 venit
462 2141 672 2208 adhuc,
708 2139 861 2211 quia
891 2139 950 2193 in
985 2140 1106 2195 foro
1137 2139 1424 2211 quesivit,
1468 2140 1565 2194 ubi
1595 2139 1725 2194 lites
1757 2142 1933 2205 sunt;

270 2230 334 2286 in
392 2229 618 2302 plateis,
680 2228 791 2285 ubi
846 2228 1123 2283 nundinae
1180 2244 1378 2284 rerum
1436 2227 1749 2283 venalium.
1808 2227 1935 2282 Non

272 2320 433 2376 enim
464 2318 583 2373 ulla
610 2316 891 2373 Christus
925 2316 1172 2387 pecunia
1199 2321 1593 2388 comparatur.

346 2408 436 2463 39.
468 2407 798 2463 Possumus
823 2408 884 2460 et
920 2403 1005 2459 sic
1033 2403 1357 2475 intelligere
1385 2422 1397 2458 :
1423 2404 1486 2459 In
1517 2403 1696 2459 cubili
1730 2404 1938 2475 quaerit

270 2495 597 2562 Christum,
622 2510 754 2566 qua
777 2492 991 2563 quaerit
1011 2507 1146 2547 eum
1164 2509 1300 2547 cum
1327 2491 1769 2564 tranquillitate,
1802 2509 1935 2548 cum

270 2584 511 2657 pace.ln
543 2583 823 2639 noctibus
874 2580 1101 2651 quaerit,
1158 2580 1438 2651 quoniam
1496 2597 1597 2652 per
1625 2580 1935 2652 parabolas

270 2672 646 2744 loquebatur.
680 2668 889 2725 Posuit
909 2668 1066 2723 enim
1092 2670 1360 2724 tenebras
1384 2667 1695 2724 latibulum
1717 2686 1892 2724 suum
1919 2688 1931 2738 ;

268 2764 333 2816 et
360 2776 475 2815 nox
533 2758 692 2815 nocti
752 2756 981 2811 indicat
1022 2755 1349 2812 scientiam.
1404 2757 1623 2812 Deinde
1656 2756 1934 2829 quoniam

268 2866 406 2921 qua
456 2846 714 2903 dicimus
744 2845 810 2901 in
842 2845 1016 2900 corde
1048 2851 1269 2911 nostro,
1301 2861 1370 2900 ea
1401 2862 1508 2901 nos
1540 2861 1934 2918 compungere

266 2939 334 2994 in
361 2935 662 2993 cubilibus
703 2934 942 2990 debent.
978 2934 1089 2989 Sed
1132 2938 1327 3001 tamen
1361 2951 1464 2989 nec
1495 2934 1578 2990 sic
1607 2934 1845 3002 invenit,
1878 2939 1936 2991 et

267 3026 408 3082 ideo
461 3023 605 3080 dicit
637 3040 650 3078 :
686 3024 1022 3090 Exsurgam,
1072 3021 1129 3075 id
1162 3024 1270 3088 est,
1305 3021 1547 3093 erigam,
1580 3026 1637 3077 et
1667 3020 1932 3077 attollam

268 3113 664 3170 intentionem
725 3127 941 3176 meam,
1004 3125 1263 3181 quaeram
1320 3108 1590 3180 impigre,
1671 3125 1929 3181 quaeram

2042 545 2176 613 post
2211 545 2579 615 tentationes,
2629 550 2766 620 quia
2825 554 3099 624 periculis
3148 555 3407 612 fidelium
3439 572 3682 613 suorum

2043 630 2211 686 adest
2244 648 2255 685 :
2292 634 2466 701 Quam
2493 638 2766 694 modicum
2798 640 3007 712 inquit,
3050 661 3172 699 cum
3201 647 3436 700 transivi
3482 646 3550 700 ab
3583 647 3683 710 eis,

2042 722 2233 774 inveni
2280 738 2423 789 eum,
2477 728 2634 780 tenui
2680 744 2823 796 eum,
2870 735 2917 786 et
2965 749 3075 787 non
3121 734 3312 789 dimisi
3337 750 3461 788 eum
3500 733 3681 805 (Cant.

2044 826 2123 873 Ill,
2158 810 2232 877 4).
2285 810 2488 867 Omnis
2537 814 2691 870 enim
2741 820 2837 888 qui
2897 820 3119 891 quzerit,
3171 822 3411 887 invenit,
3458 825 3515 877 et
3583 821 3685 893 qui

2044 898 2351 969 invenerit,
2386 901 2677 959 adhaerere
2708 906 2897 972 debet,
2939 925 3010 963 ne
3042 909 3225 980 possit
3255 910 3539 965 amittere.

2117 988 2203 1041 42.
2237 987 2305 1042 Et
2365 990 2642 1059 quoniam
2689 1009 2790 1064 per
2826 995 3197 1067 Evangelium
3231 998 3289 1051 in
3321 997 3493 1052 terris
3523 998 3688 1055 vide-

2044 1093 2179 1131 mus
2211 1076 2466 1133 caalestia
2486 1081 2760 1151 mysteria
2791 1084 3055 1153 figurata,
3082 1086 3388 1140 veniamus
3419 1085 3489 1140 ad
3524 1084 3688 1140 illam

2046 1164 2287 1219 Mariam
2322 1168 2453 1235 (21),
2494 1168 2796 1224 veniamus
2828 1175 2884 1225 et
2914 1172 2984 1226 ad
3025 1172 3450 1245 Magdalenam.
3486 1172 3689 1228 Consi-

2044 1255 2315 1310 deremus
2374 1258 2867 1326 quemadmodum
2916 1259 3214 1316 Christum
3250 1262 3309 1316 in
3344 1261 3523 1316 cubili
3556 1278 3690 1316 cor—

2043 1343 2201 1413 poris
2250 1344 2341 1398 sui
2388 1343 2447 1398 in
2498 1361 2613 1415 quo
2660 1346 2969 1402 defunctus
3012 1350 3267 1419 jacebat,
3319 1349 3377 1403 in
3412 1350 3689 1406 noctibus

2043 1432 2433 1502 quaesiverint,
2468 1433 2701 1503 quando
2734 1434 2878 1489 dixit
2907 1434 3024 1491 illis
3055 1437 3333 1507 angelus:
3368 1440 3549 1493 Iesum
3593 1439 3694 1509 qui

2042 1521 2338 1589 cruciﬁxus
2375 1528 2452 1575 est
2496 1523 2786 1589 quaeritis;
2833 1538 2939 1577 non
2974 1528 3051 1579 est
3099 1526 3207 1591 hic,
3240 1528 3488 1582 surrexit
3516 1528 3687 1582 enim.

2045 1608 2184 1675 Quid
2226 1611 2399 1679 igitur
2443 1610 2693 1681 quaeritis
2740 1612 3004 1666 viventem
3049 1629 3175 1668 cum
3218 1616 3451 1670 mortuis
3476 1616 3688 1687 (Matth.

2041 1713 2237 1766 xxvm,
2269 1698 2408 1762 5-7;
2442 1697 2566 1751 Luc.
2600 1714 2752 1765 xxw,
2782 1698 2888 1767 5)?
2917 1699 3063 1764 Quid
3097 1702 3357 1772 queritis
3401 1703 3460 1758 in
3492 1704 3692 1777 sepul-

2043 1802 2140 1840 cro
2172 1802 2306 1841 eum
2361 1784 2462 1856 qui
2494 1786 2620 1855 jam
2675 1785 2732 1839 in
2782 1786 2923 1841 caelo
2973 1788 3099 1844 sit?
3144 1788 3293 1854 Quid
3338 1791 3599 1862 quaeritis
3630 1792 3691 1848 in

2042 1873 2297 1930 vinculis
2354 1873 2665 1945 sepultum
2718 1875 3123 1932 universorum
3173 1878 3410 1935 vincula
3462 1879 3693 1936 solven-

2044 1965 2212 2017 tem?
2262 1962 2387 2017 Non
2421 1960 2754 2033 sepulcrum
2795 1962 2933 2018 huic
2963 1966 3151 2034 sedes,
3194 1967 3295 2022 sed
3328 1967 3540 2025 malum
3579 1974 3690 2026 est.

2045 2051 2176 2107 Ideo
2208 2051 2354 2106 dixit
2385 2068 2501 2105 una
2528 2067 2595 2106 ex
2625 2050 2717 2106 his
2743 2069 2755 2106 :
2792 2053 3033 2120 Quaesivi
3078 2072 3223 2124 eum,
3274 2065 3325 2112 et
3363 2073 3474 2114 non
3504 2061 3695 2116 inveni

2045 2155 2170 2193 eum
2192 2139 2369 2209 (Cant.
2405 2156 2490 2203 In,
2517 2142 2588 2211 1).

2116 2229 2204 2283 43.
2238 2229 2458 2283 Tamen
2490 2231 2631 2286 dum
2663 2232 2882 2287 vadunt
2910 2232 3201 2303 Apostolis
3247 2235 3537 2305 nuntiare,
3580 2237 3692 2293 mi-

2044 2321 2275 2371 seratus
2309 2322 2632 2388 quaerentes
2662 2322 2895 2374 occurrit
2925 2322 3000 2375 eis
3042 2325 3205 2376 Jesus
3251 2322 3470 2379 dicens:
3508 2327 3689 2383 Avete.

2043 2406 2165 2461 Illae
2220 2414 2401 2460 autem
2438 2413 2798 2475 accesserunt,
2832 2412 2883 2463 et
2933 2415 3225 2466 tenuerunt
3267 2412 3426 2482 pedes
3476 2415 3617 2485 ejus,
3642 2424 3694 2473 et

2043 2493 2408 2548 adoravemnt
2464 2511 2585 2550 eum
2637 2496 2841 2565 (Matth.
2887 2513 3079 2561 xxvm,
3132 2499 3208 2568 9).
3257 2499 3509 2556 Tenetur
3551 2520 3691 2577 ergo

2042 2581 2237 2647 Jesus,
2272 2582 2371 2637 sed
2404 2582 2721 2640 delectatur
2751 2584 2835 2641 sic
2866 2584 3068 2651 teneri,
3102 2586 3242 2656 quia
3272 2587 3384 2643 fide
3434 2592 3687 2648 tenetur.

2043 2669 2304 2741 Denique
2334 2669 2636 2726 delectavit
2683 2689 2815 2729 eum
2848 2676 2905 2728 et
2936 2672 3033 2727 illa
3079 2672 3289 2730 mulier
3338 2691 3465 2748 quae
3496 2680 3689 2753 tetigit

2043 2773 2199 2824 eum,
2250 2761 2306 2813 et
2337 2763 2541 2815 curata
2568 2763 2657 2815 est
2686 2762 2991 2835 sanguinis
3038 2761 3218 2829 ﬂuxu,
3254 2764 3324 2818 de
3354 2781 3471 2836 qua
3501 2767 3684 2824 dixit:

2044 2848 2232 2917 Tetigit
2262 2863 2348 2902 me
2375 2848 2600 2919 aliquis,
2632 2867 2764 2905 nam
2792 2852 2965 2906 sentio
3003 2852 3260 2906 virtutem
3278 2852 3345 2908 de
3388 2870 3473 2909 me
3508 2859 3690 2914 exisse

2043 2935 2192 3006 (Luc.
2224 2952 2346 3001 vm,
2398 2937 2507 3007 46).
2556 2938 2753 3009 Tange
2812 2954 2969 3011 ergo,
3021 2944 3077 2994 et
3123 2937 3236 2995 ﬁde
3278 2945 3410 2997 tene
3440 2958 3598 3013 eum,
3633 2950 3690 3002 et

2043 3024 2377 3095 constringe
2428 3024 2674 3081 fideliter
2725 3027 2902 3099 pedes
2962 3028 3111 3098 ejus,
3172 3032 3237 3083 ut
3292 3030 3479 3087 virtus
3511 3033 3582 3089 de
3621 3051 3688 3091 eo

2042 3117 2226 3178 exeat,
2267 3116 2323 3168 et
2354 3118 2520 3169 sanet
2550 3115 2808 3170 animam
2839 3119 3022 3171 tuam.
3057 3116 3127 3171 Et
3158 3116 3207 3172 si
3238 3117 3394 3173 dicat
3417 3135 3429 3174 :
3454 3122 3581 3176 Noli
3602 3139 3689 3179 me

268 3200 563 3259 sollicite:
599 3200 857 3255 introibo
889 3170 948 3253 in
992 3170 1310 3253 civitatem.
1343 3170 1444 3253 Est
1468 3170 1529 3253 ct
1572 3170 1768 3253 anima
1805 3213 1933 3269 qua:
1964 3170 2007 3238 (ἶ
2044 3170 2272 3269 tangere
2319 3201 2494 3272 (Joan.
2538 3219 2631 3268 xx,
2663 3203 2774 3275 l7),
2807 3208 2867 3259 tu
2900 3170 3029 3259 tene
3059 3170 3192 3275 (25):.

269 3290 456 3346 dicit:
510 3291 619 3361 Ego
666 3290 863 3344 civitas
904 3289 1141 3352 munita,
1173 3302 1271 3356 ego
1321 3289 1517 3343 civitas
1565 3286 1772 3341 obsessa
1804 3288 1928 3356 (Isa.

266 3395 454 3434 xxvn.
494 3379 572 3447 3).
623 3377 729 3432 Est
774 3375 980 3431 civitas
1030 3373 1261 3429 munita
1319 3392 1422 3446 per
1473 3373 1793 3440 Christum,
1846 3379 1935 3430 est

268 3467 481 3523 civitas
511 3464 614 3520 illa
660 3463 1027 3520 Hierusalem
1077 3463 1137 3517 in
1184 3462 1326 3518 cmlo
1359 3463 1417 3517 in
1483 3479 1601 3534 qua
1630 3463 1934 3518 abundant

266 3555 483 3611 divinae
526 3553 674 3625 legis
724 3554 1093 3624 interpretes,
1140 3555 1198 3607 et
1234 3550 1556 3623 disciplinae
1589 3551 1795 3623 periti:
1831 3568 1934 3623 per

267 3661 374 3700 eos
424 3642 682 3698 Verbum
737 3642 840 3697 Dei
901 3640 1205 3714 queritur.
1259 3641 1539 3709 Quaeram,
1601 3641 1814 3712 inquit,
1869 3643 1929 3694 in

265 3734 393 3804 foro
450 3730 610 3788 illius
659 3730 934 3795 civitatis,
982 3729 1043 3785 in
1074 3728 1174 3785 illo
1229 3729 1351 3785 foro
1383 3729 1482 3785 ubi
1521 3732 1774 3785 tractant
1792 3730 1931 3801 jura

269 3819 555 3890 consulti,
614 3819 715 3875 ubi
764 3818 958 3875 oleum
1005 3818 1297 3885 venditur,
1359 3817 1516 3891 quod
1573 3817 1927 3892 Evangelicae

268 3908 534 3982 virgines
564 3916 771 3963 emunt
842 3909 1050 3979 (Matth.
1098 3924 1229 3977 xxv,
1269 3906 1324 3977 9)
1379 3911 1443 3962 ut
1494 3924 1724 3979 semper
1774 3909 1927 3964 faces

270 4014 398 4053 sum
429 3996 682 4063 luceant,
714 4013 817 4052 nec
842 4013 941 4052 eas
963 3996 1164 4051 fumus
1214 3995 1540 4067 iniquitatis
1571 3990 1923 4069 exstiﬁguat.

263 4090 552 4155 Quaeram,
587 4085 798 4157 inquit,
830 4087 891 4140 in
937 4086 1136 4157 plateis
1184 4083 1242 4139 in
1290 4083 1505 4155 quibus
1557 4085 1927 4156 superfluunt

263 4190 439 4246 aqua:
497 4174 568 4230 de
618 4172 738 4229 illis
778 4173 1040 4229 fontibus
1105 4177 1572 4244 prorumpentes,
1638 4175 1791 4230 868
1854 4175 1924 4230 de

263 4262 491 4334 quibus
507 4262 780 4318 Salomon
802 4262 946 4318 dicit
975 4278 1104 4317 esse
1150 4262 1471 4333 potandum
1503 4261 1683 4333 (Prov.
1716 4280 1772 4330 v,
1810 4264 1916 4332 15).

340 4350 435 4405 40.
458 4350 608 4406 Dum
631 4349 839 4422 quaerit
860 4349 1042 4422 igitur
1061 4349 1377 4415 Christum,
1396 4350 1616 4406 invenit
1645 4352 1921 4407 custodes

260 4438 370 4510 qui
427 4437 486 4493 in
520 4438 843 4493 ministerio
876 4443 1035 4505 sunt,
1097 4438 1169 4492 ab
1198 4437 1293 4492 his
1332 4439 1578 4509 requirit
1607 4439 1799 4509 (Cant.
1832 4457 1915 4507 III,

2042 3289 2286 3344 ascendit
2314 3289 2384 3343 ad
2426 3291 2644 3345 Patrem
2680 3307 2883 3359 meum,
2927 3291 3072 3347 dixit
3101 3293 3299 3348 semel.
3335 3295 3526 3350 Dixit:
3560 3298 3687 3354 Noli

2040 3394 2126 3433 me
2174 3382 2416 3447 tangere,
2452 3379 2684 3448 quando
2716 3379 3067 3435 resurrexit:
3115 3384 3218 3435 aut
3250 3381 3395 3437 forte
3425 3382 3508 3438 illi
3540 3385 3686 3441 dixit

2042 3483 2167 3537 quae
2200 3465 2443 3536 putabat
2472 3465 2625 3520 furto
2655 3482 2782 3522 esse
2841 3467 3161 3536 sublatum,
3197 3472 3255 3524 et
3314 3486 3430 3527 non
3469 3472 3682 3531 virtute

2040 3553 2274 3626 propria
2305 3553 2737 3608 resuscitatum.
2773 3553 3034 3626 Denique
3065 3556 3123 3609 in
3153 3554 3265 3610 alio
3296 3556 3444 3613 libro
3476 3560 3677 3629 habes,

2040 3643 2180 3714 quia
2208 3641 2541 3697 tenentibus
2571 3642 2747 3713 pedes
2775 3645 2831 3696 et
2883 3643 3261 3698 adorantibus
3292 3644 3472 3701 dixit:
3506 3649 3682 3707 Nolite

2040 3734 2232 3787 timere
2260 3730 2477 3802 (Matth.
2530 3746 2726 3797 xxvm,
2759 3729 2867 3801 40).
2903 3731 3057 3785 Tene
3088 3745 3225 3801 ergo
3254 3736 3311 3786 et
3339 3736 3425 3803 tu,
3458 3735 3675 3805 anima,

2036 3820 2188 3875 sicut
2215 3820 2453 3875 tenebat
2482 3823 2538 3875 et
2563 3818 2763 3886 Maria,
2796 3821 2852 3873 et
2881 3817 2975 3872 dic
3013 3833 3027 3873 :
3084 3818 3251 3871 Tenui
3291 3835 3436 3884 eum,
3470 3830 3522 3876 et
3564 3841 3675 3879 non

2036 3908 2317 3965 dimittam
2358 3909 2536 3976 (Cant.
2583 3924 2667 3972 ιη,
2712 3907 2785 3978 4),
2820 3906 2973 3961 sicut
3001 3904 3271 3959 dicebant
3309 3907 3531 3964 ambae:
3566 3911 3672 3966 Te-

2036 4014 2280 4053 neamus
2318 4000 2394 4053 te.
2438 3996 2598 4052 Vade
2647 3995 2716 4050 ad
2777 3994 3026 4063 Patrem,
3083 3992 3185 4047 sed
3225 4009 3340 4048 non
3376 3994 3672 4068 relinquas

2032 4087 2226 4154 Evam,
2263 4102 2333 4141 ne
2364 4085 2573 4142 iterum
2605 4082 2855 4139 labatur.
2888 4083 3102 4137 Tecum
3133 4096 3261 4136 eam
3293 4081 3507 4151 ducito,
3542 4086 3668 4156 jam

2033 4192 2149 4230 non
2178 4178 2487 4242 errantem,
2536 4173 2635 4229 sed
2690 4172 2954 4227 arborem
2988 4169 3111 4224 vitm
3140 4173 3453 4226 tenentem.
3510 4173 3671 4248 Rape

2030 4264 2147 4318 tuis
2178 4262 2425 4334 pedibus
2454 4259 2923 4323 inhaerentemmt
2950 4260 3144 4312 tecum
3189 4258 3467 4314 ascendat
3500 4274 3513 4314 :
3548 4261 3668 4318 noli

2030 4367 2122 4406 me
2153 4351 2466 4416 dimittere,
2498 4366 2570 4404 ne
2601 4348 2811 4403 iterum
2872 4361 3109 4417 serpens
3148 4361 3365 4401 venena
3397 4365 3504 4404 sua
3537 4350 3667 4407 fun-

2028 4441 2147 4505 dat,
2182 4456 2252 4495 ne
2284 4439 2496 4493 iterum
2527 4440 2746 4508 quaerat
2799 4433 3114 4490 femineum
3171 4438 3439 4493 mordere
3485 4441 3665 4497 vesti-

255 4528 343 4599 3).
403 4526 514 4582 Sed
566 4526 763 4582 anima
815 4543 942 4598 quat
992 4525 1177 4581 Deum
1228 4527 1455 4597 qumrit,
1501 4526 1677 4582 etiam
1724 4535 1918 4585 custo-
2026 4527 2283 4600 gium,ut
2312 4525 2647 4599 supplantat
2677 4523 2881 4579 Adam.
2932 4522 3097 4579 Dicat
3133 4539 3269 4596 ergo
3301 4525 3501 4584 anima
3527 4534 3662 4588 tua:

255 4615 374 4671 des
402 4615 634 4670 transit.
667 4615 816 4671 Sunt
844 4615 1000 4670 enim
1035 4614 1312 4687 mysteria
1343 4631 1469 4685 quae
1491 4616 1666 4673 etiam
1714 4617 1916 4691 Angeli
2024 4618 2213 4672 Teneo
2244 4620 2317 4683 te,
2353 4620 2409 4669 et
2446 4614 2718 4668 inducam
2769 4616 2823 4667 te
2865 4612 2922 4667 in
2954 4611 3195 4668 domum
3237 4616 3443 4673 matris
3484 4634 3660 4688 meae;

251 4702 693 4775 concupiscunt
740 4703 949 4759 videre.
1014 4703 1175 4759 Unde
1229 4703 1433 4759 Petrus
1488 4704 1606 4759 ait:
1648 4708 1915 4763 Nuntiata
2024 4705 2168 4761 etin
2210 4707 2496 4759 secretum
2527 4701 2655 4772 ejus
2708 4717 2834 4773 qua:
2892 4701 3157 4774 concepit
3214 4719 3325 4771 me,
3363 4708 3426 4760 ut
3456 4721 3664 4778 cogno-

249 4800 419 4861 sunt,
469 4792 681 4864 inquit,
708 4794 857 4848 vobis
908 4808 1009 4864 per
1037 4808 1123 4847 eos
1152 4793 1347 4863 quibus
1375 4794 1910 4865 evangelizaverunt,
2024 4811 2182 4849 scam
2216 4791 2493 4864 mysteria
2548 4794 2667 4858 tua,
2727 4798 2791 4845 ut
2822 4789 3087 4846 hauriam
3144 4798 3509 4849 sacramenta
3538 4798 3657 4851 tua.

248 4882 487 4953 Spiritu
530 4889 709 4938 sancto
738 4883 904 4937 misso
940 4881 1006 4935 de
1053 4881 1208 4947 eazlo,
1242 4882 1302 4936 in
1345 4897 1503 4952 quem
1530 4886 1914 4956 concupiscunt
2024 4883 2267 4954 Suscipe
2298 4881 2477 4953 igitur
2508 4880 2682 4935 Evam
2709 4881 2833 4951 jam
2867 4896 2980 4934 non
3028 4880 3288 4936 ﬁculnea
3334 4880 3489 4936 foliis
3521 4883 3661 4938 ado-

243 4970 456 5041 angeli
500 4972 807 5042 prospicere
844 4971 893 5041 (Ι
934 4971 1080 5027 Petr.
1130 4987 1171 5038 ι,
1220 4970 1333 5039 12).
1376 4971 1522 5043 Ergo
1571 4973 1672 5044 qui
1718 4978 1912 5031 trans-
2021 4976 2268 5044 pertam,
2302 4970 2403 5026 sed
2457 4973 2658 5025 sancto
2690 4968 2962 5024 amictam
2993 4967 3232 5039 Spiritu,
3267 4971 3324 5022 et
3354 4984 3502 5024 nova
3530 4987 3661 5042 gra-

241 5058 399 5116 ierit
432 5058 724 5127 custodes,
766 5058 1024 5114 Verbum
1073 5057 1311 5114 invenit.
1362 5059 1659 5116 Transivit
1692 5062 1909 5119 Johan-
2019 5061 2103 5117 tia
2154 5060 2517 5132 gloriosam;
2590 5058 2729 5131 quia
2791 5058 2917 5129 jam
2984 5073 3100 5111 non
3155 5060 3437 5128 tanquam
3504 5059 3660 5116 809

242 5165 392 5213 nes,
429 5144 529 5218 qui
555 5146 811 5203 Verbum
856 5147 1008 5219 apud
1032 5147 1260 5203 Patrem
1293 5148 1514 5203 invenit
1543 5151 1719 5217 (Joan.
1755 5166 1795 5222 ι,
1832 5154 1906 5224 1),
2019 5150 2241 5204 nudata
2295 5145 2677 5204 absconditur
2706 5165 2725 5201 :
2795 5145 2896 5200 sed
2958 5148 3239 5214 tanquam
3298 5145 3663 5205 circumdata

325 5239 429 5293 41.
464 5233 630 5290 Multi
684 5252 917 5308 quoque
972 5240 1112 5292 sunt
1168 5235 1269 5307 qui
1328 5235 1387 5290 in
1461 5238 1577 5293 otio
1637 5247 1909 5311 quaerunt
2015 5236 2346 5294 vestimenti
2368 5232 2971 5307 splendorel‘ulgentis
3010 5232 3280 5299 occurrit,
3322 5233 3462 5304 quia
3488 5238 3662 5294 vestit

233 5324 584 5388 Christum,
616 5329 672 5381 et
701 5342 817 5381 non
862 5325 1188 5393 inveniunt,
1238 5328 1295 5381 et
1326 5324 1633 5383 inveniunt
1671 5343 1805 5384 eum
1846 5329 1906 5386 in
2016 5344 2144 5384 eam
2198 5325 2404 5399 gratia.
2447 5322 2558 5378 Sed
2620 5338 2724 5377 nec
2778 5320 2962 5375 Adam
3021 5319 3211 5392 primo
3269 5323 3465 5380 nudus
3535 5331 3661 5383 erat

316 5485 444 5561 (2-1)
466 5484 643 5561 Rom.
698 5486 836 5561 edit.
885 5502 955 5543 ex
1004 5486 1289 5561 uno_Vat.
1338 5487 1490 5561 cod._,
1524 5490 1810 5547 veniamus
1835 5494 1905 5550 ad
2013 5492 2157 5548 dixit
2214 5489 2349 5549 noli,
2388 5483 2480 5561 in
2517 5479 3220 5561 edit-desiderabantur:
3258 5483 3359 5539 sed
3393 5487 3658 5543 omnium

222 5554 655 5629 la'gdalenam,
684 5559 967 5614 veniamus
996 5561 1047 5615 et
1075 5557 1145 5613 ad
1176 5560 1411 5615 alteram
1435 5559 1686 5615 Mariam.
2014 5580 2157 5620 mss.
2183 5554 2523 5617 auctoritate
2556 5554 2824 5608 restituta
2855 5559 3015 5612 sunt.

310 5628 442 5705 (25)
476 5628 609 5694 Quae
649 5629 991 5688 inseruntur
1047 5630 1199 5686 inter
1250 5647 1438 5700 voces,
1499 5639 1559 5687 tu
1626 5640 1747 5690 tene
1822 5641 1898 5708 et,
