4122 6146
566 243 682 308 843

2019 237 2083 304 Β.
2129 237 2505 309 Ακθθοειι

3801 265 3900 348 5M

565 381 960 456 quando'cum
993 376 1324 440 innocentia
1355 376 1654 438 (vestiebat
1683 378 1778 454 (De
1823 378 2024 438 Paenit.
2058 376 2198 439 dist.
2230 373 2288 449 Α
2317 379 2554 442 dicunt:
2599 379 2962 458 Egredimim,
2993 381 3052 446 id
3084 387 3195 458 est,
3227 385 3376 446 exite
3419 385 3490 448 de
3539 387 3897 458 sollicitudini-

559 477 614 540 2,
648 491 774 546 cap.
810 473 910 529 Sed
938 489 1037 530 nec
1074 472 1285 544 Adam.)

631 565 720 620 44.
755 564 1030 619 Videntes
1060 563 1253 634 itaque
1282 577 1409 616 eam
1443 560 1573 616 ﬁliae
1617 561 1942 619 Jerusalem
1974 562 2203 620 Christo
2232 613 2243 622 .

555 651 1022 718 inheerentem,et
1049 651 1236 706 adhuc
1275 652 1686 707 ascendentem
1713 669 1847 708 cum
1878 667 1944 708 eo
1976 652 2203 724 (digna-

556 745 656 798 tur
685 743 840 798 enim
864 740 1256 813 qumrentibus
1278 740 1608 811 frequenter
1637 758 1957 807 occurrere,
1989 745 2045 797 et
2070 759 2204 798 con-

560 833 909 889 descendere
931 835 994 884 ut
1018 846 1115 884 eos
1146 829 1349 900 elevet)
1380 831 1618 886 dicunt:
1648 831 1779 898 Quae
1819 836 1899 886 est
1938 832 2056 889 ἠως
2076 845 2200 903 φατε

557 921 844 977 ascendite
888 919 1098 973 deserto
1147 918 1257 988 (26)
1310 919 1491 988 (Cant.
1547 937 1629 986 ιιι,
1659 919 1766 990 6)?
1799 919 2072 975 Desertus
2103 919 2198 974 hic

552 1013 717 1064 terra:
747 1007 910 1063 locus
940 1010 996 1061 et
1039 1006 1298 1063 incultus
1337 1007 1590 1072 videtur,
1628 1008 1893 1062 sentibus
1924 1011 1981 1063 et
2010 1007 2196 1079 spinis

552 1102 883 1154 nostrorum
916 1096 1143 1152 obsitus
1190 1095 1555 1150 delictorum.
1600 1096 1887 1152 Mirantur
1927 1095 2196 1152 videlicet

550 1187 842 1258 quomodo
865 1186 1062 1242 anima
1083 1203 1209 1257 quae
1232 1189 1363 1240 ante
1385 1187 1444 1240 in
1465 1185 1812 1252 inferno(‘27)
1828 1185 2193 1257 derelinque-

548 1277 738 1334 batur.
774 1275 1052 1331 inhaereat
1073 1274 1172 1330 Dei
1199 1274 1406 1342 Verbo,
1440 1278 1495 1330 et
1525 1273 1850 1330 ascenderit
1879 1275 2030 1331 sicut
2060 1274 2192 1331 vitis

548 1382 823 1438 propago,
858 1365 916 1419 in
975 1363 1277 1436 superiora
1305 1381 1368 1420 se
1425 1363 1756 1436 subrigens,
1807 1362 1964 1418 velut
1997 1365 2190 1419 fumus

549 1461 721 1511 natus
753 1471 820 1508 ex
876 1453 1017 1525 igni,
1070 1457 1245 1525 atque
1301 1452 1420 1508 alta
1467 1457 1692 1522 petens,
1742 1457 1866 1508 tum
1916 1456 2191 1524 praeterea

546 1544 716 1601 bonis
745 1543 1020 1615 operibus
1052 1542 1254 1615 ﬂagret
1285 1542 1417 1613 (28).
1452 1542 1605 1597 Odor
1627 1546 1823 1597 autem
1854 1541 1952 1596 ille
1977 1541 2188 1596 oratio-

546 1635 638 1690 nis
666 1634 771 1706 piae
806 1631 1025 1689 redolet
1055 1632 1420 1696 suavitatem,
1445 1649 1572 1702 qua:
1611 1629 1886 1703 dirigitur
1919 1629 2071 1686 sicut
2100 1630 2188 1686 in-

545 1738 781 1778 censum
815 1721 872 1775 in
905 1725 1216 1793 conspectu
1250 1720 1448 1776 Dei.Et
1478 1721 1537 1775 in
1566 1718 1911 1810 Apocalypsi
1934 1719 2184 1792 legimus
2214 1741 2262 1810 B

543 1811 720 1884 quod,
783 1809 1032 1866 Ascendit
1087 1811 1274 1880 fumus
1335 1810 1680 1865 incensorum
1729 1809 1794 1864 de
1847 1810 2185 1865 orationibus

541 1909 854 1957 sanctorum
897 1901 1078 1972 (Apoc.
1120 1917 1241 1966 VIII,
1291 1900 1366 1969 4),
1400 1916 1526 1971 quae
1576 1898 1815 1954 incensa
1845 1898 2187 1954 deferuntur

540 2007 644 2064 per
673 1989 968 2063 angelum,
1010 1992 1348 2045 sanctorum
1405 1988 1697 2044 orationes
1737 1986 1976 2051 scilicet,
2010 2004 2188 2058 super

541 2080 723 2136 altare
753 2079 894 2133 illud
929 2095 1173 2134 aureum
1225 2078 1377 2150 quod
1426 2081 1517 2132 est
1561 2080 1693 2132 ante
1734 2077 1931 2132 sedem
1972 2076 2096 2143 Dei,
2127 2080 2186 2132 et

536 2171 821 2240 tanquam
844 2169 948 2240 piae
966 2167 1318 2235 precationis
1350 2183 1526 2222 suave
1548 2165 1764 2238 fragrat
1781 2168 2141 2237 unguentum
2168 2183 2182 2233 ;

540 2258 682 2330 quia
719 2257 788 2312 de
819 2261 1166 2312 aeternorum
1199 2259 1255 2311 et
1285 2253 1688 2321 invisibilium,
1723 2271 1835 2309 non
1868 2254 1938 2309 de
1975 2270 2183 2325 corpo-

538 2345 748 2402 ralium
780 2345 1059 2417 petitione
1091 2343 1484 2416 compositum
1516 2346 1642 2397 est:
1677 2341 1964 2414 pracipue
1986 2345 2182 2398 tamen

537 2433 757 2490 redolet
787 2438 843 2490 et
889 2434 1047 2501 thus,
1097 2450 1163 2489 eo
1213 2433 1365 2505 quod
1419 2432 1674 2504 peccatis
1724 2434 1955 2488 mortua
2001 2430 2095 2498 sit,
2127 2435 2185 2486 et

538 2525 650 2581 Deo
682 2524 854 2579 vivat.

606 2613 692 2668 45.
727 2613 886 2668 Hanc
911 2612 1091 2684 igitur
1138 2611 1547 2667 ascendentem
1579 2613 1634 2665 et
1665 2626 1781 2665 non
1811 2609 2180 2666 resistentem

530 2700 813 2767 videntes,
846 2705 905 2756 et
946 2700 1290 2756 meritorum
1340 2701 1469 2770 ejus
1519 2699 1799 2756 odoribus
1859 2697 2178 2765 delectata,

533 2794 918 2861 agnoscentes
946 2805 1178 2859 quoque
1227 2786 1558 2843 Salomonis
1604 2786 1765 2841 illius
1795 2786 2017 2857 paciﬁci
2048 2802 2177 2844 esse

532 2891 834 2948 sponsam,
858 2874 1034 2930 etiam
1069 2875 1342 2930 comitatu
1373 2873 1579 2930 sedulo
1611 2878 2049 2946 prosequuntur
2077 2893 2175 2932 us-

533 2979 645 3034 que
678 2963 746 3018 ad
782 2963 996 3017 lectum
1031 2961 1361 3017 Salomonis
1409 2963 1586 3032 (Cant.
1621 2980 1703 3029 ιιι,
1734 2964 1812 3034 7),
1845 2979 1910 3018 eo
1937 2964 2090 3034 quod
2122 2964 2174 3029 ei

527 3067 665 3106 vera
685 3051 915 3122 requies
934 3051 992 3104 in
1026 3049 1258 3106 Christo
1290 3050 1586 3106 debeatur.
1611 3050 1816 3106 Lectus
1846 3051 2002 3107 enim
2033 3069 2169 3109 san-

531 3227 832 3284 cularibus
864 3227 1078 3300 proeliis
1123 3228 1298 3283 corda
1347 3226 1740 3300 requiescunt.
1791 3229 1853 3284 In
1885 3229 1994 3285 hoc
2024 3229 2172 3287 lecto

531 3315 816 3389 requievit
866 3316 1048 3384 Isaac,
1080 3321 1139 3372 et
1196 3316 1489 3372 benedixit
1545 3316 1732 3372 ﬁlium
1756 3317 2053 3388 juniorem
2087 3319 2172 3374 di-

531 3421 668 3460 cens
694 3421 706 3458 :
735 3406 910 3476 Major
955 3407 1152 3461 serviet
1196 3407 1405 3462 minori
1447 3405 1600 3475 (Gen.
1649 3424 1778 3473 xxv,
1823 3408 1935 3475 23).
1969 3408 2029 3462 In
2063 3408 2172 3464 hoc

529 3493 678 3549 lecto
709 3493 994 3549 recubans
1049 3494 1228 3550 Jacob
1257 3494 1553 3550 benedixit
1582 3495 1889 3551 duodecim
1930 3496 2176 3554 Patriar-

531 3582 690 3638 chas.
710 3583 772 3637 In
794 3582 902 3638 hoc
925 3582 1073 3638 lecto
1095 3583 1383 3639 recubans
1413 3583 1855 3656 archisynagogi
1889 3583 2012 3640 ﬁlia
2043 3601 2173 3640 sur-

529 3671 676 3726 rexit
695 3689 730 3726 a
760 3672 1033 3728 morte.In
1066 3672 1176 3728 hoc
1204 3672 1350 3728 lecto
1394 3672 1594 3743 jacens
1641 3672 1733 3727 vid
1745 3690 1828 3728 uae
1859 3673 2171 3730 defunctus

529 3760 736 3816 mortis
762 3759 994 3816 vincula
1026 3761 1240 3817 Christi
1270 3765 1508 3817 vocatus
1536 3776 1673 3816 voce
1703 3760 1990 3817 dissolvit.

599 3849 685 3905 46.
723 3849 1006 3905 Perducta
1040 3850 1218 3921 igitur
1263 3866 1482 3922 sponsa
1530 3867 1718 3921 usque
1747 3850 1819 3904 ad
1853 3851 2053 3920 sponsi
2084 3867 2172 3906 re-

527 3938 747 4011 quiem,
799 3937 1059 4010 nuptiale
1107 3942 1328 3993 canunt
1379 3953 1615 3994 carmen
1647 3939 1907 3993 dicentes
1939 3936 2173 3995 ﬁliabus

524 4027 877 4082 Jerusalem:
911 4026 1279 4095 Egredimini,
1328 4030 1379 4082 et
1419 4026 1592 4082 videte
1620 4041 1801 4095 regem
1827 4027 2174 4084 Salomonem

527 4118 582 4171 in
608 4132 808 4173 corona
847 4133 954 4188 qua
992 4117 1271 4171 coronavit
1315 4131 1438 4171 eum
1466 4123 1641 4171 mater
1678 4117 1796 4186 ejus
1825 4117 1884 4170 in
1904 4115 1993 4171 die
2012 4133 2173 4188 spon-

523 4207 728 4261 salium
789 4207 903 4276 ejus
948 4204 1128 4276 (Cant.
1164 4220 1246 4268 In,
1283 4204 1388 4273 11).
1434 4204 1664 4259 Canunt
1705 4203 2172 4275 epithalamium,

531 4297 588 4348 et
616 4310 831 4349 vocans
863 4296 1096 4348 caeteras
1128 4295 1443 4364 potestates
1473 4291 1773 4360 caelorum,
1806 4291 1892 4348 vel
1923 4293 2172 4359 animas,

535 4386 597 4436 ut
626 4381 857 4437 videant
899 4381 1242 4436 charitatem
1278 4397 1450 4452 quam
1487 4381 1640 4436 circa
1669 4379 1821 4436 ﬁlias
1847 4381 2175 4438 Jerusalem

2315 473 2424 528 bus
2447 477 2504 528 et
2532 474 2984 548 cogitationibus
3015 476 3230 545 saeculi,
3253 477 3401 536 exite
3428 479 3498 536 de
3516 483 3779 554 angustiis
3797 504 3897 548 cor-

2312 560 2632 634 poralibus,
2695 564 2848 621 exite
2897 566 2969 622 de
3014 566 3370 623 vanitatibus
3403 570 3621 640 mundi,
3671 576 3721 627 et
3747 574 3899 634 videte

2311 667 2490 722 quam
2513 669 2611 708 rex
2633 654 2911 726 paciﬁcus
2925 654 2983 709 in
3001 655 3093 710 die
3106 656 3469 728 sponsalium
3483 675 3710 715 suorum
3727 661 3900 721 habeat

2309 739 2676 806 charitatem,
2709 759 2884 814 quam
2916 742 3206 816 gloriosus
3257 745 3414 804 870
3445 745 3537 816 sit,
3578 748 3706 818 quia
3733 765 3900 823 corpo-

2308 828 2472 885 ribus
2503 831 2985 888 resurrectionem
3033 833 3210 900 dedit,
3243 837 3301 890 et
3331 833 3557 890 animas
3587 835 3691 892 sibi
3718 839 3897 909 junxit.

2306 917 2436 976 Haec
2469 919 2667 990 magni
2699 924 2788 976 est
2817 937 3029 980 corona
3072 922 3429 990 certaminis,
3467 922 3572 978 hoc
3602 927 3900 996 praclarum

2307 1023 2523 1062 munus
2555 1008 2920 1080 sponsalium
2952 1009 3183 1078 Christi,
3217 1011 3458 1084 sanguis
3489 1013 3610 1081 ejus
3636 1019 3690 1069 et
3715 1015 3900 1087 passio.

2304 1095 2451 1161 Quid
2503 1097 2658 1154 enim
2707 1097 2840 1170 plus
2889 1098 3079 1170 potuit
3121 1100 3280 1167 dare,
3335 1101 3437 1173 qui
3482 1101 3590 1157 sibi
3621 1102 3781 1158 etiam
3811 1119 3904 1159 non

2304 1185 2581 1257 pepercit,
2615 1190 2672 1241 et
2717 1204 2821 1259 pro
2869 1188 3038 1245 nobis
3085 1188 3143 1244 in
3194 1193 3443 1246 mortem
3488 1188 3732 1248 animam
3761 1209 3903 1249 suam

2304 1273 2516 1330 obtulit
2546 1275 2656 1347 (29)
2685 1280 2708 1332 ρ

2372 1407 2459 1461 47.
2498 1408 2623 1479 Ipse
2653 1425 2885 1482 quoque
2932 1410 3216 1466 Dominus
3263 1411 3438 1466 Jesus
3479 1409 3784 1468 delectatus
3812 1413 3904 1469 ﬁde

2299 1495 2508 1551 animae
2540 1497 2738 1567 hujus,
2797 1499 3179 1566 confessione,
3237 1498 3449 1571 gratia,
3497 1503 3556 1555 et
3595 1499 3906 1556 collaudatis

2298 1586 2427 1654 ejus
2460 1587 2703 1654 meritis,
2762 1588 3002 1660 propius
3055 1604 3185 1643 eam
3237 1589 3480 1644 advocat
3528 1589 3756 1644 dicens:
3794 1589 3906 1645 Ades

2297 1674 2402 1729 huc
2430 1693 2464 1730 a
2492 1676 2718 1742 Libano,
2770 1693 2984 1748 sponsa,
3035 1677 3160 1732 ades
3185 1676 3293 1732 huc
3321 1694 3355 1732 a
3385 1677 3593 1734 Libano
3613 1694 3632 1732 :
3675 1679 3906 1733 transibis

2291 1771 2342 1819 et
2366 1766 2726 1834 pertransibis
2772 1782 2807 1820 a
2853 1767 3134 1837 principio
3183 1766 3312 1836 ﬁdei
3364 1784 3400 1821 a
3448 1769 3626 1838 capite
3655 1765 3838 1837 Sanyr,
3863 1769 3906 1821 et

2295 1853 2646 1921 Hermonum,
2679 1871 2713 1909 a
2740 1855 3014 1925 speluncis
3072 1856 3313 1919 leonum,
3346 1871 3380 1909 a
3418 1856 3691 1910 montibus
3729 1854 3907 1926 parda-

2293 1958 2421 1995 rum
2450 1941 2622 2012 (Cant.
2659 1959 2733 2009 ιν,
2790 1943 2866 2008 8),
2917 1941 3026 1997 hoc
3071 1946 3198 1997 est:
3250 1942 3542 2014 Egredere
3570 1943 3641 1998 de
3680 1958 3905 2013 corpore,

2292 2034 2350 2085 et
2369 2033 2551 2085 totam
2575 2033 2632 2086 te
2653 2047 2815 2086 exue.
2850 2031 2976 2086 Non
3025 2034 3190 2102 potes
3213 2031 3373 2086 enim
3400 2029 3547 2086 mihi
3569 2031 3786 2095 adesse,
3813 2028 3911 2086 nisi

2292 2122 2425 2173 ante
2446 2119 2834 2191 peregrineris
2861 2135 2895 2174 a
2925 2135 3184 2190 corpore,
3233 2117 3514 2190 quoniam
3545 2119 3647 2190 qui
3676 2119 3732 2174 in
3761 2132 3907 2174 carne

2293 2211 2451 2275 sunt,
2473 2207 2920 2279 peregrinantur
2939 2225 2973 2262 a
2996 2207 3092 2263 Dei
3113 2223 3310 2280 regno.
3344 2207 3505 2277 Ades,
3535 2207 3743 2279 inquit,
3773 2206 3906 2262 Ades.

2292 2295 2444 2351 Bene
2474 2297 2759 2368 repetivit,
2793 2296 2930 2368 quia
2973 2296 3095 2353 sive
3116 2312 3392 2368 praesens,
3425 2296 3551 2352 sive
3581 2296 3803 2360 absens,
3833 2294 3910 2349 ad-

2291 2397 2420 2440 esse
2441 2389 2498 2440 et
2538 2383 2766 2455 placere
2789 2384 3033 2441 Domino
3064 2384 3180 2440 Deo
3203 2391 3302 2440 tuo
3325 2384 3529 2440 debes.
3564 2384 3769 2439 Adesto
3783 2398 3908 2454 pre-

2291 2487 2449 2538 sens,
2509 2473 2710 2529 adesto
2761 2473 2974 2530 absens
3028 2472 3139 2528 etsi
3197 2473 3390 2529 adhuc
3444 2473 3511 2528 in
3568 2487 3798 2544 corpore
3839 2485 3906 2525 es.

2290 2559 2432 2616 Mihi
2463 2561 2620 2618 enim
2671 2577 2876 2618 omnes
2932 2565 3247 2634 praesentes
3296 2564 3456 2628 sunt,
3507 2575 3755 2634 quorum
3781 2558 3908 2612 ﬁdes

2289 2664 2519 2706 mecum
2549 2653 2656 2706 est.
2691 2651 2872 2706 Adest
2901 2649 3066 2719 mihi,
3101 2649 3202 2724 qui
3263 2648 3399 2704 exiit
3445 2648 3522 2705 de
3554 2647 3782 2704 saeculo.
3810 2645 3911 2700 Ad—

2286 2741 2373 2792 est
2405 2737 2549 2793 mihi
2571 2738 2669 2810 qui
2687 2754 2780 2794 me
2796 2738 3033 2811 cogitat,
3060 2754 3155 2793 me
3176 2737 3456 2805 intuetur,
3491 2738 3567 2792 de
3597 2752 3690 2792 me
3718 2736 3908 2808 sperat,

2286 2826 2377 2882 cui
2401 2843 2506 2900 ego
2553 2828 2741 2899 portio
2769 2843 2925 2883 sum.
2960 2827 3139 2882 Adest
3183 2825 3346 2894 mihi,
3381 2824 3483 2897 qui
3519 2824 3769 2882 abfuerit
3799 2820 3910 2878 sibi.

2283 2914 2461 2971 Adest
2490 2915 2656 2982 mihi,
2691 2914 2790 2987 qui
2830 2931 2893 2971 se
2933 2915 3229 2988 negaverit
3253 2913 3387 2970 sibi.
3422 2914 3530 2970 Ille
3575 2928 3800 2970 mecum
3819 2914 3910 2974 est,

2283 3003 2385 3074 qui
2439 3004 2594 3059 intra
2630 3021 2694 3060 se
2743 3020 2858 3059 non
2910 3007 3019 3071 est,
3054 3002 3330 3074 quoniam
3381 3002 3485 3074 qui
3521 3003 3585 3057 in
3627 3017 3796 3058 carne
3818 3001 3912 3064 est,

538 3091 665 3106 ’”“”
685 3091 992 3150 ““¹““”⁹.“³
1033 3091 1258 3149 ““““”“ζ“’
1291 3091 1586 3149 “““’“’“’“.⁸’
1611 3091 1816 3106 "ww"
2033 3091 2168 3109 ’³⁸⁵⁵³⁷
2201 3101 2243 3131 η
2282 3108 2398 3148 non
2423 3097 2511 3149 est
2540 3093 2600 3148 in
2633 3091 2862 3164 spiritu.
2893 3091 2997 3148 Ille
3045 3107 3276 3147 mecum
3324 3095 3431 3158 est,
3475 3091 3584 3162 qui
3615 3106 3682 3146 ex
3712 3105 3770 3145 se
3800 3091 3912 3159 ipso

531 3144 761 3196 ctorum
793 3139 1058 3195 Christus
1079 3142 1184 3206 est,
1211 3156 1269 3194 in
1303 3155 1417 3210 quo
1448 3155 1853 3195 universorum
1886 3140 2040 3196 fessa
2066 3158 2170 3198 sze-
2199 3135 2244 3178 ν
2286 3181 2580 3210 Μηλειη,
2653 3180 2750 3210 τη,
2799 3181 2959 3210 ,περ
2994 3195 3085 3210 Μ
3145 3182 3230 3210 η,
3297 3179 3395 3210 ης
3428 3183 3593 3210 ,Νι-,-
3649 3181 3711 3210 η
3741 3174 3893 3210 cum,

2284 3181 2599 3253 egreditur.
2652 3180 2751 3236 Ille
2791 3181 2964 3256 juxta
2994 3195 3087 3236 me
3144 3182 3252 3246 est,
3297 3179 3398 3250 qui
3428 3183 3600 3235 extra
3649 3181 3712 3234 se
3741 3174 3912 3232 fuerit.

2283 3268 2384 3325 Ille
2433 3269 2579 3325 mihi
2628 3269 2851 3343 integer
2895 3273 3004 3335 est,
3068 3268 3168 3340 qui
3215 3273 3452 3340 propter
3492 3284 3592 3324 me
3623 3261 3916 3339 perdiderit

2284 3357 2540 3414 animam
2573 3373 2762 3414 suam.
2796 3357 2865 3413 Et
2901 3357 3050 3423 ides,
3082 3356 3230 3422 ades,
3280 3371 3504 3428 sponsa,
3546 3355 3696 3421 ades,
3727 3351 3916 3410 transi-

2283 3448 2364 3503 bis
2393 3464 2428 3502 a
2470 3447 2751 3519 principio
2779 3445 2930 3516 ﬁdei.
2961 3445 3194 3500 Transit
3218 3449 3275 3501 et
3326 3443 3654 3516 pertransit
3679 3459 3711 3498 e
3741 3439 3914 3501 terris,

2281 3539 2339 3591 et
2366 3534 2679 3608 pertransit
2699 3550 2826 3606 qua
2853 3534 2924 3588 ad
2947 3531 3247 3590 Christum
3271 3532 3382 3602 (30)
3416 3530 3705 3603 pervenit.
3728 3530 3918 3584 Trans-

2279 3623 2326 3679 it
2374 3624 2506 3679 ﬁdei
2558 3623 2785 3689 merito,
2846 3628 2903 3677 et
2951 3637 3196 3693 operum
3245 3619 3535 3688 claritate,
3614 3635 3744 3692 quas
3782 3617 3922 3672 lucet

2281 3712 2434 3768 sicut
2481 3711 2672 3782 Sanyr
2725 3713 2783 3766 et
2811 3710 3192 3777 Hermonum,
3253 3709 3361 3764 hoc
3412 3712 3527 3779 est,
3561 3708 3660 3763 via
3689 3707 3916 3762 lucerna

2278 3799 2493 3856 transit
2539 3799 2782 3856 devictis
2827 3797 3246 3854 tentationibus
3277 3797 3504 3868 seculi,
3557 3799 3618 3853 et
3649 3791 3923 3867 superatis

2282 3887 2558 3961 nequitiis
2620 3886 3048 3960 spiritualibus,
3090 3884 3335 3957 legitimi
3384 3889 3596 3956 petens
3661 3897 3917 3940 coronam

2280 3975 2653 4042 certaminis;
2686 3980 2745 4031 et
2782 3975 2910 4031 ideo
2953 3973 3174 4030 emeruit
3213 3973 3444 4029 Christo
3469 3973 3788 4044 judicante
3816 3970 3928 4025 lau-

2281 4065 2426 4122 dari.

2351 4199 2440 4254 £8.
2482 4199 2677 4254 Hortus
2732 4197 3017 4253 conclusus
3080 4210 3232 4252 soror
3296 4211 3423 4250 mea
3485 4210 3722 4266 sponsa,
3762 4191 3931 4246 hortus

2283 4289 2591 4354 conclusus,
2639 4287 2762 4356 fons
2811 4286 3084 4359 signatus,
3129 4285 3446 4340 emissiones
3489 4285 3616 4341 tua?
3651 4279 3930 4354 paradisus

2285 4378 2556 4434 malorum
2601 4382 2959 4446 granatorum
3004 4389 3129 4428 cum
3173 4374 3361 4442 fructu
3412 4387 3719 4443 pomorum
3770 4366 3936 4440 Cypri

527 4470 702 4526 habet
749 4469 1036 4524 Christus.
1090 4468 1254 4523 Unde
1303 4473 1361 4524 et
1389 4469 1604 4523 meruit
1641 4470 1902 4524 coronari
1933 4487 1964 4524 a
1996 4473 2178 4527 matre
2207 4470 2259 4543 θ
2289 4466 2466 4538 (Cant.
2501 4482 2574 4530 ιν,
2610 4464 2694 4531 12,
2731 4463 2839 4532 13).
2871 4461 3166 4518 Laudatur
3183 4475 3421 4532 sponsa,
3455 4477 3528 4516 eo
3553 4460 3714 4531 quod
3743 4458 3932 4513 hortus

527 4557 692 4631 quasi
707 4555 870 4612 ﬁlius
893 4555 1214 4621 charitatis,
1242 4556 1394 4612 sicut
1415 4555 1630 4611 Paulus
1650 4556 1907 4612 ostendit
1927 4557 2128 4612 dicens
2153 4574 2168 4611 :

525 4649 667 4718 Quia
715 4648 855 4702 Deus
892 4646 1098 4716 eripuit
1150 4661 1246 4699 nos
1293 4645 1357 4700 de
1379 4648 1643 4717 potestate
1695 4645 2066 4709 tenebrarum,
2121 4656 2173 4703 et

524 4739 808 4794 transtulit
854 4738 914 4791 in
963 4750 1192 4805 regnum
1238 4733 1348 4804 ﬁlii
1396 4733 1685 4789 charitatis
1720 4748 1834 4790 suae
1871 4733 2094 4802 (Coloss.
2131 4754 2168 4804 ι,

522 4828 632 4899 l3).
666 4824 982 4882 Charitatis
1033 4823 1230 4894 itaque
1287 4822 1446 4878 illius
1494 4826 1550 4877 et
1606 4822 1731 4894 ipse
1777 4821 2031 4878 charitas
2061 4827 2168 4893 est,

522 4934 634 4972 non
661 4933 729 4971 ex
747 4913 1150 4971 accidentibus
1172 4911 1393 4967 habens
1411 4909 1784 4966 charitatem:
1815 4912 1920 4966 sed
1950 4911 2172 4969 habens

521 5021 754 5078 semper
783 5004 842 5059 in
875 5002 1209 5058 substantia
1262 5017 1371 5056 sua
1427 5014 1698 5071 regnum,
1745 4999 1816 5054 de
1846 5015 1962 5071 quo
1993 4998 2167 5056 dicit:

519 5095 630 5166 Ego
661 5097 722 5151 in
751 5094 855 5149 hoc
899 5100 1062 5148 natus
1110 5108 1233 5147 sum
1277 5090 1496 5161 (Joann.
1546 5104 1705 5152 xvm,
1755 5089 1866 5158 37).
1922 5087 2172 5161 Ideoque

591 5271 703 5340 (26)
735 5271 876 5325 Mss.
907 5270 1154 5340 aliquot,
1183 5283 1306 5339 quae
1325 5267 1599 5340 descendit
1619 5281 1653 5320 a
1672 5264 1881 5321 deserto
1901 5269 1926 5317 .9

589 5337 702 5408 (27)
736 5343 797 5394 In
846 5337 1068 5410 inferno
1117 5337 1324 5410 supple
1384 5341 1516 5402 loco,
1553 5337 1668 5392 hoc
1721 5342 1828 5401 est,
1860 5341 2012 5391 terra
2044 5354 2170 5408 quae

518 5409 596 5463 ita
637 5411 853 5463 dicitur
885 5409 1146 5482 respectu
1183 5411 1333 5479 coeli,
1367 5410 1530 5482 quod
1569 5423 1887 5482 supernum
1919 5412 2026 5462 est.

509 5549 551 5618 ﬂ
586 5482 704 5602 (28;
725 5483 868 5534 ﬁdit.
905 5479 1076 5540 lto—m.
1112 5497 1240 5534 cum
1279 5479 1423 5538 mss.
1459 5479 1704 5552 eliquat,
1741 5479 1891 5534 bonis
1921 5480 2172 5551 operibus

552 5566 721 5618 agre.

552 5555 721 5618 agret.

2283 4555 2378 4623 sit,
2416 4554 2637 4612 habens
2666 4552 2726 4608 in
2759 4568 2822 4608 se
2853 4551 3086 4607 odorem
3135 4547 3258 4621 agri
3304 4547 3465 4604 illius
3497 4547 3695 4621 pleni,
3729 4548 3800 4602 de
3831 4559 3934 4616 quo

2281 4643 2424 4700 dicit
2449 4643 2646 4709 Isaac;
2680 4640 2821 4697 Odor
2847 4639 2956 4710 ﬁlii
2983 4639 3092 4694 mei
3146 4641 3413 4709 tanquam
3455 4636 3610 4694 odor
3641 4637 3772 4708 agri
3791 4632 3938 4706 pleni

2279 4732 2434 4802 (Gen.
2489 4746 2662 4798 xxvu,
2712 4727 2826 4800 27).
2867 4732 3035 4784 «Bona
3062 4740 3200 4798 ergo
3230 4723 3430 4793 anima
3486 4725 3632 4797 frag
3648 4727 3748 4780 rat
3776 4720 3939 4778 odore

2275 4819 2537 4892 justitiaa.
2590 4818 2659 4874 Et
2706 4817 2953 4872 fortasse
2999 4818 3253 4888 agerest
3307 4812 3699 4886 patriarcha;
3739 4811 3936 4868 hortus

2280 4912 2370 4965 est
2412 4907 2612 4964 anima
2659 4904 2952 4962 inferioris
3005 4902 3276 4978 alicujus,
3323 4901 3499 4979 quasi
3567 4901 3704 4975 agri
3736 4897 3936 4973 portio,

2281 5001 2340 5054 et
2369 4996 2575 5054 hortus
2604 4994 2863 5061 clausus,
2897 5007 2969 5048 ne
2998 4991 3333 5056 incursatur
3361 5008 3396 5047 a
3426 4991 3677 5060 bestiis,
3735 4992 3794 5046 et
3821 4987 3939 5041 fons

2281 5086 2549 5160 signatus
2579 5102 2711 5158 quae
2727 5081 3058 5156 integritate
3073 5079 3359 5153 signaculi
3383 5077 3941 5153 perseverantiatu

2351 5264 2466 5336 (29)
2497 5263 2636 5320 Mss.
2693 5260 2920 5336 aliquot
2981 5258 3240 5316 melioris
3289 5260 3454 5324 notae,
3499 5260 3582 5313 .et
3629 5270 3737 5328 pro
3795 5249 3941 5308 nobis

2279 5325 2514 5392 mdrtém
2541 5350 2701 5388 suam
2727 5325 2940 5388 obtulit.
3630 5325 3646 5328 “
3913 5392 3921 5400 ι

2354 5408 2466 5479 (30)
2515 5405 2663 5460 Edit.
2695 5401 3100 5479 omnes,__Ades
3129 5401 3528 5479 desponsalar:
3562 5403 3617 5479 et
3643 5394 3940 5479 pertransit

2282 5465 2524 5548 caeteros,
2583 5489 2709 5548 quae
2763 5474 2833 5529 ad
2895 5465 3361 5548 Christumfetc.
3419 5469 3617 5526 Nobis
3643 5465 3800 5524 inse.
3833 5465 3941 5520 fere

2283 5547 2551 5607 omnium
2581 5544 2749 5604 lectio
2782 5545 2969 5618 magis
3000 5544 3298 5617 probatur.
