4122 6146
271 295 357 357 545
1386 302 1631 364 LIBER
1678 303 1780 365 DE
1827 305 1889 366 IS

2016 305 2060 365 C
2107 305 2210 365 ET
2254 305 2528 367 ANIMA.
3020 357 3026 370 .
3569 330 3686 390 546

270 426 373 485 ﬁdei
399 425 509 502 (3|)
541 429 784 502 propria
820 435 1052 503 peccata
1109 431 1366 490 diluerit.
1426 433 1576 489 Nam
1641 451 1776 507 quae
1837 437 1909 492 de
1939 439 1994 504 Α
2026 435 2329 508 dilectam,
2364 436 2620 494 exsilivit
2649 444 2706 495 et
2734 439 2991 514 reliquit.
3024 442 3218 502 Tertio
3250 466 3383 508 cum
3411 453 3471 510 in
3521 459 3686 514 cubi-

271 517 494 584 Ecclesia
526 520 772 592 accepit,
813 520 988 577 habet
1017 522 1169 595 quod
1220 523 1291 577 ad
1338 520 1708 620 virginitatis
1771 541 1908 598 gra-
2020 523 2089 620 li,
2112 526 2484 596 etnoctibus,
2508 527 2566 582 in
2587 529 2837 597 civitate,
2864 531 2920 586 in
2953 530 3095 601 foro,
3118 540 3173 591 et
3204 537 3262 594 in
3285 541 3492 613 plateis
3525 563 3684 620 qua-

267 605 383 663 tiam
410 606 648 675 referat,
681 624 747 664 eo
781 609 934 680 quod
965 610 1023 666 in
1055 609 1326 684 paradiso
1358 608 1784 668 delectationis
1804 629 1910 684 po-
2026 611 2208 667 situm
2243 629 2361 670 non
2406 616 2736 686 reperisset,
2772 617 3085 690 aliquando
3145 605 3506 691 orationibus
3543 605 3683 694 ‘suis

268 697 362 753 sita
388 697 512 752 sine
543 695 742 753 labore
789 697 1012 755 fructus
1058 698 1247 772 capiat
1293 695 1664 798 spiritu‘al'es,
1731 703 1808 798 ut
1861 700 1917 756 ei
2029 699 2339 774 gratiaque
2370 706 2658 761 revocavit
2697 707 2830 778 (35),
2863 707 3004 798 adeo
3060 717 3123 767 ut
3177 718 3352 778 etiam
3410 726 3682 798 proprius

266 784 710 858 patriarcharum
744 785 953 842 anima:
983 786 1161 847 rurali
1192 785 1446 862 quodam
1500 784 1710 841 labore
1749 786 1917 843 fruc-
2030 794 2342 844 vocaretur
2371 807 2406 846 a
2433 808 2665 864 sponso.
2701 797 2911 860 Quarto
2962 797 3084 869 ipsa
3124 804 3249 872 jam
3304 811 3376 866 ab
3410 784 3492 868 ⁸θο
3518 784 3680 872 ⁸(ιθιιζ

266 879 349 932 tus
373 891 506 930 suos
533 874 838 930 conferant
865 875 1004 946 (32),
1036 891 1152 950 quo
1180 876 1294 933 ista
1323 888 1524 965 capere
1544 872 1756 946 possit
1780 889 1921 965 per-
2035 875 2226 965 miens
2254 878 2560 947 excitatur,
2594 881 2860 953 quamvis
2891 888 3061 943 corde
3106 892 3385 965 vigilaret,
3432 904 3497 956 ut
3541 920 3680 959 con-

262 967 473 1036 petuam
508 959 882 1019 suavitatem.
917 962 1051 1028 Qua:
1077 965 1282 1022 merito
1312 963 1442 1020 fons
1473 961 1766 1035 signatus
1833 963 1930 1035 di-_
2035 963 2200 1062 tinuo
2237 982 2436 1023 vocem
2462 968 2754 1042 pulsantis
2795 972 3038 1030 audiret.
3073 959 3179 1036 Sed
3217 959 3440 1044 moram
3499 1007 3678 1062 passa

263 1053 408 1119 citur,
440 1066 506 1106 eo
539 1051 699 1123 quod
733 1051 928 1126 imago
968 1052 1069 1108 Dei
1099 1051 1406 1110 invisibilis
1434 1051 1494 1106 in
1537 1049 1636 1106 illa
1704 1051 1926 1146 expri~
2035 1051 2176 1109 dum
2210 1056 2416 1130 surgit,
2451 1058 2590 1128 quia
2640 1057 2999 1118 velocitatem
3051 1065 3218 1125 Verbi
3272 1090 3386 1129 non
3444 1049 3677 1148 poterat.

261 1144 449 1214 matur.
485 1137 763 1195 Laudant
789 1140 966 1196 etiam
999 1157 1242 1198 munera
1271 1142 1478 1198 animae
1519 1155 1647 1212 quae
1718 1136 1925 1198 missa
2031 1145 2540 1215 comprehendere,
2579 1147 2719 1201 dum
2756 1151 2938 1218 aperit
2973 1154 3208 1225 ostium,
3239 1136 3509 1220 transivit
3530 1166 3674 1222 Ver-

258 1232 433 1286 sunta
460 1244 682 1300 sponso
713 1228 852 1300 (33),
911 1230 1127 1300 quibus
1175 1231 1375 1288 dotata
1427 1229 1722 1287 veniebat.
1794 1227 1915 1322 pos
2025 1229 2189 1301 bum,
2225 1240 2280 1290 et
2309 1235 2437 1307 ipsa
2467 1235 2728 1322 exivitin
2761 1239 2929 1295 verbo
2974 1244 3120 1314 ejus,
3153 1255 3210 1302 et
3267 1267 3373 1322 per
3428 1254 3674 1312 vulnera

258 1321 432 1374 autem
461 1315 573 1388 piae
606 1315 818 1373 animae
850 1316 986 1373 boni
1017 1319 1226 1376 odores
1256 1323 1418 1388 sunt,
1449 1319 1714 1392 myrrha,
1751 1317 1906 1390 aloe,
2021 1322 2396 1392 requisitum,
2431 1325 2533 1380 sed
2567 1321 2806 1380 vulnera
2835 1328 3152 1401 charitatis,
3178 1315 3535 1398 vix‘tandem
3576 1346 3666 1399 in-

255 1421 487 1473 crocum,
523 1405 743 1476 quibus
775 1405 960 1478 spirat
986 1406 1293 1464 hortorum
1334 1409 1543 1482 gratia,
1577 1413 1634 1466 et
1689 1422 1904 1482 pecca-
2015 1409 2194 1479 venit,
2227 1416 2284 1466 et
2313 1413 2522 1479 tenuit,
2567 1413 2632 1464 ut
2662 1417 2861 1482 postea
2895 1434 3004 1472 non
3036 1423 3347 1481 amitteret.
3381 1430 3464 1484 Ad
3497 1448 3662 1488 sum-

251 1500 427 1550 torum
456 1491 634 1549 fater
661 1492 946 1550 aboletur.

312 1583 390 1638 49.
423 1583 628 1655 Itaque
658 1584 822 1638 tanto
881 1600 1091 1641 secura
1137 1586 1429 1658 praeconio
1478 1588 1897 1659 conquiescere

244 1674 379 1730 871
416 1669 754 1744 aquilonem
786 1686 1020 1743 gravem
1069 1678 1314 1731 ventum
1372 1675 1536 1748 petit,
1597 1693 1668 1732 ne
1721 1677 1895 1734 ﬂores

239 1761 530 1827 discutiat,
561 1759 784 1832 spirare
816 1765 1087 1820 austrum
1122 1763 1305 1836 (Cant.
1358 1781 1434 1831 1v,
1496 1765 1604 1836 16),
1664 1764 1721 1820 id
1780 1769 1890 1834 est,

237 1849 350 1907 vult
378 1850 632 1906 hiemem
667 1849 972 1922 praeterire,
1009 1856 1072 1909 et
1106 1852 1397 1909 mollioris
1430 1853 1604 1910 ﬂatus
1653 1870 1895 1910 vernare

232 1937 819 2014 temperiem.lnvitat
840 1956 1133 2014 sponsum
1157 1941 1217 1997 in
1241 1942 1478 1998 hortum
1512 1959 1685 1999 suum
1709 1942 1891 2018 (Cant.

230 2049 281 2099 v,
313 2031 383 2092 1).
429 2026 747 2085 Descendit
775 2046 1055 2101 sponsus,
1101 2034 1160 2086 et
1211 2031 1472 2086 fructum
1523 2033 1654 2103 ejus
1699 2031 1891 2086 diver-

229 2120 394 2177 sitate
425 2118 769 2186 delectatus,
812 2117 1048 2176 laetatur
1078 2119 1241 2190 quod
1275 2118 1561 2175 invenerit
1594 2120 1891 2175 fortiorem

227 2209 444 2274 cibum,
481 2205 766 2262 invenerit
794 2206 968 2263 etiam
1003 2205 1357 2262 dulciorem.
1401 2205 1499 2261 Est
1545 2207 1700 2262 enim
1731 2204 1890 2262 velut

125 2341 129 2346 .
222 2298 392 2372 panis
425 2295 871 2369 quidamverbi,
902 2300 958 2351 et
1020 2295 1191 2351 mel:
1261 2293 1415 2350 alius
1470 2294 1886 2361 vehementior,

219 2389 374 2445 alius
405 2386 714 2444 suasorias
749 2401 936 2442 sermo
969 2385 1108 2458 (34).
1147 2384 1251 2440 Est
1279 2386 1338 2439 et
1367 2383 1512 2440 fides
1543 2383 1656 2439 alia
1675 2384 1889 2441 ferven-

217 2481 352 2548 tior,
389 2482 458 2532 ut
488 2476 689 2532 vinum
725 2474 880 2531 :alia
907 2465 1186 2540 lucidior,
1223 2476 1289 2528 ut
1341 2488 1552 2528 succus
1584 2476 1672 2529 est
1723 2473 1890 2530 lactis

215 2567 390 2624 Hunc
423 2566 627 2622 cibum
668 2565 936 2621 Christus
965 2563 1244 2636 epulatur
1265 2561 1326 2616 in
1359 2561 1547 2632 nobis,
1581 2561 1689 2618 hoc
1721 2579 1892 2635 pocu-

213 2659 342 2715 lum
378 2656 554 2725 bibit,
589 2660 646 2712 et
669 2657 798 2728 ejus
826 2657 996 2725 potus
1027 2651 1312 2709 ebrietate
1359 2667 1466 2707 nos
1505 2656 1794 2725 provocat,
1829 2657 1893 2708 ut

209 2750 280 2805 ad
319 2745 583 2804 meliora
609 2749 668 2802 et
693 2744 917 2816 optinna
945 2743 1019 2798 ab
1051 2738 1431 2798 inferioribus
1462 2740 1749 2798 faciamus
1801 2757 1892 2798 ex-

209 2853 492 2895 cessum.

880 2927 1116 2986 CAPUT
1145 2927 1242 2983 Vl.

205 3027 416 3084 Tribus
447 3020 854 3096 superioribus,
879 3021 1137 3096 perfectae
1162 3019 1378 3096 animae
1400 3017 1738 3096 processibus
1765 3020 1891 3096 stri-

278 3101 428 3155 ctim
464 3087 716 3168 repetitis
744 3092 810 3147 de
837 3087 1030 3162 quarto
1057 3091 1238 3168 fusius
1269 3087 1526 3168 disputat.
1551 3091 1611 3144 In
1643 3090 1740 3145 hoc
1766 3092 1888 3168 ani-

272 3187 383 3225 ma
415 3158 705 3224 dor-iniens
723 3181 755 3218 a
775 3158 965 3234 sponso
983 3158 1390 3234 excitatur.Sed
1415 3159 1543 3214 dum
1567 3177 1750 3215 moras
1778 3165 1889 3216 tra-

273 3244 368 3297 hit
405 3243 475 3296 in
507 3231 810 3306 surgendi),
827 3235 1056 3306 transit,
1095 3231 1342 3306 Verbum.
1367 3234 1496 3302 Ipsa
1525 3247 1648 3306 vero
1678 3235 1886 3306 exiens,

269 3331 385 3385 per
473 3303 712 3385 vulnera
774 3304 1075 3385 gnaritate}
1117 3303 1466 3385 requisitum
1521 3305 1618 3357 vix
1669 3304 1892 3385 tandem

271 3374 534 3450 invenit,
568 3383 736 3450 atque
765 3377 843 3432 ita
873 3379 1034 3440 tenet,
1067 3376 1130 3428 ut
1138 3374 1262 3445 jam
1293 3374 1532 3444 amplius
1559 3389 1671 3428 non
1725 3377 1889 3432 amit-

272 3461 389 3511 tat.

268 3555 379 3609 50.
441 3547 712 3606 Audiens
781 3544 903 3599 haec
956 3542 1156 3598 anima
1214 3540 1417 3613 hausit
1473 3543 1891 3614 mysteriorum

2013 1513 2175 1554 mam
2207 1500 2329 1556 haec
2360 1499 2778 1570 compendiose
2809 1521 3074 1564 sermone
3132 1515 3444 1582 perstrinxi
3502 1522 3659 1593 (Sup.

2010 1601 2130 1658 cap.
2160 1589 2214 1656 3,
2249 1589 2281 1643 4
2311 1594 2363 1646 et
2393 1590 2470 1659 5).
2506 1585 2672 1643 Nunc
2704 1589 3087 1652 discutiamus
3116 1598 3370 1673 singula.

2077 1677 2168 1730 51.
2203 1679 2270 1732 Et
2289 1677 2340 1732 si
2373 1673 2654 1743 dormias,
2691 1677 2738 1732 si
2796 1683 2966 1736 modo
3026 1686 3391 1747 devotionem
3447 1697 3657 1752 animae

2006 1766 2118 1818 tuae
2153 1764 2380 1821 noverit
2409 1761 2695 1852 Christus,
2729 1769 2903 1836 venit,
2938 1777 2993 1826 et
3019 1774 3215 1844 pulsat
3243 1777 3654 1852 ejusjanuam,

2006 1856 2064 1906 et
2094 1852 2278 1909 dicit:
2307 1850 2482 1921 Aperi
2508 1852 2666 1923 mihi,
2698 1873 2851 1912 soror
2878 1877 2998 1915 mea
3035 1864 3221 1930 (Cant.
3285 1883 3335 1934 ν,
3367 1850 3444 1940 2).
3503 1850 3659 1929 Bene

2006 1956 2194 2008 soror,
2230 1941 2378 2014 quia
2410 1942 2622 2012 nuptiae
2673 1946 3005 2017 spiritualcs
3059 1958 3197 2008 sunt
3252 1953 3422 2012 Verbi
3481 1965 3657 2034 atque

2003 2029 2236 2084 animae.
2275 2028 2476 2095 Neque
2509 2030 2660 2086 enim
2724 2035 2931 2092 animm
2971 2046 3186 2110 nopunt
3243 2028 3653 2120 coniugiorum

2002 2117 2248 2186 fmdera,
2285 2119 2351 2170 et
2380 2130 2517 2174 usus
2561 2123 2774 2194 cepulze
2815 2128 3149 2198 corporalis,
3175 2133 3277 2187 sed
3308 2117 3449 2192 sunt
3503 2139 3657 2197 sicut

2000 2204 2194 2277 angeli
2233 2207 2302 2262 in
2340 2203 2495 2262 coelo.
2526 2210 2711 2282 Aperi,
2754 2214 2964 2286 inquit,
3006 2218 3168 2287 milii,
3202 2223 3304 2278 sed
3362 2230 3654 2288 extraneis

1999 2293 2209 2391 claude
2308 2291 2511 2391 claude
2542 2301 2768 2370 saeculo,
2803 2303 3005 2362 claude
3031 2310 3270 2379 mundo,
3309 2330 3496 2387 neque
3526 2318 3654 2391 ipsa

1999 2381 2152 2436 foras
2187 2382 2272 2436 ad
2315 2381 2414 2439 illa
2445 2390 2764 2446 materialia
2787 2394 3251 2469 prodeas,neque
3282 2381 3452 2458 tuum
3484 2381 3656 2463 relin-

2000 2486 2189 2546 quens
2230 2468 2458 2544 lumen,
2515 2477 2767 2535 alienum
2829 2485 3110 2555 requiras,
3159 2468 3308 2559 quia
3353 2496 3654 2554 materiale

2001 2559 2154 2614 372
2190 2557 2402 2618 lumen
2434 2568 2798 2625 tenebrosam
2823 2571 3074 2630 infundit
3094 2557 3422 2650 caliginem,
3449 2588 3512 2639 ut
3534 2603 3651 2644 non

2001 2649 2274 2704 videatur
2309 2650 2505 2710 lumen
2538 2673 2684 2712 verse
2717 2659 2928 2731 gloriae.
2961 2664 3126 2734 Aperi
3159 2649 3296 2739 ergo
3327 2670 3492 2740 mihi,
3532 2674 3650 2731 noli

2003 2737 2230 2811 aperire
2261 2741 2614 2814 adversario,
2649 2765 2835 2821 neque
2873 2750 3062 2807 locum
3094 2754 3196 2810 des
3228 2737 3485 2816 diabolo.
3501 2764 3650 2836 Ape-

2003 2828 2054 2918 ri
2085 2825 2277 2918 ipsam
2305 2833 2360 2886 te
2392 2833 2692 2906 mihi,noli
2727 2842 3025 2910 coarctari,
3059 2843 3157 2898 sed
3191 2844 3456 2918 dilatare,
3477 2825 3653 2909 etad-

2004 2915 2262 3014 implebo
2294 2923 2376 3014 te.
2411 2922 2479 2978 Et
2510 2925 2648 2995 quia
2691 2928 2936 2986 decurso
2967 2931 3104 2988 orbe
3159 2915 3469 3005 terrarum,
3520 2941 3677 3014 plus~

2004 3005 2412 3064 molestarium
2445 3015 2503 3066 et
2523 3015 2864 3072 offensionis
2897 3022 3104 3093 reperi,
3139 3040 3243 3080 nec
3279 3028 3442 3085 facile
3475 3005 3655 3090 habui

1919 3176 1965 3242 C
2007 3184 2268 3240 hominis
2298 3185 2538 3243 reclinet
2567 3197 2761 3262 caput,
2799 3197 2890 3250 cui
2950 3215 3064 3254 non
3124 3207 3213 3258 est
3268 3207 3498 3278 requies
3539 3212 3652 3268 nisi

2004 3290 2186 3346 supra
2218 3273 2499 3331 humilem
2533 3282 2592 3333 et
2615 3289 3011 3342 mansuetum.

2076 3364 2164 3416 52.
2194 3362 2457 3458 Audiens
2491 3365 2689 3458 anima
2727 3388 2737 3425 :
2771 3374 2936 3444 Aperi
2963 3378 3168 3436 mihi...
3203 3388 3256 3439 et
3302 3395 3463 3458 caput
3510 3393 3655 3448 roris

1996 3451 2226 3521 plenum
2257 3449 2460 3539 (Ibid),
2495 3453 2603 3508 hoc
2633 3462 2742 3528 est,
2793 3465 3216 3530 tentationibus
3267 3449 3650 3539 saecularibus

2002 3539 2195 3641 subito
2223 3538 2481 3641 turbata,
2522 3547 2579 3596 et
2607 3548 2774 3641 quasi
2832 3561 3168 3616 surrectura
3223 3581 3350 3635 quae
3408 3584 3648 3641 surgere

193 3641 578 3697 ebrietatem
613 3633 965 3697 caelestium,
1011 3634 1068 3685 et
1098 3630 1255 3685 velut
1285 3635 1557 3729 soporata
1596 3649 1630 3687 a
1657 3633 1810 3702 vino,
1837 3639 1894 3690 et
1992 3627 2330 3726 ubebatur,
2368 3628 2469 3731 ait,
2503 3647 2638 3686 cum
2671 3634 2859 3731 aloen]
2894 3642 3177 3704 “adoleret
3209 3627 3266 3706 ei
3323 3627 3648 3731 myndam,

196 3729 398 3802 quasi
424 3729 488 3782 in
521 3740 764 3782 excessu
797 3720 882 3776 vel
915 3723 1153 3792 stupore
1184 3718 1376 3791 posita
1405 3719 1546 3775 dicit
1581 3737 1593 3775 :
1626 3722 1736 3791 Ego
1767 3722 1891 3778 dor-

193 3821 350 3886 mio,
395 3824 446 3873 et
475 3831 574 3871 cor
602 3828 788 3868 meum
818 3809 1013 3878 vigilat
1045 3808 1228 3879 (Cant.
1289 3824 1344 3874 v,
1376 3808 1454 3878 2).
1510 3809 1658 3864 Tum
1718 3810 1889 3868 Verbi

203 3904 544 3977 praesentis
576 3899 802 3957 lumine
833 3913 1133 3970 percussa,
1167 3912 1303 3952 cum
1335 3897 1521 3954 oculis
1575 3899 1890 3972 requievis-

205 4000 305 4049 set
337 3992 582 4050 inﬂexis
606 3988 893 4046 excitatur
922 4003 956 4042 a
984 3985 1194 4042 Verbo.
1230 3986 1484 4051 Quartus
1542 3991 1738 4044 autem
1796 3989 1891 4046 hic

209 4097 548 4152 processus
573 4082 663 4136 est
679 4075 908 4132 animm.
929 4074 1126 4129 Primo
1150 4073 1366 4129 etenim
1385 4074 1688 4133 eharitatis
1707 4077 1891 4152 impa-

213 4171 483 4238 tiens,et
501 4167 678 4224 Verbi
704 4181 898 4222 moras
921 4181 1036 4220 non
1067 4163 1258 4219 ferens
1286 4165 1544 4236 rogabat,
1588 4171 1654 4221 ut
1690 4169 1892 4226 oscula

220 4263 580 4326 mereretur,
604 4261 660 4312 et
693 4255 908 4310 meruit
933 4252 1336 4308 desideratum
1365 4253 1576 4311 videre.
1621 4256 1888 4314 Secundo

219 4343 571 4402 introducta
595 4360 828 4418 quoque
858 4343 914 4397 in
945 4339 1284 4397 cubiculum
1317 4341 1491 4415 regis,
1521 4361 1654 4400 cum
1688 4351 1892 4404 mutua

224 4433 512 4492 misceret
541 4432 817 4506 alloquio,
850 4431 907 4486 in
941 4432 1152 4488 umbra
1181 4435 1310 4506 ejus
1349 4433 1651 4503 requievit,
1682 4439 1739 4492 et
1795 4454 1889 4493 su-

223 4518 358 4578 bito
394 4524 646 4580 Verbum
675 4522 726 4577 ei
759 4522 829 4576 de
861 4522 1054 4578 medio
1083 4539 1354 4580 sermone
1390 4521 1681 4593 discessit,
1731 4543 1888 4597 qum-
1920 4541 1968 4606 D

223 4613 390 4668 renti
417 4617 610 4669 tamen
642 4629 760 4668 non
790 4611 890 4666 diu
923 4611 1128 4679 abfuit,
1156 4613 1256 4668 sed
1287 4610 1504 4670 saliens
1528 4628 1707 4684 supra
1727 4630 1890 4670 mon-

221 4699 319 4752 tes
340 4704 406 4755 et
427 4699 757 4757 transiliens
781 4716 956 4771 super
967 4698 1145 4756 colles
1161 4700 1532 4756 advenit.Nec
1550 4701 1733 4758 multo
1756 4709 1889 4775 post

226 4789 418 4857 quasi
443 4788 764 4862 capreolus,
787 4791 1200 4845 autcervorum
1215 4787 1498 4846 hinnulus
1518 4791 1659 4848 dum
1678 4794 1888 4850 affatur

303 4913 435 4986 (31)
472 4915 620 4972 Edit.
663 4931 891 4981 omnes,
923 4919 982 4970 et
1010 4914 1352 4988 paucimss.
1393 4930 1519 4988 qua;
1574 4919 1889 4988 integritate

223 4985 522 5052 signat-uti
540 4990 939 5063 perseverante,
973 4985 1092 5057 qua:
1121 4986 1245 5063 fide,
1278 4985 1414 5063 etc;
1442 4986 1536 5063 Ali
1564 4985 1707 5045 vero
1757 4992 1884 5063 plu-

224 5069 327 5134 res
359 5064 428 5113 et
452 5057 770 5134 potiores...
797 5057 1470 5134 perseverantiaqueﬁaej,
1504 5059 1729 5134 Rursus
1754 5057 1888 5134 post

225 5127 350 5205 ξςῑέ
393 5127 587 5205 verba,
622 5147 765 5185 mss.
797 5127 1078 5205 quinque,
1118 5127 1374 5205 Nunquid
1404 5131 1644 5205 Ecclesia
1691 5127 1889 5205 accipit

227 5199 426 5255 Habet
448 5202 600 5273 Quod,
634 5205 739 5258 etc.
778 5219 791 5269 ;
821 5197 1386 5273 dum—Nunquid'non
1414 5202 1654 5258 Ecclesia
1690 5197 1885 5273 accipit

231 5273 380 5345 quod
417 5271 586 5337 habet,
621 5283 698 5345 ut,
729 5276 843 5345 etc.
875 5271 996 5345 Alii
1013 5271 1248 5343 partim,
1281 5271 1417 5345 Nam
1447 5276 1541 5345 qui
1579 5275 1644 5330 de
1695 5271 1883 5331 Eccle-

230 5342 321 5396 sia
348 5347 638 5417 acceperit,
673 5343 827 5398 habet
857 5342 1145 5416 quod,etc.
1180 5344 1392 5414 partim
1423 5342 1556 5400 cum
1588 5346 1726 5402 edit.
1760 5353 1880 5404 aut.

235 5416 303 5466 ut
337 5431 454 5470 nos
483 5417 538 5470 in
571 5419 751 5470 textu.

235 5425 303 5466 ut
337 5431 454 5470 nos
483 5425 538 5470 in
571 5425 751 5470 textu.

310 5482 435 5556 (32)
461 5488 645 5560 (Iudex
675 5486 892 5560 Long.._
910 5489 974 5541 ut
995 5484 1442 5560 patriarcharum
1469 5489 1671 5545 anima:
1716 5505 1880 5546 rura-

243 5550 575 5686 iim'guodam
629 5550 960 5617 amne'sine
995 5550 1202 5616 'tabore
1263 5557 1478 5633 fruetus
1532 5575 1655 5620 suos
1701 5564 1879 5639 oonfe-

246 5639 394 5688 rant.

2000 3715 2254 3788 insignia
2284 3717 2598 3788 sepultum
2634 3738 2646 3776 :
2680 3724 2828 3781 Ewui
2879 3733 3124 3790 tunicam
3153 3755 3352 3810 meam,
3385 3715 3650 3814 "quomodo

2000 3804 2228 3860 induam
2258 3820 2379 3861 eam
2408 3810 2431 3862 ξ’
2459 3809 2594 3864 Lavi
2616 3812 2778 3882 pedes
2805 3831 2973 3885 meos,
3031 3829 3293 3892 quomodo
3332 3804 3648 3903 "inquinabo

1998 3908 2085 3950 eos
2117 3892 2273 3963 (Ibid.
2309 3895 2362 3966 3)
2394 3895 2421 3950 ?
2453 3897 2696 3955 Veretur
2722 3903 2877 3959 enim
2913 3923 2984 3963 ne
3014 3909 3224 3969 iterum
3259 3918 3314 3972 in
3376 3892 3647 3980 temtatio-

2000 3999 2104 4038 nes
2136 3989 2421 4056 resurgat,
2463 4002 2534 4041 ne
2567 3987 2778 4046 iterum
2811 3992 2870 4048 in
2924 3997 3158 4071 culpam
3218 4006 3414 4063 redeat
3471 4015 3648 4083 atque

2001 4076 2324 4168 peccatum,
2357 4078 2413 4168 et
2442 4091 2715 4147 egressus
2744 4097 2884 4137 suos
2913 4085 3316 4165 virtutumque
3337 4076 3646 4168 processus

1999 4161 2247 4215 terrenis
2279 4160 2519 4235 incipiat
2556 4168 2818 4241 vestigiis
2874 4160 3410 4244 inquinare-Certe
3469 4189 3644 4246 etiam

2000 4245 2110 4303 hoc
2143 4249 2314 4304 modo
2344 4253 2756 4322 perfectionem
2804 4258 3038 4320 virtutis
3069 4283 3186 4323 suae
3242 4271 3483 4345 indicat,
3513 4293 3643 4350 quae

1999 4340 2223 4436 tantam
2255 4338 2463 4436 Christi
2496 4346 2710 4400 meruit
2740 4347 3103 4422 cbaritatem,
3149 4364 3214 4413 ut
3244 4363 3316 4416 ad
3373 4338 3645 4436 eam,‘ve-

2001 4427 2144 4494 niat,
2157 4431 2214 4482 et
2233 4428 2684 4502 pulsetjanuam
2708 4437 2856 4506 ejus,
2895 4445 2953 4496 et
2975 4447 3167 4502 veniat
3186 4465 3321 4507 cum
3373 4427 3538 4514 Patre
3590 4466 3647 4517 et

2001 4522 2187 4572 ccenet
2207 4535 2340 4573 cum
2368 4521 2572 4578 eadem
2611 4525 2832 4594 anima,
2875 4534 2934 4584 et
2981 4531 3106 4602 ipsa
3129 4553 3260 4595 cum
3285 4559 3372 4613 eo,
3401 4547 3554 4604 sicut
3585 4551 3644 4606 in

1998 4606 2343 4703 Apocalypsi
2375 4609 2814 4703 dixitﬂJoannes
2868 4621 3048 4691 (Apoc.
3111 4643 3194 4694 ιη,
3251 4606 3368 4703 20)ί
3415 4636 3641 4695 Etenim

1999 4710 2129 4750 cum
2161 4696 2218 4751 in
2255 4699 2656 4768 superioribus
2687 4707 2949 4764 audisset
2981 4728 2995 4765 ε
3030 4714 3164 4771 Ades
3195 4719 3300 4774 huc
3326 4696 3361 4775 a
3412 4727 3639 4794 Libano,

1995 4799 2212 4854 sponsa,
2245 4787 2370 4842 ades
2399 4789 2504 4844 huc
2532 4808 2564 4846 a
2592 4794 2800 4852 Libano
2859 4799 3038 4870 (Cant.
3067 4821 3147 4871 IV,
3178 4807 3255 4879 8),
3287 4815 3341 4864 et
3371 4828 3503 4866 cum
3535 4787 3638 4869 ad;

2069 4909 2179 4998 (33)
2213 4910 2423 4995 Plures.
2445 4929 2589 4970 mss.
2613 4934 2738 4988 qua?
2765 4924 2930 4978 missa
2961 4932 3090 4998 sunt
3115 4945 3324 4998 sponso.
3360 4933 3520 4990 Unus
3537 4944 3641 4995 aut

1996 4979 2162 5048 alter,
2196 4998 2314 5075 quae
2342 4986 2512 5042 missa
2539 4979 2669 5044 sunt
2691 5008 2916 5062 sponsae.
2941 4979 3332 5061 Alinas

1994 5067 2057 5106 δα
2084 5064 2226 5127 sunt
2242 5071 2274 5127 (ι
2303 5072 2514 5127 sponso.

2064 5121 2510 5222 (3‘in)‘l\ulss:.'lj3br.
2548 5135 2602 5222 et
2622 5133 2846 5222 Colb‘..in
2875 5153 3130 5222 corpore,
3157 5158 3221 5197 ac
3249 5145 3369 5222 Big.
3397 5147 3455 5203 in
3485 5149 3638 5222 glos-

1995 5211 2080 5280 sao,
2113 5212 2288 5252 sermo
2317 5200 2466 5280 alius
2494 5202 2876 5280 vehementior,
2930 5200 3074 5280 alius
3117 5200 3363 5271 suavior.
3399 5200 3636 5280 in

1994 5266 2243 5392 ﬁliorum
2276 5277 2449 5342 atque
2471 5274 2608 5328 edit.
2651 5266 2910 5332 omnium
2944 5266 3365 5342 lectionemnihil

2039 5355 2156 5392 um.

2039 5355 2156 5393 um.

2064 5411 2176 5510 (35)
2218 5411 2590 5510 Cunctm'edi‘t
2644 5423 3013 5510 cum‘paucis
3045 5442 3189 5484 mss.
3242 5435 3424 5502 gratia
3482 5455 3631 5510 qum-

1991 5485 2198 5538 rentem
2225 5487 2510 5582 ζευρξαυιξ.
2545 5485 2868 5582 Νοιὶωειξέλ
2895 5497 2970 5551 At
3000 5485 3636 5582 ms3._pcio,prati?awq'ue

1991 5557 2730 5651 repocavi‘tnidAestLgratia
2758 5567 2815 5619 et
2839 5561 3034 5629 favore
3065 5557 3634 5651 quibus-abluisti];

1993 5627 2073 5688 let
2098 5631 2251 5705 apud
2286 5627 2590 5708 sponsuni.
