4122 6146
522 192 641 253 547

1988 182 2052 244 S.
2096 181 2471 247 AMBROSII

3761 195 3861 254 548

528 301 772 379 verteret
800 322 858 377 in
891 335 1064 377 carne
1095 335 1155 375 se
1185 319 1415 375 Christo
1447 318 1651 372 adesse
1682 332 1798 371 non
1833 332 2025 386 posse,
2061 317 2161 371 sed
2193 320 2247 384 Α
2279 319 2388 373 bus
2422 318 2563 373 forte
2603 319 3010 391 pertransitur,
3060 320 3159 375 ubi
3204 324 3481 393 tanquam
3540 321 3863 394 signaculum

528 417 665 465 tunc
694 411 920 475 adesse,
954 409 1001 464 si
1036 408 1268 464 adesset
1314 407 1373 462 in
1419 406 1651 477 Spiritu,
1699 405 2075 460 conformans
2109 421 2169 461 se

525 500 593 554 ad
626 499 756 569 ejus
784 496 1166 563 voluntatem,
1186 499 1250 551 ut
1269 500 1425 551 esset
1447 500 1503 550 et
1532 494 1662 565 ipsa
1686 494 2005 548 conformis
2028 494 2168 548 ima-

523 584 643 657 gini
676 584 913 651 Christi,
937 586 1065 656 jam
1098 600 1211 639 non
1244 584 1419 639 sentit
1462 582 1655 637 carnis
1710 580 2014 646 exuvias,~!
2040 583 2167 652 jam

523 675 694 747 quasi
726 673 970 746 spiritus
998 673 1153 728 exuit
1183 687 1247 727 se
1276 671 1535 743 corporis
1565 669 1995 740 conjunctione.
2040 672 2167 740 jam

525 765 693 837 quasi
719 763 918 832 oblita,
952 765 1009 816 et
1038 777 1163 832 quae
1197 760 1246 815 si
1278 759 1434 827 velit,
1478 759 1699 832 copulae
1747 758 1909 813 illius
1967 758 2170 812 memi-

523 853 682 908 nisse
711 868 825 906 non
857 848 1062 921 possit,
1086 848 1169 903 ait
1201 864 1213 903 :
1250 849 1393 903 Exui
1421 849 1665 902 tunicam
1682 863 1883 912 meam,
1907 845 2168 916 quomodo

523 940 744 995 induam
774 937 937 993 eam?
969 937 1140 992 Exuit
1168 938 1323 991 enim
1350 937 1610 991 tunicam
1646 935 1804 990 illam
1840 934 2163 1006 pelliccam,

520 1043 696 1100 quam
733 1030 1081 1097 acceperunt
1109 1027 1292 1080 Adam
1326 1030 1382 1080 et
1414 1026 1527 1080 Eva
1559 1029 1688 1096 post
1721 1024 1975 1094 culpam,
2008 1023 2164 1076 tuni-

520 1133 647 1171 cam
680 1114 1043 1187 corruptelis,
1078 1115 1335 1169 tunicam
1380 1115 1741 1184 passionum.
1778 1112 2045 1179 Quomodo
2077 1113 2161 1164 in-

518 1205 685 1260 duam
715 1220 836 1260 eam
867 1204 1036 1257 ?Non
1070 1203 1318 1273 requirit
1351 1210 1413 1256 ut
1440 1202 1645 1256 induat
1677 1218 1688 1255 :
1733 1202 1831 1256 sed
1867 1200 1947 1254 ita
1978 1199 2163 1271 signi-

522 1297 657 1348 ficat
694 1294 1003 1362 abjectam,
1047 1295 1111 1344 ut
1134 1293 1260 1357 jam
1310 1291 1649 1344 indumento
1694 1289 1804 1343 sibi
1863 1304 1990 1343 esse
2045 1304 2161 1341 non

520 1385 737 1454 posset.
786 1380 919 1435 Lavi
947 1379 1107 1450 pedes
1134 1395 1298 1446 meos,
1334 1379 1593 1448 quomodo
1642 1377 1939 1449 inquinabo
1996 1376 2165 1430 illos?

520 1472 629 1527 hoc
657 1474 768 1537 est,
796 1468 1059 1539 Vestigia
1087 1484 1219 1522 mea
1241 1467 1374 1533 lavi,
1412 1468 1555 1521 dum
1603 1468 1925 1538 egrederer,
1959 1481 2026 1520 ac
2071 1480 2162 1519 me

518 1560 798 1616 elevarem
827 1557 898 1612 de
936 1556 1197 1627 corporis
1229 1556 1631 1623 contubernio,
1662 1557 1735 1610 de
1792 1554 1897 1609 illa
1950 1568 2161 1608 conne-

518 1651 685 1704 xione
696 1653 753 1703 et
769 1645 1100 1702 familiarite
1114 1645 1366 1701 carnalis
1380 1645 1684 1717 amplexus
1700 1646 1834 1713 (36),
1867 1642 2160 1714 quomodo

519 1737 837 1809 inquinabo
859 1752 947 1801 ea,
981 1740 1044 1789 ut
1070 1734 1127 1789 in
1152 1734 1410 1806 corporis
1441 1734 1786 1799 claustrum,
1818 1736 1875 1786 et
1897 1730 2059 1785 illum
2085 1734 2163 1783 te-

516 1826 830 1881 nebrosum
854 1823 1193 1896 passionum
1226 1823 1355 1894 ejus
1388 1838 1679 1877 carcerem
1711 1819 2124 1875 revertantur?

582 1916 673 1971 53.
710 1919 852 1968 Durr
890 1913 1008 1968 haec
1049 1911 1149 1968 illa
1178 1912 1343 1981 dicit,
1377 1912 1541 1967 misit
1569 1908 1964 1982 operationem
1990 1923 2161 1963 suam

512 2003 769 2059 Verbum
814 2007 1093 2073 tanquam
1135 2017 1240 2073 per
1283 2016 1609 2064 cavernam,
1670 2015 1784 2053 non
1826 1996 2018 2051 adhuc
2076 1996 2159 2050 fa-

512 2092 595 2149 cie
628 2092 699 2147 ad
724 2090 951 2159 faciem,
987 2090 1151 2144 misit
1196 2094 1480 2160 tanquam
1525 2103 1768 2142 manum
1804 2103 1815 2141 :
1864 2087 1929 2141 Et
1976 2091 2162 2139 venter

513 2181 722 2252 inquit,
746 2196 896 2235 meus
924 2179 1251 2235 conturbata
1316 2181 1394 2232 est
1414 2193 1578 2248 super
1623 2192 1766 2231 eum.
1816 2176 1882 2229 Et
1936 2174 2163 2229 surrexi

510 2287 603 2340 ego
634 2272 849 2341 aperire
893 2269 1067 2338 fratri
1109 2282 1248 2322 meo.
1301 2266 1494 2320 Manus
1539 2279 1679 2321 meae
1733 2264 2156 2319 distillaverunt.

511 2360 816 2430 myrrham,
849 2358 1011 2428 digiti
1040 2358 1152 2411 mei
1192 2355 1419 2425 myrrha
1461 2354 1616 2425 pleni
1656 2356 1780 2407 sunt
1825 2366 1988 2417 super
2042 2366 2157 2404 ma-

510 2463 615 2502 nus
642 2448 913 2502 clausura
957 2445 1140 2513 (Cant.
1196 2460 1248 2509 ν,
1282 2444 1420 2513 liii).
1480 2441 1628 2504 Quid
1682 2441 1790 2496 hoc
1847 2438 2156 2512 signiﬁcet.

511 2535 970 2590 consideremus.
1020 2533 1283 2587 Primum
1324 2531 1599 2602 operibus
1631 2528 1755 2584 suis
1796 2529 2046 2592 videtur,
2096 2530 2162 2580 ut

512 2625 651 2691 dixi,
697 2624 853 2679 Deus
912 2622 1169 2677 Verbum
1217 2625 1502 2691 tanquam
1554 2634 1656 2690 per
1683 2630 2010 2680 cavernam,
2043 2631 2159 2669 non

511 2712 681 2784 plene
695 2718 869 2782 atque
900 2710 1187 2781 perfecte:
1221 2708 1430 2763 deinde
1455 2710 1704 2777 augetur
1724 2720 1908 2769 amor,
1942 2707 2000 2757 et
2026 2718 2160 2757 con-

447 2847 453 2853 .
513 2805 721 2870 ceptus
753 2797 1056 2860 adolescit,
1116 2801 1291 2866 atque
1347 2810 1415 2849 ex
1467 2792 1793 2848 seminibus
1856 2793 1984 2861 ejus
2032 2808 2160 2862 quas

513 2886 769 2957 quodam
802 2889 969 2939 utero
997 2881 1373 2954 intelligibilli
1395 2880 1719 2952 susceperit
1738 2880 1954 2945 anima,
1975 2883 2157 2934 totam

514 2972 941 3047 plenitudinem
973 2970 1297 3026 divinitatis
1326 2972 1453 3040 ejus
1474 2968 1835 3024 habitantem
1868 2967 1928 3023 in
1951 2984 2017 3023 eo
2040 2984 2160 3023 cor-

2281 408 2518 479 ponitur
2547 408 2605 462 in
2642 407 2834 462 medio
2864 409 3305 479 ejusDominus
3332 409 3519 466 Jesus.

2347 496 2437 550 54.
2468 495 2727 568 Denique
2758 496 2959 551 statim
2987 496 3137 553 alius
3195 498 3489 570 profectus
3527 498 3685 555 Verbi
3713 504 3872 557 trans-

2278 584 2497 652 euntis,
2531 584 2671 656 quia
2701 584 2875 639 exivit
2906 584 3103 640 anima
3134 586 3189 640 in
3223 586 3400 641 verbo
3455 587 3598 657 ejus,
3652 587 3750 643 hoc
3782 594 3870 657 est,

2274 673 2516 728 verbum
2548 673 2677 743 ejus
2723 678 2923 728 secuta
2953 674 3129 732 exivit
3184 675 3256 731 de
3304 690 3560 747 corpore,
3590 674 3874 741 elevansse

2277 762 2348 816 de
2379 762 2508 831 ejus
2530 761 2887 829 habitaculo,
2913 766 2969 818 et
2999 764 3367 835 peregrinam
3399 780 3461 819 se
3492 763 3699 819 faciens
3726 763 3789 833 ei,
3816 770 3869 819 ut

2276 850 2510 904 adesset
2541 850 2677 916 Deo,
2712 854 2769 905 et
2797 856 2950 906 esset
2979 850 3121 907 civis
3151 855 3508 906 sanctorum.
3542 851 3718 906 Simul
3739 852 3873 907 enim

2278 942 2335 992 et
2364 938 2557 992 carnis
2590 939 2916 1005 domestici,
2949 943 3005 994 et
3061 938 3158 994 Dei
3219 956 3349 995 esse
3402 957 3515 994 non
3573 955 3875 1011 possumus.

2276 1028 2424 1097 Ergo
2456 1026 2512 1080 in
2548 1027 2655 1081 hoc
2684 1026 2808 1082 loco
2839 1027 2993 1081 exire
3022 1028 3407 1098 signiﬁcatur,
3435 1032 3497 1082 ut
3526 1028 3658 1091 dixi,
3690 1028 3875 1095 anima,

2276 1115 2510 1185 quando
2542 1115 2780 1170 abducit
2805 1131 2865 1170 se
2896 1132 2929 1169 a
2957 1116 3214 1187 corporis
3272 1116 3683 1187 voluptatibus.
3733 1116 3878 1171 Deni-

2273 1220 2385 1274 que
2408 1203 2691 1275 scriptum
2719 1209 2807 1259 est
2831 1220 2843 1258 :
2868 1205 2976 1258 Exi
2996 1204 3061 1259 de
3090 1206 3386 1274 Babylone,
3428 1206 3644 1276 fugiens
3663 1222 3695 1258 α
3741 1204 3881 1258 Chal-

2273 1291 2405 1347 daeis
2427 1294 2575 1362 (Isai.
2600 1308 2793 1359 xavm,
2815 1295 2926 1363 20).
2948 1294 3070 1347 Non
3106 1294 3306 1365 utique
3341 1298 3404 1347 ut
3430 1294 3714 1366 regionem
3733 1293 3884 1364 Baby-

2274 1380 2428 1435 lonis
2463 1380 2739 1435 Hebraeus
2788 1381 2989 1453 fugiat,
3023 1382 3122 1436 sed
3185 1386 3248 1435 ut
3305 1397 3515 1449 mores,
3579 1381 3883 1453 prophetico

2275 1469 2627 1524 admonetur
2647 1469 2903 1540 alloquio
2934 1488 2946 1536 ;
2982 1470 3270 1542 siquidem
3304 1470 3425 1523 sint
3456 1470 3555 1542 qui
3586 1469 3645 1523 in
3674 1468 3886 1540 Babylo-

2272 1574 2344 1611 ne
2364 1558 2483 1613 sint
2504 1557 2739 1620 hebraai,
2764 1564 2820 1611 et
2836 1558 2907 1611 de
2928 1556 3216 1629 Babylone
3244 1558 3433 1613 exisse
3465 1556 3723 1612 moribus
3750 1557 3887 1611 doce-

2272 1651 2394 1699 ant.
2420 1646 2565 1700 Nam
2595 1650 2652 1699 et
2682 1644 2762 1699 illi
2796 1647 2867 1700 de
2896 1645 3114 1716 quibus
3137 1646 3279 1701 dicit
3310 1646 3599 1718 propheta
3627 1645 3775 1718 quod
3813 1660 3890 1699 se-

2271 1735 2488 1789 debant
2519 1750 2696 1806 super
2729 1734 2976 1789 flumina
3006 1733 3311 1806 Babylonis
3355 1735 3530 1802 (Psal.
3585 1750 3795 1789 cxxxvi.
3826 1734 3886 1802 1).

2269 1823 2551 1878 sedebant
2580 1822 2815 1893 quidem
2848 1821 2906 1877 in
2938 1823 3173 1893 regione
3193 1822 3532 1895 Babylonis,
3554 1823 3657 1879 sed
3684 1822 3741 1877 in
3781 1822 3889 1892 ejus

2270 1929 2384 1967 non
2417 1916 2583 1967 erant
2609 1910 2768 1965 vitiis
2799 1916 2855 1966 et
2885 1911 3243 1967 confusione.
3267 1912 3414 1967 Nam
3436 1912 3729 1985 quomodo
3751 1914 3894 1966 erant

2270 2000 2328 2053 in
2363 1999 2463 2054 illa
2493 1999 2835 2053 confusione
2871 1998 3164 2065 vitiorum,
3224 2000 3324 2071 qui
3384 1999 3611 2055 flebant
3656 2001 3894 2072 gerentes

2272 2088 2673 2160 pcenitentiam
2708 2088 2861 2158 quod
2903 2088 2973 2143 de
3004 2099 3139 2143 area
3169 2087 3522 2155 devotionis,
3580 2105 3647 2143 ac
3679 2088 3822 2158 fidei,
3850 2089 3898 2141 et

2269 2176 2503 2231 virtutis
2536 2180 2791 2247 paternas
2822 2175 3047 2230 meritis
3078 2175 3434 2231 excidissent
3460 2176 3492 2230 ‘l
3544 2176 3680 2239 Quae
3724 2179 3894 2230 autem

2269 2265 2326 2320 in
2359 2265 2547 2320 Verbo
2580 2264 2697 2319 exit
2718 2264 2934 2329 anima,
2962 2264 3216 2319 Verbum
3241 2265 3513 2337 requirit.

2338 2356 2427 2409 55.
2461 2353 2625 2409 Unde
2655 2357 2711 2408 et
2740 2352 2853 2407 ista
2882 2369 3015 2407 cum
3049 2358 3351 2424 quareret,
3381 2353 3598 2409 incidit
3629 2352 3687 2408 in
3732 2356 3898 2407 custo-

2268 2444 2372 2499 des
2402 2442 2503 2514 qui
2529 2442 2897 2497 circumeunt
2918 2440 3207 2496 civitatem
3229 2444 3680 2509 :Percusserunt,
3710 2440 3899 2512 inquit,

2266 2547 2372 2595 me,
2404 2540 2453 2587 et
2481 2532 2913 2586 vulneraverunt
2937 2546 3042 2596 me,
3098 2530 3343 2586 tulerunt
3370 2530 3618 2601 pallium
3648 2546 3681 2583 a
3700 2544 3780 2583 me
3822 2543 3901 2581 cu-

2265 2620 2438 2674 stodes
2509 2633 2792 2673 murorum
2867 2618 3064 2689 (Cant.
3138 2633 3193 2684 v,
3273 2620 3369 2689 7).
3450 2619 3609 2674 Bene
3684 2616 3905 2689 quidem

2268 2708 2439 2778 quasi
2470 2723 2687 2778 sponsa
2709 2706 2977 2763 veniebat
3017 2723 3153 2761 cum
3186 2706 3361 2779 pallio
3417 2723 3544 2777 quo
3607 2705 3907 2762 obnuberet

2269 2801 2444 2868 caput
2474 2813 2647 2851 suum
2678 2812 2812 2850 cum
2846 2812 3099 2867 sponsus
3130 2800 3447 2851 ocurreret.
3476 2796 3650 2852 Sicut
3671 2794 3908 2851 Rebecca

2269 2902 2396 2957 quae
2425 2884 2655 2957 cognito
2686 2885 2842 2955 quod
2874 2885 3036 2939 Isaac
3094 2883 3206 2939 sibi
3254 2883 3481 2939 veniret
3541 2884 3772 2949 obvius,
3827 2881 3908 2935 de-

2270 2973 2497 3029 scendit
2526 2974 2597 3028 de
2627 2972 2870 3041 camelo,
2903 2977 2960 3028 et
2989 2971 3165 3044 pallio
3197 2989 3259 3027 se
3285 2974 3529 3045 operuit
3556 2972 3713 3040 (Gen.
3769 2982 3910 3031 xxxv.

514 3060 807 3134 paraliter,
840 3063 907 3115 ut
953 3059 1225 3131 legimus,
1269 3058 1463 3114 videre
1519 3057 1825 3113 desiderat.
1877 3056 2157 3124 Surrexit,
2189 3048 2231 3116 C
2271 3064 2361 3134 65)
2397 3079 2409 3116 :
2442 3063 2525 3116 ita
2553 3065 2610 3116 et
2639 3060 2759 3116 haec
2791 3061 2987 3116 anima
3017 3060 3298 3132 nuptialis
3323 3062 3511 3119 vestis
3545 3058 3915 3134 praeveniebat

514 3156 578 3206 ut
605 3148 878 3223 proprius
908 3147 1052 3203 illud
1083 3147 1183 3203 Dei
1221 3146 1477 3202 Verbum
1535 3146 1775 3202 videret.
1811 3148 1880 3201 Et
1935 3146 1995 3200 in
2048 3146 2156 3201 hoc

514 3240 641 3310 ipso
673 3252 984 3309 processus
1014 3237 1142 3307 ejus
1174 3235 1563 3307 significatur,
1596 3237 1747 3307 quod
1782 3236 2032 3290 surrexit
2057 3251 2159 3306 per

514 3329 772 3400 vigorem
798 3330 973 3397 atque
1028 3327 1324 3380 virtutem.
1392 3324 1707 3380 Praesentia
1761 3324 1916 3379 enim
1983 3323 2156 3379 Verbi

517 3414 715 3471 hausit
744 3416 898 3471 ιη
930 3413 1127 3469 anima
1160 3413 1460 3479 virtutem,
1511 3414 1666 3469 sicut
1693 3412 2004 3485 praesentia
2041 3416 2157 3467 Ma-

517 3505 636 3568 rias,
659 3520 793 3559 cum
816 3504 979 3558 utero
1005 3502 1196 3575 gravis
1232 3508 1404 3566 esset,
1453 3502 1699 3558 erudivit
1754 3504 2038 3559 Joannem
2098 3501 2156 3555 in

519 3598 682 3649 utero
704 3592 1268 3658 constitutum,adeo
1294 3598 1354 3645 ut
1379 3590 1636 3647 exsiliret
1677 3592 1734 3647 in
1759 3596 1942 3659 utero,
1967 3596 2024 3645 et
2062 3606 2158 3644 ex-

518 3682 762 3738 sultaret
781 3680 1010 3737 Domini
1030 3679 1401 3751 praesentiam
1425 3696 1868 3752 recognoscens.
1900 3677 2161 3735 Surrexit

518 3770 762 3843 aperire,
786 3774 845 3826 et
863 3784 1039 3841 opera
1059 3768 1188 3839 ejus
1204 3772 1259 3824 et
1282 3769 1432 3823 facta
1453 3769 1801 3824 mortificata
1829 3772 1966 3822 sunt
1989 3784 2160 3821 mun-

518 3861 613 3915 do.
635 3858 792 3914 Talis
806 3858 962 3914 enim
983 3857 1156 3913 debet
1179 3873 1307 3913 esse
1330 3856 1526 3911 anima
1541 3873 1668 3929 quas
1688 3856 1941 3911 Verbum
1964 3861 2053 3911 est
2073 3870 2161 3909 re-

520 3953 782 4020 ceptura,
844 3952 909 4001 ut
972 3945 1260 4001 moriatur
1316 3945 1557 4013 mundo,
1618 3950 1677 4000 et
1732 3943 2164 4017 consepeliatur

521 4036 773 4093 Christo.
807 4034 901 4091 Sic
930 4034 1087 4090 enim
1136 4033 1404 4089 Christus
1452 4033 1762 4103 invenitur,
1803 4039 1862 4089 et
1905 4032 2019 4088 tale
2050 4032 2162 4089 sibi

522 4125 732 4198 quaerit
760 4123 1104 4195 hospitium.
1138 4121 1357 4177 Deinde
1398 4121 1527 4193 ipsa
1573 4122 1899 4179 ministeria
1955 4138 2164 4194 cpera-

524 4215 772 4281 tionum,
805 4212 864 4267 id
896 4216 1004 4279 est,
1038 4227 1250 4266 manus
1275 4213 1332 4266 et
1360 4209 1523 4283 digiti
1557 4210 1773 4282 quibus
1789 4210 2167 4283 comprehen-

525 4303 685 4357 ditur
713 4301 1002 4372 Christus,
1046 4299 1469 4356 Mortiﬁcantur
1501 4318 1514 4368 ;
1548 4316 1696 4372 quos
1744 4300 1962 4372 digitos
2007 4299 2166 4356 velut

2266 3151 2525 3223 insignia
2553 3150 2687 3221 (37),
2719 3166 2792 3205 ne
2853 3151 2999 3205 forte
3055 3149 3413 3220 rejiceretur,
3476 3149 3657 3222 quasi
3714 3150 3914 3203 vestem

2267 3256 2381 3295 non
2414 3239 2637 3294 habens
2668 3238 3029 3310 nuptialem;
3063 3238 3149 3293 vel
3182 3242 3249 3293 ut
3278 3243 3460 3310 caput
3489 3237 3721 3294 velaret
3761 3250 3916 3307 prop-

2266 3333 2356 3384 ter
2383 3326 2641 3401 angelos,
2666 3327 2765 3381 sed
2796 3325 2880 3380 illi
2909 3330 3326 3397 percusserunt
3348 3343 3506 3394 eam,
3564 3331 3634 3381 ut
3669 3322 3909 3396 amplius

2269 3418 2630 3490 probaretur.
2650 3417 3005 3471 Exercentur
3031 3416 3188 3471 374
3212 3415 3368 3469 enim
3403 3415 3627 3470 anima)
3673 3410 3923 3470 temtatio-

2268 3507 2461 3561 nibus.
2486 3504 2835 3560 Tuleruntei
2856 3502 3121 3574 pallium,
3147 3509 3482 3575 querentes
3506 3504 3556 3560 si
3584 3519 3790 3560 verum
3831 3500 3917 3554 de-

2270 3610 2462 3649 corem
2487 3594 2656 3647 nudas
2677 3592 2908 3647 virtutis
2931 3592 3193 3646 afferret:
3220 3591 3303 3647 vel
3347 3592 3495 3663 quia
3520 3593 3655 3648 sine
3706 3592 3925 3661 integu-

2271 3688 2486 3751 mento,
2511 3681 2644 3753 quis
2668 3682 2726 3735 in
2750 3680 2913 3735 illam
2931 3679 3221 3737 caelestem
3246 3679 3551 3736 civitatem
3580 3680 3795 3736 debeat
3840 3678 3923 3729 in-

2269 3772 2464 3837 troire,
2491 3769 2653 3825 nulla
2674 3769 2939 3824 deferens
2965 3785 3166 3823 secum
3215 3769 3597 3839 operimenta
3645 3769 3923 3825 lucorum.

2271 3860 2606 3917 Suntetiam
2628 3858 3063 3930 quirequirant,
3089 3875 3160 3913 ne
3175 3874 3289 3930 qua
3306 3859 3515 3913 anima
3562 3857 3806 3915 exuvias
3844 3869 3927 3908 se-

2272 3967 2404 4005 cum
2419 3948 2590 4004 vehat
2600 3946 2852 4003 carnalis
2864 3944 3233 4014 illecebrae,et
3247 3945 3812 4019 concupiscentiam
3825 3956 3934 3999 cor-

2272 4037 2554 4111 poralem.
2622 4036 2889 4090 Nudatur
2943 4034 3146 4106 pallio,
3181 4044 3315 4091 eum
3374 4037 3515 4107 ejus
3580 4030 3936 4091 conscientia

2274 4126 2703 4181 manifestatur.
2762 4124 2875 4179 Sed
2931 4128 3021 4179 est
3104 4128 3160 4177 et
3216 4139 3344 4194 qua;
3427 4125 3593 4179 bene
3658 4122 3938 4184 nudatur,

2274 4214 2366 4270 cui
2397 4213 2531 4269 licet
2560 4211 2778 4266 imitari
2811 4211 3011 4266 dicens
3047 4228 3059 4264 :
3099 4212 3251 4266 Venit
3279 4210 3437 4266 enim
3471 4214 3756 4285 princeps
3788 4208 3943 4278 hujus

2272 4303 2489 4368 mundi,
2520 4305 2571 4357 et
2602 4303 2661 4356 in
2690 4316 2778 4356 me
2808 4302 3046 4356 inveniet
3074 4300 3221 4355 nihil
3251 4300 3430 4370 (Jaan.
3466 4318 3600 4369 xxv,
3635 4300 3734 4371 30)
3769 4317 3785 4365 ',
3817 4294 3946 4369 quia

525 4390 843 4446 eminentia
858 4389 1144 4445 factorum
1168 4396 1501 4445 nostrorum
1531 4405 1707 4461 opera
1722 4406 2039 4460 possumus
2059 4406 2165 4445 ωε-
2196 4407 2244 4473 Ι)
2274 4397 2431 4449 certe
2461 4392 2517 4445 in
2553 4389 2649 4445 illo
2680 4389 2802 4445 solo
2835 4388 2981 4444 nihil
3014 4388 3251 4452 invenit,
3297 4390 3397 4460 qui
3462 4394 3797 4461 peccatum
3840 4399 3946 4440 non

524 4479 751 4534 timere.
786 4478 985 4549 Itaque
1013 4476 1171 4532 velut
1195 4494 1226 4533 e
1254 4476 1559 4549 complexu
1591 4494 1698 4533 suo
1728 4494 1862 4533 cum
1887 4479 2014 4550 jam
2070 4495 2164 4534 ex-

526 4567 791 4625 tenderet
811 4564 1207 4637 intelligibiles
1229 4581 1440 4621 manus
1461 4583 1600 4622 suas
1620 4566 1997 4639 ctdigitos,ut
2013 4583 2170 4622 com-

527 4654 912 4730 prehenderet
930 4654 1186 4709 Verbum
1208 4654 1492 4711 transisse
1519 4653 1629 4710 sibi
1653 4654 1818 4724 illud,
1835 4672 1949 4711 non
1971 4659 2167 4710 tamen

526 4746 718 4803 adhuc
745 4742 1134 4817 pertransisse
1161 4743 1360 4799 anima
1390 4744 1486 4815 pia
1513 4743 1671 4799 dicit.
1707 4744 1773 4799 Et
1801 4745 1909 4800 hoc
1931 4760 2170 4816 proces-

527 4853 659 4891 sum
691 4835 888 4899 habet,
923 4832 1159 4905 quando
1185 4833 1397 4888 transit
1426 4836 1483 4887 et
1539 4834 1855 4904 pertransit
1911 4832 2170 4888 animam

528 4925 785 4981 Verbum
816 4923 939 4990 Dei,
973 4922 1113 4994 quia
1139 4921 1424 4994 scriptum
1486 4925 1615 4976 est:
1668 4924 1734 4976 Et
1788 4927 1940 4977 tuam
1997 4924 2169 4994 ipsius

526 5015 779 5069 animam
795 5010 1157 5083 pertransibit
1175 5009 1419 5080 gladius,
1438 5012 1495 5063 ut
1516 5010 1826 5066 revelenlur
1872 5010 2171 5066 multorum

527 5102 774 5158 cordium
837 5100 1185 5171 cogitationes
1252 5099 1400 5170 (Luc.
1484 5115 1543 5168 ιι,
1610 5099 1724 5168 35).
1802 5099 1906 5155 Hic
1979 5098 2171 5155 adhuc

529 5190 832 5254 transitur,
856 5206 971 5245 non
1002 5186 1390 5260 pertransitur
1417 5202 1429 5241 :
1465 5192 1529 5243 ut
1555 5186 1806 5244 Mariain
1838 5187 2170 5261 posteriori-

526 5409 747 5554 ριέωξόἐ)
774 5410 1051 5473 Nonnulli
1084 5427 1251 5473 mea.
1279 5410 1669 5488 familiaritate
1726 5416 2014 5491 carnisque
2055 5430 2174 5479 am-

2275 4481 2428 4536 fecit.
2459 4480 2632 4535 Beata
2660 4483 2718 4534 et
2748 4477 2848 4532 illa
2876 4481 2965 4532 est
2992 4477 3050 4530 in
3083 4494 3201 4549 qua
3226 4493 3339 4533 non
3372 4478 3595 4550 gravia
3628 4482 3739 4533 aut
3772 4471 3950 4530 multa

2274 4567 2494 4624 invenit
2522 4584 2533 4623 :
2565 4567 2665 4644 sed
2693 4565 2915 4622 invenit
2943 4565 3001 4619 in
3033 4582 3101 4620 ea
3132 4564 3411 4620 amictum
3435 4562 3701 4636 ﬁdei,et
3732 4563 3954 4636 sapien-

2276 4658 2367 4713 tiae
2395 4655 2790 4728 disciplinam.

2345 4748 2437 4801 56.
2470 4747 2671 4817 Itaque
2703 4745 2829 4800 sine
2888 4742 3198 4814 dispendio
3257 4743 3348 4798 sui
3414 4744 3605 4815 (quia
3667 4743 3785 4798 etsi
3816 4737 3960 4795 volet

2279 4836 2431 4907 quis,
2466 4851 2584 4890 non
2616 4838 2808 4906 potest
2835 4848 3031 4889 veram
3063 4833 3292 4888 auferre
3351 4831 3739 4903 sapientiam
3778 4847 3791 4885 :
3855 4824 3957 4883 etsi

2280 4923 2647 4979 adversarius
2677 4922 2992 4994 obstrepat,
3026 4919 3106 4975 ibi
3132 4924 3331 4975 tamen
3359 4935 3509 4975 vera
3543 4920 3817 4977 innoxiae
3841 4931 3964 4975 con-

2276 5011 2621 5068 versationis
2666 5011 2855 5067 elucet
2881 5009 3228 5081 integritas),
3285 5009 3410 5065 sine
3451 5008 3801 5082 dispendio
3832 5018 3962 5077 ergo

2278 5101 2550 5157 transivit
2580 5100 2873 5168 custodes,
2906 5103 2965 5155 et
2991 5097 3223 5155 filiabus
3253 5098 3408 5154 illius
3443 5097 3739 5156 caelestis
3777 5095 3965 5154 civita-

2279 5190 2356 5247 tis
2382 5190 2634 5247 admista
2654 5189 2910 5247 Verbum
2942 5187 3203 5259 requirit,
3236 5192 3296 5246 et
3324 5188 3670 5261 qumrendo
3725 5188 3857 5259 ejus
3909 5182 3967 5237 in

2296 5490 2305 5501 ι
2346 5413 2709 5565 ξῗὲὲίὲωηθε
2734 5412 2872 5474 edit.
2908 5427 3042 5471 cum
3073 5411 3274 5489 paucis
3332 5424 3518 5479 mss.,
3576 5406 3971 5488 praeminebat

2296 5505 2341 5547 in
2537 5526 2548 5545 .

2282 5505 2548 5553 τηειρηια.
