4026 6186
218 274 329 333 549

1337 268 1568 335 LIBER
1613 275 1713 335 DE
1757 266 1982 337 ISAAC
2025 275 2123 337 ET
2168 272 2448 337 ANIMA.

3476 282 3597 339 550

212 422 273 462 se
301 406 502 463 excitat
529 402 886 472 charitatem,
918 409 975 462 et
1004 405 1104 462 ubi
1125 405 1378 462 Verbum
1411 410 1629 480 quaerat
1660 422 1834 479 agno-
1862 407 1915 473 Α
1946 414 2202 463 avortere
2280 406 2437 463 illam
2477 406 2698 477 oculos,
2742 421 2812 462 ne
2852 424 2979 463 eam
3021 408 3399 465 considerans
3438 412 3595 482 quod

212 494 337 551 scit.
369 494 527 559 Quod
558 494 709 553 inter
754 494 1043 552 orationes
1089 499 1424 552 sanctorum
1476 499 1751 564 moretur,
1783 499 1841 551 et

212 584 361 656 quod
424 583 568 657 ipsis
629 583 923 653 inhaereat,
972 585 1155 654 novit,
1204 589 1262 641 et
1311 584 1467 657 quod
1520 583 1840 641 Ecclesium

208 689 394 742 suam,
452 671 538 728 vel
595 672 817 730 animas
874 674 1164 745 iustorum
1224 690 1467 731 suorum
1522 672 1676 729 inter
1718 671 1843 729 lilia

207 764 423 834 pascat,
457 760 743 834 intelligit.
772 761 888 819 Hoc
918 762 1264 836 mysterium
1313 762 1421 819 tibi
1452 762 1512 818 in
1543 760 1840 835 evangelio

204 848 487 906 Dominus
514 850 953 919 demonstravit,
974 868 1108 908 cum
1129 850 1190 907 in
1212 850 1457 908 sabbato
1484 851 1718 907 duceret
1740 864 1842 922 per

203 938 491 996 seminata
552 938 866 1012 discipulos
934 940 1086 1011 (Luc.
1152 956 1231 1008 v1,
1301 939 1375 1011 l).
1445 939 1674 1012 Moyses
1738 954 1842 1011 per

202 1026 497 1084 desertum
547 1027 710 1084 duxit
764 1028 1047 1102 pepulum
1106 1027 1445 1085 Judaeorum
1475 1028 1650 1100 (Deut.
1681 1044 1837 1095 XXIX,

201 1116 251 1187 5)
284 1132 297 1172 :
330 1116 601 1173 Christus
629 1131 732 1189 per
764 1116 1050 1173 seminata
1081 1116 1262 1185 ducit,
1292 1116 1561 1174 Christus
1592 1132 1693 1189 per
1716 1114 1840 1171 lilia

202 1204 378 1271 ducit,
413 1204 551 1278 quia
577 1210 634 1261 et
662 1221 765 1277 per
794 1205 1125 1277 passionem
1168 1206 1299 1278 ejus
1347 1205 1644 1261 desertum
1672 1205 1840 1260 ﬂoret

202 1295 263 1348 ut
289 1292 505 1349 lilium.
536 1294 858 1366 Sequemur
886 1310 1042 1367 ergo,
1078 1297 1143 1349 ut
1171 1293 1230 1349 in
1264 1294 1357 1350 die
1386 1294 1634 1363 sabbati,
1680 1292 1839 1348 illius

202 1382 396 1454 magni
428 1382 675 1450 sabbati,
710 1382 770 1438 in
801 1398 915 1455 quo
947 1383 1178 1453 requies
1208 1399 1425 1455 magna
1471 1387 1581 1450 est,
1611 1382 1838 1438 fructus

198 1468 563 1541 colligamus.
594 1470 708 1527 Nec
738 1470 987 1527 verearis
1018 1487 1090 1527 ne
1118 1471 1391 1527 Pharisaei
1423 1474 1700 1527 accusent
1747 1486 1839 1526 se-

198 1557 420 1614 minata
449 1557 836 1632 colligentem.
866 1559 988 1616 Etsi
1020 1558 1101 1614 illi
1137 1564 1410 1616 accusent
1435 1560 1534 1615 sed
1571 1558 1839 1615 Christus

197 1651 458 1716 excusat,
511 1652 568 1703 et
631 1646 851 1704 similes
918 1647 1052 1703 facit
1106 1664 1255 1720 quas
1307 1647 1432 1703 vult
1487 1647 1717 1703 animas
1776 1663 1838 1703 se

196 1739 507 1807 sequentes
537 1735 714 1792 David
745 1735 919 1804 illius,
944 1736 1046 1808 qui
1078 1754 1257 1810 supra
1276 1735 1463 1810 legem
1494 1752 1677 1810 panes
1708 1753 1836 1808 pro-

195 1823 510 1894 positionis
555 1824 945 1881 manducabat
990 1826 1039 1897 (Ι
1064 1826 1188 1897 Reg.
1236 1842 1350 1893 xxx,
1389 1826 1465 1897 6),
1509 1842 1665 1881 nova
1704 1841 1835 1898 gra-

196 1911 284 1966 tias
340 1916 712 1969 sacramenta
748 1912 1089 1987 prophetica
1118 1914 1245 1986 jam
1278 1918 1425 1991 tunc
1466 1917 1660 1970 mente
1702 1930 1835 1986 pro-

198 2016 475 2073 spiciens.

824 2117 1051 2173 CAPUT
1089 2118 1212 2173 VII.

202 2207 401 2261 Anima
432 2205 691 2261 laudatur
717 2222 752 2261 a
780 2222 994 2278 sponso,
1026 2207 1164 2278 quod
1195 2223 1320 2262 eum
1364 2214 1477 2263 tam
1526 2207 1656 2262 bene
1683 2223 1841 2262 cons-

270 2277 940 2350 tanterquerequisierit:
972 2277 1111 2350 quod
1139 2278 1333 2348 ﬁdelis,
1365 2277 1504 2350 quod
1524 2278 1699 2350 (verbo
1745 2294 1840 2349 po-

274 2353 423 2422 tens,
441 2348 583 2422 quod
612 2364 722 2403 una
749 2353 809 2403 ut
835 2348 1114 2422 columba;
1144 2348 1536 2422 deniquequod
1564 2351 1636 2404 sit
1650 2348 1840 2420 fecun-

277 2418 341 2472 da
370 2418 679 2488 virtutibus,
714 2436 778 2474 ac
804 2421 954 2475 vitiis
985 2424 1183 2476 careat.

278 2531 367 2589 57.
399 2532 695 2589 Laudatur
724 2533 922 2606 itaque
951 2550 985 2588 a
1010 2550 1224 2606 sponso
1257 2534 1412 2606 quod
1445 2536 1565 2589 tam
1609 2534 1756 2589 bene
1786 2537 1844 2589 et

222 2624 544 2676 constanter
571 2621 899 2694 requisierit
943 2638 1113 2691 eum;
1158 2621 1403 2694 ideoque
1442 2623 1568 2694 jam
1600 2639 1715 2678 non
1750 2639 1843 2678 so-

220 2706 331 2763 lum
360 2725 525 2766 soror
552 2710 887 2778 dicitur,sed
908 2709 1084 2766 etiam
1102 2710 1464 2784 beneplacita
1481 2711 1841 2780 nominatur,

223 2798 377 2869 quasi
440 2797 494 2854 ei
557 2797 902 2871 complacita
966 2799 1066 2871 qui
1120 2799 1472 2871 complacuit
1530 2799 1719 2869 Patri;
1789 2802 1846 2855 et

225 2886 470 2958 speciosa
543 2886 699 2942 sicut
763 2886 1111 2957 Jerusalem,
1169 2888 1321 2943 sicut
1377 2887 1685 2944 admiratio
1752 2904 1844 2943 or-

227 2972 407 3030 dinata
477 2974 667 3045 (Cant.
742 2990 828 3041 Vl,
903 2975 988 3046 3),
1065 2976 1221 3048 quod
1295 2975 1546 3031 civitatis
1618 2979 1843 3032 aeterna

228 3062 479 3118 universa
533 3062 749 3118 habeat
768 3063 1124 3136 mysteria,et
1153 3063 1523 3120 admirationi
1550 3064 1626 3120 sit
1654 3065 1845 3121 omni-

228 3148 326 3205 bus
350 3150 681 3206 videntibus
712 3167 871 3220 eam;
901 3151 1040 3223 quia
1068 3151 1239 3224 plena
1283 3156 1349 3208 ut
1389 3153 1632 3225 aequitas
1671 3157 1845 3226 atque
1874 3137 1917 3204 C

230 3238 461 3309 perfecta
488 3244 596 3308 est,
611 3244 669 3296 et
698 3238 976 3312 fulgorem
1010 3241 1081 3296 de
1110 3240 1280 3297 Verbi
1312 3240 1534 3299 lumine
1557 3245 1844 3311 mutuata,

233 3324 355 3382 dum
385 3327 441 3382 id
465 3343 698 3401 semper
724 3327 1000 3395 intendit;
1034 3329 1097 3383 fit
1126 3328 1301 3385 etiam
1332 3329 1608 3386 terribilis
1646 3331 1848 3387 ordine

234 3415 465 3484 quodam
497 3416 570 3472 ad
602 3433 902 3473 summum
952 3422 1220 3489 provecta
1259 3418 1561 3473 virtutum.
1601 3419 1851 3491 Ideoque

239 3502 386 3573 quasi
439 3503 704 3576 perfectae
765 3504 905 3561 dicit
954 3522 967 3561 :
1016 3506 1214 3561 Averte
1261 3506 1445 3561 oculos
1494 3523 1530 3561 a
1573 3522 1678 3572 me,
1735 3508 1852 3562 noli

238 3599 404 3647 contra
447 3609 533 3649 me
578 3593 857 3649 intendere
898 3594 1054 3664 (Ibid.
1102 3595 1176 3663 4),
1218 3594 1521 3651 devotione
1566 3595 1750 3650 nimia
1786 3612 1852 3651 ac

239 3676 337 3735 ﬁde
372 3680 813 3752 possibilitatem
853 3687 1076 3739 natura:
1113 3686 1171 3738 et
1209 3683 1560 3739 conditionis
1608 3683 1852 3756 proprias

236 3782 597 3841 supergressa
648 3770 785 3842 quia
838 3769 1027 3825 lucem
1067 3770 1529 3827 inaccessibilem
1561 3788 1592 3827 e
1620 3773 1855 3845 regione

231 3853 426 3912 intueri
466 3862 556 3914 est
592 3874 780 3931 grave.
814 3858 1025 3926 Averte,
1055 3858 1268 3931 inquit,
1300 3860 1481 3917 oculos
1510 3868 1629 3916 tuos
1658 3878 1694 3916 a
1734 3878 1852 3923 me;

222 3960 281 4001 eo
309 3946 462 4016 quod
492 3946 911 4018 plenitudinem
945 3947 1263 4004 divinitatis
1292 3949 1443 4019 ejus,
1483 3951 1541 4004 et
1583 3948 1853 4021 splendo-

215 4049 340 4096 rem
366 4034 485 4090 veri
512 4034 757 4091 luminis
789 4035 1080 4091 sustinere
1130 4052 1247 4091 non
1295 4036 1499 4109 possit.
1535 4037 1855 4094 Possumus

210 4125 409 4178 tamen
463 4126 523 4179 et
572 4123 657 4178 sic
710 4124 967 4195 accipere
1008 4141 1021 4179 :
1063 4125 1252 4181 Avertc
1289 4126 1473 4181 oculos
1509 4130 1629 4182 tuos
1675 4144 1710 4182 a
1746 4142 1852 4182 me.

204 4210 334 4266 Etsi
372 4216 436 4267 tu
477 4210 732 4283 perfecta
768 4227 853 4277 es,
896 4211 1018 4267 alia:
1058 4212 1206 4267 mihi
1260 4212 1451 4270 adhuc
1503 4214 1855 4270 redimenda

199 4302 353 4355 sunt
388 4299 620 4367 animae,
663 4299 790 4355 alite
828 4299 1150 4356 fulciendze.
1190 4300 1393 4357 Elevas
1432 4302 1589 4358 enim
1641 4317 1734 4359 me
1771 4303 1855 4357 vi-

194 4387 400 4443 dendo
445 4403 457 4443 :
497 4402 604 4460 ego
644 4392 837 4443 autem
878 4387 1007 4445 ideo
1058 4388 1353 4459 descendi,
1396 4393 1459 4447 ut
1498 4406 1699 4447 omnes
1737 4390 1855 4446 ele-

1941 496 2068 568 jam
2126 496 2196 551 ad
2257 497 2556 569 superiora
2614 496 2777 568 sequi
2836 497 3039 569 possit,
3080 495 3355 563 elevetur,
3396 504 3452 555 et
3490 516 3595 555 ca:-

1949 588 2104 641 teras
2153 585 2381 640 animas
2438 585 2824 657 derelinquat.
2867 585 3001 641 Ideo
3054 589 3112 641 et
3167 585 3225 640 in
3286 587 3596 660 Evangelia

1950 689 2067 729 non
2106 674 2381 730 omnibus
2419 673 2747 747 discipulis,
2791 673 2892 728 sed
2936 673 3375 746 perfectioribus
3424 692 3595 732 suam

1949 760 2197 835 gloriam
2237 763 2657 819 demonstravit
2687 762 2892 834 (Matth.
2927 779 3065 827 xvn,
3099 763 3123 816 1
3159 767 3211 818 et
3243 763 3319 836 2).
3370 764 3595 821 Consti-

1950 853 2049 907 tue
2098 867 2255 907 nunc
2307 850 2564 923 aliquem
2619 851 2934 921 doctorem,
2977 851 3078 923 qui
3119 867 3240 905 rem
3281 852 3597 909 obscuram

1948 939 2089 995 velit
2119 938 2344 1012 aperire
2382 938 2758 995 audientibus
2781 955 2793 993 :
2816 939 3311 1010 quemadmodum
3344 940 3453 995 etsi
3473 940 3600 1013 ipse

1948 1032 2156 1101 potens
2204 1029 2262 1084 in
2314 1044 2584 1084 sermone
2634 1027 2709 1082 sit
2756 1033 2810 1082 et
2859 1026 3120 1092 scientia,
3172 1028 3600 1085 condescendat

1950 1120 2146 1173 tamen
2198 1118 2269 1173 ad
2320 1134 2519 1172 eorum
2578 1115 2869 1172 inscitiam
2914 1116 3026 1187 (38)
3069 1116 3166 1188 qui
3229 1134 3343 1172 non
3385 1116 3596 1173 intelli-

1948 1210 2114 1278 gunt,
2132 1211 2189 1261 et
2220 1206 2472 1278 simplici
2506 1211 2560 1260 et
2591 1204 2850 1278 planiore
2882 1210 3053 1276 atque
3087 1204 3301 1259 usitato
3331 1222 3599 1262 sermone

1950 1299 2169 1363 utatur,
2224 1301 2289 1351 ut
2337 1295 2523 1367 possit
2571 1293 2840 1365 intelligi.
2894 1292 3172 1364 Quisquis
3226 1294 3406 1366 igitur
3450 1294 3601 1349 inter

1949 1384 2253 1440 audientes
2284 1383 2532 1439 vivacior
2563 1399 2737 1438 sensu
2774 1382 2868 1447 sit,
2913 1381 3011 1452 qui
3066 1381 3229 1437 facile
3261 1383 3426 1454 sequi
3458 1399 3599 1454 pos—

1950 1471 2047 1541 sit,
2099 1473 2283 1528 elevat
2312 1489 2445 1527 eum
2480 1476 2653 1542 atque
2684 1471 2921 1526 excutit.
2953 1470 3118 1524 Hunc
3168 1468 3371 1525 videns
3400 1471 3602 1526 doctor

1950 1564 2195 1626 revocat,
2238 1565 2303 1615 ut
2334 1560 2591 1632 patiatur
2640 1558 2824 1632 magis
2858 1559 3153 1614 doctorem
3183 1558 3600 1616 humilioribus

1948 1652 2003 1705 et
2027 1648 2390 1721 planioribus
2412 1648 2710 1705 immorari
2725 1664 2855 1719 .quo
2876 1652 2929 1700 et
2950 1647 3139 1701 caeteri
3164 1647 3329 1719 sequi
3351 1648 3601 1720 possint.

2019 1739 2108 1793 58.
2144 1738 2305 1802 Quod
2342 1738 2422 1792 ait
2452 1736 2666 1808 Aquila
2698 1753 2712 1790 :
2748 1736 2960 1791 Samus
2988 1740 3053 1789 ut
3087 1736 3352 1804 revelata,
3383 1754 3602 1793 sonan-

1947 1830 2066 1881 tem
2096 1826 2167 1882 ad
2200 1826 2647 1881 admirationem
2680 1825 2919 1896 dignam
2954 1823 3172 1889 retulit,
3197 1824 3365 1895 quasi
3389 1840 3604 1897 magna

1947 1918 2003 1970 et
2032 1930 2243 1970 sonora
2274 1913 2587 1970 habentem
2620 1930 2795 1986 opera
2849 1929 2861 1966 :
2911 1911 3179 1978 revelata,
3235 1913 3307 1968 ad
3357 1928 3600 1985 operum

1949 2002 2270 2059 claritatem
2314 2002 2448 2059 :vel
2501 2003 2655 2075 quod
2709 2003 2837 2073 ejus
2888 2001 3095 2056 animae
3140 2017 3314 2073 opera
3368 2001 3604 2058 luceant

1950 2108 2143 2148 coram
2166 2091 2334 2147 Patre
2355 2092 2452 2163 qui
2476 2091 2533 2146 in
2566 2090 2726 2146 caelis
2744 2090 3020 2146 est.Unde
3039 2107 3150 2145 non
3163 2090 3345 2146 otiose
3356 2089 3601 2163 pallium

1950 2183 2075 2251 ejus
2105 2179 2402 2236 sublatum
2430 2178 2731 2253 intelligis,
2766 2184 2829 2235 ut
2859 2183 3056 2252 aperta
3104 2178 3330 2235 meritis
3362 2183 3418 2235 et
3447 2181 3606 2237 nuda

1956 2268 2221 2340 fulgeret.

2020 2357 2109 2411 57.
2145 2356 2445 2411 Laudatur
2474 2360 2752 2429 praeterea
2782 2358 2937 2429 quod
2986 2356 3194 2425 ﬁdelis,
3229 2358 3385 2430 quod
3429 2358 3602 2413 verbo

1953 2449 2181 2518 potens,
2215 2445 2368 2517 quod
2401 2444 2690 2501 fructibus
2723 2445 2971 2499 fecunda
2999 2446 3268 2514 diversis,
3301 2446 3455 2518 quod
3488 2464 3605 2502 una

1953 2534 2105 2589 sicut
2134 2533 2405 2589 columba
2434 2533 2659 2590 habens
2690 2533 2933 2606 spiritus
2965 2534 3271 2605 unitatem,
3296 2534 3352 2588 in
3385 2551 3501 2607 qua
3528 2536 3606 2591 sit

1953 2638 2085 2694 pax,
2134 2638 2265 2695 quae
2310 2621 2445 2677 fecit
2496 2626 2741 2693 utraque
2792 2638 2976 2676 unum
3023 2622 3239 2693 (Ephcs.
3283 2622 3489 2692 11,14),
3547 2626 3604 2678 et

1954 2727 2080 2783 quae
2130 2727 2245 2766 non
2278 2710 2355 2765 sit
2383 2709 2707 2783 composita
2756 2726 2825 2765 ex
2872 2708 3115 2764 diversis
3163 2708 3469 2765 elementis
3517 2710 3604 2764 di-

1953 2803 2152 2856 scretaa
2185 2798 2759 2871 compugnantisque
2808 2802 3050 2853 naturae.
3085 2798 3235 2864 Quid
3287 2798 3446 2854 enim
3483 2803 3606 2855 tam

1954 2888 2248 2945 diversum
2283 2904 2460 2959 quam
2492 2886 2648 2960 ignis
2677 2890 2734 2942 et
2765 2903 2937 2958 aqua,
2969 2902 3069 2941 aer
3096 2892 3150 2942 et
3182 2890 3338 2941 terra
3366 2903 3435 2943 ex
3475 2886 3603 2959 qui-

1953 2977 2064 3033 bus
2130 2976 2390 3049 corporis
2448 2975 2631 3031 nostri
2691 2979 2959 3031 creatura
3019 2974 3332 3031 consistit?
3400 2975 3611 3032 Anima

1955 3069 2148 3121 autem
2190 3064 2492 3120 benedicta
2530 3064 2723 3134 omnis
2755 3062 3003 3135 simplex
3044 3080 3168 3134 quae
3209 3062 3475 3118 imitatur
3520 3064 3607 3117 di-

1955 3158 2179 3210 centem
2231 3171 2243 3209 :
2301 3155 2364 3211 Ut
2404 3169 2589 3209 omnes
2634 3169 2808 3208 unum
2850 3154 2981 3218 sint,
3025 3153 3163 3207 sicut
3200 3154 3282 3218 tu,
3332 3156 3516 3220 Pater,
3550 3154 3611 3207 in

1956 3258 2042 3297 me
2069 3247 2121 3298 et
2158 3258 2254 3312 ego
2292 3244 2353 3297 in
2391 3246 2459 3309 te,
2501 3246 2554 3297 et
2598 3242 2709 3314 ipsi
2763 3243 2823 3296 in
2868 3240 3029 3296 nobis
3066 3256 3241 3294 unum
3277 3242 3391 3295 sint
3431 3241 3608 3309 (Joan.

1956 3347 2093 3398 xvn,
2150 3330 2262 3401 2|).
2316 3330 2447 3385 Haec
2499 3333 2589 3386 est
2630 3330 2787 3385 enim
2819 3328 3247 3385 consummatio
3279 3332 3452 3400 atque
3481 3345 3607 3401 per-

1960 3418 2152 3475 fectio.
2194 3418 2359 3473 Unde
2407 3423 2465 3473 et
2521 3417 2746 3473 addidit
2794 3434 2807 3472 :
2863 3419 2926 3475 Ul
2972 3420 3083 3473 sint
3128 3434 3320 3483 unum,
3370 3418 3510 3473 sicut
3556 3422 3609 3473 et

1958 3524 2054 3564 nos
2105 3523 2277 3562 unum
2318 3523 2507 3561 sumus
2537 3524 2555 3559 :
2585 3522 2679 3577 ego
2711 3508 2770 3561 in
2795 3507 2903 3575 his,
2955 3510 3005 3561 et
3052 3510 3113 3561 tu
3154 3508 3215 3561 in
3257 3522 3344 3561 me
3391 3514 3450 3562 ut
3499 3508 3612 3562 sint

1959 3597 2320 3652 censummati
2350 3597 2408 3649 in
2434 3611 2607 3649 unum
2639 3594 2795 3666 (Ibid.
2828 3595 2943 3664 23).
2968 3594 3097 3648 Hec
3130 3598 3218 3649 est
3247 3611 3382 3666 ergo
3414 3596 3613 3652 anima

1962 3683 2235 3741 columba
2263 3701 2379 3739 una
2428 3686 2605 3755 atque
2654 3682 2929 3754 perfecta,
2962 3698 3090 3753 quae
3139 3682 3389 3754 simplex
3437 3687 3611 3755 atque

1964 3773 2305 3846 spiritualis,
2339 3788 2529 3844 neque
2557 3771 2738 3843 hujus
2768 3771 3043 3827 turbatur
3072 3771 3330 3842 corporis
3383 3772 3608 3842 passio-

1964 3862 2158 3931 nibus,
2188 3879 2302 3934 quo
2354 3861 2493 3917 foris
2544 3876 2773 3934 pugnre,
2818 3860 2978 3914 intus
3024 3859 3262 3914 timores
3296 3863 3451 3913 sunt.
3502 3858 3608 3914 De-

1965 3951 2140 4023 nique
2185 3950 2294 4006 hoc
2351 3951 2526 4006 verbo
2585 3947 2827 4004 unitatis
2875 3946 3243 4002 concordiam
3298 3952 3353 4000 et
3410 3963 3612 4018 pacem

1966 4038 2283 4112 signiﬁcari
2315 4038 2615 4110 Scriptura
2644 4054 2751 4093 nos
2803 4038 2969 4092 docet
3015 4035 3215 4091 dicens
3258 4053 3270 4091 :
3325 4033 3612 4090 Multitudo

1964 4135 2145 4183 autem
2190 4126 2523 4184 credentium
2590 4125 2818 4182 habebat
2874 4140 2968 4179 cor
3022 4140 3215 4190 unum,
3269 4127 3321 4178 et
3366 4124 3614 4178 animam

1963 4233 2153 4283 unam,
2208 4224 2261 4271 et
2312 4231 2421 4271 non
2476 4218 2593 4270 erat
2648 4215 2920 4287 separatio
2960 4215 3021 4268 in
3060 4215 3139 4268 eis
3176 4213 3297 4268 ulla
3336 4212 3472 4283 (Act.
3532 4229 3611 4283 1v,

2036 4392 2125 4446 60.
2186 4392 2301 4447 Nec
2367 4391 2551 4446 otiose
2618 4389 2992 4445 fecunditatis
3057 4389 3332 4445 laudatur
3397 4389 3615 4455 anima.

189 4491 359 4566 ven}.
390 4476 462 4531 Et
491 4475 542 4531 si
572 4476 820 4544 surrexi,
852 4481 917 4566 et
956 4476 1140 4534 habeo
1172 4478 1360 4534 Patris
1398 4479 1617 4546 sedem,
1657 4483 1853 4536 tamen
1888 4501 1933 4566 Ι)
1966 4496 2079 4535 non
2112 4478 2306 4534 solum
2336 4479 2490 4549 quod
2523 4478 2600 4533 sit
2630 4476 3244 4566 fecundagvirtutibus,
3286 4478 3389 4533 sed
3439 4478 3617 4534 etiam

189 4564 506 4636 orphanos
536 4580 640 4619 vos
672 4580 789 4620 non
820 4563 1147 4637 relinquam
1179 4570 1419 4638 paterno
1447 4568 1614 4639 quasi
1654 4567 1854 4640 praesi-

188 4653 300 4708 dio
338 4652 676 4720 destitutos,
706 4652 806 4708 sed
839 4653 1147 4725 praesentia
1177 4669 1308 4710 mea
1331 4671 1434 4710 vos
1474 4655 1852 4711 conﬁrmabo.

189 4740 401 4812 Habes
430 4740 491 4795 in
522 4738 832 4812 Evangelio
862 4739 971 4795 hoc
1008 4740 1287 4813 scriptum
1322 4758 1335 4798 :
1367 4743 1497 4799 Ecce
1538 4759 1631 4814 ego
1680 4744 1856 4799 vobis-

189 4846 337 4885 cum
371 4845 497 4883 sum
533 4844 704 4899 usque
741 4828 811 4884 ad
856 4832 1372 4886 consummationem
1415 4832 1609 4887 mundi
1645 4833 1854 4903 (Matth.

188 4931 408 4984 xxvm,
451 4917 570 4988 20).
619 4918 824 4972 Averte
880 4933 1015 4989 ergo
1071 4917 1268 4974 oculos
1324 4935 1359 4974 a
1412 4935 1526 4985 me,
1570 4920 1710 4991 quia
1767 4937 1859 4976 me

189 5006 421 5062 clavas.
463 5006 693 5070 Quanto
734 5006 889 5060 enim
930 5007 1064 5078 quis
1103 5007 1175 5063 ad
1214 5007 1528 5063 Dominum
1583 5009 1854 5077 intendit,

194 5096 373 5149 tanto
422 5091 681 5165 amplius
730 5094 879 5149 875
926 5093 1208 5150 Dominus
1251 5094 1452 5165 elevat,
1485 5100 1544 5151 et
1579 5096 1704 5169 ipse
1745 5097 1858 5154 ele-

188 5186 401 5239 vatur.
446 5180 609 5237 Unde
638 5186 696 5237 et
723 5180 822 5237 ille
864 5182 946 5237 ait
975 5201 989 5238 :
1021 5183 1284 5240 Exaltabo
1326 5193 1399 5249 te,
1441 5185 1687 5254 Domine,
1718 5202 1857 5258 quo—

191 5273 369 5326 niam
419 5271 707 5341 suscepisti
760 5287 847 5327 me
885 5271 1053 5343 (Psal.
1096 5289 1247 5341 xxxx,
1299 5274 1373 5345 4).
1417 5274 1665 5330 Sanctus
1703 5274 1860 5331 enim

191 5355 432 5415 exultat
468 5357 807 5427 Dominum,
865 5362 1130 5432 peccator
1183 5359 1473 5418 bumiliat.
1526 5360 1668 5418 Vult
1721 5378 1858 5436 ergo

297 5509 397 5593 38)
451 5508 547 5570 Sic
606 5525 809 5576 omnes
864 5509 1002 5572 edit.
1062 5511 1201 5572 Mss.
1260 5516 1480 5593 contra,
1539 5513 1611 5574 ad
1664 5530 1853 5578 eorum
1887 5516 2178 5579 scientiam
2233 5532 2253 5574 :

188 5585 432 5667 potest.

1964 4568 2116 4639 quod
2153 4566 2298 4622 nihil
2331 4566 2544 4622 habeat
2573 4566 2633 4621 in
2661 4582 2722 4621 se
2757 4565 2913 4619 mali.
2949 4564 3099 4621 Illud
3132 4566 3288 4622 enim
3339 4567 3617 4622 decorum

1964 4659 2140 4727 atque
2170 4654 2496 4726 speciosum
2528 4657 2637 4720 est,
2671 4654 2728 4708 in
2762 4670 2877 4725 quo
2909 4652 3055 4709 nihil
3110 4654 3189 4710 sit
3238 4654 3396 4710 mali.
3439 4654 3615 4708 Deco-

1964 4760 2095 4798 rum
2127 4744 2279 4799 enim
2313 4743 2466 4814 quod
2500 4743 2718 4798 bonum
2754 4758 2766 4797 ε
2803 4742 2956 4814 quod
3001 4746 3200 4798 autem
3252 4743 3614 4807 indecorum,

1962 4831 2074 4888 hoc
2144 4831 2387 4886 malum.
2454 4831 2729 4903 Speciosa
2793 4831 3124 4886 fecunditas
3181 4834 3272 4887 est
3326 4829 3614 4883 bonorum

1965 4936 2204 4992 operum
2267 4936 2280 4973 :
2350 4920 2644 4975 contraria
2698 4936 2835 4992 ergo
2876 4919 3232 4992 speciositati
3296 4914 3611 4981 sterilitas;

1967 5009 2244 5081 quoniam
2276 5008 2375 5080 qui
2407 5009 2668 5081 privatur
2710 5009 2901 5080 specie
2952 5006 3039 5061 vel
3080 5006 3304 5069 decore,
3338 5003 3396 5056 in
3430 5017 3496 5057 eo
3526 5006 3615 5057 est

1966 5096 2188 5153 malum
2223 5114 2235 5152 :
2271 5096 2425 5169 quod
2457 5100 2649 5153 autem
2700 5094 2947 5160 malum,
2978 5094 3085 5148 hoc
3130 5090 3324 5147 sterile
3367 5093 3425 5145 et
3468 5090 3612 5146 infe-

1967 5186 2435 5257 cundum.Cujus
2464 5187 2547 5241 rei
2576 5184 2729 5257 quod
2758 5181 3083 5239 evidentius
3115 5179 3398 5234 indicium
3427 5196 3605 5251 quam

1968 5279 2178 5330 natura
2207 5274 2338 5330 est?
2368 5275 2547 5329 Terra
2574 5273 2734 5351 enim
2764 5288 2890 5342 quae
2912 5270 3064 5325 bona
3083 5266 3407 5336 est,t‘ertilis
3438 5273 3615 5339 atque

1966 5364 2217 5420 fecunda
2250 5379 2263 5419 :
2298 5378 2425 5435 quae
2456 5365 2652 5417 autem
2682 5358 2857 5425 mala,
2890 5374 2958 5414 ea
2991 5357 3199 5429 jejuna
3231 5361 3405 5430 atque
3437 5357 3609 5413 steri-

2316 5512 2471 5587 quod
2515 5510 2692 5572 etiam
2742 5525 2859 5570 non
2907 5508 3061 5573 male
3103 5525 3280 5573 sensu
3338 5508 3616 5594 explicari
