4026 6186
501 302 611 360 551

1955 299 2019 358 S.
2068 294 2443 359 AMBROSII

3724 315 3814 377 552

502 430 577 485 lis
609 448 622 485 :
656 443 781 500 qua:
831 444 965 487 vero
1018 426 1247 497 fertilis,
1291 428 1410 484 haec
1441 427 1595 484 376
1633 432 1692 484 et
1727 429 1953 485 decora.
1994 428 2141 493 Quid
2172 432 2227 497 Α
2258 427 2483 485 malitia
2521 430 2994 502 deprehenditur,
3046 433 3323 505 quoniam
3372 451 3469 507 per
3513 436 3819 512 disciplinam

498 517 653 573 enim
701 516 874 589 pleno
922 532 1061 590 agro
1112 516 1438 589 pulchrius,
1483 532 1618 572 cum
1669 533 1836 590 seges
1877 516 2138 586 ﬂuctuat,

497 621 630 661 eum
671 621 847 679 poma
883 605 1199 673 irrutilant,
1239 603 1329 660 vel
1368 620 1502 661 cum
1542 621 1787 661 uvarum
1840 609 1996 662 serta
2042 606 2140 661 de-

496 695 769 767 pendent,
804 698 906 751 aut
933 695 1129 751 baecis
1157 697 1371 749 onusta
1399 693 1526 750 olea
1553 694 1859 762 curvescit,
1884 693 1973 750 vel
2002 693 2141 749 viri-

494 784 654 841 danti
686 784 949 859 gramine
998 782 1287 839 montium
1327 782 1571 839 vertices
1609 782 1852 839 vallium
1892 782 2140 839 humilia

491 872 859 932 vestiuntur?
904 872 975 927 Et
1021 876 1087 927 ut
1130 870 1440 943 Scriptum
1490 876 1729 928 utamur
1778 871 2135 943 testimonio,

489 964 670 1020 Jacob
710 963 956 1018 decorus
986 964 1111 1017 erat
1144 978 1158 1016 :
1193 964 1250 1017 et
1278 960 1407 1016 ideo
1455 964 1579 1017 erat
1620 961 1762 1017 odor
1809 960 1932 1034 agri
1979 960 2135 1032 pleni

488 1052 638 1121 (Gen.
700 1067 875 1116 xxvu,
922 1050 1014 1121 27)
1069 1066 1083 1105 :
1130 1051 1285 1106 Esau
1334 1050 1608 1120 hispidus
1654 1052 1779 1106 erat
1826 1050 1981 1121 (Ibid.
2044 1049 2135 1118 ll)

486 1146 543 1196 et
572 1140 904 1206 indecorus,
936 1144 993 1195 et
1021 1139 1149 1195 ideo
1181 1138 1429 1212 agrestis
1459 1143 1603 1207 erat,
1636 1138 1737 1211 qui
1778 1138 2005 1194 fructus
2042 1138 2131 1193 ul-

484 1229 572 1285 los
631 1228 845 1286 habere
892 1244 1006 1285 non
1053 1232 1270 1301 posset.
1327 1229 1403 1284 De
1452 1228 1581 1300 ipso
1630 1244 1862 1299 quoque
1889 1226 2132 1283 Domino

485 1323 866 1391 posteaquam
891 1317 1161 1374 Ecclesiae
1193 1317 1611 1373 fecunditatem
1644 1316 1778 1372 fecit
1802 1333 2130 1389 assurgere,

483 1407 726 1481 pulchre
779 1408 1004 1463 dictum
1058 1410 1149 1463 est
1197 1423 1211 1460 :
1263 1408 1527 1462 Dominus
1575 1408 1841 1476 regnavit,
1892 1406 2132 1461 decorem

481 1496 664 1554 induit
711 1497 882 1569 (Psal.
941 1513 1076 1565 xcn,
1130 1495 1205 1564 4).
1267 1496 1333 1550 Et
1390 1495 1525 1550 alibi
1575 1513 1587 1550 :
1640 1494 2037 1566 Con/essionem
2081 1497 2131 1549 et

480 1589 716 1659 speciem
779 1585 1015 1641 induisti
1078 1583 1253 1657 (Psal.
1323 1600 1441 1654 cm,
1517 1584 1591 1655 l).
1678 1583 1884 1655 Liquet
1950 1583 2133 1655 igitur

481 1678 759 1733 decorum
820 1675 876 1731 id
928 1690 1077 1742 esse,
1137 1673 1293 1744 quod
1352 1672 1666 1728 fecundum
1710 1689 1723 1726 :
1764 1671 2126 1739 indecorum,

482 1765 637 1836 quod
678 1763 1080 1820 infecundum.
1125 1761 1351 1817 Similis
1394 1766 1483 1817 est
1521 1778 1700 1816 causa
1737 1761 1944 1815 animae
1985 1759 2124 1827 soli;

479 1853 620 1926 quia
655 1870 724 1908 ea
762 1853 971 1908 decora
1008 1852 1226 1921 anima,
1277 1868 1403 1923 qua:
1442 1850 1689 1906 fecunda
1744 1849 1823 1905 sit
1877 1849 2124 1918 meritis,

480 1941 729 1997 fecunda
758 1940 1017 1997 consiliis
1052 1957 1065 1993 :
1100 1956 1167 1996 ea
1197 1939 1470 1995 indecora
1512 1954 1643 2010 quae
1690 1936 1926 2005 sterilis,
1960 1937 2122 1992 inﬁr-

480 2030 712 2087 mitates
741 2030 957 2086 etenim
987 2030 1195 2086 anima:
1226 2033 1366 2084 sunt
1394 2028 1507 2101 (39)
1539 2027 1817 2085 sterilitas
1849 2030 1907 2081 et
1939 2030 2119 2082 mate-

477 2120 595 2180 ria:
627 2118 882 2190 namtjue
925 2135 1053 2174 eam
1103 2116 1381 2174 sterilitas
1430 2116 1621 2171 fructu
1653 2115 1960 2171 defraudat
1990 2131 2117 2182 suo,

477 2208 735 2281 inopiam
764 2207 954 2271 inferi,
986 2207 1257 2263 timorem
1289 2206 1516 2273 incutit,
1531 2203 1722 2260 adolet
1750 2203 2118 2275 cupiditates,

475 2302 534 2353 et
563 2314 742 2353 vanas
772 2296 1074 2369 Opiniones
1125 2312 1137 2349 :
1192 2296 1276 2350 sic
1325 2294 1524 2349 anima
1570 2293 1743 2348 cadit.
1790 2292 1936 2357 Quid
1982 2308 2118 2365 ergo

476 2392 566 2442 est
596 2385 842 2454 malitia,
875 2385 984 2441 nisi
1035 2384 1176 2440 boni
1227 2383 1547 2456 indigentia
1577 2381 1734 2451 (Vide
1775 2380 1832 2437 Β.
1866 2382 2114 2453 August.

474 2475 575 2530 lib.
607 2493 625 2531 1
654 2483 826 2532 contr.
858 2474 966 2530 Jul.
999 2473 1189 2545 Pelag.
1231 2489 1358 2544 cap.
1384 2470 1482 2544 9)?
1511 2472 1628 2527 Suo
1676 2470 1834 2526 enim
1881 2470 2117 2526 defrau-

473 2565 665 2631 datur,
693 2567 867 2634 atque
897 2560 1103 2618 alienis
1128 2558 1708 2634 indiget,exinanitur
1736 2561 1908 2630 atque
1939 2556 2119 2630 reple-

471 2657 565 2707 tur
595 2652 721 2708 sine
752 2648 873 2707 ulla
918 2666 1194 2707 mensura
1225 2654 1281 2705 et
1311 2649 1500 2705 modo.
1556 2646 1878 2705 Materialia
1918 2651 2115 2703 autem

468 2740 606 2796 vitia
635 2740 844 2797 anima:
874 2739 1228 2796 obumbrant
1259 2738 1868 2812 gratiamJgnorantia
1899 2743 1956 2794 et
1986 2746 2120 2796 con\

470 2828 829 2901 cupiscentia
858 2828 1066 2883 animae
1097 2830 1236 2882 sunt
1267 2826 1643 2898 aegritudines
1677 2844 1690 2881 :
1724 2827 1825 2882 sed
1861 2828 1933 2882 ad
1983 2846 2113 2900 spe-

470 2920 617 2974 ciem
658 2917 769 2989 (40)
822 2916 1010 2989 magis
1055 2932 1234 2987 quam
1284 2915 1356 2970 ad
1406 2914 1713 2970 materiam
1762 2915 2111 2973 referuntur.

469 3005 713 3062 Materia
740 3008 830 3062 est
858 3021 1012 3074 caro,
1041 3003 1264 3076 species
1294 3006 1383 3060 est
1422 3003 1752 3076 ignorantia
1798 3009 1855 3060 et
1900 3021 2111 3062 concu-

467 3094 893 3167 piscentia.Cur
921 3093 1101 3167 igitur
1128 3109 1261 3149 caro
1293 3098 1759 3161 accusatur,cum
1783 3097 1955 3149 tanta;
1976 3100 2115 3151 sunt

2250 517 2386 573 boni
2420 518 2639 574 malum
2671 521 2978 592 reperitur.
3013 521 3237 578 Bonum
3270 526 3459 579 autem
3490 525 3664 584 nullus
3701 536 3818 603 eget,

2250 606 2365 661 sibi
2415 607 2693 677 abundat,
2738 626 3098 681 mensuram,
3147 616 3205 667 et
3253 612 3655 684 perfectionem,
3682 617 3823 676 ﬁnem

2250 710 2483 767 quoque
2512 696 2720 753 tribuit
2748 698 3044 767 omnibus,
3090 698 3149 754 in
3204 715 3320 771 quo
3371 702 3651 760 uvniversa
3690 722 3821 764 cons-

2246 786 2376 839 tant
2417 788 2475 840 et
2525 785 2596 840 de
2642 802 2757 858 quo
2805 787 3003 843 omnia
3044 788 3318 860 pendent.
3349 788 3475 846 Hice
3511 790 3636 848 boni
3660 798 3827 851 natura

2249 875 2357 940 est,
2389 889 2517 946 qua
2549 878 2805 931 mentem
2836 875 3037 948 replet.
3560 926 3562 928 .

2316 962 2405 1016 61.
2434 961 2599 1019 Circa
2625 961 2736 1019 hoc
2762 968 3026 1020 versatur
3054 964 3253 1022 anima
3284 983 3445 1038 pura,
3467 967 3571 1024 hoc
3596 967 3824 1043 introspi-

2244 1050 2346 1120 cit,
2378 1055 2435 1107 et
2465 1056 2649 1107 Deum
2681 1054 2865 1109 cernit
2897 1072 2910 1110 :
2943 1054 3114 1110 bonis
3139 1055 3412 1111 omnibus
3437 1056 3827 1117 abundat.Unde

2244 1143 2301 1194 et
2344 1139 2427 1195 ait
2459 1157 2472 1195 :
2505 1143 2705 1198 Fauces
2746 1145 2863 1215 ejus
2891 1142 3224 1211 dulcedines,
3272 1148 3327 1199 et
3370 1153 3503 1200 totus
3547 1145 3829 1203 desiderium

2243 1228 2424 1299 (Cant.
2459 1247 2513 1298 v,
2550 1230 2659 1301 l6).
2702 1231 2979 1287 Omnium
3026 1232 3182 1288 enim
3228 1234 3513 1289 bonorum
3554 1238 3733 1291 auctor
3761 1240 3830 1292 est

2244 1318 2395 1373 Deus
2437 1335 2450 1373 :
2493 1322 2550 1375 et
2596 1335 2724 1392 qua:
2776 1325 2936 1389 sunt,
2991 1321 3120 1393 ejus
3170 1322 3425 1394 profecto
3472 1322 3657 1378 omnia
3698 1328 3825 1379 sunt.

2240 1406 2545 1479 Nusquam
2577 1408 2688 1480 (42)
2715 1408 2834 1465 illic
2865 1409 3117 1479 malum;
3159 1417 3218 1466 et
3255 1411 3303 1466 si
3345 1411 3403 1467 in
3443 1410 3537 1467 illo
3576 1428 3723 1467 mens
3755 1428 3831 1468 no-

2239 1499 2362 1551 stra
2400 1501 2652 1564 maneat,
2694 1497 2915 1553 malum
2957 1499 3161 1555 nescit.
3201 1499 3413 1554 Anima
3449 1498 3619 1572 igitur
3651 1516 3757 1571 qua
3783 1501 3830 1555 in

2240 1584 2355 1641 Deo
2388 1603 2501 1641 non
2533 1591 2749 1652 manet,
2778 1587 2907 1659 ipsa
2935 1586 3047 1642 sibi
3078 1590 3281 1643 auctor
3306 1586 3589 1644 malorum
3617 1591 3721 1656 est;
3744 1587 3831 1643 its-

2239 1689 2351 1744 que
2383 1678 2581 1745 peccat
2615 1691 2628 1730 :
2658 1675 2856 1730 anima
2900 1679 3096 1732 autem
3142 1693 3269 1749 quis
3318 1679 3534 1750 peccat,
3574 1675 3826 1732 morietur.

2236 1761 2444 1817 Aureis
2474 1762 2629 1818 enim
2657 1762 2905 1819 vinculis
2938 1762 3129 1820 soluta
3159 1764 3442 1820 virtutum
3473 1780 3648 1837 prona
3686 1764 3834 1820 fertur

2233 1850 2552 1923 praecipitio
2591 1852 2722 1923 (43),
2764 1853 2835 1907 ad
2875 1852 3169 1909 inferiora.
3204 1853 3417 1909 Anima
3462 1856 3649 1909 autem
3692 1852 3830 1907 beata

2232 1944 2339 2008 est,
2375 1956 2551 2011 quam
2588 1940 2705 1996 ulla
2735 1942 2978 1997 adversa
3007 1940 3265 2014 corporis
3296 1940 3498 2013 praelia
3520 1943 3832 2014 expugnant,

2232 2027 2361 2083 Haec
2420 2029 2618 2085 anima
2664 2030 2816 2086 sicut
2864 2047 3067 2102 passer
3113 2030 3323 2101 laqueo
3372 2030 3632 2101 contrito,
3661 2028 3832 2085 evolat.

2229 2116 2384 2171 Esca:
2441 2116 2598 2173 enim
2655 2117 2945 2174 malorum
3000 2123 3144 2175 sunt
3205 2118 3535 2190 voluptates
3571 2132 3832 2190 corporeis.

2229 2204 2331 2261 His
2396 2206 2667 2278 quisquis
2723 2207 2995 2277 intendit,
3038 2206 3247 2280 laqueo
3307 2207 3557 2264 innectit
3615 2204 3833 2263 animam

2229 2310 2420 2349 suam.

2301 2382 2447 2438 271
2517 2385 2607 2439 62.
2677 2383 2783 2449 Qui
2832 2389 3029 2441 autem
3068 2384 3140 2440 ab
3179 2385 3334 2441 escis
3387 2384 3515 2456 ejus
3566 2385 3828 2456 temperat,

2227 2474 2285 2525 et
2311 2471 2383 2527 de
2404 2472 2659 2527 tenebris
2691 2473 2817 2543 ejus
2847 2472 2981 2544 exit,
3015 2474 3144 2545 ejus
3174 2473 3376 2528 anima
3404 2472 3605 2546 fulget,
3634 2476 3691 2527 ut
3716 2468 3832 2525 dilu-

2226 2558 2449 2626 culum,
2499 2560 2571 2615 de
2618 2576 2733 2633 qua
2779 2560 2994 2616 dicitur
3027 2580 3039 2617 :
3074 2562 3345 2630 Quaenam
3399 2561 3517 2618 haec
3558 2559 3833 2633 σάργοῳί-

2224 2652 2372 2706 ciens
2417 2656 2676 2722 tanquam
2720 2649 3044 2722 diluculum,
3065 2653 3308 2722 speciosa
3337 2652 3477 2707 sicut
3522 2649 3648 2705 luna
3683 2646 3835 2716 (Cant.

2225 2757 2300 2805 vr,
2333 2738 2434 2807 9)?
2458 2739 2743 2811 Prospicit
2792 2740 2949 2795 enim
2996 2744 3283 2812 tanquam
3333 2741 3406 2795 de
3451 2740 3620 2795 domo
3663 2736 3834 2792 libera.

2224 2829 2338 2884 Nec
2371 2828 2511 2883 dicit
2543 2846 2555 2882 :
2591 2828 2846 2886 Tenebrae
2889 2830 3208 2900 cooperiunt
3258 2845 3369 2894 me,
3400 2833 3452 2884 et
3495 2829 3714 2899 parietes
3752 2824 3837 2877 cir-

2225 2916 2481 2972 cumdant
2521 2934 2628 2986 me,
2664 2922 2715 2972 et
2752 2919 2873 2989 quis
2909 2920 3009 2972 scit
3051 2918 3102 2973 si
3146 2916 3296 2973 videt
3335 2918 3645 2973 Altissimus
3681 2910 3835 2984 (εικῆ.

2221 3024 2358 3074 xxn,
2388 3005 2517 3076 26)?
2566 3006 2676 3062 Sed
2716 3006 2845 3078 ipsa
2883 3006 3069 3079 magis
3097 3005 3293 3062 lucem
3326 3005 3545 3079 expetit
3569 3008 3835 3072 tamquam

2224 3095 2282 3150 in
2309 3094 2711 3167 superioribus
2737 3094 2949 3150 domus
2978 3112 3119 3161 suae,
3150 3095 3209 3150 id
3236 3099 3352 3161 est,
3385 3092 3642 3166 corporis
3669 3089 3768 3156 sui,
3792 3088 3839 3143 et

468 3186 525 3240 in
557 3183 745 3257 specie
773 3182 974 3240 labes?
1004 3182 1151 3249 Quia
1179 3181 1328 3238 nihil
1360 3181 1584 3254 species
1612 3186 1805 3255 potest
1835 3183 1961 3240 sine
1993 3200 2110 3241 ma-
2139 3186 2183 3254 C
2222 3200 2400 3256 supra
2447 3183 2735 3239 mundum
2794 3182 2985 3256 posita
3042 3183 3307 3238 divinam
3360 3183 3637 3247 intuetur,
3683 3182 3733 3235 et
3777 3174 3835 3231 ad

465 3274 628 3331 teria.
662 3273 924 3346 Denique
958 3270 1106 3328 nihil
1155 3272 1378 3345 species
1423 3270 1643 3328 securis
1693 3271 1819 3328 sine
1867 3274 2111 3330 materia

468 3363 621 3420 facit.
654 3362 803 3428 Quid
834 3361 991 3419 enim
1022 3365 1178 3418 esset
1207 3360 1696 3433 concupiscentia,
1717 3361 1833 3417 nisi
1859 3377 1987 3418 eam
2014 3379 2107 3418 ca-

468 3468 531 3507 ro
561 3449 991 3507 inﬂammaret?
1022 3450 1215 3525 Friget
1245 3450 1303 3505 in
1336 3448 1597 3518 senibus,
1621 3449 1681 3504 in
1729 3449 1927 3522 pueris
1959 3468 2107 3524 quo-

465 3557 598 3615 que,
644 3539 783 3613 quia
829 3540 890 3594 in
932 3539 1027 3595 his
1074 3556 1286 3611 corpus
1335 3539 1636 3594 infirmum
1667 3542 1756 3595 est
1790 3555 1802 3593 :
1836 3540 2001 3595 ardet
2047 3540 2107 3595 in

466 3628 934 3686 adolescentibus
965 3629 1023 3684 in
1056 3628 1270 3700 quibus
1299 3628 1386 3684 vis
1418 3628 1677 3701 corporis
1708 3628 1992 3685 fervet.Ex
2010 3629 2109 3685 bo-

465 3718 557 3775 nis
602 3717 781 3792 igitur
822 3717 979 3774 mala
1024 3721 1151 3774 orta
1187 3721 1363 3786 sunt;
1395 3734 1512 3773 non
1562 3716 1719 3773 enim
1761 3718 1916 3773 mala
1945 3721 2105 3788 sunt,

462 3808 556 3865 his
586 3824 713 3881 quae
742 3805 1047 3879 privantur
1085 3806 1257 3862 bonis
1300 3806 1453 3875 (Vide
1485 3806 1543 3862 S.
1582 3807 1776 3878 Aug.).
1810 3806 1916 3861 Per
1955 3806 2111 3863 mala

462 3902 657 3953 tamen
687 3896 909 3952 factum
940 3899 1048 3963 est,
1105 3899 1170 3950 ut
1212 3896 1364 3963 bona
1407 3894 1751 3951 eminerent.
1781 3896 1930 3968 Ergo
1960 3895 2111 3951 indi-

462 3985 658 4057 gentia
703 3984 841 4041 boni
886 3982 1113 4040 malitia
1158 3988 1267 4054 est,
1321 3987 1379 4039 et
1432 3982 1770 4039 deﬁnitione
1814 3984 1926 4056 (41)
1970 3983 2110 4039 boni

533 4144 646 4216 (39)
687 4144 832 4216 Tres
862 4159 1006 4199 mss.
1060 4161 1125 4199 ac
1163 4147 1277 4200 vet.
1328 4144 1662 4216 edit.,_quae
1709 4144 1919 4200 sterilis
1949 4143 2109 4216 inﬁrg

462 4214 672 4271 mittite.
705 4215 808 4271 Sed
847 4218 997 4271 enim
1041 4218 1244 4271 animm
1285 4223 1430 4271 sunt.
1461 4214 1570 4270 Alii
1594 4215 1731 4271 duo.
1776 4258 1788 4270 .
1836 4258 1848 4269 .
1895 4259 1907 4272 .
1953 4257 1966 4270 .
2005 4215 2111 4272 Sed

465 4287 669 4341 damna
707 4289 915 4344 anim
955 4290 1101 4343 sunt.
1145 4285 1397 4359 Reliqui,
1452 4291 1509 4342 et
1561 4286 1726 4342 Rom.
1768 4288 1907 4342 edit.
1950 4292 2015 4342 ut
2048 4287 2108 4343 in

462 4362 619 4411 textu
630 4398 643 4413 .

534 4429 645 4497 (40)
676 4427 937 4498 Speciem,
984 4429 1158 4502 paulo
1207 4430 1477 4503 superius
1523 4446 1627 4503 pro
1674 4428 2109 4503 pulchritudine

463 4506 815 4569 sumpserat,
864 4500 1018 4573 nunc
1077 4500 1259 4556 sumit
1282 4500 1402 4573 *pro
1461 4500 1717 4573 quadam
1766 4500 2109 4557 accidentali

465 4572 653 4644 forma
682 4586 810 4644 quas
836 4571 1118 4639 animam,
1151 4589 1266 4627 non
1294 4571 1507 4644 corpus
1537 4572 1738 4627 afﬁcit.

533 4639 644 4714 (4.)
692 4639 777 4714 Ita
821 4658 964 4698 mss.
1011 4644 1214 4712 paucis
1255 4639 1529 4714 exceptis,
1577 4644 1767 4714 iisque
1813 4643 2109 4700 inferioris

533 4662 644 4712 (ιιι)
692 4662 777 4696 ιω
821 4662 964 4698 mss.
1011 4662 1214 4712 paucis
1255 4662 1529 4712 exce‘us,
1577 4662 1767 4714 usque
1813 4662 2107 4700 lDIBI‘lOI‘lS

460 4712 585 4779 aevi,
623 4712 724 4784 qui
750 4728 884 4768 eum
917 4714 1193 4770 omnibus
1224 4715 1363 4770 edit.
1393 4662 1631 4771 habent.
1663 4715 1976 4784 lndigentia
2019 4715 2107 4771 bo-

462 4786 526 4838 ni
556 4784 722 4839 radix
751 4784 981 4840 malitiae
1010 4793 1107 4854 est,
1140 4786 1482 4855 Deﬁnitione,
1506 4790 1611 4841 etc.

534 4855 647 4927 (42)
687 4855 855 4912 Rom.
904 4857 1043 4912 edit.
1089 4873 1223 4912 cum
1269 4857 1459 4912 tribus
1502 4873 1669 4924 mss.,
1718 4861 1774 4911 et
1816 4873 1942 4929 quae
1981 4860 2110 4912 sunt

460 4928 597 4995 ejus,
629 4932 863 4998 profecto
887 4930 1072 4984 omnia
1106 4930 1245 4984 bona
1274 4937 1420 4992 sunt,
1452 4935 1503 4982 et
1527 4928 1835 4999 nusquam,
1854 4934 1951 4985 etc.
1996 4928 2105 4984 Alii

464 5014 604 5053 mss.
643 5015 711 5054 ac
741 4999 881 5055 edit.
915 5000 1223 5056 nobiseum
1255 5000 1494 5054 faciunt.

554 5071 642 5143 43)
675 5071 817 5143 Mss.
843 5071 1085 5143 aliquot,
1108 5073 1337 5143 profano
1362 5074 1544 5142 fertur
1569 5071 1893 5142 prmeipitio.

556 5089 642 5141 as}
675 5089 817 5127 mss.
843 5089 1085 5199 anguet,
1108 5089 1337 5154 prefano
1362 5089 1544 5142 [enur
1569 5089 1893 5152 prwezpmo.

556 5141 647 5197 44)
701 5141 828 5198 νει.
888 5160 916 5200 e
964 5146 1050 5213 it.,
1103 5158 1530 5224 quoniammnon
1550 5212 1564 5224 ‘
1592 5146 1740 5224 venit
1795 5143 1864 5197 ad
1893 5214 1903 5224 ⁸
1926 5141 2105 5213 ﬁdem,

464 5210 629 5285 Rom.
663 5229 798 5268 cum
831 5230 954 5270 mss
987 5210 1284 5280 omnibus,
1318 5213 1525 5268 ultima
1550 5212 1718 5268 lectio
1751 5210 1940 5285 magis
1970 5230 2108 5268 con-

464 5284 885 5361 venit_eum-iis
915 5285 1587 5361 (ιμωλᾼηῲνοείυελικιι
1617 5284 1909 5361 Romani,
1942 5301 2107 5361 c.__i_i,

461 5356 581 5428 9.e_t
618 5355 671 5422 7,
704 5361 761 5411 et
792 5356 829 5413 l.
862 5373 902 5411 ιι
932 5354 997 5413 de
1026 5358 1322 5428 Abraham,
1354 5375 1404 5413 c.
1437 5359 1505 5428 8.7
1525 5354 1583 5410 i1.
1613 5356 1705 5421 55,
1742 5355 1955 5428 tradit._
1984 5354 2108 5428 Illic

464 5424 623 5500 enim
654 5440 830 5500 agens
861 5443 929 5483 ex
955 5429 1215 5500 professo
1243 5424 1314 5483 de
1344 5428 1452 5485 hac
1472 5426 1813 5500 “harmonia;
1857 5425 2108 5500 caelestis

464 5493 820 5620 opinionem
840 5493 1088 5579 qua’non
1115 5500 1306 5583 solum
1325 5498 1572 5583 gentiles
1588 5497 2108 5580 ,philosophos,sed

461 5581 491 5621 e
522 5580 636 5622 iam
668 5566 1024 5627 Christianos
1054 5571 1344 5628 homines.
1377 5576 1434 5628 et
1465 5575 1615 5627 inter
1652 5570 1754 5625 hos
1797 5569 2108 5628 Origenem

1330 5612 1344 5639 1

459 5635 638 5699 fuisse
664 5636 723 5697 in
755 5639 1080 5717 fragmento
1107 5658 1142 5701 a
1171 5635 1341 5700 nobis
1371 5642 1640 5705 restituto
1679 5642 1849 5701 docet
1891 5635 2105 5717 (Philo-

2218 3276 2435 3329 aeterna
2474 3288 2535 3327 se
2572 3271 2776 3339 elevat,
2834 3275 2897 3325 ut
2949 3270 3064 3326 Deo
3117 3270 3301 3336 adsit,
3336 3272 3468 3343 jam
3507 3268 3697 3324 lumen
3731 3278 3840 3320 suo-

2216 3378 2348 3417 rum
2381 3377 2622 3433 operum
2654 3360 2805 3415 sicut
2834 3358 2976 3415 luna
3006 3359 3203 3415 orbem
3237 3376 3421 3416 suum
3454 3362 3576 3415 toto
3606 3356 3732 3413 orbe
3751 3352 3839 3408 cir-

2216 3450 2568 3507 cumferens.
3630 3457 3641 3467 '

2287 3539 2374 3595 63.
2418 3537 2578 3604 Quod
2633 3540 2828 3593 autem
2878 3535 3093 3609 Aquila
3131 3536 3213 3592 ait
3259 3556 3272 3594 :
3318 3537 3534 3594 Sonans
3582 3536 3714 3590 sicut
3753 3528 3837 3593 sol,

2214 3628 2443 3683 videtur
2473 3625 2573 3682 illa
2604 3627 2725 3681 axis
2754 3624 3006 3682 caelestis
3047 3627 3374 3699 conversio,
3407 3625 3663 3697 solisque
3688 3623 3739 3676 et
3766 3616 3839 3673 lu-

2216 3733 2303 3772 nae
2351 3719 2409 3771 et
2454 3714 2755 3771 stellarum
2804 3731 3033 3781 cursus,
3074 3721 3522 3788 concentusque
3566 3711 3843 3785 globorum

2217 3803 2461 3876 exprimi
2498 3821 2510 3859 :
2545 3803 2901 3876 quibusdam
2944 3802 3120 3858 etiam
3177 3804 3407 3860 nostris
3464 3803 3718 3865 videtur;
3761 3790 3845 3867 qui

2217 3893 2494 3966 quoniam
2544 3893 2717 3947 fidem
2768 3910 2884 3948 non
2932 3892 3153 3947 invenit
3199 3893 3343 3965 (44),
3388 3891 3595 3949 saltem
3642 3889 3849 3962 propter

2217 3982 2466 4056 gratiam
2498 3980 2800 4038 suavitatis
2832 3998 2947 4037 non
2977 3980 3208 4037 videtur
3241 3981 3500 4038 alienus.

2220 4158 2355 4198 nem
2385 4141 2702 4214 adiungere
2733 4142 2976 4214 poterat)
3005 4140 3166 4196 illam
3199 4141 3403 4214 rejicit
3432 4135 3749 4214 ac,_validis
3773 4148 3850 4187 ra-

2218 4210 2480 4285 tionibus
2513 4210 2793 4269 cobfutat.
2829 4210 3021 4285 Prima
3045 4229 3178 4285 vero
3207 4210 3389 4270 lectio
3421 4210 3617 4285 aptius
3651 4218 3849 4285 accom-

2220 4283 2445 4342 modari
2478 4288 2668 4355 potest
2697 4300 2831 4339 cum
2863 4283 2933 4339 iis
2965 4283 3287 4355 quasidem
3319 4276 3566 4340 sanctus
3595 4282 3661 4355 in
3679 4276 3851 4351 prafe-

2220 4301 2445 4342 moaari
2519 4301 2668 4339 orest
2697 4301 2831 4339 cum
2863 4301 2933 4339 us
2965 4301 3094 4355 qua:
3123 4301 3287 4339 idem
3319 4301 3566 4340 sanctus
3595 4301 3653 4337 in
3679 4301 3851 4351 praua-

2220 4357 2379 4427 tione
2420 4301 2512 4410 adJ
2530 4354 2959 4427 Commentaria
2998 4355 3056 4410 in
3097 4354 3373 4427 Psalmos
3414 4355 3577 4410 dicit.
3616 4351 3851 4427 Namque

2220 4426 2353 4483 licet
2396 4426 2474 4480 ibi
2517 4443 2645 4499 eam
2670 4425 3286 4499 sententiamuabesse
3329 4444 3438 4499 pro
3478 4440 3614 4481 vera
3650 4421 3852 4499 admitti

2218 4499 2464 4554 minime
2498 4496 3242 4569 signiﬁcet,impossibilem
3276 4492 3481 4553 tamen
3516 4511 3629 4569 non
3662 4492 3852 4569 haben-

2138 4558 2186 4625 D
2218 4570 2353 4625 dam
2403 4558 2849 4625 satisvdeclarat
2878 4558 2968 4623 his
2998 4568 3191 4623 verbis
3226 4584 3239 4623 :
3273 4569 3387 4624 Nec
3418 4569 3476 4626 id
3501 4568 3567 4624 ab
3595 4581 3697 4621 usu
3718 4568 3854 4617 natu-

2217 4658 2294 4696 ra
2324 4642 2570 4696 alienum
2600 4640 2810 4695 videtur
2840 4658 2857 4693 :
2893 4639 3341 4712 quandoquidem
3390 4657 3499 4696 vos:
3544 4640 3712 4712 missa
3747 4646 3854 4712 gra-

2218 4714 2355 4768 tiore
2399 4712 2600 4783 plausu
2645 4706 3230 4783 nemoribus-resultet
3280 4719 3382 4767 aut
3426 4709 3718 4783 montibus,
3758 4706 3852 4783 ego.

2219 4771 2411 4866 Igitur
2435 4800 2501 4837 ex
2530 4781 3095 4866 hjs_omnibuslocis
3118 4781 3480 4866 hujusnmodi
3498 4792 3740 4866 sensum
3752 4771 3854 4866 egi;

2217 4841 2280 4911 ei
2297 4870 2470 4926 posse
2501 4854 2857 4928 arbitramur
2884 4871 2897 4908 :
2931 4841 3399 4928 Quiconc'entus
3429 4858 3489 4909 et
3515 4854 3564 4910 si
3587 4850 3749 4928 plane
3773 4841 3858 4928 fal-

2219 4918 2545 4991 sus,tamen
2578 4924 2853 4996 quoniam
2887 4926 2959 4979 ad
2990 4924 3162 4979 ﬁdem
3186 4918 3853 4996 nequaquam—pertinet,

2218 5014 2332 5075 non
2365 4996 2555 5052 solum
2588 4991 2866 5075 tanquam
2900 5012 3014 5051 non
3066 4991 3440 5067 injucundus
3472 4991 3733 5075 proponi
3776 5001 3857 5075 p9-

2218 5072 2352 5139 test,
2379 5083 2580 5123 verum
2613 5066 2785 5122 etiam
2818 5070 3098 5139 tanquam
3134 5066 3271 5123 non
3318 5066 3569 5127 omnino
3606 5066 3851 5139 impossi-

2216 5125 2372 5195 bilis.
2402 5140 2599 5210 Neque
2630 5139 2785 5193 enim
2818 5125 3122 5211 repugnat,
3146 5142 3211 5192 ut
3243 5125 3409 5210 quod
3442 5151 3551 5211 nec
3583 5125 3855 5211 probabile

2210 5204 2637 5283 judieamus,id
2668 5227 2781 5264 non
2812 5204 3756 5283 negemus'esse'possibileIQuod
3773 5215 3857 5283 au-

2217 5275 2335 5339 tem
2368 5282 2460 5354 ait
2480 5275 2835 5354 SiXtusSen.
2862 5275 3013 5337 hanc
3043 5275 3389 5354 opinionem
3422 5283 3578 5337 inter
3607 5275 3857 5354 damnata

2220 5353 2638 5427 Marcosiorum
2670 5353 2945 5424 dogmata
2976 5353 3760 5427 numerari,idemgnoqn_tam
3776 5353 3856 5427 ip;

2218 5441 2344 5497 sam
2376 5422 2942 5497 Opinionem,'quam
2983 5428 3255 5497 portenta
3303 5441 3439 5497 quae
3488 5424 3589 5481 isti
3627 5422 3857 5497 haeretici

2217 5513 2285 5571 ex
2311 5484 2854 5571 ipsadeducebant,
2887 5484 3133 5571 intelligi
3172 5484 3482 5571 oportune
3529 5491 3748 5555 asserit.
3786 5484 3854 5543 .ll-

2216 5565 2354 5626 lum"
2372 5568 2467 5625 adi
2496 5567 2643 5625 Bibl.
2674 5565 2885 5623 Sanctae
2915 5565 3016 5624 lib.
3047 5565 3104 5637 v‘,
3136 5565 3349 5626 adnot.
3380 5568 3507 5626 105.
