4026 6186
269 364 376 425 557

1404 363 1637 428 LIBER
1678 367 1779 427 DE
1824 366 2054 427 ISAAC
2097 367 2199 427 ET
2244 364 2520 429 ANIMA.

3539 370 3658 433 558

270 496 325 552 In
376 496 585 564 fronte,
643 500 709 553 ut
753 513 984 572 semper
1043 498 1454 568 confiteamur;
1495 500 1555 555 in
1608 500 1800 567 corde,
1842 504 1907 556 ut
1935 503 1988 566 Α
2019 500 2374 569 penetrabat.
2441 503 2508 554 Et
2556 514 2689 554 vere
2741 498 2841 554 alae
2880 499 3055 572 ignis,
3097 500 3236 572 quia
3274 499 3506 574 eloquia
3544 504 3656 560 Do-

271 601 490 660 semper
543 584 895 659 diligamus;
969 587 1341 661 signaculum
1397 588 1456 644 in
1514 586 1775 653 brachio,
1837 592 1903 643 ut

269 689 489 747 semper
516 690 843 748 operemur.
877 676 1094 733 Luceat
1123 692 1259 750 ergo
1289 677 1483 750 imago
1514 677 1644 748 ejus
1672 675 1733 731 in
1764 692 1901 732 con-

267 762 506 820 fessione
543 766 764 821 nostra.
806 764 1022 822 Luceat
1075 765 1136 822 in
1192 765 1497 822 dilectione
1535 765 1671 837 (54),
1712 764 1903 821 luceat

265 850 318 907 in
352 851 629 924 operibus
665 856 725 908 et
762 852 956 922 factis,
990 858 1056 910 ut
1100 853 1151 910 si
1195 854 1322 911 ﬁeri
1369 857 1580 927 potest,
1610 858 1735 911 tota
1771 855 1900 927 ejus

266 939 478 1013 species
509 939 871 1013 exprimatur
916 942 974 998 in
1023 941 1214 1000 nobis.
1248 943 1378 1015 Ipse
1425 943 1504 1000 sit
1550 948 1727 1017 caput
1765 960 1901 1002 nos-

264 1029 580 1102 trum,quia
608 1033 783 1102 caput
808 1029 915 1085 viri
946 1030 1215 1087 Christus
1249 1049 1263 1087 :
1294 1031 1420 1105 ipse
1449 1032 1653 1089 oculus
1682 1036 1900 1101 noster,

266 1120 325 1173 at
364 1134 472 1191 per
514 1116 683 1174 illum
731 1118 1036 1176 videamus
1066 1120 1294 1176 Patrem
1328 1138 1342 1177 :
1375 1121 1501 1193 ipse
1538 1138 1648 1177 vox
1674 1108 1898 1190 hostra,

264 1224 357 1281 per
381 1224 561 1280 quem
590 1207 905 1280 loquamur
931 1209 1004 1265 ad
1036 1209 1264 1266 Patrem
1299 1227 1312 1265 :
1346 1210 1473 1283 ipse
1502 1211 1755 1280 dextera,
1799 1227 1903 1283 per

267 1313 426 1369 quem
462 1302 579 1353 Deo
609 1296 764 1352 Patri
796 1298 1152 1355 sacrificium
1196 1302 1463 1356 nostrum
1510 1299 1842 1355 deferamus
1883 1317 1897 1355 :

264 1386 398 1442 381
438 1386 568 1458 ipse
604 1401 838 1458 quoque
882 1390 972 1443 est
1018 1387 1387 1461 signaculum
1435 1391 1702 1444 nostrum
1747 1390 1901 1461 quod

228 1498 233 1499 ί
261 1478 341 1531 est
366 1474 742 1548 perfectionis
771 1480 829 1531 et
858 1474 1158 1532 charitatis
1200 1476 1453 1550 insigne,
1481 1475 1621 1549 quia
1649 1476 1902 1550 diligens

259 1563 419 1620 Pater
465 1562 722 1636 signavit
766 1562 996 1632 Filium,
1026 1565 1179 1621 sicut
1208 1564 1461 1637 legimus
1493 1582 1505 1619 :
1541 1566 1709 1634 Quem
1735 1570 1904 1622 Pater

257 1654 491 1724 signavit
517 1653 656 1708 Deus
686 1654 867 1721 (Joan.
900 1671 978 1718 v1,
1009 1655 1122 1724 27).
1155 1653 1421 1710 Charitas
1454 1654 1650 1727 itaque
1702 1660 1903 1711 nostra

254 1740 540 1797 Christus.
574 1741 730 1797 Bona
759 1740 1037 1808 cbaritas,
1078 1743 1313 1814 quando
1362 1742 1575 1798 obtulit
1618 1743 1790 1799 morti
1841 1759 1902 1799 se

252 1846 350 1902 pro
381 1828 613 1930 delictis
642 1830 860 1885 nostris
890 1831 1002 1900 (55)
1034 1848 1046 1886 :
1082 1829 1234 1885 bona
1265 1830 1541 1900 cbaritas,
1586 1848 1713 1903 quae
1767 1847 1900 1903 pec—
1931 1870 1979 1935 B

248 1923 377 1974 cata
401 1917 650 1975 remisit.

317 2008 408 2063 76.
444 2006 516 2062 Et
542 2006 670 2063 ideo
724 2008 920 2065 anima
961 2012 1162 2065 nostra
1208 2008 1414 2066 induat
1442 2008 1809 2077 charitatem,
1843 2015 1902 2066 et

250 2095 592 2152 charitatem
624 2094 963 2167 hujusmodi
982 2113 1109 2168 quae
1132 2097 1208 2152 sit
1226 2097 1421 2153 valida
1441 2102 1505 2153 ut
1535 2114 1746 2166 mores;
1763 2099 1902 2171 quia

248 2184 401 2241 sicut
429 2200 591 2240 mors
613 2184 749 2240 ﬁnis
781 2189 1153 2257 peccatorum
1210 2190 1317 2252 est,
1370 2185 1454 2241 ita
1503 2190 1561 2241 et
1606 2186 1897 2257 cbaritas;

250 2273 531 2347 quoniam
578 2272 678 2345 qui
727 2271 919 2345 diligit
955 2273 1291 2339 Dominum,
1338 2290 1574 2346 peccare
1622 2275 1838 2330 desinit
1883 2292 1895 2330 :

251 2363 509 2418 cbaritas
552 2361 708 2418 enim
751 2378 867 2417 non
916 2361 1133 2434 cogitat
1184 2362 1428 2430 malum,
1463 2379 1651 2434 neque
1686 2365 1902 2436 gaudet

249 2467 429 2524 super
457 2450 787 2522 iniquitate,
822 2451 922 2507 sed
954 2451 1154 2507 omnia
1182 2452 1455 2507 sustinet.
1509 2452 1657 2507 Nam
1689 2452 1790 2524 qui
1833 2468 1902 2508 ea

248 2557 379 2613 qua
410 2556 521 2595 sua
550 2544 690 2595 sunt
718 2555 834 2595 non
866 2540 1398 2611 quasrit,quomodo
1420 2539 1611 2596 aliena
1641 2542 1902 2612 quaeret?

247 2630 353 2687 Est
392 2632 447 2684 et
487 2644 647 2685 mors
684 2627 787 2684 illa
822 2627 1013 2684 valida
1061 2644 1165 2700 per
1209 2628 1524 2697 lavacrum,
1576 2645 1679 2700 per
1722 2645 1899 2701 quam

247 2722 551 2791 peccatum
584 2733 756 2773 omne
786 2715 1089 2790 sepelitur,
1111 2722 1168 2773 et
1196 2717 1369 2789 culpa
1400 2716 1900 2774 dimittitur.Talis

244 2812 373 2864 erat
403 2806 660 2861 cbaritas
692 2821 871 2876 quam
900 2805 1197 2862 deferebat
1243 2804 1578 2878 evangelica
1625 2804 1727 2861 illa
1769 2822 1900 2861 mu-

244 2897 377 2962 lier,
426 2895 498 2951 de
544 2911 662 2967 qua
709 2893 999 2949 Dominus
1058 2892 1187 2950 ait:
1224 2894 1465 2949 Remissa
1510 2897 1640 2949 sunt
1681 2903 1901 2965 peccata

244 2987 364 3057 ejus
392 2984 608 3050 multa,
654 2984 918 3054 quoniam
963 2982 1161 3038 dilexit
1200 2982 1439 3037 multum
1468 2982 1620 3054 (Luc.
1652 3000 1750 3050 vn,
1784 2984 1897 3051 47).

239 3074 349 3131 Est
377 3076 440 3128 et
467 3070 569 3127 illa
598 3087 758 3127 mors
790 3073 1126 3126 sanctorum
1158 3072 1481 3141 martyrum
1512 3068 1726 3138 valida,
1773 3086 1900 3142 qua:

243 3160 487 3236 culpam
529 3158 724 3216 abolet
768 3158 1156 3231 superiorem;
1206 3161 1264 3213 et
1308 3156 1439 3214 ideo
1490 3157 1682 3214 valida
1730 3159 1902 3229 cujus

2011 588 2177 653 mini,
2218 588 2451 660 eloquia
2488 592 2669 654 casta,
2712 593 3023 659 argentum
3062 589 3196 662 igne
3234 591 3653 649 examinatum.

2008 677 2153 733 Cum
2194 676 2408 733 Paulus
2446 688 2681 748 quoque
2721 680 3120 733 assumeretur
3158 695 3192 732 a
3228 679 3480 748 Christo,
3514 681 3660 738 vidit

2009 763 2477 822 circumfulsisse
2515 782 2691 837 super
2729 782 2792 820 se
2828 764 3049 833 lumen,
3091 770 3148 822 et
3186 784 3364 840 super
3399 785 3498 826 eos
3556 771 3658 842 qui

2011 852 2193 910 simul
2224 858 2413 919 erant,
2443 853 2652 910 cecidit
2688 870 2722 909 a
2759 870 2991 925 pavore,
3030 856 3087 909 et
3125 856 3423 927 probatior
3461 875 3658 915 resur-

2009 942 2156 998 rexit
2189 960 2201 998 :
2244 943 2495 1014 denique
2533 941 2831 1015 apostolus
2869 943 3057 999 factus
3095 946 3346 1015 est,.qui
3386 961 3658 1018 persecu-

2012 1036 2104 1087 tor
2141 1032 2472 1087 advenerat.
2502 1030 2758 1103 Spiritus
2786 1047 3016 1103 quoque
3054 1036 3296 1088 sanctus
3335 1034 3656 1103 descendit,

2010 1124 2068 1177 et
2134 1119 2375 1192 replevit
2412 1123 2596 1176 totam
2636 1120 2877 1175 domum
2931 1119 2989 1173 in
3045 1136 3162 1191 qua
3216 1126 3381 1177 erant
3418 1123 3655 1195 plurimi

2009 1209 2299 1274 sedentes,
2331 1213 2390 1264 et
2415 1208 2550 1264 visae
2581 1211 2722 1265 sunt
2749 1207 3067 1280 dispertitae
3112 1207 3324 1281 linguae
3371 1215 3656 1284 tanquam

2008 1297 2182 1369 ignis.
2210 1302 2376 1353 Bona:
2407 1297 2509 1353 alas
2540 1296 3013 1363 charitatis,veraa
3044 1296 3147 1352 ala:
3178 1313 3305 1369 quae
3334 1298 3659 1358 volitabant

2010 1402 2113 1458 per
2142 1403 2242 1442 ora
2274 1386 2671 1458 apostolorum
2704 1387 2837 1457 (56),
2879 1390 2936 1440 et
2966 1384 3068 1440 alae
3095 1385 3250 1458 ignis
3281 1403 3408 1458 quas
3441 1406 3655 1462 purga-

2010 1479 2136 1530 tum
2194 1490 2523 1531 sermonem
2581 1474 2991 1546 loquebantur.
3065 1474 3166 1529 His
3235 1475 3344 1532 alis
3413 1478 3658 1536 evolavit

2009 1563 2204 1619 Enoch
2238 1568 2440 1635 raptus
2480 1564 2551 1617 ad
2593 1563 2820 1618 coelum.
2863 1561 2965 1618 His
3023 1562 3132 1619 alis
3194 1564 3438 1621 evolavit
3502 1568 3655 1626 Elias

2011 1668 2183 1706 curru
2218 1652 2407 1723 igneo,
2421 1656 2480 1707 et
2506 1652 2675 1722 equis
2706 1650 2891 1723 igneis
2929 1651 2999 1705 ad
3028 1667 3283 1724 superna
3311 1655 3652 1726 translatus,

2010 1740 2112 1795 His
2142 1739 2251 1796 alis
2281 1740 2564 1795 Dominus
2613 1740 2764 1795 Deus
2795 1755 2898 1811 per
2922 1738 3255 1797 columnam
3286 1743 3441 1815 ignis
3472 1746 3655 1803 dedu-

2012 1829 2177 1885 cebat
2216 1829 2452 1883 Patrum
2488 1827 2737 1899 plebem.
2773 1828 2888 1883 Has
2928 1826 3050 1883 alas
3078 1829 3283 1885 habuit
3319 1832 3650 1906 Seraphim.

2010 1918 2245 1988 quando
2275 1916 2531 1989 sumpsit
2560 1918 2873 1972 carbonem
2896 1916 3049 1989 ignis
3079 1918 3149 1973 de
3178 1918 3345 1975 altari
3377 1928 3433 1978 et
3462 1925 3655 1997 tetigit

2010 2022 2074 2063 os
2104 2006 2419 2079 prophetae,
2450 2008 2509 2061 et
2536 2004 2878 2077 iniquitates
2907 2006 3035 2075 ejus
3063 2007 3388 2077 abstulit,et
3418 2018 3655 2083 peccata

2009 2095 2297 2168 purgavit.
2340 2094 2559 2150 Harum
2600 2094 2825 2151 alarum
2863 2095 3018 2152 882
3059 2095 3461 2171 igne'purgati
3515 2105 3655 2157 sunt

2011 2183 2117 2238 filii
2169 2182 2320 2251 Levi,
2373 2187 2430 2239 et
2486 2182 2857 2255 baptizantur
2894 2182 3093 2255 populi
3133 2185 3458 2256 nationum,
3502 2189 3655 2245 sicut

2009 2272 2357 2328 testiﬁcatur
2392 2272 2649 2328 Joannes
2689 2270 2887 2327 dicens
2926 2273 2996 2328 de
3037 2274 3280 2330 Domino
3318 2275 3457 2332 Jesu
3491 2293 3505 2333 :
3538 2279 3656 2350 Ipse

2008 2377 2099 2416 vos
2159 2361 2457 2431 baptizabit
2504 2363 2565 2415 in
2620 2362 2823 2430 spiritu
2865 2365 2916 2415 et
2962 2363 3088 2431 igne
3139 2362 3348 2432 (Matth.
3399 2382 3482 2434 ιιι,
3542 2368 3651 2438 11).

2011 2450 2216 2504 Merito
2248 2450 2338 2503 uri
2370 2465 2537 2505 renes
2568 2466 2707 2505 suos
2738 2448 2985 2517 volebat,
3018 2456 3072 2504 et
3104 2467 3204 2506 cor
3232 2470 3407 2509 suum
3447 2455 3649 2523 David,

2011 2538 2109 2610 qui
2165 2537 2288 2594 alas
2346 2538 2546 2609 igneas
2593 2537 2895 2592 charitatis
2952 2538 3171 2594 sciebat
3210 2558 3324 2596 non
3364 2559 3493 2599 esse
3531 2560 3652 2599 me-

2009 2626 2277 2682 tuendae.
2313 2625 2516 2682 Merito
2564 2624 2785 2681 Hebraei
2831 2625 2997 2697 pueri
3042 2625 3102 2680 in
3148 2627 3382 2684 fornace
3424 2632 3654 2687 ardenti

2010 2731 2125 2769 non
2158 2714 2489 2770 sentiebant
2533 2712 2687 2785 ignis
2734 2713 3025 2781 incendia,
3051 2714 3191 2785 quia
3221 2716 3523 2774 charitatis
3553 2736 3652 2776 eos

2010 2803 2251 2858 ﬂamma
2293 2801 2691 2874 refrigerabat.
2727 2802 2795 2857 Et
2824 2806 2890 2856 ut
2927 2801 3158 2874 plenius
3206 2821 3650 2877 cognoscamus,

2011 2891 2150 2964 quia
2198 2891 2322 2947 alas
2370 2891 2621 2946 habebat
2669 2890 2923 2961 perfecta
2969 2891 3243 2964 cbaritas,
3276 2894 3494 2951 audisti
3543 2900 3656 2952 Do-

2011 2979 2240 3035 minum
2280 2979 2569 3035 dicentem
2613 2995 2625 3033 :
2668 2980 2884 3047 Quoties
2920 2978 3077 3035 volui
3133 2996 3458 3054 congregare
3512 2985 3659 3055 ﬁlios

2007 3071 2126 3124 tuos
2178 3070 2322 3125 sicut
2372 3068 2587 3139 gallina
2631 3072 2920 3139 congregat
2971 3070 3151 3140 pullos
3205 3087 3330 3127 suos
3385 3075 3485 3129 sub
3539 3075 3659 3132 alas

2007 3174 2134 3214 suas
2162 3158 2372 3227 (Matth.
2399 3173 2560 3225 xxm,
2584 3158 2697 3227 37).

246 3235 363 3306 non
393 3247 592 3322 impar
619 3251 711 3304 est
738 3245 1015 3315 cbaritas,
1046 3263 1171 3319 quae
1202 3246 1546 3318 adaquatur
1575 3251 1897 3320 martyrum
1927 3235 1973 3301 C
2077 3248 2167 3302 78.
2200 3247 2516 3302 Sumamus
2547 3246 2728 3318 igitur
2754 3245 2862 3300 has
2892 3245 3035 3314 alas,
3065 3264 3196 3319 quas
3224 3248 3377 3307 sicut
3406 3252 3655 3308 ﬂammae

242 3337 534 3411 passioni,
568 3339 632 3393 ut
662 3336 888 3393 auferat
915 3336 1189 3391 meritum
1221 3334 1586 3392 delictorum.

308 3428 410 3482 77.
441 3425 613 3482 Zelus
657 3440 895 3498 quoque
939 3429 1005 3480 ut
1049 3423 1217 3480 inferi
1259 3424 1441 3493 (Cant.
1486 3441 1611 3493 vm,
1641 3426 1717 3496 6),
1751 3442 1898 3498 quo-

238 3515 408 3572 niam
439 3514 541 3587 qui
570 3512 762 3570 zelum
810 3513 912 3570 Dei
962 3513 1157 3581 habet,
1188 3530 1291 3583 pro
1336 3513 1565 3569 Christo
1620 3530 1724 3570 nec
1771 3515 1897 3570 suis

235 3604 454 3677 parcit.
489 3604 692 3675 Itaque
730 3605 788 3659 et
819 3606 1069 3659 mortem
1098 3601 1275 3658 habet
1313 3601 1589 3667 cbaritas,
1621 3607 1678 3657 et
1704 3601 1897 3658 zelum

233 3693 427 3749 habet
455 3692 731 3759 cbaritas,
764 3694 822 3747 et
845 3689 968 3747 alas
998 3690 1153 3764 ignis
1183 3686 1361 3747 habet
1408 3689 1678 3748 cbaritas.
1723 3690 1896 3746 Deni-

234 3796 355 3854 que
387 3779 655 3837 Christus
686 3778 938 3853 diligens
968 3778 1229 3852 Moysen,
1260 3778 1321 3834 in
1359 3777 1495 3852 igne
1520 3778 1570 3834 ei
1603 3778 1896 3851 apparuit.

233 3870 312 3926 Et
340 3869 667 3926 Hieremias
697 3868 922 3924 habens
952 3868 1012 3923 in
1042 3883 1105 3924 se
1134 3868 1356 3925 donum
1395 3866 1603 3923 divinae
1655 3866 1902 3922 charita-

237 3959 346 4026 tis,
388 3957 619 4013 dicebat
660 3975 673 4012 :
718 3960 784 4013 Et
817 3963 937 4013 erat
973 3957 1117 4027 ignis
1166 3956 1524 4026 inﬂammans
1578 3956 1642 4011 in
1692 3956 1901 4012 ossibus

238 4049 384 4103 meis
419 4065 433 4103 :
463 4050 515 4104 et
543 4047 840 4103 dissolutus
867 4062 989 4101 sum
1028 4045 1291 4118 undique,
1340 4050 1393 4101 et
1436 4049 1584 4117 ferre
1626 4062 1733 4103 non
1777 4061 1899 4117 pos-

243 4151 374 4190 sum
415 4137 631 4203 (larem.
684 4151 778 4200 xx,
827 4134 905 4205 9).
952 4134 1112 4189 Bona
1158 4132 1339 4205 igitur
1385 4133 1642 4192 cbaritas
1679 4133 1903 4190 habens

249 4222 303 4277 al
314 4240 381 4279 as
408 4222 563 4296 ignis
590 4223 872 4292 ardentis,
887 4238 1015 4296 quae
1041 4221 1244 4278 volitat
1262 4237 1365 4293 per
1394 4226 1629 4293 pectora
1651 4226 1709 4279 et
1727 4221 1906 4278 corda

252 4316 618 4381 sanctorum,
644 4316 700 4367 et
728 4311 917 4368 exurit
946 4308 1235 4382 quidquid
1258 4308 1559 4366 materiale
1588 4312 1765 4384 atque
1794 4314 1907 4367 ter-

256 4415 463 4457 renum
515 4404 625 4466 est,
675 4399 964 4473 quidquid
1011 4414 1145 4455 vero
1195 4398 1489 4454 sincerum
1521 4403 1628 4466 est,
1675 4399 1902 4471 probat,

252 4493 315 4541 et
343 4490 498 4561 quod
529 4488 857 4562 contigerit,
893 4505 1000 4543 suo
1028 4488 1162 4560 igne
1192 4486 1478 4543 meliorat.
1513 4487 1678 4543 Hunc
1708 4488 1906 4561 ignem

253 4575 321 4631 in
364 4582 579 4634 terram
630 4577 792 4633 misit
832 4576 1120 4666 Dominus
1165 4576 1359 4641 Jesus,
1392 4579 1448 4666 et
1479 4574 1709 4666 refulsit
1737 4574 1905 4666 ﬁdes,
1936 4598 1985 4666 D

2005 3336 2078 3392 ad
2106 3334 2410 3407 superiora
2436 3333 2714 3407 dirigant.
2739 3334 2924 3389 Exuat
2954 3336 3363 3409 unusquisque
3393 3340 3656 3397 animam

2005 3440 2174 3480 suam
2204 3423 2520 3479 involucris
2552 3422 3077 3491 sordidioribus,et
3106 3426 3501 3498 quasiaurum
3522 3430 3657 3503 igne

2005 3512 2286 3585 approbet
2314 3512 2605 3567 detersam
2635 3509 2779 3565 luto.
2805 3511 2899 3567 Sic
2929 3513 3087 3568 enim
3118 3521 3403 3589 purgatur
3432 3518 3653 3587 anima,

2006 3601 2163 3657 velut
2190 3616 2400 3656 aurum
2431 3598 2744 3671 optimum.
2778 3598 3155 3658 Pulchritudo
3200 3609 3395 3661 autem
3445 3608 3654 3663 anima:

2008 3690 2234 3745 sincera
2269 3687 2476 3753 virtus,
2525 3692 2581 3743 et
2629 3687 2807 3743 decus
2852 3690 3042 3745 verior
3081 3692 3333 3763 cognitio
3372 3711 3656 3767 superno-

2008 3794 2162 3847 rum,
2205 3781 2269 3831 ut
2304 3776 2498 3832 videat
2536 3774 2681 3831 illud
2722 3777 2942 3833 bonum
2982 3794 3050 3833 ex
3089 3796 3206 3851 quo
3246 3784 3502 3853 pendent
3540 3801 3659 3840 om-

2009 3866 2128 3934 nia,
2161 3866 2357 3938 ipsum
2390 3870 2587 3921 autem
2619 3881 2687 3920 ex
2718 3864 2900 3921 nullo.
2934 3866 3013 3920 Eo
3062 3867 3242 3939 igitur
3288 3870 3447 3935 vivit,
3482 3876 3658 3943 atque

2010 3953 2368 4011 intellectum
2410 3954 2636 4025 accipit.
2666 3953 2808 4008 Vita:
2856 3954 3014 4009 enim
3059 3955 3201 4011 fons'
3228 3962 3317 4012 est
3354 3956 3657 4015 summum

2011 4042 2157 4098 illud
2204 4043 2449 4107 bonum,
2481 4043 2652 4112 cujus
2702 4042 2956 4097 cbaritas
2995 4044 3165 4100 nobis
3203 4049 3261 4101 et
3299 4046 3657 4104 desiderium

2013 4132 2366 4198 ascenditur,
2402 4131 2495 4186 cui
2526 4132 2995 4203 appropinquare
3025 4136 3081 4187 et
3129 4134 3362 4191 misceri
3390 4135 3659 4210 voluptas

2013 4223 2103 4276 est
2129 4236 2142 4275 :
2178 4220 2332 4292 quod
2365 4218 2417 4275 ei
2447 4219 2548 4292 qui
2579 4237 2694 4275 non
2725 4220 2898 4287 videt,
2929 4221 3217 4279 desiderio
3248 4229 3358 4293 est,
3391 4229 3447 4281 et
3476 4225 3526 4281 ei
3557 4227 3660 4298 qui

2012 4308 2188 4377 videt,
2250 4309 2431 4376 inest;
2490 4309 2735 4379 ideoque
2783 4309 3053 4367 universa
3090 4311 3206 4368 alia
3243 4315 3511 4386 despicit,
3552 4317 3662 4374 hoc

2016 4414 2132 4454 uno
2163 4396 2450 4453 mulcetur
2489 4402 2546 4452 et
2583 4397 2923 4453 delectatur.
2965 4399 3082 4455 Hoc
3122 4406 3212 4457 est
3249 4404 3405 4475 quod
3446 4406 3666 4462 submi-

2016 4487 2228 4542 nistrat
2264 4485 2551 4542 universis
2590 4486 2983 4543 substantiam
3022 4490 3135 4560 (57)
3177 4509 3189 4546 :
3233 4492 3429 4564 ipsum
3469 4499 3665 4552 autem

2016 4576 2077 4631 in
2117 4575 2430 4647 semetipso
2470 4590 2715 4631 manens
2755 4576 2854 4631 dat
2892 4574 3045 4642 aliis,
3087 4579 3235 4635 nihil
3275 4586 3470 4639 autem
3511 4585 3572 4641 in
3603 4601 3665 4641 se

258 4666 506 4723 accensa
532 4670 624 4724 est
653 4663 1239 4733 devotio,illuminata
1265 4668 1354 4721 est
1370 4664 1646 4732 cbaritas,
1673 4664 1910 4736 justitia
1939 4662 1971 4666 ⁷
2016 4681 2083 4720 ex
2114 4663 2246 4720 aliis
2276 4662 2547 4734 suscipit.
2590 4663 2670 4720 De
2720 4680 2835 4736 quo
2887 4665 3178 4739 Propheta
3226 4671 3307 4727 ait
3338 4688 3351 4727 :
3385 4674 3516 4728 Dixi
3559 4674 3665 4728 D0-

260 4753 643 4824 resplenduit.
674 4752 794 4811 Hoc
842 4754 978 4827 igne
1018 4752 1405 4809 inflammavit
1452 4753 1628 4809 corda
1676 4757 1906 4826 aposto-
2015 4753 2167 4809 mino
2201 4769 2213 4807 :
2247 4753 2385 4808 Deus
2414 4767 2564 4807 meus
2611 4768 2667 4806 es
2709 4762 2788 4821 tu,
2821 4757 3083 4824 quoniam
3121 4758 3386 4815 bonorum
3424 4775 3666 4815 meorum

262 4839 454 4898 lorum
518 4859 785 4911 suorum,
827 4840 980 4898 sicut
1018 4844 1265 4897 testatur
1315 4840 1600 4912 Cleophas
1650 4840 1851 4898 dicens
1893 4858 1906 4896 :
2016 4858 2128 4897 non
2157 4856 2276 4912 eges
2302 4840 2474 4913 (Psat.
2507 4858 2598 4907 xv,
2630 4844 2706 4911 2).
2762 4842 2879 4898 Hoc
2924 4844 3117 4901 solum
3148 4848 3345 4903 videre
3370 4848 3662 4903 desidera-

259 4929 452 4987 Nonne
479 4939 843 4988 cornostrum
873 4929 1072 4986 ardens
1101 4937 1221 4985 erat
1247 4931 1310 4984 in
1331 4918 1487 4985 nobis
1522 4946 1645 4985 cum
1674 4932 1913 5002 aperiret
2017 4928 2120 4994 vit,
2174 4928 2325 4984 sicut
2376 4928 2502 4999 ipse
2561 4927 2698 4984 alibi
2754 4930 2835 4993 ait
2879 4947 2891 4985 :
2938 4934 3111 4989 Unam
3161 4937 3308 5005 petii
3343 4952 3377 4989 α
3413 4935 3664 5003 Domino,

262 5016 574 5091 Scripturas
604 5019 753 5092 (Luc.
779 5036 933 5085 xxxv,
965 5017 1102 5090 32)?
1150 5017 1266 5073 Alae
1315 5017 1496 5090 igitur
1541 5017 1697 5091 ignis
1744 5019 1911 5075 ﬂam-
2020 5017 2160 5072 hanc
2186 5018 2489 5089 requiram.
2540 5026 2599 5073 ut
2644 5018 2946 5075 inhabitem
2996 5024 3057 5076 in
3092 5022 3247 5078 domo
3283 5024 3502 5078 Domini
3545 5040 3666 5080 om-

264 5121 377 5161 maa
436 5108 749 5182 Scripturaa
807 5112 948 5164 sunt
1004 5106 1231 5162 divinae.
1306 5105 1562 5178 Denique
1618 5107 1917 5178 aperiebat
2020 5122 2117 5162 nes
2146 5106 2257 5161 dies
2283 5108 2414 5164 vita
2454 5123 2604 5174 mem,
2635 5116 2685 5163 et
2714 5108 2924 5163 videam
2969 5109 3377 5167 delectationem
3423 5113 3663 5182 Domini,

266 5193 621 5270 Scripturas,
653 5200 711 5252 et
739 5195 893 5269 ignis
923 5194 1315 5266 exibat,atque
1345 5194 1713 5251 audientium
1743 5195 1917 5252 corda
2023 5199 2074 5252 et
2111 5195 2442 5252 considerem
2487 5196 2747 5268 templum
2784 5197 2901 5267 ejus
2946 5198 3116 5269 (Psal.
3150 5215 3301 5267 xxvr,
3336 5201 3410 5273 4).
3442 5201 3499 5256 Si
3532 5204 3666 5276 quis

285 5462 296 5473 .
344 5392 702 5478 (ξφρῳοθε
729 5392 892 5465 edit.,
923 5394 1122 5450 Luceat
1148 5394 1210 5449 in
1235 5393 1483 5461 lectione,
1513 5409 1717 5451 omnes
1746 5409 1914 5466 mss.,

272 5464 336 5516 in
362 5464 667 5522 dilectione.
874 5464 877 5465 ί
1518 5526 1522 5530 _
1899 5464 1905 5466 ⁷

344 5535 455 5608 (54)
485 5536 583 5593 Sic
603 5536 751 5608 edit.
781 5537 909 5593 Am.
961 5539 1020 5592 et
1062 5552 1205 5592 mss.
1258 5534 1373 5592 fere
1422 5535 1495 5608 ad
1539 5551 1745 5591 unum.
1779 5535 1918 5608 Aliae

268 5605 470 5738 autem
518 5607 659 5667 edit.
698 5612 756 5666 et
792 5624 936 5667 mss.
970 5624 1124 5667 unus
1171 5610 1368 5666 autem
1419 5605 1586 5677 alter,
1638 5623 1736 5683 pro
1779 5606 1920 5670 dile-

2098 5392 2211 5465 (56)
2242 5392 2386 5448 Mss.
2426 5391 2558 5457 Th.,
2591 5390 2741 5463 Rig.,
2776 5389 2973 5473 ’_l‘orn.,
3006 5392 3165 5450 Colb.
3198 5399 3255 5451 et
3282 5396 3502 5456 Theod.
3544 5399 3667 5473 pri-

2027 5461 2124 5521 ma
2154 5461 2354 5529 manu,
2384 5477 2483 5533 per
2510 5477 2608 5516 ora
2635 5461 2976 5532 populorum.

2100 5537 2214 5608 (57)
2242 5533 2393 5608 Εᾉᾱίι.
2426 5547 2630 5608 omnes
2673 5547 2811 5608 cum
2862 5538 3362 5608 mssrnonnullis,
3392 5544 3669 5600 submini-

2026 5603 2163 5667 strat
2188 5603 2503 5689 universam
2529 5603 3053 5689 substantiamﬁlii
3087 5603 3445 5689 mss.majori
3473 5632 3672 5685 nume.

2030 5696 2115 5754 ro,
2147 5682 2323 5755 atque
2346 5673 2711 5754 auctoritate,
2743 5677 2809 5737 ut
2831 5674 2892 5735 in
2920 5680 3102 5751 textu.
