4012 6192
461 285 581 346 859

1916 281 1982 340 S.
2028 281 2108 341 Al

2221 281 2403 341 iosn
3338 254 3345 262 ’
3697 286 3784 352 uo

462 414 642 486 igitur
670 427 885 485 purum
916 411 1087 482 illud,
1111 416 1170 469 et
1196 412 1602 484 incorporeum
1633 427 1936 468 summum
1959 410 2103 466 illud
2134 412 2185 478 Α
2223 425 2518 467 movemur.
2544 410 2718 482 Ipsius
2748 412 2893 467 enim
2924 417 2977 466 et
3002 426 3171 481 genus
3195 427 3382 467 sumus
3414 412 3537 484 (Act.
3564 430 3680 484 xvu,
3700 421 3788 493 28),

462 502 658 557 videre
686 502 990 568 meruerit,
1024 502 1165 575 quid
1206 501 1419 557 habeat
1462 499 1621 555 aliud
1671 501 1824 573 quod
1876 500 2108 556 deside-

458 589 583 645 ret?
608 591 872 664 Denique
902 592 1107 647 Petrus
1136 591 1196 644 in
1229 594 1426 646 monte
1457 588 1702 663 gloriam
1733 590 2105 646 resurrectio-

459 678 556 735 nis
607 679 825 738 Christi
874 679 1041 747 vidit,
1082 682 1139 734 et
1177 679 1413 734 uolebat
1463 678 1814 735 descendere
1851 678 2050 733 dicens
2094 696 2106 733 :

460 769 714 837 Dmnine,
768 770 968 826 bonum
1008 777 1088 825 est
1134 784 1232 825 nos
1277 768 1370 823 hic
1418 784 1529 823 esse
1578 767 1786 839 (Matth.
1838 784 1974 834 xvn,
2031 768 2107 837 4).

460 858 532 914 Et
554 862 775 931 quanto
804 856 1318 930 incomparabilior
1366 861 1457 913 est
1506 856 1608 912 illa
1638 855 1956 912 divinitatis
1986 854 2109 927 glo-

461 946 569 1013 ria,
598 951 655 1002 et
684 945 784 1001 lux
812 946 1257 1014 inaccessibilis,
1277 962 1455 1017 quam
1489 947 1540 1001 si
1569 944 1702 1018 quis
1730 943 2109 1015 viderit,quid

458 1032 621 1090 aliud
651 1035 1064 1108 concupiscat?
1094 1036 1218 1091 Non
1250 1050 1448 1108 regna,
1481 1051 1596 1091 non
1645 1033 1972 1100 facultates,
2007 1032 2110 1087 ho-

458 1138 654 1190 nores,
688 1122 956 1195 gloriam,
990 1127 1327 1196 potestates.
1355 1122 1472 1179 Illis
1504 1125 1660 1179 enim
1694 1122 1778 1178 uti
1809 1121 1954 1177 nihil
1985 1121 2113 1176 bea-

460 1210 735 1268 titudinis
765 1216 873 1281 est,
896 1213 1006 1268 hoc
1039 1213 1122 1268 uti
1153 1214 1389 1268 beatum
1422 1216 1601 1279 est,ut
1631 1210 1732 1267 illa
1762 1210 2109 1282 despiciens,

462 1300 535 1355 ad
566 1299 676 1361 hoc
699 1317 1015 1358 conversus
1045 1305 1297 1357 maneat.
1333 1301 1491 1356 Hanc
1520 1301 1698 1372 igitur
1743 1300 1948 1355 videns
1990 1296 2113 1370 pul-

460 1388 667 1445 chram
697 1389 1015 1463 imaginem
1046 1390 1412 1463 ingrediatur
1443 1390 1621 1458 intus,
1648 1388 1788 1444 foris
1819 1387 2114 1458 relinquat

459 1476 687 1534 vultum
726 1479 1007 1551 corporis.
1049 1479 1195 1534 Nam
1236 1478 1336 1549 qui
1374 1478 1640 1533 intuetur
1691 1493 1953 1549 corpora,
1996 1492 2111 1531 non

460 1566 634 1623 debet
668 1566 991 1623 introrsum
1046 1566 1283 1636 intueri,
1325 1583 1398 1623 ne
1458 1582 1620 1622 more
1678 1565 1995 1639 mergentis
2052 1565 2111 1620 in

461 1655 691 1728 gurgite
748 1656 1014 1728 rapiatur
1068 1660 1243 1728 atque
1300 1656 1706 1721 absorbeatur,
1746 1659 1804 1709 et
1842 1653 2012 1726 quasi
2051 1654 2111 1709 in

459 1744 815 1814 profundum
839 1745 1146 1800 demersus
1168 1761 1464 1816 nusquam
1489 1743 2112 1816 appareat.Fugiamus

459 1846 597 1904 ergo
625 1831 686 1887 in
717 1831 968 1905 patriam
994 1833 1384 1889 verissimam.
1419 1833 1543 1889 Illic
1593 1832 1783 1904 patria
1830 1832 2020 1898 nobis,
2053 1836 2111 1887 et

458 1919 578 1976 illic
608 1920 778 1977 Pater
805 1938 839 1977 a
870 1938 984 1994 quo
1013 1923 1191 1978 creati
1221 1939 1456 1989 sumus,
1499 1921 1598 1977 ubi
1629 1925 1718 1978 est
1744 1920 2108 1976 Hierusalem

459 2009 662 2066 civitas
690 2026 818 2082 quae
850 2015 939 2067 est
971 2015 1158 2067 mater
1185 2012 1475 2067 omnium.

528 2098 619 2154 79.
650 2099 763 2155 Sed
795 2115 923 2171 quas
961 2103 1050 2156 est
1098 2100 1276 2172 fuga?
1307 2100 1433 2156 Non
1485 2099 1687 2172 utique
1734 2100 1971 2171 pedum,
2010 2099 2107 2171 qui

461 2190 602 2243 sunt
628 2187 909 2260 corporis.
945 2188 1046 2244 Isti
1078 2189 1234 2244 enim
1268 2205 1617 2260 quocunque
1638 2190 2018 2259 (58)currunt,
2050 2187 2108 2241 in

458 2279 616 2331 terra
641 2281 905 2343 currunt,
938 2281 996 2332 et
1023 2277 1093 2333 de
1125 2276 1249 2333 solo
1289 2278 1359 2333 ad
1413 2277 1606 2333 solum
1639 2280 1965 2332 transeunt.
1998 2277 2111 2331 Nec

462 2364 710 2422 navibus
729 2366 1048 2438 fugiamus,
1076 2370 1180 2422 aut
1209 2367 1613 2433 curribus,aut
1645 2365 1814 2436 equis
1845 2364 1945 2437 qui
1964 2363 2108 2419 obli-

459 2456 677 2525 gantur
703 2458 761 2509 et
787 2455 1005 2509 cadunt
1036 2471 1048 2510 :
1085 2456 1186 2510 sed
1219 2453 1517 2527 fugiamus
1546 2454 1766 2518 animo,
1798 2458 1855 2509 et
1901 2452 2109 2518 oculis,

388 2530 399 2539 ’
458 2546 562 2598 aut
590 2543 837 2615 pedibus
866 2541 1716 2599 interioribus.Assuescamus
1746 2541 1947 2598 oculos
1969 2558 2109 2596 nos-

457 2634 579 2686 tros
607 2630 801 2687 videre
831 2648 959 2703 qua:
989 2629 1250 2686 dilucida
1279 2635 1335 2687 et
1364 2631 1521 2686 clara
1542 2629 2109 2703 sunt,spectarevu1-

453 2723 584 2775 tum
614 2720 984 2778 continentiae
1010 2722 1068 2777 et
1096 2720 1521 2792 temperantiae.
1577 2720 1731 2775 383
1788 2734 2111 2790 omnesque

455 2808 723 2880 virtutes,
753 2809 814 2864 in
844 2810 1064 2881 quibus
1094 2808 1243 2863 nihil
1277 2809 1573 2876 scabrum,
1609 2806 1757 2862 nihil
1791 2808 2106 2862 obscurum

457 2901 516 2952 et
543 2899 874 2953 tortuosum
906 2898 984 2953 sit
1018 2914 1031 2952 :
1064 2901 1123 2952 et
1151 2912 1212 2952 se
1243 2896 1442 2968 ipsum
1465 2900 1686 2968 spectet
1706 2896 1863 2968 quis,
1898 2900 1957 2951 et
1981 2912 2110 2951 con-

458 2984 763 3041 scientiam
813 3001 982 3041 suam
1019 2985 1133 3056 (59)
1168 3002 1181 3041 :
1215 2984 1384 3040 illum
1437 2984 1672 3040 oculum
1723 2985 1986 3051 inundet,
2038 3001 2108 3039 ne

460 3073 601 3145 quid
634 3073 897 3130 sordium
929 3074 1341 3138 habeat.Quod
1374 3074 1531 3129 enim
1562 3073 1812 3140 videtur,
1846 3090 1962 3129 non
2007 3073 2104 3128 de-

2220 504 2283 555 ut
2328 499 2642 571 Apostolus
2689 499 2936 572 gentiles
2985 501 3184 572 posuit
3212 501 3326 572 (60)
3353 499 3672 574 signiﬁcem.
3720 507 3789 579 lp-

2218 606 2350 643 sum
2381 593 2470 644 est
2507 590 2727 645 bonum
2758 590 2911 661 quod
2940 588 3280 661 querimus,
3312 593 3369 646 et
3397 589 3571 647 solum
3594 593 3792 651 bonum.

2219 678 2399 732 Nemo
2428 677 2585 733 enim
2615 678 2829 745 bonus,
2860 677 2976 735 nisi
3003 694 3161 734 unus
3190 678 3371 734 Deus.
3409 678 3506 734 Hic
3531 684 3610 736 est
3630 682 3795 739 oculus

2220 766 2321 838 qui
2355 782 2635 838 magnum
2683 770 2742 821 et
2787 765 2957 823 illum
3012 783 3215 823 verum
3267 767 3521 823 decorem
3559 769 3792 829 intuetur.

2218 854 2411 910 Solem
2461 854 2575 909 nisi
2625 872 2806 911 sanus
2849 859 2907 911 et
2951 854 3153 928 vigens
3201 854 3406 911 oculus
3450 872 3557 912 non
3596 859 3797 930 aspicit;

2220 960 2325 998 nec
2351 944 2569 998 bonum
2596 947 2788 1015 potest
2817 944 3011 1000 videre
3043 944 3157 1001 nisi
3191 945 3388 1000 anima
3410 945 3575 1001 bona.
3611 946 3720 1002 Fiat
3741 964 3804 1004 er-

2219 1049 2292 1104 go
2325 1032 2513 1088 bonus
2557 1031 2657 1103 qui
2703 1033 2827 1087 vult
2870 1032 3067 1089 videre
3118 1032 3452 1100 Dominum,
3480 1036 3533 1088 et
3568 1035 3701 1106 quod
3736 1039 3803 1091 est

2220 1122 2466 1177 bonum.
2510 1121 2860 1192 Hujusmodi
2893 1121 3118 1178 similes
3164 1122 3373 1187 simus,
3400 1125 3456 1177 et
3478 1124 3738 1179 secundus
3760 1125 3803 1180 id

2221 1227 2531 1281 operemur
2562 1227 2688 1281 quae
2742 1210 2892 1266 bona
2936 1215 3100 1266 sunt.
3142 1210 3262 1266 Hoc
3310 1213 3400 1265 est
3443 1210 3645 1266 bonum
3682 1212 3804 1283 quod

2222 1314 2400 1370 supra
2429 1314 2660 1354 omnem
2692 1298 3088 1371 operationem
3120 1303 3417 1370 est,supra
3445 1314 3658 1356 omnem
3679 1315 3807 1355 men-

2220 1391 2338 1442 tem
2369 1389 2546 1458 atque
2587 1386 2947 1443 intellectum
2997 1405 3010 1443 :
3058 1387 3253 1459 ipsum
3302 1391 3391 1443 est
3436 1388 3582 1457 quod
3623 1403 3810 1459 semper

2222 1480 2439 1541 manet,
2472 1476 2542 1531 ad
2588 1476 2782 1548 ipsum
2827 1480 3247 1532 convertuntur
3289 1474 3486 1532 omnia
3510 1476 3611 1547 (6t)
3638 1476 3689 1531 in
3721 1492 3810 1548 quo

2222 1564 2446 1619 habitat
2484 1564 2784 1636 plenitudo
2843 1564 2999 1620 884
3052 1564 3398 1635 divinitatis,
3436 1569 3494 1620 et
3527 1580 3624 1636 per
3654 1564 3811 1636 ipsum

2222 1653 2674 1709 reconciliantur
2703 1653 2901 1709 omnia
2929 1653 2989 1709 in
3020 1653 3240 1726 ipsum.
3281 1654 3352 1708 Et
3380 1657 3449 1709 ut
3477 1652 3684 1726 plenius
3709 1653 3815 1709 deii-

2223 1743 2455 1797 niamus
2504 1743 2643 1813 quid
2695 1743 2773 1798 sit
2820 1743 3064 1812 bonum,
3101 1760 3113 1797 :
3145 1759 3271 1798 vna
3314 1745 3410 1797 est
3450 1743 3673 1807 bonum,
3709 1740 3816 1812 quia

2220 1846 2450 1902 semper
2482 1832 2700 1897 manet,
2732 1831 2880 1886 dans
2910 1830 3098 1886 vivere
3136 1834 3191 1886 et
3225 1846 3355 1887 esse
3388 1830 3679 1897 omnibus;
3708 1828 3817 1901 quia

2220 1920 2349 1974 fons
2380 1925 2467 1974 est
2497 1919 2761 1974 omnium
2793 1920 2911 1974 vita
2941 1919 3229 1987 Christus,
3264 1920 3333 1975 de
3364 1936 3485 1992 quo
3513 1921 3591 1977 ait
3615 1918 3817 1993 prophe-

2221 2011 2323 2063 ta:
2359 2008 2419 2062 In
2466 2009 2661 2063 umbra
2708 2010 2823 2081 ejus
2872 2011 3114 2065 vivemus
3166 2010 3381 2079 (Thren.
3419 2026 3494 2077 IV,
3530 2009 3639 2079 20).
3687 2008 3817 2063 Nunc

2224 2097 2382 2152 enim
2402 2098 2519 2152 vita
2535 2102 2734 2153 nostra
2749 2098 3093 2154 abscondita
3113 2098 3173 2153 in
3191 2097 3431 2155 Christo
3462 2102 3549 2154 est
3579 2115 3590 2154 :
3617 2113 3732 2154 cum
3745 2113 3821 2152 aa-

2223 2189 2343 2240 tem
2372 2186 2705 2257 apparuerit
2719 2186 2987 2243 Christus
3008 2187 3128 2241 vita
3145 2190 3519 2255 nostra,tunc
3535 2190 3692 2242 etnos
3715 2200 3819 2240 cum

2220 2273 2318 2329 illo
2348 2274 2764 2346 apparebimus
2812 2275 2872 2329 in
2921 2274 3130 2348 gloria.
3194 2276 3344 2348 Ergo
3401 2293 3515 2333 non
3558 2274 3823 2331 timeamus

2221 2368 2492 2431 mortem,
2541 2363 2821 2434 quoniam
2878 2363 3110 2435 requies
3158 2369 3267 2420 est
3331 2364 3610 2437 corporis,
3655 2362 3820 2419 anime

2219 2456 2413 2507 autem
2456 2452 2543 2507 vel
2586 2451 2941 2519 libertas,vel
2999 2452 3318 2510 absolutio.
3391 2454 3506 2510 Nec
3565 2466 3821 2509 vereamus

2221 2558 2354 2597 eum
2384 2541 2481 2612 qui
2518 2545 2707 2612 potest
2734 2558 2968 2598 carnem
3000 2543 3352 2613 interﬁcere,
3387 2544 3636 2599 animam
3663 2545 3821 2597 autem

2220 2647 2334 2685 non
2370 2633 2592 2701 potest;
2628 2630 2765 2701 quia
2786 2647 2904 2687 non
2935 2631 3212 2688 timemus
3241 2648 3384 2688 eum
3415 2633 3514 2705 qui
3544 2634 3718 2704 potest
3748 2643 3821 2683 ve-

2220 2718 2565 2773 stimentum
2598 2719 2843 2787 auferre,
2880 2736 2996 2775 non
3026 2722 3308 2776 timemus
3356 2739 3491 2779 eum
3535 2720 3631 2793 qui
3670 2718 3826 2791 potest

2220 2812 2420 2862 nostra
2452 2808 2655 2876 furari,
2687 2825 2793 2864 nos
2841 2813 3037 2865 autem
3095 2827 3211 2866 non
3255 2815 3479 2882 potest.
3537 2810 3648 2865 Nos
3684 2806 3827 2879 igitur

2219 2897 2428 2951 anima:
2460 2913 2688 2962 sumus,
2723 2898 2771 2952 si
2796 2899 3069 2954 volumus
3116 2915 3244 2955 esse
3283 2899 3514 2956 Hebraei
3552 2900 3619 2954 de
3653 2896 3717 2952 iis
3748 2892 3826 2965 qui

2218 2989 2355 3040 sunt
2386 2985 2524 3040 socii
2572 2986 2770 3053 Jacob,
2804 2987 2860 3041 id
2893 2992 3003 3055 est,
3034 2988 3367 3045 imitatores
3399 2990 3551 3059 ejus.
3593 2987 3698 3042 Nos
3728 2981 3827 3037 aui-

2216 3091 2319 3130 maa
2353 3079 2791 3144 sumus,nostra
2814 3080 3008 3132 autem
3041 3077 3307 3133 membra
3337 3079 3679 3134 vestimenta
3696 3074 3824 3137 sunt;

458 3164 556 3218 bet
583 3162 888 3219 dissonare
914 3163 987 3218 ab
1028 3178 1094 3218 eo
1123 3162 1224 3234 qui
1253 3161 1430 3232 videt,
1469 3162 1748 3234 quoniam
1779 3163 2106 3218 conformes
2137 3151 2180 3217 C
2218 3163 2504 3221 servanda
2528 3168 2667 3220 sunt
2696 3164 2933 3236 quidem
2982 3166 3356 3236 vestimenta,
3391 3183 3464 3223 ne
3510 3164 3827 3225 scindantur,

458 3267 566 3307 nos
593 3251 750 3307 Deus
779 3250 1056 3323 imaginis
1096 3250 1281 3306 voluit
1321 3267 1449 3306 esse
1489 3250 1614 3306 Filii
1647 3252 1759 3306 sui.
1802 3251 2108 3322 Cognitum

462 3340 642 3412 igitur
670 3340 842 3396 nobis
868 3344 961 3396 est
990 3339 1136 3395 illud
1169 3340 1520 3409 bonum,nec
1548 3339 1720 3413 longe
1750 3344 1840 3397 est
1868 3341 1941 3395 ab
1972 3357 2111 3396 uno-

465 3444 701 3502 quoque
728 3433 995 3486 nostrum
1029 3447 1042 3486 :
1076 3431 1137 3485 In
1166 3431 1279 3501 ipso
1309 3431 1462 3486 enim
1489 3430 1742 3497 vivimus,
1768 3438 1820 3486 et
1840 3433 2111 3497 sumus,et

503 3572 647 3699 t(58)
677 3572 823 3631 Mss.
862 3573 1062 3642 Rem.,
1094 3574 1216 3629 Istis
1258 3575 1407 3629 enim
1455 3576 1805 3647 quincunque
1851 3578 2105 3642 currunt,

528 3660 583 3699 c.

466 3660 583 3700 8E0.

535 3714 648 3787 (59)
693 3714 968 3787 Itaedit.
1020 3731 1244 3783 omnes,
1296 3719 1351 3769 et
1397 3733 1544 3771 mss.
1608 3716 1854 3787 aliquot.
1894 3720 2107 3771 Verum

462 3786 582 3842 tres
629 3786 744 3843 non
795 3786 1009 3840 inﬁmae
1060 3792 1207 3842 notae
1258 3787 1494 3857 habent,
1526 3796 1576 3842 et
1618 3786 1966 3843 conscientiae
1996 3804 2108 3842 sum

462 3858 628 3921 illum
675 3859 894 3915 oculum
938 3858 1186 3913 mandet.
1226 3859 1506 3925 Quatuor,
1537 3860 1924 3914 conscientiam
1950 3876 2109 3914 suam

452 3945 557 4000 per
586 3929 750 3985 illum
791 3930 1009 3985 oculum
1054 3928 1299 3984 mandet.
1333 3929 1576 3996 Ibidem,
1609 3946 1812 3986 omnes
1858 3930 2000 3986 edit.
2044 3947 2108 3984 ac

464 4017 610 4074 mss.
651 4004 923 4074 quatuor,
954 4016 1023 4074 ne
1048 4000 1198 4074 _quid
1243 4000 1525 4056 sordidum
1571 4001 1784 4056 habeat.
1815 4000 1929 4055 Alii
1983 4019 2107 4057 me-

459 4070 596 4139 lius,
621 4070 691 4126 ne
718 4071 848 4143 quid
875 4070 1177 4143 sordidum,
1204 4076 1315 4126 etc.

530 4143 644 4215 (60)
674 4142 820 4198 Mes.
878 4142 1122 4213 aliquot,
1175 4145 1226 4198 et
1272 4143 1497 4210 gentilis
1539 4145 1739 4215 posuit.
1772 4145 1977 4215 ipsum
2029 4147 2108 4199 est

457 4216 609 4279 enim
628 4213 839 4271 bonum
867 4215 1005 4285 quod
1033 4216 1334 4286 qua‘rimus
1373 4213 1550 4270 solum
1579 4213 2108 4286 (aliqui,‘summum

2221 3268 2292 3308 ne
2330 3252 2759 3307 inveterascant
2791 3269 2804 3307 :
2837 3252 2938 3307 sed
2982 3251 3080 3308 ille
3128 3253 3344 3327 magis,
3378 3254 3479 3326 qui
3525 3252 3614 3308 his
3662 3248 3829 3313 utitur,

2219 3357 2449 3397 servare
2480 3358 2543 3397 se
2575 3342 2745 3397 debet
2774 3345 2829 3397 et
2860 3342 3172 3398 custodire.

2217 3574 2437 3651 bonum.
2467 3573 2704 3651 Alii,qui
2736 3590 2809 3651 ea
2836 3574 3092 3651 melioris
3114 3575 3247 3651 aevi,
3280 3591 3413 3651 nec
3426 3591 3556 3651 non
3572 3574 3687 3629 ant.

2217 3649 2283 3699 ut
2314 3645 2373 3712 in
2406 3645 2671 3699 contextu
2710 3662 2722 3699 :
2753 3645 2864 3701 nisi
2897 3647 3053 3717 quod
3095 3648 3222 3701 Am.
3257 3663 3328 3702 ac
3374 3646 3508 3702 Gill.
3541 3645 3745 3717 legunt,
3771 3645 3834 3693 si-

2216 3717 2495 3792 gniﬁcari.
2530 3717 2793 3771 Tandem
2826 3718 2996 3792 Rom.
3028 3718 3192 3792 edit.,
3220 3720 3464 3792 gentiles
3495 3718 3663 3774 voluit
3682 3725 3834 3792 mque-

2217 3781 2322 3841 vrcf
2350 3790 2532 3858 Ipsum
2561 3797 2658 3853 est,
2690 3794 2799 3843 etc.
2835 3790 2943 3844 Sed
2994 3781 3261 3844 varietati
3314 3789 3488 3846 locus
3536 3804 3650 3843 non
3677 3781 3837 3858 relin-

2217 3856 2491 3934 quentur,
2524 3860 3002 3934 siinterpreteris
3032 3861 3140 3916 hoc
3174 3861 3352 3934 modo
3383 3880 3395 3917 :
3422 3860 3646 3934 Paulus
3673 3856 3839 3934 iusim

2219 3924 2290 3985 ad
2321 3924 3239 4005 Areopagitaso‘rationeposuit,
3274 3933 3401 3989 sive
3426 3924 3836 4005 idixit_genti.le.s

2219 3947 2290 3985 au
2321 3947 2701 4056 areogagitas
2732 3947 2991 3988 oratione
3023 3947 3239 4005 posult,
3274 3949 3401 3989 swe
3450 3947 3598 3987 Olel’.
3624 3947 3836 4005 genius?

2218 4005 2416 4072 poetas
2448 4002 2463 4055 i
2541 4002 2925 4073 signiﬁcasse,
2958 4003 3239 4059 nimirum
3274 4004 3443 4076 quod
3492 4004 3551 4059 in
3598 4001 3705 4057 Deo
3731 4011 3842 4050 vm-

2218 4090 2372 4146 mus,
2409 4090 2639 4146 sumus,
2671 4079 2783 4129 etc.
2846 4145 2855 4146 ί
3780 4137 3789 4146 ,

2289 4145 2401 4215 (61)
2433 4145 2535 4200 Ms.
2575 4146 2791 4217 Long.,
2823 4145 3131 4201 divinitatis
3160 4147 3545 4218 corporaliter,
3577 4150 3628 4199 et
3652 4154 3740 4215 per
3770 4145 3837 4207 φ’

2214 4231 2339 4271 sum
2366 4220 2758 4272 convertuntur
2787 4219 2996 4289 omnia,
3028 4222 3143 4273 etc.

462 4401 3845 4443 Μ

953 4582 1068 4667 ΙΝ
1123 4581 1558 4670 LIBRUM
1614 4582 1758 4666 DE
1818 4580 2137 4670 BONO
2196 4581 2630 4672 MOBTIS
2690 4583 3380 4673 ADMONITIO,

550 4785 671 4849 Ubi
711 4784 1025 4866 praecipue
1066 4801 1143 4845 na
1188 4802 1602 4849 HABITACULIS
1646 4803 1975 4849 ANIMARUM
2019 4803 2159 4850 POST
2201 4805 2471 4866 nomen,
2522 4789 2723 4869 deque
2766 4789 2928 4851 libro
2970 4791 3052 4853 IV
3094 4789 3313 4852 Esdrae
3360 4790 3761 4870 disceptatur.

522 5144 751 5207 Quanta
780 5143 927 5201 libro
961 5147 1032 5201 De
1063 5145 1194 5200 bono
1221 5146 1412 5200 mortis
1444 5160 1575 5199 cum
1608 5145 1903 5221 superiore
1933 5147 2006 5201 De
2030 5150 2189 5202 Isaac
2216 5154 2268 5202 et
2300 5149 2509 5202 Anima
2540 5148 2815 5220 cognatio
2869 5148 3210 5217 intercedat,
3240 5148 3441 5221 prima
3492 5144 3653 5201 illius
3698 5138 3849 5196 verba

456 5232 602 5288 satis
631 5233 972 5288 declarant:
1010 5251 1136 5306 quae
1169 5234 1406 5305 quidem
1438 5233 1487 5287 si
1520 5233 1653 5305 quis
1707 5233 1967 5289 strictius
2016 5235 2265 5290 voluerit
2314 5236 2702 5308 interpretari,
2756 5238 2900 5294 forte
2950 5254 3065 5294 non
3117 5236 3460 5293 inconsulto
3510 5248 3691 5290 unum
3739 5240 3848 5283 esse

454 5320 839 5377 afﬁrmaverit
866 5323 1060 5394 operis
1091 5326 1428 5378 contextum
1474 5327 1531 5376 ot
1578 5322 1744 5395 quasi
1777 5339 2011 5395 corpus,
2057 5324 2228 5395 cujus
2272 5323 2419 5380 liber
2461 5325 2688 5397 primus
2737 5325 2883 5383 alter
2927 5326 3040 5382 dici
3088 5327 3316 5391 debeat,
3360 5323 3515 5381 alter
3559 5316 3847 5380 secundus.

453 5408 674 5479 Ecquid
707 5409 863 5465 enim
896 5410 1054 5466 aliud
1088 5411 1200 5467 sibi
1230 5410 1483 5467 voluisse
1513 5411 1742 5467 videtur
1770 5412 2135 5479 Ambrosius,
2165 5429 2300 5469 cum
2330 5417 2461 5485 post
2489 5413 2706 5471 librum
2739 5415 2810 5470 de
2841 5417 2991 5472 Isaac
3032 5414 3262 5470 ﬁnitum
3317 5414 3381 5469 in
3433 5413 3590 5468 hanc
3635 5412 3849 5465 senten-

452 5496 596 5552 tiam
631 5511 645 5551 :
678 5497 820 5567 Ergo
850 5515 960 5554 non
999 5501 1291 5554 timeamus
1338 5502 1586 5562 mortem,
1639 5504 1785 5569 etc.,
1841 5504 2184 5572 sequentem
2236 5502 2573 5576 auspicatur
2620 5503 2778 5561 hisce
2805 5504 2997 5561 verbis
3030 5522 3044 5561 :
3080 5505 3356 5574 Quoniam
3404 5503 3686 5575 superiore
3729 5493 3849 5551 libro

450 5584 517 5651 de
542 5586 734 5661 anima
761 5602 1066 5651 sermonem
1089 5588 1332 5662 aliquem
1355 5590 1756 5661 contexuimus,
1781 5589 2094 5663 faciliorem
2122 5592 2269 5650 viam
2291 5608 2555 5667 paramus
2601 5592 2668 5652 de
2718 5594 2853 5654 bono
2898 5594 3091 5654 mortis
3136 5593 3404 5671 con/icere
3430 5588 3663 5667 aliquid,
3713 5580 3851 5647 ett»?
