4122 6146
282 330 363 412 uti
880 344 889 353 '
1146 354 1387 421 LIBER
1433 357 1539 421 ns
1584 361 1803 426 sono
1848 348 2177 429 Moeris.
2212 397 2290 414 —
2322 365 2792 437 ADMONITIO.
3575 376 3695 447 sos

282 482 432 587 Igitur
460 485 623 587 quod
651 484 713 587 in
743 483 855 587 line
883 486 1099 547 ultimae
1128 489 1567 587 lucubrationis
1599 509 1722 549 non
1755 494 1905 552 satis
1936 494 2100 553 fusse
2129 499 2454 555 tractatum
2482 500 2693 571 fuerat,
2722 502 2783 561 id
2814 502 2876 561 in
2897 501 3007 561 hac
3036 503 3278 568 uberius
3307 512 3483 587 atque
3515 528 3695 573 accn-

282 572 433 632 ratius
448 573 883 634 discutiendum
906 579 1268 653 proponitur.

336 665 423 721 Hic
451 665 654 738 itaque
682 667 934 766 ostendit
965 673 1214 766 Isanctus
1263 668 1467 766 doctor
1517 669 1686 738 quod
1742 670 1976 766 bonum
2017 673 2119 740 sit,
2153 690 2355 745 quaeve
2387 676 2672 736 utilitates
2717 681 2943 748 mortis,
2991 701 3284 761 quamque
3332 690 3433 747 illa
3480 708 3691 766 parum

285 754 708 810 extimescenda.
742 755 1107 827 Propositum
1134 761 1330 813 autem
1360 755 1473 809 hoc
1504 772 1696 809 suum
1735 758 1891 813 satis
1923 765 2199 817 accurata
2228 763 2505 822 methodo
2535 770 2923 840 persequitur.
2958 754 3520 849 Etenim-praemissa
3564 782 3691 840 vitae

285 859 336 899 ac
360 843 557 900 mortis
588 843 945 910 deﬁnitione,
975 848 1031 901 et
1058 844 1354 901 nonnullis
1382 848 1587 941 contra
1612 845 1853 901 mortis
1884 847 2202 906 utilitatem
2232 855 2538 925 oppositis,
2573 874 2699 928 quae
2730 862 2930 928 postea
2960 860 3149 932 diluit,
3198 843 3488 941 triplicem
3538 872 3693 929 inve-

284 932 373 991 niri
400 936 646 989 mortem
677 933 1058 1002 demonstrat,
1092 936 1332 1006 ejusque
1362 931 1601 1029 tertium
1631 947 1854 1030 genus
1887 939 2044 1007 quod
2076 940 2135 993 in
2165 943 2375 998 anima:
2407 949 2583 1016 atque
2614 946 2871 1018 corporis
2901 931 3264 1021 separatione
3278 931 3550 1029 .positum
3576 966 3686 1030 est,

282 1023 467 1079 bonum
503 1037 633 1077 esse
663 1038 730 1075 ac
761 1020 1055 1077 felicitatis
1087 1022 1323 1095 plenum
1357 1020 1585 1118 evincit,
1623 1022 1694 1118 et
1733 1019 1793 1072 si
1841 1024 1982 1118 quid
2018 1032 2316 1085 metuendi
2350 1032 2435 1088 vel
2490 1034 2843 1089 incommodi
2894 1019 3121 1107 haheat,
3172 1044 3231 1099 id
3280 1019 3517 1118 quidem
3568 1019 3687 1105 non

282 1111 444 1177 morti,
480 1111 583 1165 sed
618 1112 829 1166 nostrae
859 1110 1118 1181 ipsorum
1152 1110 1478 1166 inﬁrmitati
1511 1106 1986 1168 ascribendum.
2023 1115 2167 1173 Illud
2201 1137 2354 1191 vero,
2389 1122 2437 1176 si
2472 1123 2610 1193 quid
2645 1121 2823 1190 aliud,
2872 1124 2975 1181 viri
3025 1106 3211 1186 sancti
3259 1106 3532 1204 pietatem
3562 1138 3686 1207 ,de-

280 1198 447 1264 claret,
480 1197 641 1269 quod
671 1197 871 1253 omnia
900 1198 1080 1254 ferme
1108 1198 1300 1270 ipsius
1331 1199 1689 1271 argumenta
1725 1202 2038 1258 sacrorum
2058 1207 2336 1264 codicum
2384 1210 2731 1265 auctoritate
2763 1211 3041 1285 nitantur,
3076 1222 3176 1274 aut
3218 1197 3279 1275 si.
3299 1223 3454 1292 quod
3502 1197 3684 1280 etiam

279 1304 332 1344 ex
356 1285 602 1342 naturali
634 1286 858 1382 ratione
890 1286 1271 1359 desumptum
1323 1287 1617 1382 adhibeat,
1678 1289 1850 1382 φιρίί
1876 1291 2004 1362 jam
2057 1294 2115 1349 in
2148 1296 2328 1352 simili
2378 1315 2559 1354 causa
2606 1295 2848 1356 allatum
2891 1303 3098 1361 fuisset
3127 1324 3159 1362 a
3186 1285 3572 1382 philosophis,
3621 1311 3683 1367 id

276 1390 551 1449 nunquam
583 1389 699 1429 non
734 1373 926 1429 divino
958 1375 1238 1447 quopiam
1268 1375 1602 1431 testimonio
1633 1375 1974 1434 conﬁrmet.
2008 1382 2153 1439 Hinc
2184 1402 2387 1443 ausam
2424 1388 2633 1441 nactus
2661 1387 3018 1448 Christianos
3047 1373 3214 1451 docet
3242 1373 3437 1468 quam.
3465 1373 3681 1471 parum

271 1461 386 1522 hiiic
410 1462 541 1521 vitm
570 1480 744 1520 omne
772 1479 956 1536 genus
984 1464 1361 1520 miseriarum
1394 1464 1756 1537 plenissimae
1791 1469 2233 1540 adhes-randum,
2269 1474 2571 1547 quaque
2620 1476 2878 1534 studiose
2926 1482 3158 1551 saeculo,
3202 1461 3503 1543 exstinctis
3554 1503 3680 1544 cor-

261 1559 394 1630 poris
419 1552 891 1620 delectationibus,
937 1553 1340 1626 cupiditatibus
1387 1555 1658 1620 omnibus,
1716 1558 2025 1629 mundique
2062 1561 2334 1618 illecebris
2380 1566 2535 1631 (cap.
2585 1560 2639 1626 3,
2690 1567 2841 1637 etc.),
2893 1568 3285 1637 moriendum,
3340 1577 3405 1629 ut
3435 1574 3677 1647 integra

264 1649 575 1717 sanctaque
603 1641 733 1697 vitae
762 1642 1045 1699 beneficio
1080 1659 1243 1698 mors
1276 1660 1454 1715 quam
1488 1647 1797 1715 peccatum
1828 1645 2023 1701 solum
2050 1653 2246 1720 potest
2276 1650 2523 1705 reddere
2551 1648 2997 1723 formidabilem,
3032 1674 3147 1713 non
3202 1659 3499 1718 timeatur.
3551 1641 3677 1720 fico

258 1732 512 1792 ultimum
547 1730 799 1788 Subinde
829 1732 1060 1803 prohat,
1099 1732 1471 1803 maximeque
1500 1732 1638 1788 totis
1659 1733 1854 1789 tribus
1884 1734 2066 1806 hujus
2098 1737 2301 1809 opellae
2333 1734 2628 1807 capitibus
2659 1739 2806 1812 (cap.
2841 1744 2896 1810 5,
2936 1744 2970 1798 6
3000 1748 3056 1800 et
3082 1747 3158 1817 7).
3210 1748 3296 1803 Ad
3343 1753 3673 1807 extremum

254 1822 341 1880 ubi
364 1821 571 1879 animm
600 1818 1106 1877 immortalitatem
1136 1821 1410 1888 asseruit,
1445 1820 1688 1892 quinam
1724 1822 1959 1878 futurus
1990 1823 2067 1878 sit
2119 1825 2279 1882 illius
2329 1841 2365 1879 a
2390 1825 2647 1894 corporis
2686 1832 3063 1887 contubernio
3095 1840 3410 1907 segregatas
3455 1842 3675 1908 status,

251 1911 485 1987 explicat
519 1934 533 1979 ;
565 1924 631 1966 ac
664 1910 984 1981 perorando
1018 1908 1234 1966 fideles
1264 1909 1631 1978 adhortatur,
1665 1913 1731 1964 ut
1760 1912 1921 1965 omni
1954 1911 2250 1969 industria
2280 1914 2400 1968 Deo
2435 1913 2727 1989 conjungi,
2751 1918 2920 1990 eique
2940 1920 3444 1981 indivulsoanimo
3474 1928 3671 1983 adhae-

241 2019 364 2077 rere
394 2002 683 2073 satagant,
718 2015 831 2072 quo
861 2005 998 2073 post
1030 1998 1272 2054 ﬁnitum
1306 1997 1480 2054 istius
1522 1999 1651 2053 vitae
1684 1998 2043 2055 curriculum
2088 1999 2402 2072 pervenire
2427 2003 2722 2077 contingat
2761 2007 2831 2062 ad
2868 2010 3316 2079 patriarcharum
3351 2017 3671 2087 amcitiam,

242 2097 548 2156 sanctorum
571 2093 786 2157 coetum,
803 2090 1200 2160 justorumque
1228 2091 1572 2154 conventum,
1605 2089 1701 2144 ubi
1722 2090 1953 2144 servulis
1995 2090 2111 2144 suis
2156 2088 2433 2147 Dominus
2481 2092 2630 2148 Jesus
2678 2097 2987 2153 mansiones
3032 2102 3275 2172 paravit,
3323 2111 3383 2159 ut
3426 2106 3524 2161 ubi
3571 2106 3674 2163 ille

242 2190 391 2242 estet
416 2197 515 2237 nos
543 2182 716 2236 simus
739 2178 884 2252 (cap.
918 2179 1037 2251 42).

305 2275 387 2331 Ex
418 2270 578 2328 omni
611 2272 804 2325 autem
837 2268 1035 2340 cperis
1065 2265 1254 2338 hujus
1286 2266 1607 2322 oeconomia
1636 2280 1984 2339 cognoscere
2016 2270 2126 2333 est,
2177 2280 2310 2322 non
2356 2266 2542 2325 solum
2589 2289 2654 2328 eo
2702 2273 2845 2330 nihil
2894 2276 2964 2331 ad
3018 2293 3249 2334 morum
3294 2280 3670 2355 disciplinam

237 2354 671 2421 accomodatius
720 2355 988 2422 inveniri,
1041 2369 1254 2410 verum
1307 2353 1484 2408 etiam
1543 2354 1686 2409 illud
1737 2354 1885 2411 libro
1926 2358 2002 2411 De
2048 2358 2210 2411 Isaac
2262 2353 2433 2428 plane
2474 2362 2865 2432 synchronum
2917 2381 3067 2434 esse,
3110 2367 3221 2423 hoc
3270 2373 3392 2438 est,
3441 2353 3669 2430 editum

235 2458 389 2512 anno
416 2448 648 2507 circiter
675 2460 1026 2502 cccnxxxvn.
1058 2444 1267 2513 Neque
1296 2456 1429 2497 vero
1458 2441 1593 2497 hinc
1623 2458 1855 2514 quoque
1882 2444 2109 2499 videtnr
2141 2443 2316 2500 male
2346 2447 2549 2519 conjici
2577 2449 2731 2507 idem
2761 2450 2906 2510 illud
2937 2459 3202 2512 constare
3261 2458 3667 2531 concionibus,

232 2550 387 2618 quas
413 2540 487 2596 ad
518 2537 753 2595 eosdem
787 2550 934 2607 quos
967 2531 1311 2605 superiores
1344 2534 1629 2587 tractatus
1674 2532 2033 2603 spectabant,
2078 2532 2331 2590 habitas
2380 2535 2439 2591 in
2488 2537 2701 2596 librum
2746 2542 3025 2598 convertit
3070 2544 3431 2616 Ambrosius,
3477 2548 3671 2608 indita

227 2628 619 2704 inscriptione
652 2629 721 2682 De
755 2625 886 2680 bono
913 2624 1131 2685 mortis,
1156 2619 1280 2711 sub
1313 2635 1431 2691 qua
1452 2637 1571 2711 non
1611 2619 1791 2676 semel
1823 2621 2036 2711 citatur
2064 2621 2136 2676 ab
2168 2622 2507 2697 Augustino
2556 2627 2680 2697 (lib.
2716 2648 2793 2698 1v,
2845 2632 3024 2687 Contr.
3075 2633 3207 2690 duas
3246 2637 3402 2707 epist.
3449 2638 3666 2711 Pelag.,

226 2739 363 2796 cap.
399 2718 514 2789 li).
542 2717 612 2771 Et
644 2716 792 2771 forte
823 2712 952 2767 istis
985 2709 1269 2766 omnibus
1301 2708 1497 2764 causis
1528 2709 1767 2775 factum,
1803 2709 1954 2765 utin
1985 2726 2103 2766 uno
2136 2712 2440 2783 regiorum
2472 2715 2738 2773 codicum
2769 2718 2849 2774 ita
2879 2719 3327 2780 inscriberetur:
3360 2724 3525 2782 Liber
3555 2708 3667 2784 te};

224 2815 350 2868 tius
378 2824 455 2865 ex
480 2806 620 2862 libro
642 2805 717 2860 De
737 2799 1094 2874 patriarchis,
1116 2798 1214 2869 qui
1235 2796 1561 2850 intilulatur
1588 2798 1666 2852 De
1692 2796 1827 2852 bono
1855 2801 2069 2855 mortis.

294 2898 529 2954 Verum
562 2909 695 2967 qua:
725 2891 782 2946 S.
816 2889 1017 2944 doctor
1045 2887 1117 2942 de
1145 2884 1481 2940 animarum
1510 2884 1851 2958 corporibus
1891 2888 2019 2944 suis
2061 2889 2372 2945 exutarum
2405 2896 2582 2959 statu,
2608 2894 2793 2967 deque
2841 2901 3074 2954 auctore
3123 2917 3157 2956 a
3236 2917 3350 2974 quo
3403 2902 3670 2963 doctrina

217 2990 328 3047 illa
363 2986 635 3061 profecta
664 2983 775 3045 est,
807 2978 916 3033 sub
948 2973 1290 3048 scriptionis
1321 2973 1571 3043 hujusce
1601 2975 1779 3030 finem
1809 2977 2015 3045 tradit,
2050 2992 2120 3031 ea
2148 2992 2290 3032 sane
2321 2994 2428 3035 nos
2460 2980 2518 3036 in
2542 2983 2689 3040 duas
2711 3001 2824 3040 non
2840 2985 3116 3044 minimas
3138 2973 3514 3051 difficultates
3530 3011 3669 3053 con-

206 3080 470 3153 jiciunt.
502 3071 767 3129 Primum
799 3066 953 3122 enim
985 3065 1035 3120 si
1068 3062 1324 3119 doctoris
1356 3063 1537 3117 nostri
1570 3064 1742 3120 verba
1766 3064 1970 3121 stricte
2001 3070 2176 3137 atque
2206 3082 2275 3121 ex
2305 3068 2568 3139 apicibus
2599 3072 3069 3147 interpretemur,
3120 3095 3397 3154 cogemur
3443 3082 3669 3158 liquido

215 3150 505 3226 conﬁteri
539 3160 771 3217 animas
802 3154 990 3228 ipsius
1015 3150 1235 3222 judicio
1268 3150 1327 3205 in
1360 3151 1715 3239 quibusdam
1744 3152 2108 3212 habitaculis
2134 3157 2282 3225 (cap.
2320 3156 2406 3224 10)
2438 3158 2749 3218 conclusas
2782 3163 3048 3236 adusque
3085 3150 3416 3239 generalem
3467 3150 3666 3231 resur-

212 3258 561 3316 rectionem
595 3244 839 3310 servari,
871 3259 970 3298 eas
1022 3241 1101 3296 ibi
1135 3239 1464 3295 mercedem
1498 3238 1755 3295 debitam
1784 3244 2067 3313 operibus
2097 3242 2244 3311 suis,
2270 3245 2371 3298 sed
2403 3251 2538 3302 ante
2569 3248 2725 3304 diem
2756 3251 3033 3310 ultimum
3057 3238 3667 3322 minimereddendam

208 3347 602 3420 exspectare,
634 3333 867 3391 interim
895 3335 1093 3386 tamen
1128 3328 1258 3427 illas
1288 3326 1377 3381 vel
1409 3328 1987 3427 bonisquibusdam,
2020 3331 2105 3427 vel
2158 3333 2344 3427 poenis
2376 3334 2527 3390 affici
2553 3338 2745 3427 _(ibid.,
2788 3344 2828 3409 ),
2872 3348 3048 3414 prout
3099 3345 3361 3419 ipsarum
3420 3367 3669 3427 quaque

208 3416 350 3494 fuit:
369 3425 758 3490 commerita,
812 3423 1112 3493 postremo
1136 3419 1421 3488 justorum
1455 3416 1706 3507 Icetitiam
1730 3433 1833 3488 per
1862 3421 2128 3490 quosdam
2148 3419 2366 3475 ordines
2394 3438 2505 3477 esse
2531 3423 2797 3495 digestum
2818 3433 2969 3502 (cap.
3021 3416 3133 3507 ll);

284 3524 524 3582 Mirum
569 3511 807 3588 quidem
841 3525 957 3563 non
989 3510 1078 3562 est
1102 3505 1214 3560 hoc
1247 3504 1421 3558 modo
1451 3504 1522 3559 de
1555 3503 1885 3601 animarum
1920 3512 2075 3563 statu
2107 3506 2380 3579 scripisse
2407 3512 2804 3601 Ambrosium,
2862 3520 2962 3573 sed
3025 3503 3170 3581 illud
3228 3533 3652 3601 propemodum

206 3605 584 3671 incredibile
612 3599 796 3661 videri
829 3599 1042 3669 potest,
1074 3610 1253 3667 quam
1285 3593 1345 3647 in
1402 3609 1470 3647 ea
1498 3592 1835 3664 questiones
1860 3683 1873 3687 Α
1893 3597 2093 3687 sancti
2113 3597 2308 3651 Patres
2353 3598 2426 3653 ab
2483 3597 2627 3670 ipsis
2688 3605 3085 3675 apostolorum
3145 3592 3512 3687 tempe-ribus
3578 3624 3651 3680 ad

209 3696 501 3774 Gregorii
530 3692 604 3749 XI
635 3686 1065 3762 pontiﬁcatum,
1115 3682 1633 3774 Florentinumque
1692 3683 2027 3774 concilium,
2080 3685 2190 3741 hoc
2241 3695 2349 3774 est,
2400 3691 2518 3743 toto
2568 3688 2751 3746 ferme
2811 3682 3653 3770 quatuordecimmmculorum

211 3770 453 3867 spatio,
490 3778 700 3837 incerti
735 3793 801 3832 ac
832 3789 1042 3847 parum
1072 3774 1411 3868 constantes
1449 3770 1813 3868 exstiterint.
1875 3773 1999 3828 Non
2033 3774 2191 3868 enim
2224 3772 2415 3868 solum
2445 3774 2595 3831 alius
2626 3777 2697 3833 ab
2730 3778 2863 3847 alio,
2898 3786 2964 3837 ut
3012 3785 3071 3840 in
3105 3787 3446 3859 hujusmodi
3497 3813 3654 3868 quaa-

218 3857 538 3933 stionibus
569 3866 818 3924 necdum
850 3862 922 3918 ab
953 3859 1211 3917 Ecclesia
1239 3857 1497 3914 definitis
1530 3859 1864 3932 contingere
1896 3865 2075 3929 amat,
2103 3862 2461 3919 dissentiunt
2487 3882 2499 3918 :
2532 3881 2732 3921 verum
2768 3868 2944 3924 etiam
2990 3889 3104 3929 non
3165 3857 3309 3935 satis
3365 3857 3657 3942 cohaerent

226 3965 354 4022 sibi
390 3960 510 4036 ipsi
548 3976 561 4025 ;
595 3950 731 4011 cuin
764 3951 1000 4008 easdem
1031 3947 1260 4003 animas
1291 3945 1445 4002 claro
1477 3947 1682 4002 divinis
1712 3951 1935 4004 naturae
1969 3954 2283 4023 conspectu
2316 3950 2427 4006 frui
2454 3952 2809 4025 quibusdam
2841 3957 3192 4030 scriptorum
3224 3983 3464 4024 suorum
3514 3969 3658 4032 locis

228 4033 589 4112 concedere,
635 4056 844 4099 rursus
896 4036 1253 4111 quibusdam
1288 4033 1419 4089 aliis
1468 4036 1524 4090 id
1573 4035 1768 4108 ipsum
1809 4054 2020 4110 negare
2062 4039 2387 4093 videantur.
2438 4040 2626 4113 Hujus
2657 4048 2851 4098 autem
2897 4049 3082 4104 nostri
3116 4051 3369 4111 instituti
3420 4074 3536 4114 non
3567 4066 3657 4118 est

231 4140 503 4196 diversas
559 4133 692 4188 illas
751 4127 1132 4199 antiquorum
1162 4124 1401 4179 Patrum
1435 4125 1750 4182 sententias
1782 4127 1877 4183 hic
1908 4143 2255 4200 congerere:
2288 4129 2380 4211 cui
2412 4129 2581 4201 plura
2611 4131 2720 4187 hac
2742 4134 2815 4189 de
2856 4151 2917 4190 re
2951 4153 3299 4211 cognoscere
3358 4144 3652 4206 libueruit.

237 4227 525 4300 Alphons.
558 4222 759 4278 Castro
789 4215 914 4288 (lib.
949 4231 1033 4281 In,
1083 4213 1215 4268 Adv.
1268 4213 1516 4301 Haeres),
1577 4213 1720 4269 Sixt.
1768 4216 1895 4270 Sen.
1946 4199 2115 4284 (Bibl.
2160 4216 2200 4270 Ι.
2253 4199 2326 4283 vi,
2377 4199 2589 4273 Aﬁnnot.
2642 4222 2788 4292 345),
2841 4199 3112 4284 Βειιαῐῖξη.
3159 4229 3283 4301 (ηδ.
3319 4248 3337 4289 ι

240 4299 373 4386 cap.
407 4315 426 4370 Ι
464 4317 520 4369 et
547 4309 720 4381 seq.).
772 4308 967 4361 Petav.
992 4301 1262 4374 (Theolog.
1314 4299 1490 4371 dogm.
1526 4301 1590 4355 de
1622 4302 1748 4370 Deo,
1782 4319 1908 4375 cap.
1942 4303 2012 4358 l3
2042 4308 2100 4358 et
2129 4305 2216 4375 Μ)
2271 4308 2445 4377 atque
2495 4306 2642 4363 alios
2688 4310 2959 4368 consulat
3006 4299 3173 4372 licet.
3217 4318 3366 4377 lllud
3422 4327 3652 4386 tantum

243 4402 361 4458 hoc
380 4402 486 4458 loci
510 4400 918 4461 admonemus,
942 4406 1176 4446 omnem
1200 4389 1363 4444 illam
1396 4390 1686 4446 sermonis
1720 4391 2116 4448 diversitatem
2141 4411 2209 4449 ex
2238 4395 2415 4449 variis
2443 4412 2713 4453 manasse
2745 4399 3074 4475 principiis,
3106 4423 3233 4478 quae
3264 4413 3486 4471 sanctis
3533 4417 3650 4477 mis

245 4491 393 4547 viris
423 4503 713 4548 sacrm-am
745 4483 1097 4557 paginarum
1120 4478 1290 4534 lectio
1339 4478 1771 4550 suppeditabat.
1819 4480 1963 4535 Hinc
1988 4484 2077 4536 est
2102 4483 2253 4553 quod
2286 4484 2383 4554 qui
2410 4484 2865 4544 Millenariorum
2887 4505 3144 4550 errorem
3171 4498 3434 4571 amplexi
3490 4506 3647 4575 sunt,

247 4579 322 4635 ab
355 4580 428 4636 iis
455 4579 655 4636 eodem
689 4572 1031 4647 argumento
1063 4569 1261 4623 futura
1292 4571 1424 4623 ante
1455 4583 1762 4639 corporum
1795 4570 2279 4626 resurrectionem
2310 4572 2578 4629 beatiﬂca
2606 4575 2749 4630 visio
2779 4579 3122 4651 negabatur.
3155 4585 3223 4641 Et
3252 4569 3523 4659 quamvis
3548 4569 3649 4665 qui

248 4668 439 4723 secuti
468 4671 608 4724 sunt
638 4678 850 4735 magno
881 4657 1076 4716 studio
1089 4656 1364 4712 eumdem
1396 4672 1649 4711 errorem
1673 4656 2079 4731 impugnarint
2106 4659 2608 4734 proﬂigarintque,
2638 4668 2834 4720 tamen
2861 4667 3015 4725 circa
3029 4670 3129 4726 Dei
3157 4656 3441 4734 visionem
3459 4656 3648 4737 adhuc

258 4757 589 4827 pendebant
617 4751 918 4824 ancipites.

325 4843 548 4900 Etenim
578 4858 713 4899 cum
735 4840 807 4896 ad
838 4834 1055 4894 Christi
1102 4830 1492 4923 precationem
1516 4850 1641 4923 qua
1671 4835 1822 4907 patri
1854 4835 2144 4908 supplicat
2176 4853 2278 4908 pro
2321 4836 2542 4907 electis,
2595 4849 2655 4895 ut
2705 4843 2837 4909 sint,
2886 4844 3079 4917 inquit
3120 4849 3305 4920 (Joan.
3350 4868 3485 4908 xvn.
3534 4854 3647 4923 42),

253 4948 486 5005 mecum,
536 4935 670 4997 etc.;
717 4944 852 4984 cum
907 4926 979 4981 ad
1046 4919 1429 4995 apostolicum
1491 4921 1677 4979 illud:
1737 4925 1976 4991 dissolvi,
2027 4933 2081 4979 et
2123 4941 2233 4981 esse
2269 4942 2394 4980 cum
2424 4926 2633 4983 Christo
2673 4930 2846 4986 multo
2894 4935 3094 4989 melius
3130 4919 3401 5009 (Philipp.
3453 4957 3472 4994 ι
3515 4919 3648 5012 23)’ξ

250 5033 396 5076 cum
424 5022 492 5077 ad
524 5019 669 5075 istas
725 5031 914 5080 voces,
936 5026 1167 5084 regnum
1199 5009 1474 5075 caelorum,
1497 5014 1676 5067 vitam
1703 5021 1966 5068 arternam
1995 5054 2008 5079 ,
2041 5030 2107 5068 ac
2139 5013 2361 5069 similes
2405 5014 2549 5070 alias
2579 5018 2891 5074 advertunt
2919 5022 3181 5077 animum
3207 5040 3219 5077 :
3255 5025 3355 5079 sed
3386 5043 3506 5098 prae
3550 5009 3654 5087 cie-

247 5110 400 5165 teris
420 5127 549 5166 cum
581 5121 782 5164 eorum
815 5117 1060 5175 quorum
1086 5096 1282 5155 obitus
1310 5098 1522 5154 Christi
1558 5100 2042 5157 resurrectionem
2076 5102 2403 5171 antevertit,
2429 5120 2534 5159 nec
2556 5122 2671 5160 non
2695 5122 2898 5163 eorum
2930 5109 3062 5180 quis
3084 5109 3200 5166 illis
3227 5126 3333 5183 per
3352 5096 3650 5176 Christum

248 5211 281 5250 e
307 5195 491 5254 limbo
513 5199 638 5270 jam
670 5192 950 5258 liberatis,
977 5190 1096 5246 vita
1126 5191 1447 5255 cesserunt,
1481 5188 1797 5245 discrimen
1830 5192 2187 5260 examinant,
2233 5195 2359 5247 tum
2408 5210 2540 5249 vero
2590 5193 2831 5251 minime
2883 5197 3152 5252 dubitant
3198 5200 3433 5257 beatum
3481 5203 3651 5264 illum

251 5289 628 5359 conspectum
660 5280 865 5338 solutis
905 5276 1212 5334 animabus
1243 5274 1579 5341 attribuere,
1600 5277 1776 5349 idque
1797 5279 2169 5349 potissimum
2200 5279 2402 5336 ubivel
2429 5285 2713 5354 martyres
2739 5283 3006 5355 solemni,
3030 5283 3119 5339 vel
3142 5285 3289 5343 alios
3306 5293 3649 5360 praestantes

250 5375 412 5432 viros
434 5371 661 5430 funebri
690 5366 1021 5426 laudatione
1050 5368 1506 5438 prosequuntur.
1536 5367 1609 5420 At
1638 5382 1669 5421 e
1706 5360 1992 5422 contrario
2010 5372 2137 5423 tum
2182 5370 2420 5425 demum
2478 5371 2749 5427 eumdem
2807 5388 3179 5445 nequaquam
3227 5375 3498 5435 videntur
3543 5385 3651 5449 ad-

254 5461 502 5532 mittere,
552 5476 684 5517 cum
716 5456 1129 5514 similitudines
1174 5452 1567 5509 laborantium
1614 5454 1673 5509 in
1715 5454 1901 5522 vinea,
1954 5456 2170 5525 Lazari,
2216 5458 2441 5526 Divitis,
2476 5476 2541 5513 ac
2590 5460 2757 5513 sinus
2789 5460 3033 5516 Abrahae
3083 5464 3496 5526 considerant:
3546 5475 3648 5530 sed

256 5551 510 5606 maxime
539 5565 672 5605 cum
702 5546 803 5602 illa
828 5544 1025 5601 omnia
1053 5543 1441 5616 perpendunt,
1491 5558 1617 5614 quae
1666 5542 1725 5597 in
1776 5542 2095 5617 Scripturis
2146 5548 2422 5603 docemur
2479 5547 2548 5600 de
2595 5550 2891 5616 postremo
2936 5549 3186 5621 judicio,
3239 5555 3297 5607 et
3334 5555 3648 5617 universali
3760 5570 3765 5575 ’

274 5639 719 5705 resurrectione,
750 5634 965 5709 quibus
986 5631 1148 5687 velut
1185 5631 1415 5686 duobus
1465 5631 1804 5687 cardinibus
1829 5638 2138 5690 vertuntur
2166 5651 2369 5690 omnes
2398 5634 2833 5692 adhortationes
2874 5639 3413 5716 promissionesque
3440 5645 3654 5704 Christi

258 5722 318 5779 in
345 5728 467 5783 suis
500 5723 812 5801 parabolis,
844 5719 1239 5796 apostolorum
1268 5718 1325 5773 in
1360 5720 1656 5777 canonicis
1686 5720 1968 5794 epistolis,
2001 5729 2057 5779 et
2088 5742 2203 5779 uno
2234 5724 2429 5792 verbo,
2459 5725 2733 5797 Apostolo
2767 5728 2937 5800 teste,
2962 5728 3159 5787 omnis
3188 5730 3653 5790 Christianorum

257 5812 405 5873 ﬁdes
432 5835 446 5888 ;
478 5817 597 5873 imo
627 5815 801 5871 etiam
828 5827 960 5885 spes
990 5810 1293 5867 beatorum
1324 5809 1434 5865 Job
1466 5827 1531 5865 ac
1560 5810 1773 5880 Tobiae,
1829 5815 2315 5873 comminationes
2346 5813 2784 5887 prophetarum,
2816 5832 2935 5875 non
2988 5835 3165 5880 secus
3211 5837 3275 5876 ac
3322 5823 3656 5880 sanctorum
