4122 6146
425 241 543 310 563
575 274 595 286 ο
1882 246 1946 310 S.
1990 245 2053 309 Al

2172 244 2363 312 ROSII
3679 252 3778 317 564

423 378 734 439 orationes.
764 377 912 446 Quin
950 382 1007 438 et
1034 377 1288 438 fatentur
1316 375 1429 453 ipsi
1469 375 1803 436 scholastici
1835 377 2043 437 animle
2089 377 2339 453 gloriam
2387 376 2446 437 id
2481 378 2762 455 temporis
2804 374 2964 438 haud
3011 377 3383 439 mediocriter
3435 384 3782 454 auctum‘iri,

420 470 501 526 ita
531 474 594 529 ut
623 486 727 525 nec
756 468 1047 525 defuerint
1075 469 1173 541 qui
1203 468 1391 539 ipsam
1424 483 1657 541 quoque
1688 467 2018 525 intuitivam
2052 468 2147 525 Dei
2178 468 2464 526 visionem
2497 470 2684 527 multo
2717 469 3097 528 intonsiorem
3137 469 3644 545 perfectioremque
3677 473 3784 532 fore

420 561 843 616 asseverarent.

487 648 612 703 Non
634 648 917 704 diffitetur
963 649 1114 701 certe
1162 662 1412 718 magnus
1461 645 1827 719 Augustinus
1875 647 2060 718 (serm,
2109 646 2216 703 220
2246 650 2303 704 et
2354 647 2483 710 238,
2542 648 2602 702 in
2653 646 2843 704 Natali
2894 647 3056 704 Mart.
3078 664 3101 711 ;
3150 648 3210 703 in
3247 647 3394 720 psal.
3424 664 3605 717 xxxvr,
3652 665 3792 713 xum

417 754 559 806 cxv;
591 737 692 795 lib.
741 754 820 792 xu
849 738 921 791 De
948 736 1097 789 civit.
1130 750 1180 801 c,
1212 735 1283 801 9;
1334 734 1437 790 lib.
1482 752 1571 802 xx,
1624 751 1674 789 c.
1718 736 1930 804 15,15,
1990 735 2097 803 l6;
2129 735 2190 791 in
2225 735 2357 791 Gen.
2408 735 2511 791 lib.
2561 753 2662 803 xu,
2695 752 2820 808 cap.
2856 736 2929 792 34
2976 740 3034 792 et
3091 735 3252 808 alibi)
3310 752 3459 809 aegre
3505 737 3797 795 admodum

419 842 625 897 capere
679 842 742 881 se
772 839 1025 895 quonam
1055 826 1220 895 pacto
1251 822 1457 878 divinae
1497 827 1810 896 conspectu
1839 828 2058 879 naturae
2089 824 2263 897 potiri
2284 822 2398 880 illae
2425 824 2633 880 anima;
2665 827 2904 896 queant,
2937 824 3417 898 quandoquidem
3442 825 3512 880 ad
3542 842 3670 882 eum
3695 831 3799 884 toto

420 915 555 970 nisu
588 918 761 984 atque
791 911 1009 982 impetu
1045 928 1159 967 non
1194 911 1475 978 ferantur,
1508 912 1580 967 ad
1612 911 1835 966 bonum
1880 914 2165 978 creatum,
2217 912 2476 984 corporis
2524 912 2748 969 scilicet
2794 913 3155 982 societatem,
3197 913 3391 970 adhuc
3444 914 3807 987 propensissi-

422 1018 552 1057 mas.
582 1000 828 1056 Aliunde
857 1016 989 1055 vero
1022 1016 1155 1055 cum
1191 1000 1531 1070 hujusmodi
1576 999 2026 1071 propensionem
2093 1004 2209 1056 Deo
2249 1001 2550 1058 subditam
2599 1017 2729 1058 esse
2774 1018 2945 1074 posse
2993 1002 3500 1069 animadverteret,
3558 1019 3659 1059 nec
3704 1020 3805 1060 non

420 1090 544 1146 fore
571 1088 747 1144 etiam
779 1092 844 1143 ut
873 1092 1006 1160 post
1032 1088 1517 1144 resurrectionem
1549 1089 1767 1144 eaedem
1800 1088 2008 1144 animae
2040 1088 2495 1145 administrandi
2526 1089 2785 1161 corporis
2816 1106 2959 1145 cura
3001 1089 3417 1159 distineantur,
3447 1089 3609 1147 hisce
3633 1091 3812 1147 causis

421 1182 724 1253 permotus
752 1181 885 1250 post
913 1176 1224 1249 inquisitas
1253 1178 1446 1233 varias
1479 1176 1801 1233 solutiones
1844 1177 2081 1233 tandem
2131 1176 2193 1232 in
2240 1178 2776 1234 Retractationibus
2806 1178 2933 1250 (lib.
2984 1195 3026 1246 ι,
3072 1195 3196 1252 cap.
3256 1178 3365 1251 14),
3412 1178 3610 1236 animo
3654 1179 3813 1236 etiam

422 1272 553 1324 tum
610 1266 787 1323 dubio
844 1270 901 1322 et
929 1265 1169 1338 ancipiti
1200 1282 1262 1322 se
1290 1282 1438 1333 esse,
1472 1283 1538 1322 ac
1570 1265 1717 1320 nihil
1750 1282 1928 1337 super
1952 1264 2061 1321 hoc
2099 1265 2341 1322 delinire
2372 1266 2588 1323 audere
2618 1284 2732 1323 non
2773 1266 3128 1334 dissimulat,
3177 1266 3677 1340 Augustinianum
3717 1267 3816 1324 hoc

422 1356 781 1431 principium
815 1359 1053 1411 secutus
1101 1355 1430 1411 Bernardus
1462 1357 1646 1426 (serm.
1678 1355 1712 1409 3
1748 1358 1807 1409 et
1843 1355 1876 1408 4
1921 1356 1996 1409 De
2045 1353 2259 1409 Omnib.
2307 1355 2494 1410 Sanct.
2555 1371 2733 1411 serm.
2768 1356 2799 1409 4
2848 1355 2905 1410 in
2937 1355 3135 1411 Dedic.
3183 1353 3360 1427 Eccl.)
3409 1355 3494 1411 ita
3548 1356 3673 1427 ejus
3699 1372 3822 1413 can-

428 1446 607 1504 cellos
636 1444 939 1512 transiliit,
970 1447 1036 1498 ut
1058 1444 1359 1515 justorum
1393 1442 1699 1516 spiritibus
1729 1442 1923 1498 solum
1949 1442 2336 1499 humanitatis
2366 1442 2581 1500 Christi
2610 1443 2896 1500 visionem
2947 1461 3050 1500 seu
3099 1443 3492 1517 cognitionem
3523 1445 3822 1502 concedere

422 1535 725 1601 videatur;
791 1532 861 1588 ad
894 1549 1069 1604 quem
1101 1532 1298 1588 hacin
1332 1531 1622 1588 sententia
1663 1530 1905 1604 propius
1936 1530 2209 1587 accedere
2258 1535 2540 1603 putamus
2580 1532 2897 1599 neminem,
2956 1549 3133 1605 quam
3180 1536 3480 1589 auctorem
3531 1533 3724 1602 Quaest.
3763 1533 3826 1588 ad

426 1622 759 1682 Orthodoxos
785 1623 1011 1693 (Quaest.
1043 1621 1155 1693 75),
1190 1638 1317 1694 quae
1349 1621 1636 1676 hactenus
1668 1620 1818 1675 inter
1844 1618 2065 1675 Justini
2087 1635 2260 1691 opera
2284 1620 2522 1675 fuerunt
2539 1620 2727 1676 edite.
2781 1619 3038 1677 Lectoris
3086 1624 3195 1689 est,
3246 1621 3403 1677 unde
3453 1620 3711 1692 profecta
3753 1620 3821 1676 sit

428 1712 534 1769 illa
552 1712 881 1780 consensio,
907 1711 1196 1782 judicare.
1231 1711 1516 1767 Caeterum
1546 1709 1925 1782 proferuntur
1952 1725 2068 1764 non
2091 1724 2278 1780 pauca
2306 1708 2584 1764 Bernardi
2614 1709 2954 1765 testimonia
2984 1709 3108 1781 (lib.
3141 1727 3181 1777 ι,
3211 1710 3278 1765 de
3303 1709 3404 1765 dil.
3442 1714 3590 1779 Deo;
3657 1711 3829 1766 Serm.

423 1804 496 1859 de
518 1803 573 1859 S.
609 1798 879 1867 Malach.,
913 1803 971 1854 et
1001 1800 1073 1855 de
1103 1798 1255 1855 Obit.
1288 1799 1507 1854 Humb.
1544 1824 1558 1866 ;
1590 1813 1769 1864 serm,
1802 1813 1841 1865 1,
1871 1796 1932 1853 in
1966 1797 2193 1853 Pentec.
2227 1800 2296 1865 2;
2344 1797 2416 1853 de
2448 1801 2687 1853 Ascens.
2719 1798 2791 1866 6;
2852 1796 2915 1853 in
2970 1798 3134 1855 Cant.
3185 1797 3359 1871 epist.
3419 1798 3494 1853 98
3525 1803 3586 1855 et
3631 1798 3752 1868 266,
3781 1802 3832 1853 et

426 1890 609 1963 alibi),
643 1889 860 1962 quibus
890 1888 1086 1959 ipsum
1108 1887 1292 1959 justis
1324 1885 1647 1942 demortuis
1673 1902 2045 1957 nequaquam
2072 1901 2286 1958 negare
2321 1885 2416 1941 Dei
2446 1884 2732 1942 visionem
2764 1888 3082 1942 astruatur.
3860 1960 3865 1963 ‘

498 1981 631 2044 Quae
662 1993 796 2033 cum
828 1976 908 2032 ita
937 1975 1077 2043 sint,
1112 1992 1228 2031 non
1258 1978 1411 2031 esset
1440 1990 1545 2029 cur
1576 1973 1888 2033 miraretur
1916 1973 2255 2045 quisquam,
2289 1972 2339 2028 si
2381 1971 2631 2028 aliorum
2683 1974 2922 2029 Patrum
2974 1973 3162 2030 insta’r
3210 1972 3568 2031 Ambrosius
3617 1990 3834 2046 quoque

430 2066 675 2124 diversis
702 2064 1010 2138 principiis
1041 2065 1274 2130 ductus,
1309 2080 1344 2118 a
1373 2062 1594 2119 sanctis
1647 2061 1832 2118 Deum
1878 2060 2060 2118 videri
2109 2062 2462 2135 quandoque
2510 2063 2870 2129 concederet,
2925 2062 3277 2134 quandoque
3320 2066 3589 2137 negaret.
3635 2062 3840 2119 Verum

430 2173 563 2213 cum
591 2155 756 2211 locus
787 2154 846 2209 in
878 2153 987 2209 hac
1032 2153 1279 2209 materia
1309 2151 1508 2208 nullus
1540 2150 1861 2223 reperiatur
1890 2149 2175 2207 celebrior
2205 2153 2305 2206 aut
2333 2149 2629 2206 difﬁcilior
2669 2165 2736 2206 eo
2766 2150 2838 2205 de
2879 2166 2994 2222 quo
3039 2150 3293 2223 agimus,
3344 2150 3626 2207 videmur
3682 2151 3839 2207 nobis

430 2261 701 2303 recusare
732 2260 847 2300 non
882 2258 1074 2315 posse,
1108 2241 1251 2314 quin
1284 2241 1559 2297 eumdem
1589 2239 1777 2313 magis
1808 2238 2011 2297 sedulo
2066 2239 2478 2296 discutiamus.
2530 2239 2725 2295 Primo
2771 2240 2968 2316 itaque
3015 2243 3178 2296 extra
3225 2240 3697 2298 controversiam
3743 2245 3845 2309 est,

433 2349 739 2408 corporeae
765 2331 1162 2388 habitationes
1195 2330 1286 2385 hic
1316 2347 1433 2386 non
1463 2328 1713 2402 intelligi
1745 2330 1816 2385 ab
1846 2327 2178 2393 Ambrosio,
2206 2328 2424 2401 quippe
2452 2328 2553 2400 qui
2603 2328 2826 2401 passim
2868 2332 2995 2384 tum
3049 2327 3212 2397 alibi,
3255 2332 3383 2384 tum
3438 2328 3507 2386 in
3551 2328 3668 2386 hoc
3711 2329 3849 2385 libro

432 2425 770 2480 constanter
815 2417 1351 2491 animam,spiritali
1402 2420 1617 2475 natura
1654 2432 1783 2472 esse
1832 2415 2152 2488 praedicet;
2192 2416 2348 2471 unde
2396 2415 2664 2489 sequitur
2707 2434 2837 2474 eam
2896 2416 3183 2489 corporali
3212 2416 3348 2488 ,loco
3396 2434 3529 2474 non
3574 2417 3852 2492 indigere.

431 2512 652 2569 Deinde
678 2508 1063 2582 reproborum
1094 2506 1324 2562 animas
1355 2522 1423 2562 ea
1453 2522 1513 2562 re
1534 2505 1793 2577 torqueri
1820 2504 2049 2570 asserit,
2081 2503 2237 2575 quod
2266 2503 2502 2561 videant
2522 2505 2706 2575 justis
2753 2505 3019 2578 quadam
3059 2504 3427 2575 habitacula,
3483 2506 3709 2579 quibus
3752 2506 3852 2562 illa:

429 2607 562 2676 post
591 2597 939 2657 universalis
964 2595 1171 2668 judicii
1207 2595 1360 2651 diem
1392 2594 1742 2668 excipiendae
1773 2597 1933 2662 sunt,
1965 2592 2036 2648 ab
2067 2591 2293 2664 angelis
2323 2593 2628 2650 custodiri.
2679 2594 2750 2649 Et
2805 2593 2929 2650 hac
2975 2598 3117 2651 sunt
3160 2593 3338 2650 dubio
3384 2594 3611 2667 procul
3661 2594 3850 2669 glorias

431 2687 729 2747 domicilia
754 2702 882 2757 quae
915 2687 1220 2756 propterea
1248 2684 1518 2753 opportet
1545 2696 1821 2752 corporea
1849 2696 1998 2747 esse,
2033 2679 2188 2752 quod
2214 2678 2422 2736 animae
2454 2680 2647 2736 denuo
2679 2681 2807 2737 suis
2842 2681 3186 2754 corporibus
3232 2698 3361 2754 qua
3402 2681 3621 2740 locum
3669 2682 3860 2755 utique

428 2791 779 2850 corporeum
830 2771 1163 2843 implebunt
1212 2770 1332 2825 sint
1412 2768 1772 2841 copulandw.
1824 2770 2124 2825 Postremo
2189 2768 2484 2842 signiﬁcat
2529 2775 2681 2842 (cap.
2727 2770 2796 2825 10
2845 2775 2903 2827 et
2946 2771 3039 2843 l2)
3101 2771 3174 2827 de
3221 2770 3439 2843 primis
3506 2771 3636 2829 illis
3702 2771 3860 2828 habi-

430 2863 753 2922 tationibus
783 2877 817 2916 a
860 2858 1091 2915 Christo
1141 2858 1402 2913 dictum:
1444 2858 1508 2912 In
1554 2857 1709 2913 domo
1738 2858 1924 2913 Patris
1971 2860 2081 2914 mei
2125 2859 2441 2914 mansiones
2488 2859 2683 2916 multa?
2728 2866 2859 2915 sunt
2906 2859 3083 2931 (Joan.
3133 2875 3252 2927 xxv,
3298 2859 3376 2932 2).
3459 2860 3617 2928 Quis
3676 2865 3865 2917 autem

433 2952 659 3011 nesciat
688 2966 790 3022 per
827 2946 1161 3003 mansiones
1194 2944 1325 3001 illas
1346 2944 1491 2999 nihil
1539 2944 1697 3001 aliud
1729 2945 2046 3019 designari,
2081 2946 2195 3001 nisi
2227 2947 2417 3003 varios
2445 2945 2641 3018 gloria:
2685 2947 2905 3020 gradus
2953 2963 3102 3019 quos
3153 2948 3472 3005 beatorum
3521 2948 3741 3005 animae
3772 2946 3867 3022 qui

436 3041 630 3098 divino
663 3039 941 3093 fruuntur
969 3037 1307 3106 conspectu,
1340 3033 1400 3087 in
1440 3033 1604 3090 caelis
1634 3033 2083 3105 adipiscuntur?
2105 3034 2386 3099 Quocirca
2413 3035 2469 3090 id
2501 3034 2743 3092 minime
2774 3036 3100 3093 absurdum
3132 3036 3254 3093 fore
3283 3040 3611 3110 putamus,
3662 3039 3714 3095 si
3747 3039 3871 3113 quis

438 3131 694 3190 afﬁrmet
724 3129 1005 3182 sanctum.
1025 3121 1357 3194 praesulem,
1390 3138 1524 3178 cum
1555 3122 1851 3180 domicilia
1881 3123 1980 3180 illa
2004 3128 2062 3181 et
2090 3124 2466 3180 distributam
2488 3124 2550 3180 in
2571 3129 2796 3196 septem
2827 3125 3063 3181 ordines
3108 3130 3461 3183 sanctorum
3525 3128 3869 3185 beatitatem

436 3224 605 3277 tanta
634 3214 816 3271 animi
846 3210 1216 3268 contentione
1243 3210 1494 3282 explicat
1515 3211 1710 3283 potius
1740 3211 1841 3268 Dei
1869 3212 2154 3269 visionem
2182 3212 2241 3267 in
2279 3212 2453 3269 rebus
2482 3212 2657 3268 certis
2704 3230 2919 3286 ponere
2961 3212 3313 3287 habereque,
3346 3232 3551 3288 quam
3604 3218 3874 3275 eamdem

440 3305 709 3365 inliciari.
751 3303 974 3369 Nonne,
1009 3300 1237 3370 amabo,
1268 3299 1383 3354 huc
1414 3299 1591 3355 etiam
1637 3300 1797 3370 facit,
1839 3318 2017 3373 quam
2062 3300 2323 3358 indidem
2375 3301 2556 3369 ducit,
2598 3300 2702 3358 illa
2746 3301 3058 3359 collectio?
3105 3307 3251 3373 Ergo
3294 3306 3436 3375 quia
3463 3307 3652 3378 justi,
3688 3306 3877 3379 inquit

445 3397 593 3470 (cap.
644 3392 758 3463 11),
788 3390 928 3445 hanc
956 3380 1451 3444 remunerationem
1484 3388 1698 3457 habent,
1730 3397 1790 3445 ut
1818 3390 2035 3447 videant
2052 3391 2254 3462 faciem
2285 3390 2402 3456 Dei,
2433 3398 2485 3445 et
2520 3391 2705 3445 lumen
2734 3390 2877 3445 illud
2905 3389 3046 3462 quod
3084 3392 3371 3448 illuminat
3423 3408 3667 3451 omnem
3715 3395 3883 3452 homi-

441 3500 591 3548 nem,
622 3483 730 3537 etc.
763 3478 880 3534 Nec
910 3475 1090 3532 semel
1116 3475 1226 3532 hoc
1254 3475 1378 3532 loco
1409 3478 1750 3549 pronuntiat
1778 3477 2326 3551 animas.justorum
2380 3494 2505 3533 cum
2561 3478 2772 3536 Christo
2831 3478 3082 3545 futuras,
3141 3480 3299 3536 haud
3357 3481 3562 3540 dubie
3615 3484 3680 3539 in
3733 3482 3881 3539 felici

440 3571 544 3628 illa
572 3568 673 3627 Dei
704 3563 1213 3637 contemplatione,
1247 3581 1426 3636 quam
1451 3566 1671 3638 apertis
1714 3567 1905 3623 verbis
1953 3565 2251 3631 Gratiano,
2295 3564 2662 3634 Valentiano,
2711 3583 2776 3622 ac
2826 3566 3154 3624 Theodosio
3201 3568 3526 3640 adjudicat
3575 3574 3778 3642 (Orat.
3825 3570 3886 3626 de

443 3661 584 3718 Obit.
613 3657 864 3723 Valent..,
897 3652 1038 3715 etde
1068 3652 1207 3709 Obit.
1238 3653 1473 3725 Theod.).

510 3747 673 3814 Quod
705 3746 754 3802 si
780 3759 903 3800 rem
934 3740 1190 3815 penitius
1221 3741 1756 3814 introspisciamus,
1787 3741 2167 3799 Ambrosium
2199 3743 2558 3815 reperiemus
2600 3759 2999 3816 saepenumero
3028 3744 3273 3801 iterasse
3305 3748 3503 3819 atque
3545 3749 3887 3806 astruxisso

437 3841 547 3896 hoc
571 3833 943 3909 principium,
973 3829 1180 3886 animae
1211 3830 1529 3903 quominus
1559 3830 1743 3885 Deum
1774 3845 2007 3886 cernere
2027 3835 2223 3903 queat,
2257 3831 2381 3888 sola
2408 3830 2804 3904 corruptibilis
2851 3832 3111 3904 corporis
3147 3833 3386 3890 vincula
3435 3836 3911 3910 impedimento

437 3944 585 3986 esse.
619 3925 681 3981 Id
714 3938 848 3978 cum
877 3920 1009 3976 aliis
1035 3920 1164 3989 ejus
1193 3920 1252 3973 in
1286 3919 1562 3991 operibus
1585 3919 1918 3990 frequenter
1938 3920 2214 3988 occurrit,
2234 3924 2361 3976 tum
2394 3921 2453 3976 in
2486 3920 2597 3977 hoc
2626 3919 2751 3977 loco
2783 3938 2898 3977 non
2926 3921 3201 3995 ambigue
3228 3922 3597 3981 declaratur
3629 3926 3740 3983 ubi
3771 3927 3895 3983 ait:

443 4018 586 4073 Tunc
615 4010 851 4069 revelata
879 4007 1021 4078 facie
1052 4006 1292 4077 gloriam
1323 4007 1546 4062 Domini
1563 4006 1841 4078 speculari
1869 4007 2072 4076 licebit,
2103 4024 2270 4080 quam
2308 4025 2457 4064 nunc
2502 4011 2706 4066 enim
2750 4012 2990 4083 corporis
3033 4010 3198 4084 hujus
3239 4016 3536 4070 concretis
3586 4017 3900 4073 visceribus

434 4105 719 4167 involutae,
775 4102 827 4154 et
872 4094 1200 4168 quibusdam
1243 4096 1428 4150 carnis
1477 4094 1643 4166 hujus
1680 4096 1916 4151 maculis
1951 4137 1961 4147 .
2002 4138 2014 4151 .
2043 4099 2255 4153 sincere
2287 4098 2470 4154 videre
2514 4114 2625 4154 non
2665 4103 2893 4170 possunt
2934 4100 3083 4172 (cap.
3137 4100 3249 4171 11).
3302 4104 3719 4177 Quapropter
3764 4120 3901 4162 cum

436 4194 530 4252 hic
562 4191 813 4265 legimus
844 4186 915 4242 ab
947 4183 1065 4240 illis
1095 4185 1588 4240 remunerationem
1618 4184 1857 4240 debitam
1900 4185 2049 4257 (cap.
2085 4186 2172 4255 10)
2221 4186 2561 4257 exspectari,
2603 4187 2807 4259 quidni
2857 4186 3184 4261 intelligere
3233 4189 3415 4247 nobis
3465 4191 3668 4250 liceat
3698 4211 3909 4251 secun-

438 4284 575 4339 dam
625 4295 760 4336 cum
797 4275 920 4333 suis
960 4273 1303 4345 corporibus
1351 4272 1847 4345 conjunctionem,
1899 4275 2238 4330 eorumdem
2288 4291 2597 4346 corporum
2638 4274 2911 4348 gloriam,
2958 4274 3153 4332 ultimi
3199 4276 3424 4347 judicii
3486 4283 3904 4347 sententiam,

436 4369 751 4427 electorum
782 4363 1050 4421 omnium
1076 4360 1668 4425 consummationem,
1697 4362 1770 4417 ob
1801 4378 2001 4433 quam,
2035 4363 2120 4419 uti
2150 4361 2264 4418 alio
2293 4362 2418 4419 loco
2449 4364 2672 4430 scribit,
2704 4366 2886 4420 sancti
2916 4366 3331 4434 ingemiscant?
3361 4368 3677 4435 Quamvis
3726 4376 3904 4437 enim,

438 4456 650 4530 inquit,
682 4454 747 4509 de
775 4467 872 4507 suo
892 4452 1084 4506 merito
1114 4451 1230 4504 sint
1259 4450 1458 4517 securi,
1491 4457 1672 4505 tamen
1720 4451 1852 4520 quia
1893 4449 2071 4505 adhuc
2096 4452 2291 4522 futura
2328 4456 2407 4506 est
2437 4452 2742 4524 redemptio
2790 4454 2955 4508 totius
3001 4455 3244 4525 corporis
3294 4456 3623 4526 Ecclesiae,
3672 4475 3910 4533 compa-

436 4549 669 4604 tiuntur.
705 4543 840 4598 Cum
867 4540 1015 4595 enim
1043 4537 1220 4592 adhuc
1246 4538 1495 4592 membra
1537 4539 1831 4608 patiuntur
1878 4541 2120 4610 corporis
2156 4541 2265 4606 sui,
2308 4540 2572 4610 quomodo
2609 4540 2726 4596 alia
2761 4541 3006 4596 membra
3055 4542 3183 4597 licet
3217 4545 3542 4614 superiora
3600 4565 3733 4606 non
3769 4566 3916 4606 com-

430 4635 732 4709 pateantur
753 4627 943 4701 (epist.
976 4626 1065 4690 39,
1087 4626 1158 4681 ad
1179 4626 1391 4696 Orant.)
1410 4625 1439 4680 ?
1468 4625 1630 4691 Quod
1658 4642 1827 4698 porro
1857 4626 1924 4682 de
1951 4642 2051 4682 suo

2284 4644 2294 4679 »
2336 4630 2520 4684 securi
2547 4632 2699 4702 (cap.
2752 4629 2841 4701 11)
2889 4629 3302 4701 ρι’ωᾶὶοειιωιδ,
3354 4638 3715 4704 quomodo
3777 4654 3912 4694 cum

434 4724 555 4781 alio
575 4721 702 4778 loco
732 4716 836 4773 lib.
862 4732 903 4771 ιι
931 4720 1013 4771 De
1040 4713 1176 4770 Cain
1196 4724 1247 4771 et
1273 4714 1405 4770 Abel
1431 4714 1580 4786 (cap.
1607 4716 1662 4782 2,
1699 4730 1862 4770 num.
1893 4714 1950 4786 9)
1976 4714 2275 4772 conciliari
2307 4719 2503 4788 queat,
2535 4715 2824 4790 intelliges
2849 4733 2917 4773 ex
2946 4721 3089 4775 nota
3137 4717 3292 4775 infra
3319 4719 3405 4776 ad
3442 4737 3602 4797 cap.
3642 4726 3711 4784 Η
3779 4727 3920 4784 sub.

435 4815 602 4879 iecta.
3476 4871 3483 4879 .

424 4830 739 4958 δθῗκιιέὶιέει
756 4898 952 4951 autem
976 4892 1540 4964 praetermittendum
1557 4889 1711 4947 inter
1731 4891 2045 4964 scriptores
2068 4909 2265 4949 sacros
2283 4893 2591 4950 Ambrosio
2638 4894 2699 4949 in
2738 4895 3053 4950 statuenda
3097 4895 3452 4965 animarum
3476 4871 3483 4879 ’
3514 4900 3925 4963 ῢθαιίὶιιόἱιιθ

429 4986 814 5062 petendisque
844 4998 911 5037 ex
944 4980 1271 5052 apocrypho
1298 4980 1485 5036 Esdra
1511 4979 1883 5046 testimoniis,
1916 4981 2182 5036 omnium
2213 4980 2586 5038 simillimum
2616 4997 2746 5038 esse
2795 4986 3095 5039 auctorem
3143 4983 3346 5055 Operis
3414 4987 3807 5063 imperfecti
3861 4993 3923 5047 in

428 5074 768 5132 Matthaeum
799 5069 952 5142 apud
983 5067 1489 5139 Chrysostomum.
1519 5066 1817 5123 Judicabit
1845 5067 2026 5124 lector
2056 5085 2199 5124 num
2230 5069 2366 5126 inde
2396 5070 2529 5126 duci
2561 5069 2747 5142 possit
2776 5068 3001 5143 aliquid
3057 5073 3399 5145 argumenti
3450 5076 3925 5139 Coum-mande

425 5163 661 5221 illorum
694 5157 1014 5224 sententiae,
1050 5174 1084 5212 a
1114 5156 1331 5228 quibus
1353 5155 1461 5210 iste
1497 5154 1553 5209 in
1588 5160 1892 5212 auctorum
1916 5156 2184 5213 Ecclesiae
2216 5158 2433 5215 Latinas
2464 5158 2666 5215 album
2697 5159 2946 5215 refertur
2976 5156 3334 5232 (Homil.3l),

494 5252 625 5307 Jam
658 5246 1009 5333 veniendum
1042 5244 1114 5300 ad
1147 5243 1395 5333 alterum
1410 5247 1610 5333 caput
1641 5244 1811 5333 quod
1854 5243 2123 5301 videlicet
2168 5245 2514 5303 Ambrosius
2560 5247 2851 5320 quidquid
2891 5247 2986 5304 hic
3030 5249 3103 5305 de
3145 5248 3484 5308 animabus
3522 5271 3566 5312 α
3624 5273 3930 5333 corporea

420 5338 691 5395 societate
720 5332 1006 5419 expeditis
1035 5333 1231 5400 tradit,
1263 5349 1332 5389 ex
1360 5331 1509 5387 libro
1555 5331 1655 5402 qui
1704 5332 1898 5387 Esdrae
1930 5338 2178 5404 quartus
2227 5334 2592 5399 inscribitur.
2638 5338 2715 5393 sit
2764 5339 3088 5395 mutuatus.
3138 5338 3265 5394 Non
3308 5336 3599 5402 dubitat
3654 5331 3924 5419 quidem

419 5429 474 5479 S.
510 5421 723 5498 praesul
772 5438 909 5479 eum
961 5418 1178 5478 librum
1230 5421 1384 5476 inter
1430 5419 1760 5491 Scripturas
1829 5422 2141 5478 canonicas
2190 5438 2509 5492 recensere,
2566 5422 2766 5497 illique
2814 5429 3114 5498 parentem
3155 5426 3479 5486 ascribere
3536 5418 3929 5510 prophetam

415 5512 680 5574 Esdram,
732 5525 914 5581 quem
968 5507 1249 5568 divinitus
1295 5508 1584 5575 afﬂatum,
1638 5507 1927 5579 quidquid
1979 5509 2092 5566 sibi
2148 5528 2184 5567 a
2221 5510 2440 5583 Spiritu
2500 5517 2701 5569 sancto
2760 5513 3082 5570 revelatum
3146 5517 3320 5586 esset,
3389 5507 3691 5582 litteria
3718 5526 3929 5582 consi-

407 5612 622 5669 gnasse
644 5596 967 5677 memorat.f
999 5593 1259 5672 Denique
1290 5595 1597 5667 proﬁtetur
1625 5600 1682 5651 et
1712 5596 1915 5653 crebro
1946 5599 2155 5671 repetit
2183 5597 2383 5657 divina
2404 5598 2573 5658 illum
2623 5600 2838 5675 pollere
2891 5603 3253 5677 auctoritate,
3312 5618 3443 5662 nec
3519 5610 3649 5668 ulli
3701 5629 3928 5671 eorum

409 5688 509 5758 qui
536 5681 746 5740 nostris
766 5687 829 5745 in
895 5674 1079 5735 Biblis
1123 5685 1529 5757 continentur,
1560 5683 1899 5745 habendum
1951 5686 2312 5750 inferiorem.
2353 5687 2553 5763 Neque
2580 5674 2712 5751 vero
2743 5690 2838 5751 hic
2880 5695 3111 5752 tantum
3176 5674 3257 5750 ita
3294 5691 3644 5774 loquitur,
3704 5722 3928 5771 verum
