4122 6146
280 334 363 402 565
1144 338 1383 407 LIBER
1428 341 1532 405 DE
1578 340 1799 410 BONO
1840 343 2169 413 MORTIS.
2202 382 2281 396 -—
2312 348 2785 420 ADMONITIO.
3575 354 3701 425 866‘

281 472 416 568 etiam
443 469 507 530 in
538 469 964 568 pluribus‘aliis
994 472 1641 568 lucubrationibus,‘ut
1671 482 1822 568 puta
1851 482 2297 540 Commentario
2330 483 2391 540 in
2424 484 2646 544 Lucam
2678 487 2807 561 (lib.
2843 484 2930 560 II),
2961 485 3219 550 secundo
3249 486 3401 550 libro
3446 490 3518 552 de
3556 492 3696 568 Spi-

282 563 368 658 ritu
389 566 592 658 saneto
625 562 777 635 (cap.
811 565 889 633 7),
915 565 1183 658 Cretione
1213 566 1285 658 de
1317 564 1497 658 Obitu
1519 564 1745 658 fratris
1777 569 1976 641 Satyri
2025 571 2210 642 (circa
2252 573 2417 644 ﬁn.),
2472 576 2545 631 ad
2594 581 2922 658 extrempm
2968 577 3137 649 epist.
3189 580 3260 637 ad
3307 562 3692 641 Orontianum

283 654 441 728 (epist.
480 652 597 723 38),
626 669 798 725 quem
830 658 896 708 ut
927 654 1185 728 diligenti
1216 653 1484 725 ejusdem
1518 651 1788 711 lectione
1819 658 2226 717 substantiam
2275 661 2485 718 animae
2536 651 2862 737 spiritalem
2914 668 3087 738 atque
3127 668 3519 728 immortalem
3563 688 3692 731 esse

283 746 577 818 cognoscat,
604 741 968 802 adhortatur.
2494 758 2497 763 ·

332 833 613 889 Moventur
639 829 901 903 plerique
930 848 1131 889 omnes
1160 829 1436 888 neoterici
1468 830 1628 900 quod
1670 836 1937 920 sanctus
1968 836 2172 893 doctor
2205 840 2277 895 ad
2309 857 2446 896 eum
2479 843 2721 897 modum
2752 840 2981 898 locutus
3013 844 3188 902 fuerit
3216 848 3289 904 de
3316 847 3465 905 libro
3509 864 3687 920 quem

281 921 400 979 omni
423 938 493 977 ex
522 924 686 993 parte
715 921 1111 993 apocryphum
1143 936 1269 977 esse
1311 922 1649 984 autumant,
1682 1004 1691 1005 ί
1721 918 1790 973 id
1846 926 1955 990 est,
2010 927 2199 995 cujus,
2254 931 2320 982 ut
2368 929 2553 997 aiunt,
2587 947 2703 984 non
2746 932 2974 986 tantum
3022 934 3305 992 obscurus
3353 918 3575 1005 auctor,
3632 940 3691 993 et

278 1010 455 1083 Spiritu
486 1012 692 1065 sancto
722 1008 979 1064 dictante
1008 1009 1314 1082 scripsisse
1361 1024 1476 1062 non
1522 1004 1862 1062 creditur:
1899 1012 2001 1065 sed
2032 1014 2207 1070 etiam
2261 1017 2433 1087 cujus
2484 1018 2735 1073 obscura
2782 1016 2841 1071 in
2892 1019 3143 1078 Ecclesia
3179 1023 3521 1092 auctoritas;
3553 1029 3685 1081 tum

276 1099 382 1172 quia
403 1096 563 1153 nullo
591 1113 856 1168 unquam
883 1113 1101 1154 canone
1129 1097 1217 1153 vel
1249 1097 1402 1168 apud
1432 1095 1705 1159 Judaaos,
1736 1095 1837 1150 vel
1869 1096 1927 1152 in
1961 1090 2221 1157 Ecclesia
2242 1109 2491 1177 recepta,
2527 1107 2622 1172 sit,
2656 1105 2758 1159 sed
2799 1110 3092 1165 communi
3122 1111 3358 1167 Patrum
3388 1090 3683 1168 consensu

276 1188 477 1259 rejects;
509 1190 640 1241 tum
670 1185 813 1257 quia
838 1185 979 1241 varii
1011 1187 1069 1241 in
1101 1203 1167 1242 eo
1199 1185 1566 1258 reperiantur
1614 1195 1895 1272 errores,
1939 1191 2267 1261 cujusmodi
2300 1200 2409 1260 est,
2444 1194 2595 1266 quod
2631 1193 2702 1247 de
2732 1195 3059 1254 animarum
3089 1201 3508 1272 promptuariis
3535 1217 3676 1257 nar-

272 1280 343 1332 rat
364 1279 410 1331 et
435 1273 676 1330 similia.
710 1272 799 1329 Illi
827 1274 1064 1346 quidem
1094 1274 1429 1346 Hieronymi
1480 1268 1908 1330 auctoritatem
1949 1278 2197 1348 jactant,
2232 1281 2331 1353 qui
2385 1282 2668 1337 adversus
2719 1268 3107 1353 Vigilantiam“
3138 1268 3469 1359 disputans,
3500 1303 3680 1344 eum-

269 1365 374 1422 dem
399 1362 569 1436 quasi
600 1363 673 1418 ab
700 1362 953 1419 Ecclesia
979 1363 1227 1419 minime
1266 1366 1564 1435 receptum
1616 1364 1922 1433 repudiat,
1958 1370 2227 1439 quamvis
2285 1371 2551 1426 nondum
2604 1368 2713 1422 sibi
2762 1368 2998 1442 lectum,
3030 1391 3164 1430 cum
3202 1376 3326 1431 haec
3369 1375 3679 1432 scriberet.

265 1454 339 1510 Sic
363 1455 511 1508 enim
539 1450 637 1506 ille
671 1467 685 1505 :
722 1452 793 1506 Tu
822 1453 1058 1522 vigilans
1086 1453 1315 1518 dormis,
1356 1461 1407 1508 et
1436 1452 1717 1508 dormiens
1758 1455 1980 1523 sm’bis,
2012 1465 2066 1513 et
2091 1461 2353 1530 proponis
2397 1456 2544 1513 mihi
2590 1456 2793 1512 librum
2841 1463 3228 1533 apocryphum,
3280 1465 3381 1535 qui
3426 1464 3526 1519 sub
3575 1476 3681 1516 no-

260 1544 384 1599 mine
405 1541 595 1597 Ecetrae
623 1542 735 1595 ate
761 1547 813 1595 et
839 1542 1182 1598 asimilibus
1212 1544 1324 1597 tuis
1363 1543 1582 1612 legitur.
1630 1584 1642 1596 .
1692 1583 1704 1596 .
1752 1583 1765 1596 .
1814 1585 1826 1597 .
1869 1560 2033 1614 quem
2058 1562 2153 1616 ego
2200 1548 2413 1603 librum
2459 1559 2745 1613 nunquam
2794 1548 2920 1617 legi.
2972 1551 3113 1618 Quid
3155 1553 3304 1606 enim
3349 1566 3563 1608 necesse
3607 1552 3675 1606 in

258 1649 426 1690 manus
451 1644 685 1698 sumere,
718 1630 859 1700 quod
882 1631 1128 1688 Ecclesia
1155 1647 1268 1687 non
1300 1632 1529 1703 recipit?
1565 1630 1772 1685 Adhuc
1811 1632 2223 1690 vehementius
2271 1635 2386 1690 alio
2443 1632 2571 1686 loco
2620 1632 2827 1705 (Epist.
2870 1638 2941 1692 ad
2973 1638 3309 1695 Dominion.
3348 1643 3405 1695 et
3433 1638 3670 1713 Rogat.)

254 1740 352 1782 non
376 1725 597 1780 tantum
628 1719 688 1775 in
719 1723 997 1791 quartum
1028 1720 1352 1788 invehitur,
1385 1721 1485 1776 sed
1520 1719 1695 1775 etiam
1720 1720 1779 1774 in
1812 1721 2077 1787 tertium,
2113 1739 2249 1778 cum
2282 1728 2484 1778 tamen
2518 1718 2555 1772 ii
2587 1722 2687 1791 qui
2719 1729 2987 1781 sanctum
3018 1726 3175 1782 hunc
3204 1727 3264 1781 in
3295 1743 3364 1783 ea
3391 1727 3669 1800 Opinione

248 1815 431 1871 ducem
465 1813 811 1882 sequuntur,
843 1808 980 1867 huic
1014 1810 1174 1866 libro
1207 1825 1338 1866 esse
1366 1826 1480 1865 non
1514 1812 1820 1881 tantopere
1851 1808 2113 1866 infensos
2145 1809 2485 1866 exhibeant.
2515 1809 2753 1867 Addunt
2800 1813 3067 1869 nonnulli
3116 1830 3491 1885 nequaquam
3534 1829 3667 1870 ma-

245 1918 408 1978 gnum
436 1899 602 1955 illum
640 1898 900 1965 Esdram,
934 1899 1205 1956 scribam
1236 1915 1302 1954 ac
1334 1898 1479 1971 legis
1510 1898 1832 1964 doctorem,
1867 1898 2040 1969 cujus
2071 1899 2317 1955 tertium
2350 1910 2480 1951 esse
2527 1898 2859 1972 opinantur,
2894 1901 3085 1975 quarti
3129 1905 3425 1958 auctorem
3455 1900 3663 1969 videri,

243 1993 335 2050 sed
364 1990 542 2047 alium
574 1988 1006 2061 cognominem.

304 2082 422 2138 Non
452 2079 764 2135 defuerunt
792 2081 991 2134 tamen
1027 2076 1134 2149 qui
1164 2077 1237 2132 de
1268 2075 1377 2131 hoc
1408 2092 1580 2148 opere
1611 2074 1836 2147 aequius
1867 2075 2317 2148 benigniusque
2342 2072 2690 2141 judicarent.
2723 2079 2949 2136 Etenim
2979 2097 3046 2136 eo
3074 2098 3191 2137 non
3222 2079 3412 2137 solum
3442 2078 3663 2135 erroris

239 2170 374 2228 nihil
421 2167 702 2225 contineri
750 2166 1189 2230 existimarunt,
1243 2166 1345 2220 sed
1397 2166 1573 2221 etiam
1623 2164 2033 2221 auctoritatem
2084 2166 2224 2236 ejus
2293 2165 2639 2239 praecipuam
2686 2185 2815 2226 esse
2862 2170 2923 2224 in
2971 2168 3249 2238 Ecclesia,
3282 2168 3497 2242 quippe
3527 2184 3661 2240 quae

236 2256 507 2318 nonnulla
536 2256 670 2313 inde
700 2255 875 2327 petita
904 2254 1191 2327 precibus
1224 2252 1350 2307 suis
1381 2251 1691 2307 inseruerit
1722 2252 1803 2319 (in
1837 2251 2020 2307 Missa
2051 2252 2164 2307 fer.
2212 2253 2251 2306 3
2289 2248 2603 2312 Pentecost.
2635 2260 2694 2312 et
2742 2256 2802 2312 in
2852 2257 3017 2313 festis
3066 2257 3293 2326 Mart.),
3325 2260 3383 2312 et
3423 2254 3661 2328 quomi-

233 2367 343 2407 nus
387 2346 533 2403 illud
565 2346 637 2401 ad
678 2344 891 2400 calcem
940 2342 1275 2399 Bibliorum
1326 2342 1725 2409 excuderetur,
1780 2358 1893 2396 non
1951 2340 2363 2414 prohibuerit.
2404 2344 2550 2408 Quin
2603 2348 2779 2403 etiam
2825 2347 3097 2403 eumdem
3150 2346 3308 2402 hunc
3353 2345 3506 2401 inter
3553 2361 3659 2400 ca-

230 2439 468 2497 nonicos
497 2433 852 2506 descriptum
884 2432 944 2487 in
979 2431 1350 2503 quibusdam
1382 2428 1607 2501 antiqui
1638 2430 1739 2484 εθνί
1773 2446 1921 2486 mss.
1963 2428 2235 2501 reperire
2270 2436 2497 2500 est,non
2524 2438 2716 2492 tamen
2748 2436 2807 2491 in
2838 2435 3133 2505 omnibus,
3166 2452 3271 2492 nec
3299 2435 3424 2491 sine
3453 2433 3661 2490 discri-

226 2528 384 2587 mine
414 2524 637 2597 aliquo.
674 2523 939 2592 Namque
969 2519 1031 2575 in
1063 2519 1328 2591 quodam
1363 2521 1691 2588 pervetusto
1724 2518 1921 2574 codice
1963 2522 2065 2591 qui
2097 2522 2317 2576 nostra
2349 2521 2407 2577 in
2438 2524 2792 2582 Bibliorheca
2843 2528 3197 2593 asservatur,
3245 2523 3565 2596 compactis
3596 2523 3659 2579 in

226 2633 415 2675 unum
448 2608 979 2669 duobuscanonicis
1038 2606 1213 2661 libris
1244 2604 1461 2672 ESdI‘tB,
1495 2605 1787 2660 secundus
1834 2623 1865 2661 a
1910 2607 2099 2678 primo
2129 2608 2333 2679 capite
2362 2611 2606 2684 hujusce
2662 2614 2854 2687 quarti
2897 2614 3078 2671 sumit
3125 2613 3447 2679 exordium,
3495 2612 3658 2669 haud

220 2705 403 2763 dubie
435 2703 574 2776 quia
601 2702 730 2774 ejus
761 2697 906 2753 illud
933 2696 1172 2752 initium
1206 2697 1298 2749 est
1330 2709 1342 2747 :
1380 2694 1537 2749 Liber
1564 2694 1752 2751 Esdrae
1774 2695 2058 2766 prophetae
2094 2699 2369 2755 secundus
2404 2717 2416 2754 :
2444 2706 2570 2757 tum
2620 2720 2689 2759 ex
2735 2705 2862 2775 ejus
2906 2707 3079 2775 atque
3126 2702 3282 2758 tertii
3330 2701 3465 2756 libri
3498 2701 3657 2773 capi-

217 2797 383 2853 tibus
414 2794 571 2849 inter
599 2808 663 2847 se
694 2786 1015 2863 permistis,
1048 2787 1307 2857 quatuor
1334 2782 1517 2837 libelli
1547 2782 1961 2841 conﬁciuntur.
2003 2783 2399 2845 Doctissimus
2433 2791 2635 2858 Faber,
2669 2793 2943 2849 Ludovici
2972 2792 3101 2848 XIII
3129 2791 3649 2865 praeceptor(Epist.

217 2886 290 2942 ad
314 2882 476 2940 card.
513 2876 761 2948 Baron.),
798 2875 1112 2948 quemdam
1143 2872 1411 2944 ejusdem
1447 2871 1637 2943 quarti
1669 2870 1804 2927 libri
1852 2889 1966 2930 ms.
2000 2874 2148 2930 adeo
2196 2876 2535 2951 discrepare
2582 2882 2653 2937 ab
2703 2881 2952 2939 editione
2999 2881 3398 2954 deprehendit,
3449 2884 3514 2936 ut
3558 2897 3658 2937 va-

213 2975 340 3031 rias
372 2973 508 3044 ejus
539 2967 820 3024 lectiones
849 2963 1004 3019 card.
1037 2961 1289 3017 Baronio
1318 2961 1803 3017 transmittendas
1851 2967 2111 3035 putaret.
2146 2966 2282 3029 Quae
2331 2967 2639 3026 diversitas
2689 2972 2835 3027 forte
2882 2972 2942 3027 in
2992 2988 3168 3028 causa
3213 2974 3324 3039 est,
3353 2987 3459 3027 cur
3505 2986 3660 3027 non-

214 3062 390 3120 nulla
419 3060 497 3117 ab
526 3053 836 3115 Ambrosio
866 3069 934 3108 ex
961 3052 1164 3107 eodem
1213 3049 1364 3104 libro
1417 3050 1594 3105 citata
1640 3049 1696 3103 in
1746 3050 1901 3106 edito
1954 3051 2199 3109 minime
2248 3055 2636 3124 reperiantur.
2688 3060 2964 3115 Inventus
3011 3064 3100 3116 est
3146 3060 3401 3132 denique
3455 3064 3660 3117 auctor

213 3152 478 3226 quidam
507 3147 691 3217 hujus
722 3142 928 3205 aetatis,
962 3140 1059 3213 qui
1096 3140 1244 3195 duos
1275 3137 1517 3193 ultimos
1546 3137 1832 3193 librorum
1863 3139 2060 3197 Esdrze
2091 3140 2401 3196 canonicos
2434 3160 2499 3197 ac
2528 3144 2737 3202 divinae
2784 3148 3147 3204 auctoritatis
3198 3165 3326 3205 esse
3375 3149 3656 3217 crederet,

207 3242 504 3312 hancque
534 3249 705 3291 suam
738 3230 1073 3303 opinionem
1127 3227 1305 3283 etiam
1356 3226 1571 3299 scripto
1617 3227 1853 3282 ﬁrmare
1906 3230 2193 3285 niteretur
2242 3228 2510 3298 (Genebr,
2547 3231 2743 3290 Chron.
2795 3233 2834 3289 l.
2888 3253 2949 3303 Il,
3001 3236 3072 3291 ad
3127 3254 3223 3293 an.
3257 3237 3461 3293 mundi
3490 3238 3646 3310 368).

204 3331 447 3386 Verum
484 3319 772 3397 quidquid
806 3320 935 3389 ejus
965 3317 1046 3372 rei
1079 3315 1175 3380 sit,
1203 3318 1437 3372 constat
1467 3331 1582 3369 non
1615 3314 1805 3370 solum
1839 3333 1911 3372 ex
1942 3317 2201 3389 antiquis
2244 3316 2511 3373 Patribus
2556 3321 2933 3380 Ambrosium
2966 3325 3047 3381 ita
3076 3327 3350 3383 sensisse.
3383 3324 3654 3385 Clemens

202 3412 663 3475 Alexandrinus
694 3407 817 3478 (lib.
851 3424 909 3462 III
944 3406 1178 3472 Slro-m.)
1209 3404 1452 3459 Esdram
1495 3401 1668 3458 citato
1699 3408 1911 3473 quarto
1943 3406 2104 3461 illius
2136 3403 2284 3459 libro
2317 3406 2662 3476 prephetam
2694 3411 3194 3488 salutat,eumque
3224 3432 3361 3485 non,
3393 3414 3653 3473 absimili

203 3506 396 3563 modo
432 3503 641 3558 auctor
667 3495 870 3569 Operis
900 3494 1049 3566 imp.
1091 3509 1269 3565 super
1299 3490 1633 3546 Mattbaeum
1667 3490 1868 3547 laudat
1899 3493 2033 3565 (loc.
2075 3509 2207 3564 sup.
2241 3491 2388 3564 cit.),
2422 3510 2488 3549 ac
2519 3495 2759 3555 demum
2791 3502 2860 3556 ad
2892 3505 3165 3562 eumdem
3191 3505 3451 3567 alludere
3490 3505 3654 3564 vide-

202 3602 313 3653 tur
344 3591 688 3666 Cyprianus
717 3586 845 3657 (Ad.
878 3582 1185 3652 Demetr.).

279 3681 667 3753 Quapropter
700 3673 1045 3745 neutiquam
1075 3671 1246 3726 nobis
1277 3669 1495 3759 mirum
1522 3669 1772 3759 videtur,
1806 3671 1962 3759 quod
1992 3667 2336 3759 Ambrosius
2386 3669 2520 3727 libri
2571 3690 2747 3745 quem
2796 3678 2951 3734 bona
2999 3682 3133 3750 fide,
3166 3687 3232 3740 ut
3260 3701 3329 3741 ex
3358 3682 3489 3741 aliis
3519 3686 3653 3759 ejus

208 3754 832 3829 commentationibus
862 3763 1040 3834 patet,
1075 3775 1178 3831 pro
1211 3757 1489 3813 canonico
1540 3757 1810 3826 habebat,
1859 3758 1953 3813 hic
2000 3757 2407 3815 auctoritatem
2458 3766 2973 3835 commendaverit,
3025 3771 3430 3844 extuleritque.
3466 3754 3658 3830 Id'si-

210 3861 498 3933 quidem,
529 3858 597 3909 ut
623 3852 750 3924 ipse
779 3850 1105 3922 profitetur,
1130 3862 1197 3902 eo
1228 3844 1471 3901 consilio
1502 3845 1822 3913 factitabat,
1863 3851 1928 3901 ut
1968 3848 2214 3919 gentiles
2264 3847 2366 3918 qui
2420 3848 2716 3908 Christum
2756 3855 3002 3926 ejusque
3039 3858 3362 3931 discipulos
3408 3865 3655 3932 acceptas

215 3948 540 4004 aPlatone
588 3944 646 3997 et
691 3938 810 3995 illis
860 3935 1230 4010 philosophis
1274 3952 1393 3990 suae
1442 3933 1718 3990 doctrinae
1767 3935 2212 4003 insimulabant,
2247 3938 2537 3994 mendacii
2587 3948 2877 4014 argueret,
2911 3960 3046 4000 cum
3106 3946 3307 4018 ipsum
3355 3945 3657 4003 Platonem

216 4036 429 4108 potius
462 4033 534 4088 ab
563 4029 769 4097 Esdra,
802 4026 1053 4097 aliisque
1082 4022 1301 4080 nostris
1333 4023 1670 4079 auctoribus
1704 4029 2036 4080 mutuatum
2068 4025 2355 4098 quidquid
2388 4026 2524 4084 boni
2556 4029 2627 4085 de
2671 4035 2826 4087 statu
2875 4031 3206 4090 animarum
3240 4038 3372 4108 post
3402 4039 3654 4093 mortem

223 4122 534 4187 docuerat,
567 4116 809 4189 planum
842 4114 1081 4169 faceret.
1121 4111 1385 4167 Ethnicis
1416 4128 1562 4166 nova
1592 4128 1708 4167 non
1738 4116 1862 4169 erat
1890 4112 2230 4183 hujusmodi
2280 4113 2634 4172 criminatio.
2696 4117 2898 4174 Celsus
2946 4136 3076 4176 eam
3108 4122 3342 4195 Origeni
3375 4121 3558 4196 (Orig.
3599 4123 3644 4181 l.

225 4226 335 4276 vn,
365 4216 540 4265 contr.
591 4205 751 4277 Cels.)
798 4201 1002 4259 multis
1046 4205 1181 4256 ante
1231 4199 1401 4255 annis
1448 4200 1507 4255 in
1565 4201 1767 4256 eodem
1817 4217 2059 4273 prorsus
2106 4206 2453 4274 argumento
2501 4204 2842 4275 objectarat.
2896 4207 3043 4265 Cum
3105 4215 3301 4267 autem
3356 4212 3652 4270 Ambrosii

232 4296 604 4369 temporibus
636 4292 826 4349 adhuc
856 4307 972 4347 non
1003 4304 1215 4362 parum
1245 4286 1462 4343 valeret
1492 4286 1829 4345 idololatriae
1862 4305 2039 4360 quam
2071 4289 2459 4360 Symmachus
2491 4293 2835 4350 auctoritate
2879 4312 2989 4352 sua
3034 4298 3327 4369 tuebatur,
3370 4302 3656 4374 potentia,

236 4384 489 4440 dubium
515 4400 630 4439 non
661 4384 752 4437 est
780 4379 923 4451 quin
954 4382 1094 4432 tunc
1123 4375 1328 4433 eadem
1380 4374 1675 4431 calumnia
1716 4381 1991 4432 renovata
2036 4376 2228 4432 fuerit.
2261 4377 2583 4440 Quodcirca
2612 4382 2854 4439 minime
2898 4385 3116 4443 mirum
3145 4388 3459 4461 videbitur,
3494 4391 3544 4447 si
3580 4392 3653 4448 ad

237 4472 685 4529 convellendum
719 4467 1111 4532 mendacium,
1146 4464 1303 4537 quod
1336 4464 1599 4552 funditus
1630 4463 2020 4521 Christianam
2070 4466 2246 4521 ﬁdem
2296 4482 2560 4524 eversum
2612 4470 2752 4535 ibat,
2783 4472 2846 4529 S.
2905 4474 3107 4531 doctor
3156 4483 3517 4552 quantopere
3555 4498 3652 4537 va-

239 4559 381 4628 luit,
411 4558 710 4632 scriptoris
738 4556 919 4627 hujus
946 4553 1352 4610 auctoritatem
1383 4551 1738 4624 praedicavit.
1781 4552 1956 4625 Atqui
1988 4552 2103 4609 alia
2134 4572 2365 4626 quoque
2397 4557 2560 4611 addit
2588 4575 2887 4617 sacrarum
2919 4565 3268 4636 paginarum
3293 4551 3653 4639 testimonia,

242 4646 466 4719 quibus
496 4647 704 4703 invicte
735 4643 1005 4716 superbis
1030 4642 1149 4697 illis
1180 4640 1497 4714 gentilibus
1528 4640 1890 4697 demonstret
1924 4641 2220 4697 Platonem
2276 4648 2332 4698 et
2376 4644 2670 4702 Socratem
2701 4665 2875 4704 suum
2924 4666 2993 4705 ex
3036 4652 3169 4709 istis
3214 4654 3654 4728 limpidissimis

238 4736 508 4792 veritatis
533 4734 788 4792 fontibus
818 4731 1007 4788 multa
1031 4730 1322 4797 hausisse,
1357 4745 1484 4801 quae
1516 4735 1718 4801 postea
1743 4730 1852 4803 ipsi
1882 4729 2067 4787 diluto
2096 4732 2387 4787 variarum
2421 4733 2751 4792 fabularum
2784 4754 2944 4795 cceno
2975 4744 3366 4815 corruperint.
3405 4746 3487 4801 De
3521 4745 3649 4800 Pla-

241 4827 391 4880 tone
420 4824 653 4897 quidem
687 4823 828 4879 adeo
856 4824 1131 4878 constans
1161 4822 1249 4875 est
1276 4835 1411 4874 eum
1444 4820 1587 4874 bene
1620 4820 1806 4876 multa
1844 4820 1963 4875 sive
1992 4837 2061 4876 ex
2091 4821 2273 4877 sacris
2304 4823 2626 4893 codicibus,
2658 4831 2723 4881 ut
2768 4826 2863 4883 hic
2905 4830 3071 4887 docet
3112 4833 3474 4901 Ambrosius,
3509 4832 3649 4901 sive,

243 4916 313 4966 ut
346 4914 547 4969 volunt
575 4913 694 4978 alii,
729 4928 763 4967 a
795 4909 1137 4984 Pythagora,
1171 4907 1267 4979 qui
1302 4911 1358 4962 et
1388 4908 1513 4980 ipse
1540 4909 1773 4965 Judaeos
1805 4909 2100 4981 sapientes
2132 4911 2414 4981 audierat,
2450 4913 2745 4984 didicisse,
2780 4921 2844 4973 ut
2873 4919 3177 4991 vulgatum
3224 4920 3397 4975 fuerit
3425 4921 3495 4976 de
3524 4920 3653 4992 ipso

241 4998 402 5059 illud
434 5001 702 5058 Numenii
725 4997 1090 5072 Pythagorici
1121 4996 1342 5052 dictum
1379 5014 1390 5052 :
1425 5006 1482 5054 Tt
1500 5007 1592 5070 γάρ
1626 5005 1727 5055 ἐστι
1754 5007 1869 5056 me

931 4997 1090 5070 gorici
1121 4996 1342 5052 dictum
1379 5014 1390 5052 :
1425 5006 1482 5054 Tt
1500 5007 1592 5070 γάρ
1626 5005 1727 5055 ἐστι
1754 5007 1961 5056 Πλάτων
1980 5008 2014 5067 ἤ
2038 5008 2248 5069 Medici;
2276 5010 2559 5070 ἀττικίζων;
