4122 6146
481 279 608 346 567’

1937 277 2002 339 S.
2051 263 2429 340 KMWOSII

483 433 3836 475 Μ

1133 640 1959 802 SANCTI
2151 633 3246 794 AMBROSII

1740 912 2376 978 MEDIOLANENSIS
2418 911 2777 975 EPISCOPI

1253 1102 2152 1240 IHEBONG

2311 1101 3119 1236 MORTIS

1910 1349 2198 1424 LIBER
2234 1347 2306 1412 (ί)
2359 1348 2605 1422 UNUS

509 1773 514 1778 ι
1011 1687 1258 1748 884-9
1299 1685 1530 1742 CAPUT
1568 1683 1610 1740 Ι.
2135 1764 2139 1766 η

497 1773 812 1848 Commectit
840 1781 985 1838 hunc
1015 1781 1220 1836 librum
1250 1792 1370 1833 cum
1397 1773 1762 1848 prwcedenti;
1793 1774 1844 1827 et
1885 1771 2143 1848 proponit

2168 1683 2225 1750 Α
2253 1679 2487 1752 quando
2520 1678 2654 1752 quis
2691 1681 2925 1753 peccato
2957 1675 3228 1743 moritur,
3259 1677 3318 1731 et
3346 1663 3466 1730 Deo:
3493 1671 3656 1740 vivit,
3685 1671 3752 1728 de
3780 1687 3878 1744 qua

2254 1769 2336 1824 ait
2383 1767 2683 1841 apostolus
2745 1785 2760 1824 :
2829 1766 3146 1840 Consepulti
3191 1765 3341 1820 enim?
3385 1779 3578 1818 sumus
3631 1777 3749 1816 cum
3795 1757 3877 1816 illo

567 1842 795 1918 δίιῦέίηη
826 1875 844 1911 ³
877 1851 1146 1928 Ωιιοητράο
1195 1865 1340 1904 mors
1385 1842 1495 1903 ἠοη
1543 1846 1766 1901 dicam"
1813 1842 1982 1908 mal“:
2021 1842 2146 1896 licet
2248 1873 2350 1928 per
2378 1857 2702 1928 baptismum
2733 1859 2795 1912 in
2823 1855 3049 1911 mortem
3080 1854 3251 1926 (Rom.
3283 1869 3363 1918 Vl,
3396 1851 3472 1926 4).
3513 1847 3710 1906 Tertia
3743 1863 3880 1904 mors

569 1935 644 1990 sit
675 1933 807 1988 vitae
836 1926 1151 1984 contraria?

571 2027 626 2079 1.
659 2017 944 2088 Quoniam
977 2015 1049 2070 de
1078 2011 1278 2068 anima
1307 2005 1607 2080 superiore
1637 2004 1784 2060 libro
1815 2016 2145 2060 sermonem

501 2113 760 2184 aliquem
791 2102 1219 2166 contexuimus,
1239 2097 1558 2154 faciliorem
1581 2093 1736 2150 viam
1767 2096 2048 2166 putamus
2076 2089 2148 2145 de

501 2181 660 2260 Bono
693 2196 900 2254 mortis
947 2193 1232 2249 conﬁcere
1278 2185 1518 2259 aliquid.
1551 2187 1686 2250 Quae
1718 2182 1768 2238 si
1797 2181 2006 2238 animae
2043 2195 2147 2236 no-

505 2296 650 2357 ceat,
684 2286 906 2344 malum
935 2281 1119 2336 videri
1165 2281 1358 2351 potest
1388 2292 1400 2330 :
1436 2275 1484 2330 si
1517 2272 1667 2329 nihil
1699 2275 1893 2328 autem
1933 2269 2150 2326 ofﬁciat

507 2355 742 2445 animae,
773 2390 846 2430 ne
884 2369 1108 2426 malum
1157 2365 1414 2438 quidem.
1465 2363 1627 2426 Quod
1687 2364 1881 2416 autem
1927 2355 2149 2414 malum

505 2486 624 2526 non
654 2465 835 2533 est,id
868 2461 1046 2516 etiam
1076 2447 1330 2522 bonum;
1363 2451 1636 2525 quoniam
1673 2449 1828 2522 quod
1852 2446 2147 2512 vitiosum,

503 2559 564 2615 id
596 2555 819 2612 malum
875 2569 887 2606 :
943 2547 1101 2621 quod
1151 2549 1347 2600 autem
1394 2541 1534 2596 vitio
1578 2542 1756 2606 caret,
1780 2537 1838 2592 id
1887 2536 2148 2600 bonum;

504 2648 756 2717 ideoque
785 2643 940 2698 bona
971 2635 1142 2693 malis
1173 2631 1464 2690 contraria
1494 2632 1633 2684 sunt
1661 2630 1718 2682 et
1745 2624 1902 2680 mala
1945 2621 2141 2678 bonis.

504 2711 768 2805 Denique
798 2725 1130 2786 innocentia
1161 2729 1270 2788 est,
1303 2719 1403 2775 ubi
1451 2734 1566 2772 non
1616 2719 1706 2770 est
1753 2711 2002 2768 nocendi
2047 2727 2153 2766 vo-

507 2799 728 2886 luntas,
755 2823 814 2874 et
841 2815 1052 2872 noxius
1077 2811 1292 2868 dicitur
1319 2807 1420 2878 qui
1452 2822 1568 2861 non
1601 2803 1678 2858 sit
1713 2800 2009 2869 innoxius;
2043 2799 2152 2854 mi-

511 2910 779 2973 sericors,
814 2903 914 2976 qui
947 2900 1232 2964 remittat;
1265 2893 1704 2954 immisericors,
1735 2889 1835 2962 qui
1856 2889 2156 2962 ignoscere
2217 2923 2224 2930 ς

514 3003 690 3070 atque
718 2990 935 3050 inﬂecti
965 2987 1212 3044 nesciat.

582 3068 636 3142 Ξ.
671 3085 782 3140 Sed
815 3082 959 3137 forte
1003 3075 1216 3148 aliquis
1267 3073 1493 3128 asserat
1524 3088 1536 3124 :
1571 3068 1719 3136 Quid
1767 3072 1888 3123 tam
1934 3070 2162 3123 contra-

513 3163 692 3242 rium,
727 3187 907 3248 quam
935 3169 1054 3224 vita
1083 3162 1303 3221 morti?
1334 3161 1394 3218 Si
1426 3176 1560 3232 ergo
1608 3159 1727 3214 vita
1773 3160 2013 3230 putatur
2057 3157 2161 3212 bo-

517 3280 683 3330 num,
716 3243 1008 3334 quomodo
1041 3269 1199 3310 mors
1246 3268 1360 3306 non
1404 3253 1494 3305 est
1543 3247 1734 3303 mala?
1760 3247 1830 3302 Et
1859 3246 1988 3302 ideo
2018 3243 2160 3318 quid

520 3353 596 3410 sit
622 3352 760 3416 vita,
794 3347 935 3420 quid
961 3345 1137 3400 etiam
1169 3357 1348 3408 mors,
1383 3337 1842 3395 consideremus.
1891 3335 2025 3390 Vita
2073 3335 2164 3390 est

519 3437 784 3516 spirandi
834 3449 1078 3492 munere
1118 3430 1256 3498 frui,
1303 3445 1463 3484 mors
1511 3426 1750 3499 privari.
1799 3423 1918 3480 Hoc
1965 3427 2159 3480 autem

517 3513 781 3604 spirandi
808 3541 1024 3581 munus
1055 3522 1210 3594 apud
1260 3518 1568 3591 plerosque
1618 3516 1702 3571 in.
1723 3513 1892 3570 bonis
1924 3513 2157 3568 dicitur.

514 3601 632 3676 Hoc
662 3620 751 3674 est
779 3631 914 3687 ergo
942 3611 1079 3677 vita,
1111 3609 1220 3664 frui
1272 3606 1442 3663 bonis
1475 3623 1488 3661 :
1514 3621 1684 3660 mors
1731 3607 1950 3670 contra,
1991 3601 2160 3658 bonis

513 3706 673 3774 exui;
730 3708 786 3760 et
832 3701 1134 3774 Scriptura
1181 3697 1322 3752 dicit
1376 3712 1389 3749 :
1441 3696 1572 3750 Ecce
1613 3693 1738 3748 dedi
1786 3695 1916 3746 ante
1961 3693 2159 3761 faciem

509 3803 662 3852 tuam
689 3797 858 3850 vitam
885 3795 934 3846 et
965 3796 1208 3854 mortem,
1245 3787 1445 3841 bonum
1486 3787 1536 3838 et
1582 3783 1794 3836 malum
1818 3780 1992 3852 (Deut.
2027 3795 2156 3844 xxx,

508 3885 618 3957 15),
651 3884 829 3940 vitam
861 3883 1084 3936 bonum
1117 3873 1445 3948 appellans,
1478 3875 1728 3928 mortem
1757 3868 2018 3934 malum;
2068 3867 2156 3922 vel

507 3973 608 4030 illa
638 3972 750 4028 sibi
783 3971 998 4044 priora,
1033 3971 1088 4021 ct
1119 3965 1241 4019 haec
1267 3963 1378 4020 sibi
1412 3962 1738 4017 conferens.
1781 3957 2044 4027 Denique
2094 3961 2160 4011 ut

506 4061 772 4119 lectionis
821 4057 1029 4114 divinae
1081 4052 1346 4125 exemplo
1377 4056 1638 4114 utamur,
1671 4047 1730 4102 in
1765 4045 2038 4118 paradiso
2070 4049 2160 4101 est

505 4151 733 4224 positus
765 4149 960 4214 homo,
996 4147 1061 4198 ut
1093 4143 1288 4197 ederet
1331 4141 1401 4196 de
1452 4138 1610 4210 ligno
1666 4137 1814 4203 vitae,
1845 4139 1903 4190 et
1933 4135 2156 4190 caeteris

505 4223 764 4312 paradisi
796 4235 994 4308 lignis,
1029 4233 1100 4288 de
1126 4231 1284 4304 ligno
1315 4233 1511 4284 autem
1542 4227 1600 4280 in
1637 4241 1753 4297 quo
1782 4227 1936 4280 esset
1965 4223 2158 4295 cogni-

505 4328 587 4384 tio
616 4327 754 4382 boni
783 4329 842 4381 et
870 4321 1034 4392 mali,
1089 4337 1205 4376 non
1255 4319 1452 4374 ederet
1483 4332 1496 4370 :
1535 4331 1650 4387 qua
1679 4313 1773 4369 die
1803 4317 2000 4368 autem
2030 4313 2158 4368 ede-

2255 1950 2362 2013 est,
2395 1962 2514 2019 qua
2542 1961 2782 2001 cursum
2825 1945 2953 2000 vita
2985 1944 3163 2016 hujus
3208 1945 3266 1998 et
3311 1957 3536 1996 munus
3586 1938 3881 2012 explemus,

2256 2035 2314 2090 id
2363 2039 2472 2101 est,
2517 2035 2729 2090 animae
2778 2032 3156 2106 corporisque
3205 2030 3482 2088 secessio.
3535 2027 3884 2084 Advertimus

2257 2122 2438 2197 igitur
2467 2123 2622 2196 quod
2655 2141 2775 2179 una
2806 2139 2964 2179 mors
2993 2121 3073 2178 sit
3101 2119 3276 2192 mala,
3311 2119 3360 2176 si
3387 2122 3634 2192 propter
3679 2119 3888 2189 peccata

2259 2212 2580 2269 moriamur
2610 2229 2624 2268 :
2654 2212 2771 2269 alia
2801 2229 2956 2268 mors
3003 2209 3156 2267 bona
3205 2209 3302 2278 sit,
3336 2225 3456 2282 qua
3509 2207 3562 2264 is
3610 2205 3714 2280 qui
3737 2201 3890 2260 fuerit

2259 2306 2548 2370 mortuus,
2575 2303 2937 2376 justificatus
2987 2303 3076 2356 est
3125 2316 3158 2354 a
3205 2300 3440 2374 peccato
3479 2313 3494 2352 :
3531 2293 3705 2352 tertia
3753 2307 3892 2366 mors

2260 2391 2450 2447 media
2483 2391 2586 2458 sit;
2621 2408 2758 2447 nam
2807 2395 2864 2446 et
2909 2391 3063 2444 bona
3103 2387 3284 2460 justis
3323 2385 3584 2453 videtur,
3619 2385 3676 2438 et
3706 2379 3892 2454 pleris-

2259 2496 2373 2552 que
2401 2481 2733 2549 metuenda,
2768 2497 2894 2552 quae
2923 2495 3058 2534 cum
3107 2475 3369 2532 absolvat
3406 2489 3645 2542 omnes,
3703 2475 3898 2544 paucos

2259 2567 2530 2624 delectat.
2571 2569 2683 2625 Sed
2713 2585 2830 2626 non
2859 2568 2968 2624 hoc
2999 2565 3204 2623 mortis
3235 2567 3321 2622 est
3349 2563 3590 2633 vitium,
3604 2563 3662 2618 at
3708 2561 3899 2616 nostra

2261 2657 2644 2724 infirmitatis,
2677 2658 2780 2731 qui
2809 2656 3102 2730 voluptate
3135 2651 3415 2726 corporis,
3445 2657 3509 2708 et
3539 2647 3905 2707 delectatione

2261 2745 2389 2801 vitae
2421 2746 2594 2803 istius
2619 2747 2907 2820 capimur,
2937 2749 2996 2802 et
3025 2759 3266 2800 cursum
3296 2741 3459 2797 hunc
3511 2751 3906 2797 consummare

2261 2834 2648 2908 trepidamus,
2682 2835 2742 2890 in
2775 2851 2889 2908 quo
2920 2833 3052 2908 plus
3083 2830 3525 2900 amaritudinis,
3559 2844 3743 2902 quam
3771 2823 3914 2881 volu-

2266 2923 2444 2996 ptatis
2473 2927 2592 2994 est;
2626 2928 2685 2980 at
2714 2941 2830 2980 non
2862 2921 3046 3005 sancti
3079 2937 3147 2977 ac
3173 2919 3476 2994 sapientes
3501 2916 3643 2984 viri,
3671 2915 3770 3002 qui
3800 2913 3912 2968 lon-

2268 3011 2594 3085 gaevitatem
2651 2991 3136 3084 peregrinationis
3193 2991 3373 3078 hujus
3428 2991 3914 3076 ingemiscebant,

2279 3099 2540 3168 dissolvi,
2572 3104 2786 3157 etcum
2818 3099 3048 3155 Christo
3095 3111 3224 3153 esse
3270 3093 3589 3168 pulchrius
3638 3089 3916 3146 :estiman-

2269 3191 2654 3264 teszdenique
2683 3189 2839 3246 diem
2868 3185 3262 3262 generationis
3293 3199 3412 3240 suae
3444 3179 3920 3242 exsecrabantur,

2270 3281 2424 3337 sicut
2453 3279 2585 3352 quis
2617 3279 2742 3335 ait:
2776 3281 2974 3334 Pereat
3021 3275 3136 3331 dies
3179 3274 3281 3330 illa
3331 3274 3392 3327 in
3441 3289 3562 3343 qua
3608 3276 3775 3325 natus
3813 3281 3924 3321 sum

2270 3370 2410 3438 (Job.
2444 3385 2528 3432 ιιι,
2561 3369 2637 3440 3).

2342 3463 2398 3515 4.
2441 3457 2589 3524 Quid
2621 3456 2779 3512 enim
2809 3459 2900 3512 est
2946 3469 3096 3526 quoc
3133 3451 3254 3506 hazc
3291 3449 3411 3504 vita
3457 3445 3742 3513 delectet,
3770 3441 3930 3516 plena

2269 3561 2664 3603 aerumnarum
2701 3548 2760 3600 et
2797 3539 3282 3608 sollicitudinum,
3331 3537 3394 3592 in
3445 3552 3577 3609 qua
3619 3533 3931 3590 innumerae

2269 3635 2596 3701 calumniae,
2627 3638 2685 3690 et
2715 3631 2914 3688 multa:
2961 3629 3264 3697 molestiae,
3301 3629 3361 3682 et
3406 3625 3624 3680 multa:
3675 3621 3934 3692 lacryma

2268 3741 2469 3781 eorum
2501 3722 2604 3796 qui
2632 3720 2989 3778 afﬂictantur
3019 3713 3307 3774 molestiis
3339 3715 3396 3770 et
3429 3731 3558 3769 non
3591 3709 3706 3779 est,
3753 3705 3936 3780 inquit

2271 3811 2486 3886 (Thren.
2519 3830 2559 3879 1,
2591 3813 2670 3880 2),
2705 3809 2805 3882 qui
2856 3826 2954 3864 eos
3003 3801 3375 3864 consoletur?
3418 3802 3500 3858 Et
3551 3801 3692 3857 ideo
3745 3796 3940 3886 laudat

2267 3901 2644 3957 Ecclesiastes
2707 3899 2986 3971 defunctos
3052 3897 3228 3965 magis
3293 3907 3464 3964 quam
3545 3893 3813 3947 viventes.
3883 3885 3944 3939 Et

2265 3992 2518 4062 optimus,
2561 3987 2772 4060 inquit,
2813 4003 2982 4059 supra
3030 3983 3122 4040 hos
3169 3983 3324 4049 duos,
3373 3985 3478 4054 qui
3531 3979 3796 4036 nondum
3846 3991 3942 4056 na-

2265 4051 2353 4135 tas
2399 4051 2516 4145 est,
2542 4051 2795 4151 qui-non
2835 4051 2974 4150 vidit
3025 4073 3123 4130 hoc
3168 4051 3397 4127 malunt
3421 4070 3609 4140 (Eccl.
3647 4085 3728 4134 ιν,
3786 4067 3840 4130 2,
3869 4051 3938 4134 3}.

2266 4169 2334 4223 Et
2365 4165 2500 4222 alibi
2533 4167 2686 4221 idem
2717 4162 3098 4220 Ecclesiastes
3147 4159 3452 4216 meliorem
3501 4158 3784 4231 longaevo
3833 4152 3946 4207 viro

2265 4273 2401 4312 eum
2459 4253 2710 4310 asseruit
2765 4252 2958 4325 (Eccle.
2995 4267 3073 4317 v1,
3115 4249 3190 4322 3),
3250 4265 3428 4321 quem
3489 4246 3725 4302 abortu
3784 4239 3947 4325 ejecit

2267 4349 2452 4400 mater
2481 4359 2609 4410 sua,
2643 4323 2782 4412 quia
2811 4356 2928 4396 non
2959 4337 3105 4394 vidit
3131 4337 3254 4392 haec
3285 4331 3446 4390 mala
3501 4350 3652 4406 qum
3698 4331 3858 4389 ﬁunt
3895 4323 3950 4382 in

505 4419 615 4484 ηδ’
670 4417 856 4468 morte
909 4411 1232 4466 moreretur
1262 4407 1422 4476 (Gen'
1472 4421 1532 4469 ¹¹⁹
1586 4403 1717 4497 “)1
1742 4402 1868 4497 Ν9¹¹
1910 4406 2159 4497 δῗτνθνή
2189 4421 2230 4488 C
2263 4433 2373 4490 hoc
2402 4402 2786 4497 mundo,-nec
2816 4429 2876 4483 in
2907 4427 3015 4482 has
3043 4424 3202 4481 venit
3231 4402 3669 4490 tenebras,nec
3697 4421 3761 4477 in
3793 4413 3949 4492 vani-

504 4506 882 4577 praeceptum,
913 4504 971 4556 et
1000 4499 1186 4554 caruit
1218 4499 1430 4559 fructu,
1463 4498 1639 4564 atque
1667 4491 1888 4562 ejectus
1942 4491 2014 4545 de
2052 4507 2152 4562 pa-

503 4593 701 4648 radiso
734 4594 980 4646 mortem
1035 4585 1313 4661 gustavit.
1355 4581 1576 4638 Malum
1603 4580 1783 4652 igitur
1813 4595 1990 4646 mors,
2023 4595 2152 4651 quae

503 4681 689 4754 pretio
719 4676 1114 4736 damnationis
1143 4675 1417 4729 infertur.
1493 4695 1496 4698 ’

1065 4765 1220 4820 390
1257 4760 1486 4818 CAPUT
1527 4759 1572 4814 Il
1583 4801 1594 4812 .

501 4861 792 4916 Praemisso
819 4857 1166 4912 distinctione
1193 4851 1258 4906 de
1286 4850 1495 4920 triplici
1515 4863 1714 4919 genere
1742 4848 2152 4920 mortis,_o.sten-

574 4933 662 4988 dit
687 4931 914 4986 tertium
941 4942 1110 4995 genus
1139 4917 1382 4978 medium
1411 4917 1559 4995 esse;
1592 4921 1700 4995 into
1731 4921 1910 4988 potius
1955 4917 2154 4995 bonan:

565 4989 964 5076 ⁸ᾆιιιίἰεαηίιζιηηξ
987 4997 1128 5068 quod
1155 5011 1254 5049 nos
1273 4995 1416 5076 pitf'c
1443 4992 1784 5076 miseriiyae'
1812 4991 2042 5059 peccatis
2083 4989 2149 5041 li-

575 5061 750 5135 beret;
781 5072 925 5127 idem
944 5061 1134 5124 tamen
1164 5068 1434 5136 patienter
1461 5061 1900 5134 e.z:<pectandum.

573 5165 632 5218 3.
675 5162 788 5217 Sed
834 5159 1038 5216 mortis
1095 5157 1208 5212 tria
1255 5157 1396 5210 sunt
1453 5167 1667 5226 genera
1725 5167 1882 5205 mors
1935 5147 2151 5220 peccati

504 5255 611 5316 est,
639 5251 710 5305 dc
741 5265 860 5321 qua
892 5247 1177 5318 scriptum
1227 5248 1314 5300 est
1365 5259 1378 5296 :
1434 5242 1632 5297 Anima
1657 5256 1774 5312 qua:
1797 5245 2000 5309 peccat,
2034 5237 2153 5306 ipsa

500 5339 769 5394 morietur
822 5336 1037 5407 (Ezech.
1105 5351 1262 5400 xvm,
1332 5332 1408 5402 4).
1479 5329 1609 5384 Alia
1672 5343 1828 5382 mors
1886 5323 2148 5397 mystica,

570 5479 646 5546 (1)
679 5477 938 5548 Scriptus
973 5475 1116 5548 circ.
1159 5491 1294 5532 ann.
1329 5474 1459 5548 387,

569 5539 644 5620 (2)
677 5539 890 5622 Reniig,
930 5547 1079 5614 Quia
1107 5562 1230 5614 ergo
1261 5543 1536 5622 custodire
1573 5557 1684 5596 non
1726 5539 1974 5622 prodesti
2014 5553 2148 5621 quas

494 5611 692 5676 misera
747 5611 1020 5680 aviditate
1077 5611 1372 5684 quaesierit,
1403 5630 1613 5669 necesse
1673 5614 1750 5665 est
1791 5613 1850 5664 ut
1893 5611 2151 5665 miserius

2265 4526 2382 4578 tate
2410 4517 2732 4578 ambulavit
2761 4515 2990 4581 saeculi;
3041 4517 3099 4570 et
3148 4513 3277 4568 ideo
3328 4509 3620 4583 requiem
3672 4507 3832 4570 θυι
3865 4501 3953 4562 hic

2264 4612 2453 4684 magis
2482 4607 2721 4666 habebit
2751 4605 2852 4680 qui
2885 4605 2942 4660 in
2970 4605 3120 4661 hanc
3173 4601 3351 4658 vitam
3384 4617 3515 4656 non
3552 4601 3750 4667 venit,
3783 4610 3953 4672 quam

2263 4697 2360 4756 ille
2389 4699 2490 4771 qui
2523 4696 2698 4752 venit.
2735 4693 2885 4760 Quid
2927 4692 3086 4749 enim
3131 4691 3266 4746 boni
3320 4692 3410 4746 est
3459 4688 3725 4746 homini
3754 4687 3822 4742 in
3849 4684 3954 4740 hac

2259 4789 2377 4844 vita
2406 4786 2506 4860 qui
2537 4786 2596 4842 in
2629 4785 2840 4840 umbra
2867 4781 3029 4849 vivit,
3061 4797 3167 4836 nec
3198 4777 3412 4852 expleri
3442 4781 3702 4860 postest
3733 4773 3956 4849 cupidi-

2261 4856 2482 4932 tatibus
2535 4874 2698 4930 suis?
2755 4871 2825 4928 Et
2877 4870 2924 4926 si
2993 4867 3297 4941 expleatur
3353 4856 3628 4934 divitiis,
3696 4865 3956 4922 fructum

2263 4965 2475 5037 quietis
2505 4961 2741 5029 amittit,
2776 4958 2912 5033 quia
2941 4957 3168 5030 cogitur
3197 4954 3506 5012 custodire
3543 4956 3722 5028 quod
3779 4941 3951 5010 [nise

2261 5073 2326 5110 ra
2350 5053 2621 5108 aviditate
2651 5048 2964 5124 quaesierit,
2999 5052 3068 5102 ut
3116 5045 3391 5101 miserius
3444 5060 3563 5099 eas
3625 5042 3958 5116 possideat,

2260 5143 2352 5198 cui
2386 5143 2662 5214 prodesse
2693 5156 2808 5195 non
2840 5140 3134 5210 poterunt.
3159 5133 3309 5202 Quid
3339 5130 3512 5188 enim
3549 5135 3641 5206 (2)
3678 5129 3962 5188 miserius

2261 5249 2440 5304 quam
2489 5235 2555 5285 ut
2602 5227 2869 5284 custodia
2914 5229 3206 5298 torqueat,
3251 5235 3521 5296 quarum
3577 5216 3963 5278 abundantia

2261 5321 2407 5376 nihil
2439 5318 2668 5392 prosit?

2257 5481 2349 5521 eas
2416 5462 2685 5534 possideat
2752 5461 2844 5515 cui
2903 5457 3152 5530 prodesse
3192 5471 3305 5511 non
3361 5458 3736 5580 (potuerunt.
3811 5449 3968 5524 Quid

2259 5538 2427 5580 Μήνη-
2479 5539 2585 5580 etc-
2642 5535 2724 5580 Ita
2777 5530 2953 5580 etiam
3003 5527 3246 5580 Theod..
3293 5533 3357 5580 se
3455 5541 3580 5580 Der
3632 5524 3960 5580 correctio-

2259 5524 2432 5600 enim;
2479 5539 2586 5590 etc.
2642 5535 2724 5588 Ita
2777 5524 2954 5586 etiam
3003 5527 3246 5594 Theod.,
3293 5524 3394 5582 Sed
3453 5541 3580 5596 per
3632 5524 3960 5584 correctio-

2259 5622 2416 5664 ncm.
