4122 6146
277 337 361 422 illi
1449 351 1694 414 LIBER
1741 336 1843 414 nn
1883 336 2098 413 nouo
2142 347 2475 415 MORTIS.

3567 340 3697 430 570’

327 493 368 551 5.
391 492 598 565 Itaque
627 488 678 548 si
702 486 870 565 plena
897 486 1090 548 oneris
1119 487 1261 556 vita,
1294 485 1503 562 utique
1571 489 1717 546 ﬁnis
1777 490 1909 561 ejus
1939 482 1999 550 Α
2026 486 2273 545 honoris
2304 486 2520 560 specie,
2554 490 2658 548 aut
2687 485 2950 547 muneris
2981 485 3233 564 alicujus
3290 510 3467 553 causa
3513 490 3688 570 jubet

281 581 626 643 allevamento
656 584 744 638 est
768 598 779 637 :
800 579 1249 637 allevamentum
1293 581 1491 635 autem
1527 583 1619 633 est
1650 578 1910 643 bonum,

283 672 401 731 mors
432 676 633 729 autem
660 669 794 726 ﬁnis
822 687 835 724 :
867 686 1023 727 mors
1046 670 1227 742 igitur
1278 668 1501 723 bonum
1524 662 1636 722 est.
1704 666 1918 738 Neque

286 760 405 821 énim
455 760 627 817 aliter
654 759 891 832 gavisus
928 764 1015 816 est
1061 760 1316 826 Simeon,
1376 756 1477 828 qui
1538 770 1921 826 responsum

285 836 546 923 deceperat
576 866 691 904 non
719 848 986 904 visurum
1007 866 1067 905 se
1087 850 1353 913 mortem,
1386 844 1502 899 nisi
1534 842 1720 915 prius
1751 841 1928 898 vide-

284 945 351 999 ret
375 938 663 996 Christum
695 936 927 992 Domini
962 956 976 1006 ;
1006 941 1061 993 et
1089 954 1221 993 cum
1286 950 1421 990 eum
1486 933 1796 1005 parentes
1867 932 1929 986 in

282 1029 534 1102 templum
557 1027 925 1094 inducerent,
958 1027 1215 1099 suscepit
1280 1022 1553 1080 manibus
1621 1015 1805 1084 suis,
1877 1024 1935 1077 et

283 1118 435 1175 dixit:
470 1116 627 1172 Nunc
648 1114 864 1172 dimitis
893 1132 1105 1171 servum
1147 1120 1303 1171 tuum
1331 1115 1391 1168 in
1416 1126 1549 1185 pace
1606 1106 1699 1179 (3)
1772 1109 1929 1175 (Luc.

282 1223 329 1275 ιι,
349 1207 426 1276 29)
460 1223 474 1274 ;
508 1203 680 1276 quasi
711 1203 1057 1259 necessitate
1088 1203 1342 1275 quadam
1372 1200 1677 1256 teneretur
1714 1189 1783 1249 in
1819 1195 1928 1253 hac

283 1295 393 1363 vita,
419 1310 540 1350 non
567 1292 894 1349 voluntate.
934 1292 1017 1348 Ita
1066 1291 1284 1347 dimitti
1315 1289 1479 1363 petit,
1514 1282 1688 1360 quasi
1727 1301 1763 1341 a
1796 1285 1923 1342 vin-

282 1378 400 1441 culis
443 1381 806 1455 quibusdam
864 1380 933 1436 ad
988 1380 1324 1437 libertatem
1373 1377 1703 1435 festinaret.
1769 1379 1919 1432 Sunt

279 1472 408 1530 enim
433 1466 598 1527 velut
624 1468 861 1525 vincula
889 1470 1162 1542 quaedam
1230 1467 1489 1544 corporis
1553 1467 1741 1539 hujus
1812 1466 1910 1539 (4),

282 1565 329 1619 et
355 1560 503 1634 quod
535 1556 624 1616 eet
653 1559 911 1632 gravius,
930 1558 1172 1615 vincula
1188 1558 1602 1623 tentationum,
1632 1572 1761 1628 quae
1804 1572 1912 1611 nos

277 1645 515 1723 alligant,
556 1651 614 1705 et
680 1648 751 1703 ad
816 1647 1099 1720 injuriam
1169 1646 1523 1720 captivitatis
1570 1646 1913 1717 astringunt

274 1739 504 1812 quadam
536 1736 661 1810 Ιθεθ
683 1735 920 1809 Peccati.
957 1737 1231 1809 Denique
1264 1738 1324 1792 in
1355 1737 1509 1792 exitu
1565 1734 1693 1809 ipso
1745 1732 1911 1789 vide-

272 1836 387 1885 nius
415 1824 907 1899 quemadmodum
958 1827 1171 1883 anima
1226 1824 1562 1882 decedentis
1620 1821 1906 1896 paulatim
1941 1844 1993 1915 Β

269 1916 435 1977 Solvat
464 1932 525 1973 se
555 1912 802 1971 vinculis
833 1917 1057 1982 carnis,
1092 1919 1151 1971 et
1180 1931 1280 1971 ore
1310 1915 1528 1971 emissa
1558 1913 1746 1970 evolet
1782 1906 1909 1967 fan-

267 2023 429 2080 quam
460 2018 720 2061 carcereo
752 2006 1015 2075 corporis
1045 2003 1235 2076 hujus
1265 2007 1439 2058 exuta
1464 2002 1907 2076 gurgustio.De-

266 2094 431 2170 nique
461 2084 778 2152 festinabat
807 2093 986 2150 etiam
1022 2097 1272 2149 sanctus
1302 2092 1482 2148 David
1517 2093 1587 2147 de
1617 2092 1728 2146 hoc
1784 2090 1909 2146 loco

262 2180 741 2261 peregrinationis
797 2182 975 2248 exire,
1058 2180 1314 2236 dicens:
1369 2174 1585 2236 Advena
1639 2196 1733 2251 ego
1786 2196 1910 2235 sum

262 2274 398 2351 apud
427 2280 483 2331 te
517 2275 579 2329 in
600 2280 746 2329 terra
784 2276 833 2328 et
889 2273 1244 2345 peregrinus,
1301 2271 1439 2351 sicut
1495 2285 1679 2325 omnes
1725 2273 1909 2340 patres

262 2368 368 2423 mei
387 2365 554 2439 (Psal.
586 2379 821 2431 xxxvm,
858 2362 968 2433 13).
1006 2365 1073 2415 Et
1104 2359 1238 2414 ideo
1264 2360 1548 2428 tanquam
1567 2358 1909 2431 peregrinus

261 2456 331 2515 ad
362 2448 530 2511 illum
560 2457 895 2510 sanctorum
927 2446 1316 2505 communem
1366 2446 1628 2501 omnium
1661 2446 1908 2519 patriam

258 2542 593 2611 festinabat,
627 2544 831 2615 petens
862 2554 967 2613 pro
999 2538 1187 2608 hujus
1209 2534 1689 2590 commorationis
1719 2534 1910 2606 inqui-

259 2637 540 2692 namento
574 2629 797 2688 remitti
824 2626 939 2684 sibi
965 2627 1232 2699 peccata,
1265 2623 1614 2695 priusquam
1654 2623 1914 2679 discede-

254 2729 348 2783 ret
377 2740 409 2780 e
436 2721 576 2777 vita.
611 2720 720 2786 Qui
753 2717 906 2774 enim
940 2710 1039 2771 hic
1088 2730 1208 2769 non
1267 2711 1557 2783 acceperit
1614 2712 1914 2768 remissio-

252 2812 393 2871 u'em
424 2814 825 2885 peccatorum,
855 2803 975 2859 illic
1006 2819 1122 2858 non
1150 2801 1281 2856 erit.
1314 2799 1442 2855 Non
1471 2799 1579 2855 erit
1597 2805 1791 2856 autem
1816 2803 1917 2874 qui

248 2905 327 2963 ad
358 2903 547 2957 vitam
578 2902 857 2955 aeternam
889 2908 1003 2947 non
1032 2889 1297 2964 potuerit
1328 2889 1646 2960 pervenire,
1681 2888 1819 2961 quia
1839 2891 1919 2946 vi-

248 2998 312 3052 ta
346 2996 570 3048 aeterna
600 2983 871 3042 remissio
902 2984 1275 3054 peccatorum
1308 2981 1415 3033 est.
1457 2977 1706 3048 Ideoque
1737 2977 1915 3037 dicit;

248 3076 498 3141 Remitte
526 3070 692 3142 mihi,
732 3080 795 3128 ut
842 3071 1158 3141 refrigerer,
1214 3067 1545 3139 priusquam
1596 3066 1804 3135 abeam,
1867 3074 1922 3124 et

248 3170 511 3243 amplius
538 3178 651 3221 non
680 3177 771 3217 ero
802 3159 968 3231 (Psal.
1000 3168 1236 3225 xxxvm,
1271 3148 1380 3226 44).

322 3260 382 3314 6.
421 3255 577 3323 Quid
608 3250 790 3325 igitur
817 3250 1118 3319 tantopere
1147 3245 1329 3299 vitam
1385 3243 1559 3299 istam
1615 3244 1921 3303 desidera-

249 3348 425 3407 usus,
462 3345 523 3399 in
557 3358 675 3414 qua
705 3341 921 3411 quanto
952 3334 1175 3390 diutius
1207 3331 1341 3404 quis
1375 3330 1566 3399 fuerit,
1601 3336 1762 3388 tanto
1798 3351 1923 3391 ma-

240 3434 385 3510 jore
414 3433 702 3491 oneratur
731 3425 960 3481 sarcina
988 3423 1360 3495 peccatorum
1386 3418 1419 3510 1?
1460 3419 1588 3492 Ipse
1637 3420 1926 3481 Dominus

252 3506 345 3583 sit
377 3542 396 3580 ε
432 3518 658 3593 Sufﬁcit
684 3514 798 3570 diei
827 3513 1047 3569 malitia
1076 3527 1177 3566 sua
1207 3506 1414 3581 (Matth.
1447 3524 1523 3578 νι,
1556 3509 1669 3577 34).
1699 3510 1771 3565 Et
1825 3511 1923 3568 Ja-

252 3614 375 3672 cob
404 3610 559 3667 dixit
591 3625 604 3661 :
638 3606 761 3660 Dies
789 3619 1023 3659 auorum
1043 3603 1167 3656 vitm
1195 3614 1340 3656 meae
1370 3614 1502 3669 quos
1561 3598 1746 3666 habeo,
1806 3617 1926 3656 cen-

249 3707 386 3759 tum
421 3698 657 3768 triginta
706 3693 930 3747 minimi
975 3698 1027 3745 et
1068 3689 1208 3744 mali
1254 3689 1408 3759 (Gen.
1456 3704 1626 3755 xnvu,
1677 3687 1753 3756 9),
1806 3706 1923 3745 non

250 3789 408 3863 quia
442 3784 569 3841 dies
600 3779 764 3853 mali,
798 3780 898 3836 sed
932 3778 1070 3850 quia
1100 3774 1270 3832 nobis
1292 3788 1530 3834 accessu
1554 3774 1779 3831 dierum
1805 3790 1923 3833 ma-

244 3862 400 3934 litia
430 3873 797 3929 incrementa
818 3865 1217 3924 cumulantur.
1251 3862 1461 3920 Nullus
1489 3862 1642 3919 enim
1678 3865 1803 3921 dies
1844 3864 1921 3921 si-

249 3971 330 4022 ne
363 3966 574 4021 nostro
605 3959 840 4032 peccato
870 3955 1145 4029 praeterit.

328 4052 392 4106 7.
426 4050 593 4107 Unde
623 4044 851 4119 egregie
904 4040 1220 4116 Apostolus
1280 4041 1394 4096 ait:
1454 4042 1590 4097 Mihi
1642 4043 1791 4098 enim
1848 4044 1923 4098 vi-

262 4140 395 4197 sere
427 4139 672 4195 Christus
692 4138 791 4201 est,
811 4136 862 4190 et
880 4134 1023 4189 mori
1055 4130 1271 4186 lucrum
1293 4124 1555 4202 (Philipp.
1581 4147 1620 4195 ι,
1640 4132 1918 4199 2t),aliud

270 4230 346 4284 ad
389 4224 803 4285 necessitatem
842 4222 971 4277 vitae
1011 4214 1289 4283 referens,
1349 4217 1507 4273 aliud
1574 4219 1646 4272 ad
1712 4221 1919 4276 mortis

271 4314 606 4371 utilitatem.
674 4310 940 4367 Christus
1007 4308 1165 4364 enim
1260 4306 1426 4361 nobis
1517 4302 1706 4361 vivere
1809 4312 1916 4377 est,

277 4404 377 4459 cui
405 4402 712 4467 servimus,
754 4398 843 4454 cui
888 4396 1113 4470 oportet
1150 4399 1217 4450 ut
1282 4411 1316 4449 a
1382 4394 1602 4450 sanctis
1669 4397 1794 4451 suis
1858 4397 1919 4451 in

270 4482 569 4565 Evangelii
600 4486 1008 4563 praedicatione
1038 4484 1346 4540 deferatur
1391 4483 1760 4554 obsequium.
1814 4484 1919 4540 De-

2025 578 2583 651 degerelNunquid
2613 580 2675 636 lii
2729 578 3065 636 inconsulto
3123 580 3277 640 892
3333 583 3687 659 imperatore

2029 666 2346 724 discedunt
2373 668 2402 722 ?
2430 664 2501 724 Et
2530 673 2750 742 quanto
2787 667 3042 739 amplius
3073 674 3161 728 est
3191 672 3402 731 divinis
3456 692 3680 750 parere,

2034 774 2215 829 quam
2245 758 2564 816 humanis!
2600 760 2804 815 Vivere
2836 757 2911 830 (5)
2969 775 3104 832 ergo
3160 769 3360 820 sancto
3417 765 3684 824 Christus

2038 852 2127 902 est
2151 851 2207 903 et
2238 848 2387 903 mori
2419 847 2668 904 lucrum.
2706 847 2869 903 Unde
2900 848 3211 919 Apostolus
3239 854 3405 923 quasi
3440 871 3679 912 servus:

2040 953 2156 992 non
2189 937 2345 993 enim
2373 937 2586 1010 refugit
2613 938 2739 992 vitae
2771 935 3139 1008 obsequium,
3170 944 3227 995 et
3255 943 3422 1012 quasi
3447 945 3683 1015 sapiens

2038 1024 2268 1081 lucrum
2303 1028 2510 1082 mortis
2540 1022 2929 1097 amplectitur.
2966 1027 3215 1085 Lucrum
3240 1034 3327 1085 est
3356 1031 3513 1085 enim
3545 1048 3681 1088 cva-

2040 1115 2187 1171 sisse
2217 1116 2577 1172 incrementa
2604 1113 2846 1185 peccati,
2880 1114 3107 1172 lucrum
3123 1117 3341 1190 fugisse
3367 1119 3677 1175 deteriora.

2034 1206 2090 1257 et
2120 1203 2188 1258 ad
2222 1199 2461 1259 meliora
2492 1199 2773 1257 transisse
2805 1219 2818 1269 ;
2852 1207 2907 1257 et
2936 1203 3158 1259 addidit
3190 1222 3202 1261 :
3231 1206 3473 1261 Dissolvi
3505 1209 3679 1271 enim,

2029 1295 2081 1347 et
2107 1308 2232 1347 eum
2269 1292 2482 1348 Christo
2513 1304 2624 1345 esse
2651 1289 2822 1345 multo
2848 1292 3047 1346 melius
3079 1307 3092 1346 :
3133 1308 3459 1364 permanere
3493 1300 3683 1349 autem

2024 1383 2086 1436 in
2123 1398 2288 1437 carne
2314 1382 2496 1450 magis
2524 1380 2891 1433 necessarium
2915 1384 3136 1451 propter
3176 1397 3267 1436 vos
3323 1381 3587 1453 (Philipp.
3632 1397 3676 1446 ι,

2020 1472 2111 1538 23,
2134 1472 2248 1544 24).
2279 1469 2454 1526 Aliud
2489 1465 2721 1530 melius,
2754 1468 2910 1523 aliud
2943 1470 3360 1523 necessarium.
3395 1469 3681 1526 Necessa-

2021 1558 2174 1614 rium
2206 1562 2445 1632 propter
2469 1554 2724 1610 fructum
2757 1556 2968 1628 operis,
2998 1556 3208 1614 melius
3238 1560 3477 1629 propter
3531 1573 3671 1631 gra-

2021 1647 2165 1703 tiam
2199 1652 2255 1704 et
2286 1642 2562 1718 copulam
2594 1640 2824 1699 Christi.

2023 1810 2160 1865 Mors
2192 1804 2477 1863 naturalis
2506 1803 2762 1873 deﬁnitur
2786 1821 2851 1860 ae
2880 1804 3158 1859 laudatur.
3191 1806 3325 1859 Item
3374 1806 3678 1875 mortiﬁca-

2095 1881 2192 1947 tio,
2220 1893 2343 1950 quae
2371 1877 2565 1950 mortis
2584 1876 2839 1950 quaedam
2858 1877 3206 1950 imitatioest.
3230 1876 3556 1950 explicatur,
3585 1882 3670 1930 at-

2093 1944 2198 2022 que
2228 1944 2265 2006 ἱι
2295 1944 2607 2017 multiplici
2641 1948 2879 2022 utilitate
2902 1948 3188 2022 _similiter
3243 1944 3678 2022 commendatur.

2091 2014 2176 2146 ἐῖιί
2208 2014 2512 2139 ελεςιγὶᾳτηηὶη
2540 2021 2865 2091 proponitur
2898 2019 3068 2074 brevis
3099 2026 3260 2089 atque
3278 2014 3497 2086 elegans
3534 2018 3680 2073 vitae

2130 2105 2318 2146 escrw
2346 2102 2415 2141 10-

2130 2102 2415 2159 escrzpno.

2089 2180 2144 2233 8.
2185 2178 2354 2247 Ergo
2373 2178 2644 2248 quoniam
2686 2178 2881 2235 docuit
2936 2176 3250 2251 Apostolus
3308 2177 3570 2249 (Philipp.
3633 2192 3677 2249 ι,

2015 2268 2107 2335 23,
2142 2268 2249 2338 24)
2290 2280 2419 2322 eum
2453 2268 2547 2341 qui
2582 2269 2826 2325 evaserit
2854 2285 2921 2323 ex
2949 2268 3059 2323 hoc
3116 2283 3377 2340 corpore,
3443 2267 3491 2322 si
3550 2278 3678 2322 me-

2017 2356 2213 2411 ruerit
2248 2357 2468 2424 tamen,
2497 2374 2628 2413 cum
2660 2358 2883 2413 Christo
2916 2356 3198 2422 futurum,
3220 2355 3360 2428 quid
3384 2354 3461 2410 sit
3490 2370 3676 2421 mors,

2018 2444 2164 2519 quid
2205 2444 2391 2501 etiam
2429 2446 2547 2502 vita
2604 2446 3057 2503 consideremus.
3122 2445 3321 2517 Itaque
3373 2442 3680 2516 Scriptura

2021 2532 2304 2601 docente,
2337 2535 2715 2608 cognovimus
2746 2535 2883 2608 quia
2912 2551 3068 2590 mors
3100 2531 3387 2589 absolutio
3418 2536 3508 2588 est
3555 2532 3682 2589 ani-

2024 2639 2131 2679 mae
2164 2626 2225 2677 et
2299 2624 2574 2696 corporis,
2635 2630 2692 2681 et
2755 2624 3018 2696 quaedam
3069 2621 3324 2678 hominis
3365 2624 3676 2693 separatio.

2025 2710 2329 2768 Solvimur
2361 2715 2518 2769 enim
2552 2715 2659 2770 hoc
2690 2726 2839 2769 neXu
2866 2713 3069 2769 animae
3094 2716 3151 2767 et
3206 2709 3485 2783 corporis,
3538 2726 3678 2767 cum

2028 2801 2384 2858 recedimus.
2418 2803 2580 2860 Unde
2624 2808 2680 2860 et
2718 2802 2896 2860 David
2952 2801 3068 2857 ait:
3127 2800 3398 2872 Dirupisti
3453 2799 3680 2855 vincula

2028 2907 2186 2947 mea:
2209 2892 2313 2946 tibi
2334 2894 2656 2963 sacriﬁcabo
2677 2893 2908 2950 hostiam
2945 2890 3122 2947 laudis
3165 2889 3335 2963 (Psal.
3397 2904 3525 2956 cxv,
3586 2886 3677 2946 l6.

2036 2972 2148 3051 47).
2176 2979 2429 3036 Vincula
2460 2984 2657 3037 autem
2687 2983 2813 3037 vitze
2843 2980 3042 3053 hujus,
3075 2979 3132 3034 id
3165 2981 3270 3046 est,
3315 2975 3680 3048 conjunctio-

2032 3068 2126 3126 nis
2159 3070 2370 3124 nostra;
2401 3086 2528 3143 qua:
2559 3086 2627 3126 ex
2657 3071 2854 3126 anima
2884 3072 3111 3126 constat
3131 3072 3187 3125 et
3215 3083 3474 3141 corpore,
3499 3066 3679 3139 signi-

1979 3202 1995 3232 q
2036 3157 2198 3214 ﬁcari
2223 3158 2390 3213 docet
2454 3158 2723 3229 superior
2785 3158 3109 3215 versiculus
3169 3156 3381 3232 psalmi
3447 3155 3677 3230 hujus:

1954 3216 1996 3283 (Ξ
2043 3248 2291 3304 Pretiosa
2322 3247 2383 3300 in
2410 3251 2697 3317 conspectu
2726 3244 2948 3304 Domini
3007 3263 3153 3303 mors
3196 3249 3508 3303 sanctorum
3562 3247 3682 3318 ejus

2038 3335 2195 3409 (Ibid.
2230 3335 2341 3406 15).
2371 3334 2443 3389 Et
2483 3323 2613 3390 ideo
2648 3337 2816 3407 quasi
2883 3336 3172 3408 Propheta
3237 3334 3559 3409 praevidens
3616 3352 3680 3393 se

2036 3440 2169 3480 cum
2195 3422 2434 3489 sanctis,
2467 3425 2524 3476 et
2548 3422 2649 3493 qui
2680 3441 2785 3497 pro
2816 3422 3117 3482 devotione
3165 3425 3395 3481 animas
3447 3438 3589 3481 suas
3617 3424 3678 3482 in

2029 3511 2256 3568 Christo
2287 3509 2706 3581 deposuerunt,
2761 3512 3050 3580 futurum,
3088 3514 3359 3583 laetatur;
3419 3514 3561 3586 quia
3619 3519 3677 3572 et

2033 3602 2157 3673 ipse
2184 3594 2395 3653 obtulit
2424 3613 2485 3653 se
2521 3597 2770 3655 fideliter
2800 3617 2903 3671 pro
2963 3601 3063 3657 Dei
3125 3604 3341 3676 populo
3401 3603 3680 3661 adversus

2033 3687 2282 3749 Goliam,
2315 3701 2450 3740 cum
2517 3685 2802 3758 singulari
2843 3690 3163 3747 certamine
3229 3692 3553 3760 dimicaret,
3623 3697 3682 3749 et

2032 3777 2193 3833 solus
2215 3790 2526 3829 commune
2547 3775 2876 3846 periculum
2899 3780 2957 3831 et
2988 3778 3209 3835 crimen
3239 3782 3314 3853 (ϐ)
3370 3778 3677 3850 refelleret,

2030 3864 2117 3923 vel
2150 3878 2282 3920 cum
2318 3870 2380 3919 Se
2407 3864 2579 3919 morti
2613 3881 2715 3936 pro
2747 3865 2980 3920 Domini
3029 3866 3313 3938 placanda
3359 3867 3679 3924 offensione

2031 3957 2337 4028 promptus
2368 3951 2667 4022 objiceret,
2688 3951 2776 4009 vel
2799 3969 2932 4007 cum
2975 3971 3036 4009 se
3084 3972 3188 4027 pro
3241 3953 3430 4011 salute
3478 3954 3677 4026 pepuli

2033 4034 2354 4100 laborantis
2384 4041 2591 4096 divinae
2623 4040 2834 4098 ultioni
2866 4046 3107 4113 paratus
3139 4045 3390 4101 offerret.
3448 4041 3679 4100 Sciebat

2036 4128 2192 4188 enim
2221 4128 2535 4203 gloriosius
2567 4147 2670 4203 pro
2699 4129 2930 4187 Christo
2963 4132 3325 4205 mori,quam
3359 4131 3674 4204 regnarein

2029 4218 2138 4276 hoc
2160 4217 2546 4283 saeculo.Quid
2570 4219 2728 4274 enim
2753 4221 3124 4292 praestantius
3160 4236 3334 4292 quam
3357 4218 3480 4275 fieri
3503 4218 3673 4275 Chri-

2029 4309 2072 4364 ti
2102 4307 2356 4364 hostiam
2386 4308 2414 4362 ‘t
2444 4307 2643 4379 Itaque
2675 4324 2808 4363 cum
2838 4307 3173 4379 frequenter
3203 4310 3273 4364 ab
3307 4326 3372 4365 eo
3405 4306 3672 4381 legamus

2028 4397 2271 4454 Domino
2298 4395 2492 4452 oblata
2521 4412 2648 4451 esse
2680 4396 2987 4462 sacrificia,
3018 4397 3128 4453 hoc
3168 4402 3361 4454 tamen
3393 4397 3517 4453 loco
3570 4399 3672 4454 ad-

2032 4484 2219 4542 didit:
2257 4484 2375 4540 Tibi
2400 4486 2716 4554 saeriﬁcabo
2773 4480 3007 4540 hostiam
3083 4482 3265 4542 laudis
3329 4486 3485 4557 (Ibid.
3560 4487 3667 4558 17).

274 4578 457 4652 nique
496 4576 552 4635 et
604 4572 837 4633 Simeon
888 4575 989 4646 qui
1040 4573 1167 4629 ait:
1224 4572 1379 4627 Nunc
1426 4571 1660 4626 dimittis
1706 4588 1922 4628 servum
1952 4584 1998 4648 Β
2028 4575 2154 4630 Non
2196 4572 2482 4641 sacriﬁco,
2543 4573 2754 4643 inquit,
2826 4572 2929 4628 sed
3005 4575 3367 4642 sacriﬁcabo,
3444 4575 3671 4648 signifi-

266 4664 432 4747 fuitm
462 4670 612 4739 (Luc.
641 4682 702 4733 II,
730 4664 842 4747 29).
875 4666 1113 4736 propter
1158 4658 1457 4718 Christum
1514 4661 1904 4732 exspectabat.

267 4746 542 4841 Christus
571 4754 726 4812 enim
758 4754 857 4809 rex
885 4755 1086 4808 noster
1123 4755 1250 4817 est;
1309 4752 1370 4804 et
1423 4749 1551 4804 ideo
1610 4750 1763 4841 quod
1820 4768 1957 4841 rex.

256 4836 456 4915 jubet,
472 4845 735 4902 deserere
756 4850 870 4899 non
902 4854 1219 4915 possumus
1245 4841 1301 4893 et
1322 4837 1915 4903 contemnere.Quan-

263 4937 367 4990 llos
396 4930 710 5008 imperator
738 4936 902 4987 terra:
936 4931 1112 5002 hujus
1142 4929 1201 4983 in
1233 4926 1555 4999 peregrinis
1612 4926 1757 4983 locis
1814 4932 1917 4985 aut

294 5114 305 5117 Δ
341 5044 421 5115 (3)
454 5028 620 5117 Rom.
655 5037 792 5117 edit.
826 5043 921 5100 hic
946 5048 1004 5117 et
1034 5044 1204 5108 infra,
1236 5028 1407 5109 Nunc,
1428 5032 1672 5111 Domine,
1705 5036 1917 5117 dimitte

261 5108 512 5188 seruum,
535 5121 643 5173 et'c.
666 5108 827 5180 Quod
860 5115 1093 5188 quidem
1127 5116 1261 5169 cum
1294 5118 1469 5168 sensu
1498 5128 1575 5188 (ac
1604 5108 1913 5188 verborum

268 5186 434 5245 serie
465 5188 607 5245 satis
637 5186 915 5243 cohaeret:
938 5188 1188 5241 attamen
1221 5192 1425 5240 omnes
1456 5187 1513 5239 et
1545 5190 1755 5241 mss.et
1776 5186 1912 5241 edit.

260 5264 387 5314 vet.
419 5277 453 5315 a
479 5260 729 5331 Vulgata
757 5276 871 5314 non
903 5258 1278 5324 dissentiunt,
1312 5257 1423 5311 nisi
1457 5257 1607 5328 quod
1636 5257 1916 5312 omittunt

262 5346 482 5387 vocem
514 5332 752 5386 Domine.
1250 5388 1255 5393 ,

288 5448 307 5478 ε,
326 5402 665 5478 Κάλεβάθω
693 5402 857 5478 Rom.
889 5399 1026 5456 edit.
1058 5392 1296 5478 corporis
1326 5392 1487 5478 liujus
1525 5399 1910 5478 ‘cogitatioues.

485 5468 613 5540 vox,
633 5474 982 5546 cogitationes
1012 5468 1195 5541 neque
1226 5468 1446 5546 inaliis
1477 5469 1613 5525 edit.
1643 5472 1749 5546 aut
1780 5469 1915 5546 ullis

269 5541 525 5600 oafniuo
556 5541 1032 5607 msinnvenitur,
1057 5557 1243 5613 neque
1264 5541 1494 5596 videtur
1518 5545 1574 5595 et
1590 5541 1912 5597 admodum

261 5615 480 5672 sensui
509 5614 851 5671 necessaria.

341 5687 423 5759 (5)
458 5687 595 5743 Mss.
627 5686 865 5757 aliquot,
889 5684 1090 5741 divinis
1131 5684 1367 5755 placere,
1424 5699 1589 5755 quam
1641 5684 1700 5739 in
1747 5686 1912 5740 terris

2024 4680 2164 4719 cans
2204 4661 2349 4717 illud
2417 4662 2738 4734 perfectum
2814 4678 2961 4731 esse,
3038 4666 3272 4736 quando
3350 4662 3669 4735 unusquis-

2023 4768 2136 4823 que
2176 4750 2442 4818 Domino,
2483 4750 2741 4821 corporis
2808 4750 3057 4807 vinculis
3134 4752 3440 4809 absolutus
3519 4750 3665 4805 assi-

2023 4844 2221 4905 steret,
2281 4844 2336 4893 et
2403 4838 2635 4894 offerret
2675 4852 2736 4894 se
2775 4839 3029 4896 hostiam
3068 4841 3262 4898 laudis
3304 4859 3318 4909 ;
3361 4840 3501 4911 quia
3537 4842 3671 4893 ante

2023 4930 2269 4984 mortem
2345 4927 2511 4983 nulla
2584 4930 2671 4983 est
2744 4929 2998 5001 perfecta
3071 4929 3328 4985 laudatio
3384 4944 3399 4982 :
3475 4942 3667 4998 neque

2022 5046 2224 5111 vivere,
2256 5046 2394 5113 Ergo
2425 5053 2610 5100 sancto
2643 5045 2889 5101 Christus
2917 5050 2992 5100 est
3011 5046 3204 5100 m‘vere.
3230 5046 3337 5098 etc.
3372 5041 3486 5096 Alii
3520 5058 3663 5097 mss.

2022 5121 2078 5171 et
2107 5117 2246 5171 edit.
2278 5120 2387 5170 vet.
2420 5120 2483 5170 ut
2512 5115 2570 5170 in
2606 5120 2762 5169 textu
2789 5132 2802 5177 ;
2847 5114 2943 5169 ubi
2975 5116 3112 5169 edit.
3162 5116 3327 5168 Rom.
3365 5126 3491 5184 pro,
3539 5129 3668 5168 san-

2021 5191 2103 5243 eto
2132 5187 2379 5242 Christus
2402 5190 2499 5252 est,
2543 5184 2868 5251 substituit,
2926 5200 3077 5239 servo
3132 5186 3231 5240 Dei
3283 5184 3530 5239 Christus
3557 5188 3657 5239 est.

2026 5261 2243 5314 Iterum
2274 5275 2461 5325 voces,
2499 5258 2645 5314 Unde
2672 5257 2977 5327 Apostolus,
3006 5256 3064 5309 in
3115 5256 3343 5311 cunctis
3401 5255 3541 5327 edit.
3603 5272 3668 5311 ac

2025 5346 2170 5396 mss,
2203 5348 2319 5386 non
2350 5327 2552 5400 paucis
2572 5326 2805 5391 desunt,
2839 5342 2988 5398 quas
3020 5342 3164 5381 mss.
3201 5326 3468 5383 nonnulli
3501 5326 3664 5383 bonae

2024 5406 2173 5458 notae
2206 5398 2539 5458 restituunt.
3524 5398 3525 5401 ‘

2115 5476 2169 5541 6)
2203 5475 2438 5533 Crimen,
2474 5470 2530 5524 id
2564 5471 2652 5541 est
2676 5465 3166 5537 criminationem,
3201 5468 3484 5525 nimirum
3536 5485 3663 5541 ma-

2023 5539 2239 5601 ledicta
2268 5560 2334 5600 ac
2365 5539 2664 5613 probriin
2706 5555 2957 5613 omnem
3016 5541 3335 5597 exercitum
3395 5539 3672 5597 Israeliti-

2022 5634 2157 5673 cum
2184 5635 2219 5673 a
2249 5608 2484 5689 gigante
2514 5608 2739 5666 Goliath
2764 5618 3063 5685 congesta.
