4012 6192
179 291 286 356 573

1378 291 1608 355 LIBER
1649 291 1753 354 DE
1796 283 2009 354 BONO
2052 288 2370 356 MORTIS.

179 429 394 494 rentem
424 425 760 502 cogitationi
791 426 1050 487 animam
1091 427 1344 486 abducat
1376 445 1408 485 a
1439 443 1597 493 vero,
1648 431 1823 499 atque
1852 424 1910 492 Α
1939 431 2122 484 morte
2180 427 2490 502 amittitur,
2523 426 2626 488 sed
2679 431 2962 506 augetur:
3014 443 3119 488 nec
3165 429 3284 489 ullo
3335 428 3582 505 impedi-

179 516 243 574 ab
273 517 596 581 intentione
628 519 911 575 deﬂectet.

242 607 330 662 12.
395 606 609 663 Multas
663 608 843 681 igitur
890 608 1298 681 occupationes
1348 607 1516 664 nobis
1566 606 1824 681 corporis

181 695 353 766 hujus
386 695 706 752 necessitas
735 696 943 770 gignit,
980 701 1151 769 atque
1177 714 1323 753 usus
1345 696 1585 762 invehit,
1611 695 1824 768 quibus

182 784 497 857 impeditur
556 785 765 840 animae
827 786 1012 859 vigor,
1082 803 1148 841 ac
1196 791 1496 842 revocatur
1557 784 1822 840 intentio.

183 873 339 930 Unde
385 874 457 929 de
499 889 561 929 se
609 873 850 946 pulchre
896 875 1037 930 dicit
1085 860 1324 931 sanctus
1368 875 1516 930 Job:
1571 873 1828 929 Memento

183 963 307 1035 quia
354 961 539 1016 lutum
578 979 666 1017 me
716 963 934 1034 ﬁnxisti
980 964 1095 1032 (Job
1143 982 1199 1031 x,
1243 965 1318 1036 9).
1363 963 1419 1018 Si
1457 979 1592 1036 ergo
1635 961 1826 1017 lutum

185 1056 265 1107 est
296 1067 537 1124 corpus,
569 1050 774 1106 oblinit
801 1068 906 1107 nos
953 1053 1174 1124 utique,
1209 1070 1325 1108 non
1359 1052 1551 1117 diluit,
1585 1056 1642 1107 et
1670 1050 1829 1106 coin-

185 1140 387 1212 quinat
417 1139 675 1196 animam
707 1139 1149 1212 inquinamento
1195 1141 1677 1213 intemperantiae.
1732 1139 1828 1194 Co-

185 1231 327 1284 rium
355 1233 409 1284 et
439 1245 661 1284 carnem
689 1245 795 1297 me,
826 1229 1040 1302 inquit,
1073 1229 1326 1300 induisti,
1371 1231 1578 1286 ossibus
1616 1237 1666 1284 et
1703 1245 1828 1284 ner-

188 1321 256 1373 vis
289 1319 583 1373 intexuisti
624 1317 783 1387 (Ibid.
837 1317 944 1388 1i).
989 1317 1229 1389 Ligatur
1273 1318 1470 1390 itaque
1513 1323 1568 1374 et
1615 1317 1832 1372 disten-

189 1407 340 1462 ditur
370 1406 570 1482 anima
601 1409 803 1460 nostra
832 1406 1004 1461 istius
1031 1406 1290 1478 corporis
1338 1407 1550 1473 nervis,
1597 1410 1653 1462 et
1703 1406 1831 1461 ideo

189 1495 477 1551 interdum
511 1493 766 1567 rigescit,
813 1512 962 1566 saepe
1003 1499 1296 1550 curvatur.
1344 1497 1412 1550 Et
1458 1495 1713 1563 addidit;
1767 1495 1833 1548 ab

189 1586 473 1656 iniquitate
502 1585 840 1638 innocentem
869 1600 955 1637 me
984 1600 1091 1640 non
1119 1586 1316 1656 fecisti.
1358 1585 1418 1640 Si
1448 1586 1597 1639 enim
1631 1585 1834 1655 impius

1934 519 2129 572 mento
2162 518 2368 574 mortis
2395 520 2725 576 retardatur
2755 519 2952 577 anima
2983 539 2995 577 :
3031 522 3129 576 sed
3166 526 3440 593 operatur
3468 539 3586 579 ma.-

1933 606 2042 675 gis,
2075 607 2213 678 quia
2235 613 2510 680 operatur
2538 626 2665 681 quis
2697 627 2805 664 sua
2835 614 2992 678 sunt,
3027 611 3152 665 sine
3175 610 3296 666 ulla
3313 610 3586 668 societate

1935 695 2212 766 corporis.
2249 697 2403 768 quod
2445 697 2651 752 animae
2684 699 2888 770 majori
2922 699 3080 754 oneri
3114 715 3291 770 quam
3314 699 3448 756 usui
3472 706 3584 757 est.

1935 782 2081 846 Quid
2123 784 2305 856 igitur
2342 786 2479 841 mali
2514 790 2603 842 est
2632 788 2862 854 animae,
2899 805 3026 860 quin
3069 790 3382 860 puritatem
3415 808 3584 847 suam

1937 873 2275 929 custodierit
2304 877 2361 929 et
2386 875 2669 931 virtutum
2704 875 3077 948 disciplinam
3100 879 3453 934 servaverit?
3474 883 3590 936 Aut

1938 961 1986 1015 si
2021 979 2133 1017 non
2165 963 2498 1029 servaverit,
2532 982 2645 1019 non
2681 981 2837 1019 mors
2869 964 3111 1030 malum,
3135 967 3235 1021 sed
3263 966 3416 1032 vita;
3452 967 3591 1039 quia

1937 1050 2053 1104 vita
2085 1068 2197 1106 non
2235 1053 2362 1107 fuit.
2407 1055 2540 1118 Quae
2569 1057 2657 1109 est
2685 1053 2840 1108 enim
2872 1054 2990 1108 vita
3017 1054 3170 1109 vitiis
3220 1056 3591 1127 peccatisque

1939 1139 2127 1194 obsita
2147 1140 2174 1192 ?
2203 1139 2347 1203 Quid
2392 1141 2572 1212 igitur
2600 1158 2950 1197 accusamus
2981 1146 3248 1210 mortem,
3307 1160 3431 1215 quae
3491 1149 3593 1200 aut

1940 1227 2069 1282 vitae
2110 1229 2358 1300 pretium
2408 1229 2540 1296 luit,
2581 1234 2682 1284 aut
2724 1229 2916 1285 abolet
2945 1232 3072 1300 ejus
3104 1230 3366 1287 dolorem
3418 1237 3592 1305 atque

1941 1317 2261 1372 cruciatum
2285 1318 2311 1371 ?
2335 1319 2530 1390 Itaque
2561 1335 2719 1374 mors
2750 1323 2851 1374 aut
2882 1336 2998 1374 suae
3033 1320 3246 1391 quietis
3294 1322 3446 1377 bono
3479 1322 3592 1378 uti-

1941 1409 2057 1470 tur,
2093 1410 2192 1459 aut
2215 1405 2368 1460 malo
2400 1405 2587 1462 alieno
2620 1407 2865 1461 laborat.

2017 1495 2100 1548 14.
2135 1494 2299 1548 Nunc
2332 1494 2472 1550 illud
2508 1501 2738 1565 specta:
2775 1496 2822 1551 si
2857 1495 2972 1550 vita
3004 1497 3184 1562 oneri,
3231 1514 3388 1554 mors
3410 1499 3594 1554 Abso-

1943 1580 2186 1637 lutioni:
2223 1582 2271 1638 si
2304 1583 2422 1638 vita
2461 1583 2771 1656 supplicio,
2824 1601 2982 1640 mors
3041 1586 3296 1642 remedio
3331 1603 3344 1640 :
3388 1591 3492 1642 aut
3547 1587 3598 1642 si

188 1676 355 1745 fuero,
399 1690 479 1729 va:
508 1672 688 1728 mihi:
737 1674 788 1727 si
816 1679 999 1728 autem
1027 1675 1137 1729 sim
1157 1676 1361 1745 justus,
1393 1690 1504 1730 non
1531 1677 1720 1745 potero
1749 1688 1836 1726 me
1935 1669 2228 1740 judicium
2253 1676 2385 1744 post
2431 1676 2702 1739 mortem,
2754 1671 2930 1728 etiam
2979 1673 3098 1729 vita
3145 1680 3277 1744 post
3323 1678 3595 1732 mortem.

3464 298 3619 363 5η-
3683 309 3690 313 ’

183 1764 473 1819 reclinare.
507 1763 707 1817 Plenus
737 1763 882 1817 enim
914 1764 1251 1858 confusionis
1287 1779 1427 1818 sum.
1471 1762 1836 1858 lntroduxisti
1867 1793 1916 1858 Β
1944 1759 2076 1858 γὶἰει
2101 1759 2278 1832 igitur
2311 1761 2402 1858 hic
2434 1779 2548 1816 non
2582 1765 2669 1817 est
2689 1762 2855 1858 bona
2895 1762 3046 1833 (10):
3097 1766 3196 1817 aut
3243 1762 3291 1818 si
3341 1763 3434 1818 hic
3483 1764 3601 1818 vita

183 1868 347 1925 super
376 1867 465 1907 me
503 1852 823 1906 tentationes
856 1851 1012 1917 (Ibid.
1059 1850 1146 1920 lli,
1183 1851 1289 1921 15).
1341 1851 1489 1914 Quid
1548 1849 1704 1906 enim
1752 1853 1840 1904 est
1869 1849 1913 1858 ”
1950 1849 2121 1917 bona,
2153 1850 2445 1921 quomodo
2477 1867 2635 1906 mors
2668 1849 2786 1905 illic
2818 1867 2934 1905 non
2964 1855 3053 1906 est
3100 1852 3274 1918 bona,
3327 1869 3461 1908 cum
3519 1851 3600 1908 ibi

191 1940 344 1997 aliud
376 1939 501 1994 hinc
521 1938 637 1994 vita
667 1938 782 1994 nisi
816 1938 987 2010 plena
1008 1938 1390 2011 laqueorum?
1422 1941 1575 1995 Inter
1600 1939 1840 2011 laqueos
1949 1936 2148 1993 nullus
2175 1938 2431 2010 supersit
2461 1938 2733 1994 terribilis
2765 1939 2974 2008 judicii
3028 1942 3268 1995 metus?
3311 1940 3422 1996 Sed
3472 1940 3602 2012 ipsa

194 2027 586 2093 ambulamus,
621 2028 770 2083 inter
803 2027 1089 2100 plurimas
1118 2044 1425 2083 versamur
1463 2029 1836 2084 tentationes.

195 2118 448 2190 Denique
478 2118 633 2172 idem
663 2133 842 2188 supra
873 2116 986 2172 ait:
1024 2118 1301 2189 Numquid
1347 2135 1457 2173 non.
1497 2121 1726 2174 tentatio
1763 2126 1840 2172 est

196 2209 303 2263 vita
352 2206 591 2262 hominis
629 2208 689 2260 in
718 2211 868 2261 terra
902 2206 1017 2275 (Job
1063 2223 1162 2271 vn,
1199 2207 1296 2277 1)?
1340 2208 1491 2262 Bene
1523 2206 1744 2262 addidit
1781 2207 1838 2260 in

201 2300 362 2365 terra,
392 2296 530 2368 quia
561 2299 647 2352 est
675 2294 793 2350 vita
827 2295 1084 2350 hominis
1122 2299 1179 2350 et
1208 2295 1266 2350 in
1298 2295 1460 2351 coelo.
1511 2297 1662 2352 Sicut
1699 2313 1841 2350 mer-

204 2387 418 2454 cenarii,
475 2385 686 2457 inquit,
719 2400 920 2440 merces
964 2387 1077 2439 vita
1124 2386 1241 2456 ejus
1285 2385 1488 2456 (Ibid),
1535 2385 1594 2439 in
1646 2385 1842 2440 labore

208 2473 412 2531 scilicet
462 2478 521 2530 et
569 2477 766 2546 tepore
817 2474 914 2544 (9),
966 2472 1145 2529 levior
1193 2473 1429 2541 fabulis,
1481 2478 1537 2529 et
1580 2475 1838 2541 ﬂuitans,

211 2566 261 2618 et
290 2566 490 2618 natans
529 2562 760 2617 verbis:
814 2562 984 2632 cujus
1028 2562 1309 2617 habitatio
1358 2563 1508 2618 895
1561 2562 1619 2618 in
1667 2562 1841 2618 luteis

213 2651 488 2719 domibus,
510 2655 570 2707 et
597 2651 729 2724 ipsa
756 2651 873 2706 vita
916 2650 976 2706 in
1017 2649 1158 2706 luto.
1189 2650 1361 2706 Nulla
1393 2651 1689 2707 firmitudo
1717 2669 1844 2708 sen-

216 2729 603 2809 tentiae,'nulla
635 2738 980 2795 constantia.
1032 2741 1093 2794 In
1145 2739 1237 2794 die
1282 2757 1395 2795 nox
1453 2740 1838 2809 desideratur,

218 2827 270 2883 in
290 2833 446 2884 nocte
475 2829 600 2884 dies
631 2828 944 2900 quaeritur:
997 2831 1130 2883 ante
1159 2843 1353 2884 escam
1384 2829 1660 2900 gemitus,
1693 2829 1845 2885 inter

221 2916 362 2974 cibos
389 2917 582 2988 ﬂetus,
615 2917 906 2989 lacrymae,
956 2916 1203 2985 dolores,
1244 2918 1505 2987 timores,
1556 2918 1841 2974 sollicitu-

219 3006 384 3074 dines,
440 3005 604 3061 nulla
647 3004 878 3078 requies
909 3022 942 3059 a
993 3005 1548 3077 perturbationibus,
1613 3006 1774 3063 nulla
1809 3025 1843 3062 a

219 3093 495 3152 laboribus
528 3094 849 3157 reclinatio,
909 3093 1005 3148 ira
1066 3097 1123 3149 et
1169 3094 1589 3167 indignationis
1648 3099 1842 3151 motus

1948 2026 2044 2082 hic
2073 2027 2189 2081 vita
2222 2026 2372 2082 bona
2403 2027 2452 2082 si
2495 2032 2605 2094 est,
2655 2028 2872 2099 quibus
2903 2029 3077 2083 rebus
3107 2029 3262 2084 bona
3301 2033 3437 2085 est?
3468 2029 3598 2084 Vir-

1949 2119 2074 2171 tute
2113 2116 2340 2187 utique,
2372 2121 2429 2171 et
2459 2116 2628 2172 bonis
2655 2117 2940 2172 moribus.
2970 2118 3094 2172 Non
3115 2134 3250 2190 ergo
3275 2119 3600 2175 secundum

1950 2203 2156 2258 animm
2190 2209 2247 2259 et
2276 2205 2532 2277 corporis
2563 2204 2831 2276 copulam
2862 2205 3015 2260 bona
3043 2211 3168 2261 est:
3204 2207 3303 2261 sed
3337 2207 3474 2278 quia
3501 2224 3604 2279 per

1945 2292 2220 2348 virtutem
2253 2295 2407 2364 quod
2443 2293 2661 2349 malum
2696 2299 2785 2348 est
2816 2311 2988 2348 suum
3022 2294 3289 2366 repellit;
3320 2296 3473 2368 quod
3506 2313 3604 2352 au-

1949 2385 2066 2436 tem
2100 2382 2316 2436 bonum
2350 2386 2438 2436 est
2471 2383 2697 2446 mortis,
2727 2382 3107 2454 adipiscitur:
3134 2387 3197 2438 ut
3219 2385 3374 2456 quod
3397 2385 3602 2440 animae

1948 2475 2055 2536 est,
2090 2471 2278 2543 magis
2318 2487 2493 2542 quam
2537 2471 2592 2524 id
2625 2471 2780 2542 quod
2829 2472 3193 2528 contubernii
3247 2477 3304 2528 et
3353 2475 3601 2544 conjun-

1950 2559 2161 2616 ctionis
2192 2564 2482 2630 operetur.
2529 2560 2688 2622 Quod
2724 2559 2772 2613 si
2826 2558 2943 2614 vita
2994 2560 3167 2625 bona,
3221 2577 3347 2631 quae
3393 2562 3602 2617 animae

1952 2664 2012 2704 se
2043 2665 2074 2703 a
2105 2664 2344 2720 corpore
2375 2647 2701 2720 separantis
2732 2651 2820 2702 est
2849 2646 3176 2719 speculum,
3209 2652 3266 2703 et
3307 2649 3356 2703 si
3408 2649 3606 2703 anima

1950 2738 2102 2793 bona
2141 2755 2267 2808 qua)
2300 2753 2361 2792 se
2393 2736 2576 2792 elevat
2607 2741 2781 2807 atque
2813 2735 3050 2790 abducit
3081 2752 3114 2791 a
3145 2736 3404 2809 corporis
3461 2753 3605 2792 con-

1951 2825 2240 2893 tubernio,
2285 2829 2342 2880 et
2394 2842 2552 2881 mors
2615 2824 2820 2895 utique
2868 2828 2956 2879 est
3014 2824 3255 2893 bonum,
3325 2842 3452 2897 quae
3475 2825 3602 2881 ani-

1953 2932 2108 2970 mam
2142 2932 2176 2969 a
2207 2915 2482 2970 societate
2529 2912 2720 2969 carnis
2751 2913 2930 2982 hujus
2979 2912 3228 2968 absolvit
3273 2918 3329 2969 et
3377 2914 3604 2986 liberat.

2025 3005 2108 3059 15.
2135 3003 2521 3059 Omnifarium
2549 3003 2730 3074 igitur
2757 3017 2916 3056 mors
2959 3005 3046 3056 est
3078 3002 3318 3071 bonum,
3367 3007 3424 3059 et
3467 3001 3606 3074 quia

1955 3092 2412 3165 compugnantia
2436 3091 2663 3158 dividit,
2704 3107 2774 3146 ne
2813 3107 2874 3145 se
2931 3089 3181 3146 invicem
3235 3091 3603 3165 impugnent,

217 3184 505 3241 horridior.
539 3184 808 3255 Plerique
846 3181 1089 3254 cupiunt
1129 3159 1397 3250 mortem,
1430 3189 1486 3239 et
1515 3201 1628 3240 non
1661 3184 1843 3256 impe-
1876 3159 1920 3225 C
1959 3186 2015 3237 et
2046 3159 2418 3254 quia'portus
2449 3179 2690 3252 quidam
2722 3184 2811 3234 est
2839 3196 3038 3235 eorum
3075 3179 3172 3251 qui
3219 3159 3433 3253 magno
3477 3181 3609 3238 vitae

214 3278 390 3329 trant:
423 3274 471 3329 si
512 3277 710 3329 autem
750 3272 1208 3344 impetraverint,
1259 3272 1650 3345 gratulantur,
1706 3274 1846 3345 quia

216 3363 326 3419 sola
353 3367 438 3420 est
469 3378 628 3419 mors
659 3361 890 3433 requies
915 3361 1058 3417 viro.

837 3467 1066 3523 CAPUT
1112 3467 1202 3523 IV.

215 3557 414 3614 Mortem
443 3559 638 3613 multis
688 3557 1002 3612 nominibus
1059 3571 1169 3612 esse
1199 3557 1415 3624 bonam,
1448 3557 1539 3612 sed
1603 3561 1844 3616 maxime

281 3629 409 3712 quod
435 3631 509 3684 sit
538 3629 667 3699 ﬁnis
690 3630 920 3710 peccati,
952 3635 1001 3683 et
1047 3627 1120 3682 ad
1158 3629 1442 3709 meliorem
1471 3631 1638 3684 vitam
1660 3638 1841 3686 trans-

281 3705 399 3756 itus.
431 3700 678 3756 auodaue
705 3715 827 3756 tDStl
853 3714 954 3754 nos
999 3697 1308 3754 redemerit.

281 3714 399 3767 nus,
431 3714 678 3773 quaeque
705 3715 827 3768 ipsa
853 3714 954 3754 nos
999 3714 1308 3754 redemeris.

283 3806 362 3862 13.
393 3807 500 3863 Sed
533 3805 689 3861 dicet
742 3803 954 3876 aliquis
1000 3804 1283 3876 scriptum
1315 3821 1444 3862 esse
1491 3807 1637 3878 (Sap.
1681 3825 1720 3874 ι,
1755 3809 1842 3879 13)

222 3894 344 3965 quia
369 3895 519 3950 Deus
553 3896 801 3948 mortem
835 3909 950 3947 non
984 3892 1136 3947 fecit:
1168 3892 1285 3947 vita
1304 3897 1428 3948 erat
1459 3893 1517 3948 in
1549 3896 1841 3971 paradjso,

221 3983 310 4038 ubi
337 3983 558 4057 lignum
589 3982 722 4038 vitae
749 3981 900 4050 (Gen.
934 3998 995 4046 ιι,
1022 3982 1099 4052 9),
1130 3985 1186 4036 et
1215 3981 1335 4036 vita
1366 3986 1490 4037 erat
1520 3981 1620 4038 lux
1649 3983 1844 4039 homi-

224 4087 368 4127 num.
400 4073 554 4128 Mors
571 4071 755 4144 igitur
775 4069 949 4137 mala,
977 4086 1102 4142 quae
1121 4070 1369 4126 accessit
1390 4075 1446 4126 et
1467 4071 1841 4128 subintravit.

222 4158 320 4214 Sed
349 4160 635 4233 quomodo
666 4175 825 4215 mors
854 4158 1030 4226 mala,
1055 4158 1104 4214 si
1127 4161 1229 4213 aut
1248 4160 1574 4215 secundum
1596 4161 1844 4233 gentiles

222 4263 377 4305 sensu
410 4252 584 4316 caret,
618 4253 721 4303 aut
749 4248 1074 4304 secundum
1102 4247 1448 4319 Apostolum
1507 4248 1768 4322 (Philipp.
1803 4269 1842 4321 ι,

222 4337 302 4408 21)
327 4337 546 4394 lucrum
578 4336 846 4393 Christus
879 4339 986 4403 est,
1016 4351 1150 4392 cum
1183 4353 1297 4407 quo
1327 4353 1456 4392 esse
1489 4337 1674 4394 multo
1723 4356 1843 4395 me-

224 4422 366 4481 lius?
393 4427 690 4491 Quomodo
722 4425 900 4498 igitur
920 4441 1080 4480 mors
1101 4424 1270 4480 nobis
1301 4425 1544 4497 malum,
1565 4427 1610 4481 si
1646 4427 1843 4485 nullus

1953 3270 2124 3326 istius
2147 3269 2352 3340 jactati
2385 3269 2530 3334 salo,
2562 3269 2674 3323 ﬁde
2695 3267 2906 3340 quietis
2935 3267 3248 3323 stationem
3279 3269 3606 3340 requirunt,

1952 3361 2107 3416 898
2136 3363 2194 3413 et
2241 3357 2381 3430 quia
2428 3357 2774 3413 deteriorem
2823 3359 3046 3412 statum
3093 3373 3206 3412 non
3237 3357 3451 3412 efﬁcit:
3506 3358 3606 3412 sed

1954 3447 2186 3520 qualem
2219 3447 2276 3501 in
2310 3445 2558 3518 singulis
2590 3445 2893 3512 invenerit,
2917 3445 3110 3514 talem
3157 3446 3380 3516 judicio
3412 3447 3608 3503 futuro

1953 3540 2230 3602 reservat,
2270 3539 2326 3590 et
2351 3534 2544 3606 quiete
2575 3533 2702 3604 ipsa
2734 3534 2903 3603 fovet,
2955 3538 3011 3589 et
3043 3535 3420 3606 praesentium
3470 3536 3610 3591 invi-

1952 3624 2060 3678 diae
2093 3623 2388 3691 subducit,
2422 3626 2479 3677 et
2510 3623 2841 3677 futurorum
2891 3623 3322 3694 exspectatione
3375 3640 3608 3696 compo-

1953 3715 2057 3768 nit.
2106 3712 2339 3767 Accedit
2375 3727 2462 3776 eo,
2497 3711 2652 3782 quod
2683 3711 2902 3765 frustra
2932 3710 3199 3766 homines
3233 3717 3482 3768 mortem
3536 3713 3610 3767 ti-

1953 3806 2114 3857 ment
2145 3843 2158 3867 ,
2194 3799 2363 3872 quasi
2396 3800 2571 3855 tinem
2604 3804 2844 3854 naturae.
2871 3799 3016 3853 Nam
3037 3799 3085 3853 si
3106 3799 3432 3856 recolamus
3455 3801 3608 3871 quod

1957 3892 2105 3945 Deus
2137 3894 2384 3945 mortem
2436 3906 2549 3942 non
2600 3887 2845 3943 fecerit:
2900 3887 2999 3942 sed
3054 3893 3365 3959 postquam
3428 3889 3606 3944 homo

1952 3979 2156 4051 lapsus
2190 3978 2247 4032 in
2283 3977 2571 4049 flagitium
2605 3980 2695 4032 est
2726 3975 3220 4048 praevaricationis
3251 3981 3309 4032 et
3358 3977 3609 4045 fraudis,

1954 4067 2243 4124 sententia
2265 4083 2396 4121 eum
2425 4065 2948 4137 comprehenderit,
2985 4070 3050 4120 ut
3081 4065 3136 4120 in
3175 4069 3388 4121 terram
3439 4083 3608 4120 suam

1953 4160 2105 4212 terra
2132 4159 2415 4210 remearet
2442 4155 2595 4225 (Gen.
2629 4171 2713 4225 III,
2746 4153 2814 4208 l9
2843 4155 2881 4225 ),
2928 4153 3290 4209 inveniemus
3359 4159 3606 4210 mortem

1955 4245 2132 4301 ﬁnem
2163 4261 2288 4300 esse
2319 4243 2562 4316 peccati,
2593 4260 2664 4298 ne
2707 4259 2822 4312 quo
2883 4247 3039 4298 esset
3083 4243 3201 4298 vita
3250 4243 3604 4311 diuturnior,

1953 4351 2019 4390 eo
2050 4334 2212 4390 ﬁeret
2238 4332 2409 4404 culpa
2439 4330 2825 4386 numerosior.
2852 4331 3067 4386 Passus
3100 4331 3390 4398 estigitur
3411 4332 3606 4388 Domi-

1954 4439 2065 4478 nus
2099 4421 2429 4478 subintrare
2461 4423 2729 4486 mortem,
2763 4423 2828 4472 ut
2856 4419 3027 4489 culpa
3061 4427 3338 4475 cessaret.
3373 4421 3483 4476 Sed
3535 4437 3609 4476 ne

226 4518 341 4583 post
369 4521 608 4572 mortem
639 4531 850 4570 sensus
881 4517 968 4569 est
989 4514 1016 4567 ‘?
1050 4513 1151 4569 Ubi
1184 4513 1339 4568 enim
1372 4513 1570 4570 nullus
1613 4532 1842 4585 sensus,
1875 4524 1922 4589 Ι)
1954 4511 2166 4567 iterum
2200 4514 2420 4565 natura:
2452 4509 2586 4562 ﬁnis
2609 4512 2764 4564 esset
2793 4507 2852 4563 in
2884 4511 3088 4574 morte,
3123 4509 3261 4566 data
3287 4515 3378 4565 est
3409 4526 3608 4566 resur-

227 4601 402 4659 nullus
433 4605 636 4677 utique
667 4603 896 4674 injuriae
927 4602 1112 4668 dolor,
1145 4601 1284 4674 quia
1314 4603 1478 4659 dolor
1509 4621 1718 4661 sensus
1741 4611 1847 4675 est,

223 4690 322 4746 Aut
347 4694 479 4766 quia
505 4698 594 4751 est
626 4697 758 4766 post
796 4695 1042 4748 mortem
1094 4709 1324 4760 sensus,
1376 4697 1464 4748 est
1514 4693 1690 4750 etiam
1736 4695 1853 4752 vita

223 4785 340 4850 post
369 4787 636 4848 mortem,
669 4786 727 4836 et
756 4785 1056 4854 superstes
1087 4781 1294 4836 mortis
1343 4786 1434 4837 est
1481 4783 1679 4838 anima
1722 4801 1850 4856 qua:

222 4882 381 4926 sensu
413 4872 614 4940 utitur,
650 4874 707 4926 et
733 4871 853 4926 vita
883 4870 1168 4942 iungitur.
1217 4869 1362 4925 Cum
1408 4875 1602 4927 autem
1654 4877 1854 4930 manet

219 4963 337 5028 post
363 4965 606 5017 mortem
637 4959 759 5016 vita
787 4963 960 5032 atque
991 4958 1208 5025 anima,
1247 4965 1442 5017 manet
1472 4961 1711 5030 bonum,
1745 4980 1850 5019 nec

280 5119 350 5191 (9)
380 5120 515 5192 Mss.
550 5122 800 5192 septem.
831 5123 1088 5192 tempore,
1129 5117 1371 5187 Theod.,
1430 5128 1482 5176 et
1531 5124 1844 5178 tentatione.

213 5187 309 5270 llic
335 5187 510 5275 etiam.
541 5187 756 5275 eodem
786 5187 1140 5275 Ιρθοίιςρίον
1180 5191 1356 5275 ventis
1394 5194 1450 5275 et
1493 5192 1766 5275 fabulisx.
1799 5196 1848 5248 et

213 5261 325 5332 ipsa
370 5264 589 5317 vitain
636 5262 933 5344 doloribus.
987 5261 1137 5316 Flor.
1194 5261 1324 5344 Alb.
1377 5260 1525 5343 alter
1579 5268 1637 5318 et
1705 5264 1842 5336 Reg.

208 5331 372 5414 alter,
398 5335 574 5414 levior
628 5333 1178 5414 tabulistfortassez
1236 5333 1488 5414 tzpulis:_
1533 5349 1658 5405 quae
1709 5339 1848 5414 sunt

202 5404 553 5486 animalcula
582 5404 930 5486 quaedamin
964 5404 1213 5486 summis
1244 5404 1412 5486 aquis
1435 5404 1843 5486 discurrentia,

199 5478 355 5549 unde
382 5482 587 5533 natum
619 5476 1012 5549 proverbium,
1063 5476 1236 5549 leuior
1270 5477 1468 5547 tipula.
1522 5476 1660 5549 Reg.
1711 5494 1844 5533 vero

196 5547 472 5605 ultimam
504 5547 731 5622 partem
760 5548 844 5604 sic
874 5547 1071 5622 habet,
1101 5547 1326 5622 ﬂuitans
1345 5552 1398 5622 et
1428 5547 1631 5622 nutans
1645 5549 1842 5622 verbis,

196 5622 359 5678 nulla
392 5617 667 5682 firmitudo
693 5620 1000 5689 sententia,
1026 5623 1182 5690 cujus
1232 5617 1403 5676 habit.
1456 5620 1517 5673 in
1566 5621 1664 5676 tut.
1699 5620 1842 5678 dom.

1961 4601 2136 4656 rectio
2168 4602 2554 4665 mortuorum,
2587 4600 2653 4650 ut
2683 4611 2786 4667 per
2816 4601 3062 4650 mortem
3109 4598 3283 4670 culpa
3316 4599 3606 4666 deficeret,

1961 4707 2062 4761 per
2093 4687 2570 4744 resurrectionem
2614 4689 2811 4740 autem
2871 4692 3320 4758 perpetuaretur
3376 4691 3604 4742 natura.

1962 4779 2209 4851 Ideoque
2242 4793 2399 4830 mors
2430 4775 2550 4829 haec
2580 4774 2865 4849 transitus
2890 4775 3293 4831 universorum
3315 4778 3422 4829 est.
3448 4775 3607 4845 Opus

1957 4872 2046 4923 est
2071 4871 2134 4922 ut
2165 4868 2501 4921 constanter
2527 4867 2813 4919 transeas.
2847 4864 3152 4920 Transitus
3183 4869 3375 4919 autem
3419 4879 3452 4916 a
3481 4878 3606 4916 cor-

1960 4955 2228 5028 ruptione
2260 4954 2330 5010 ad
2363 4941 2880 5024 incorruptionem,
2916 4969 2948 5008 a
2979 4951 3331 5023 mortalitate
3381 4950 3453 5005 ad
3505 4950 3608 5005 im-

1931 5122 2007 5174 et
2054 5118 2114 5171 in
2160 5118 2280 5187 ipsa
2344 5116 2504 5169 nulla
2573 5113 2901 5169 constantia.
2962 5107 3226 5164 Concinit
3273 5108 3402 5164 Vat.
3473 5111 3602 5166 cod.

1959 5190 2014 5244 in
2048 5204 2205 5249 voce,
2236 5194 2457 5242 nutans.

2028 5261 2136 5331 (10)
2165 5256 2660 5331 vet._edit._,__Mors
2691 5255 2861 5331 igitur
2889 5267 2957 5305 ea
2984 5266 3100 5331 non
3114 5257 3201 5329 est
3253 5249 3409 5331 bona.
3461 5251 3604 5331 Mss.

1955 5320 2160 5386 omnes
2217 5327 2386 5391 Gall.,
2461 5329 2577 5380 Vita
2639 5320 2818 5394 igitur,
2855 5320 3389 5394 ea,_MeliusVat.
3451 5324 3606 5389 cod.,

1958 5404 2079 5458 Vita
2110 5401 2280 5472 igitur
2309 5398 2415 5460 hic,
2459 5401 2567 5450 etc.
2592 5392 2697 5472 Sic
2750 5393 2924 5472 etiam
2960 5392 3110 5472 infra
3137 5465 3150 5472 _
3171 5393 3270 5472 ubi
3303 5393 3466 5472 edit,”
3501 5396 3608 5472 sed

1955 5477 2074 5599 ipsa
2096 5463 2209 5527 have
2231 5472 2360 5535 vita,
2405 5484 2548 5522 mss.
2587 5467 2700 5520 fere
2732 5465 2799 5519 ad
2839 5481 3026 5519 unum
3061 5463 3294 5533 habent,
3339 5468 3431 5522 sed
3487 5469 3608 5539 ipsa

1995 5547 2045 5599 ic
2074 5546 2204 5599 vita.

1995 5547 2045 5600 ic
2074 5546 2204 5599 vita.
