  <div class='ocr_page' id='page_1' title='image "/cluster/home/n/w/nwhite01/storage/ocr_20150623/14/hvd.32044048207138/293.png"; bbox 0 0 4012 6192; ppageno 0'>
   <div class='ocr_carea' id='block_1_1' title="bbox 461 268 583 349">
    <p class='ocr_par' dir='ltr' id='par_1_1' title="bbox 461 268 583 349">
     <span class='ocr_line' id='line_1_1' title="bbox 461 268 583 349; baseline 0.008 -1"><span class='ocrx_word' id='word_1_1' title='bbox 461 268 583 349; x_wconf 65' lang='lat' dir='ltr'>sis</span> 
     </span>
    </p>
   </div>
   <div class='ocr_carea' id='block_1_2' title="bbox 1931 262 3791 362">
    <p class='ocr_par' dir='ltr' id='par_1_2' title="bbox 1931 262 3791 362">
     <span class='ocr_line' id='line_1_2' title="bbox 1931 262 3791 362; baseline 0.006 -12"><span class='ocrx_word' id='word_1_2' title='bbox 1931 280 1998 350; x_wconf 87' lang='lat' dir='ltr'>s.</span> <span class='ocrx_word' id='word_1_3' title='bbox 2044 262 2425 353; x_wconf 65' lang='lat' dir='ltr'>Aueaosu</span> <span class='ocrx_word' id='word_1_4' title='bbox 3700 286 3791 362; x_wconf 72' lang='lat' dir='ltr'>sit</span> 
     </span>
    </p>
   </div>
   <div class='ocr_carea' id='block_1_3' title="bbox 459 404 3794 510">
    <p class='ocr_par' dir='ltr' id='par_1_3' title="bbox 459 404 3794 510">
     <span class='ocr_line' id='line_1_3' title="bbox 459 404 3794 510; baseline 0.004 -32"><span class='ocrx_word' id='word_1_5' title='bbox 459 416 895 510; x_wconf 81' lang='lat' dir='ltr'>mortalitatem,</span> <span class='ocrx_word' id='word_1_6' title='bbox 938 432 973 474; x_wconf 76' lang='grc' dir='ltr'>ιι</span> <span class='ocrx_word' id='word_1_7' title='bbox 1018 404 1453 510; x_wconf 80' lang='lat' dir='ltr'>perturbatione</span> <span class='ocrx_word' id='word_1_8' title='bbox 1500 414 1573 510; x_wconf 82' lang='lat' dir='ltr'>ad</span> <span class='ocrx_word' id='word_1_9' title='bbox 1614 416 2100 510; x_wconf 83' lang='lat' dir='ltr'>tranquilitatem.</span> <span class='ocrx_word' id='word_1_10' title='bbox 2133 422 2346 496; x_wconf 58' lang='lat' dir='ltr'>A&#39;ejus</span> <span class='ocrx_word' id='word_1_11' title='bbox 2374 411 2705 482; x_wconf 68' lang='lat' dir='ltr'>haeremus:</span> <span class='ocrx_word' id='word_1_12' title='bbox 2761 420 2903 482; x_wconf 85' lang='lat' dir='ltr'>dum</span> <span class='ocrx_word' id='word_1_13' title='bbox 2943 422 3229 499; x_wconf 46' lang='lat' dir='ltr'>prﬁdiam</span> <span class='ocrx_word' id='word_1_14' title='bbox 3266 420 3603 502; x_wconf 61' lang='lat' dir='ltr'>tundimus,</span> <span class='ocrx_word' id='word_1_15' title='bbox 3630 430 3794 510; x_wconf 76' lang='lat' dir='ltr'>alliga-</span> 
     </span>
    </p>
   </div>
   <div class='ocr_carea' id='block_1_4' title="bbox 458 506 2100 581">
    <p class='ocr_par' dir='ltr' id='par_1_4' title="bbox 458 506 2100 581">
     <span class='ocr_line' id='line_1_4' title="bbox 458 506 2100 581; baseline -0.001 -15"><span class='ocrx_word' id='word_1_16' title='bbox 458 510 583 566; x_wconf 85' lang='lat' dir='ltr'>Non</span> <span class='ocrx_word' id='word_1_17' title='bbox 632 506 810 581; x_wconf 83' lang='lat' dir='ltr'>igitur</span> <span class='ocrx_word' id='word_1_18' title='bbox 858 524 1073 565; x_wconf 86' lang='lat' dir='ltr'>nomen</span> <span class='ocrx_word' id='word_1_19' title='bbox 1121 513 1176 564; x_wconf 89' lang='lat' dir='ltr'>te</span> <span class='ocrx_word' id='word_1_20' title='bbox 1226 508 1432 565; x_wconf 90' lang='lat' dir='ltr'>mortis</span> <span class='ocrx_word' id='word_1_21' title='bbox 1484 506 1758 577; x_wconf 73' lang='lat' dir='ltr'>offendat,</span> <span class='ocrx_word' id='word_1_22' title='bbox 1808 511 1908 567; x_wconf 84' lang='lat' dir='ltr'>sed</span> <span class='ocrx_word' id='word_1_23' title='bbox 1963 510 2100 567; x_wconf 89' lang='lat' dir='ltr'>boni</span> 
     </span>
    </p>
   </div>
   <div class='ocr_carea' id='block_1_5' title="bbox 455 595 2101 667">
    <p class='ocr_par' dir='ltr' id='par_1_5' title="bbox 455 595 2101 667">
     <span class='ocr_line' id='line_1_5' title="bbox 455 595 2101 667; baseline 0.001 -13"><span class='ocrx_word' id='word_1_24' title='bbox 455 595 740 654; x_wconf 78' lang='lat' dir='ltr'>transitus</span> <span class='ocrx_word' id='word_1_25' title='bbox 771 597 1055 654; x_wconf 84' lang='lat' dir='ltr'>beneﬁcia</span> <span class='ocrx_word' id='word_1_26' title='bbox 1080 596 1387 653; x_wconf 85' lang='lat' dir='ltr'>delectent.</span> <span class='ocrx_word' id='word_1_27' title='bbox 1429 597 1579 664; x_wconf 86' lang='lat' dir='ltr'>Quid</span> <span class='ocrx_word' id='word_1_28' title='bbox 1610 601 1698 654; x_wconf 88' lang='lat' dir='ltr'>est</span> <span class='ocrx_word' id='word_1_29' title='bbox 1722 597 1878 655; x_wconf 92' lang='lat' dir='ltr'>enim</span> <span class='ocrx_word' id='word_1_30' title='bbox 1921 615 2101 667; x_wconf 90' lang='lat' dir='ltr'>mors,</span> 
     </span>
    </p>
   </div>
   <div class='ocr_carea' id='block_1_6' title="bbox 456 685 2102 760">
    <p class='ocr_par' dir='ltr' id='par_1_6' title="bbox 456 685 2102 760">
     <span class='ocr_line' id='line_1_6' title="bbox 456 685 2102 760; baseline 0 -17"><span class='ocrx_word' id='word_1_31' title='bbox 456 687 570 743; x_wconf 89' lang='lat' dir='ltr'>nisi</span> <span class='ocrx_word' id='word_1_32' title='bbox 602 687 905 760; x_wconf 84' lang='lat' dir='ltr'>sepultura</span> <span class='ocrx_word' id='word_1_33' title='bbox 935 687 1229 755; x_wconf 89' lang='lat' dir='ltr'>vitiorum,</span> <span class='ocrx_word' id='word_1_34' title='bbox 1268 685 1553 742; x_wconf 86' lang='lat' dir='ltr'>virtutum</span> <span class='ocrx_word' id='word_1_35' title='bbox 1576 687 1878 743; x_wconf 88' lang='lat' dir='ltr'>suscitatio</span> <span class='ocrx_word' id='word_1_36' title='bbox 1899 687 2102 743; x_wconf 89' lang='lat' dir='ltr'>?Unde</span> 
     </span>
    </p>
   </div>
   <div class='ocr_carea' id='block_1_7' title="bbox 457 776 2103 848">
    <p class='ocr_par' dir='ltr' id='par_1_7' title="bbox 457 776 2103 848">
     <span class='ocr_line' id='line_1_7' title="bbox 457 776 2103 848; baseline -0.001 -16"><span class='ocrx_word' id='word_1_37' title='bbox 457 779 516 833; x_wconf 89' lang='lat' dir='ltr'>et</span> <span class='ocrx_word' id='word_1_38' title='bbox 544 776 641 832; x_wconf 90' lang='lat' dir='ltr'>ille</span> <span class='ocrx_word' id='word_1_39' title='bbox 674 777 785 833; x_wconf 89' lang='lat' dir='ltr'>ait:</span> <span class='ocrx_word' id='word_1_40' title='bbox 818 776 1079 831; x_wconf 82' lang='lat' dir='ltr'>Moriatur</span> <span class='ocrx_word' id='word_1_41' title='bbox 1127 777 1318 831; x_wconf 86' lang='lat' dir='ltr'>anima</span> <span class='ocrx_word' id='word_1_42' title='bbox 1356 792 1481 831; x_wconf 88' lang='lat' dir='ltr'>mea</span> <span class='ocrx_word' id='word_1_43' title='bbox 1511 777 1572 832; x_wconf 83' lang='lat' dir='ltr'>in</span> <span class='ocrx_word' id='word_1_44' title='bbox 1602 777 1806 831; x_wconf 86' lang='lat' dir='ltr'>animis</span> <span class='ocrx_word' id='word_1_45' title='bbox 1828 777 2103 848; x_wconf 87' lang='lat' dir='ltr'>justorum</span> 
     </span>
    </p>
   </div>
   <div class='ocr_carea' id='block_1_8' title="bbox 457 862 2104 938">
    <p class='ocr_par' dir='ltr' id='par_1_8' title="bbox 457 862 2104 938">
     <span class='ocr_line' id='line_1_8' title="bbox 457 862 2104 938; baseline -0.001 -17"><span class='ocrx_word' id='word_1_46' title='bbox 457 866 641 938; x_wconf 85' lang='lat' dir='ltr'>(Num.</span> <span class='ocrx_word' id='word_1_47' title='bbox 672 881 832 932; x_wconf 85' lang='lat' dir='ltr'>xxm,</span> <span class='ocrx_word' id='word_1_48' title='bbox 864 863 976 931; x_wconf 88' lang='grc'><strong>10),</strong></span> <span class='ocrx_word' id='word_1_49' title='bbox 1007 862 1065 918; x_wconf 91' lang='lat' dir='ltr'>id</span> <span class='ocrx_word' id='word_1_50' title='bbox 1091 867 1200 928; x_wconf 90' lang='lat' dir='ltr'>est,</span> <span class='ocrx_word' id='word_1_51' title='bbox 1251 863 1700 936; x_wconf 88' lang='lat' dir='ltr'>consepeliatur,</span> <span class='ocrx_word' id='word_1_52' title='bbox 1733 868 1797 920; x_wconf 91' lang='lat' dir='ltr'>ut</span> <span class='ocrx_word' id='word_1_53' title='bbox 1826 878 1934 920; x_wconf 87' lang='lat' dir='ltr'>sua</span> <span class='ocrx_word' id='word_1_54' title='bbox 1963 864 2104 921; x_wconf 90' lang='lat' dir='ltr'>vitia</span> 
     </span>
    </p>
   </div>
   <div class='ocr_carea' id='block_1_9' title="bbox 454 953 2103 1026">
    <p class='ocr_par' dir='ltr' id='par_1_9' title="bbox 454 953 2103 1026">
     <span class='ocr_line' id='line_1_9' title="bbox 454 953 2103 1026; baseline -0.001 -16"><span class='ocrx_word' id='word_1_55' title='bbox 454 956 722 1025; x_wconf 81' lang='lat' dir='ltr'>deponat,</span> <span class='ocrx_word' id='word_1_56' title='bbox 747 953 1045 1022; x_wconf 86' lang='lat' dir='ltr'>justorum</span> <span class='ocrx_word' id='word_1_57' title='bbox 1080 957 1345 1009; x_wconf 81' lang='lat' dir='ltr'>assumat</span> <span class='ocrx_word' id='word_1_58' title='bbox 1374 954 1623 1026; x_wconf 83' lang='lat' dir='ltr'>gratiam</span> <span class='ocrx_word' id='word_1_59' title='bbox 1657 954 1755 1025; x_wconf 88' lang='lat' dir='ltr'>qui</span> <span class='ocrx_word' id='word_1_60' title='bbox 1791 953 2103 1009; x_wconf 85' lang='lat' dir='ltr'>mortifica-</span> 
     </span>
    </p>
   </div>
   <div class='ocr_carea' id='block_1_10' title="bbox 451 1038 2103 1113">
    <p class='ocr_par' dir='ltr' id='par_1_10' title="bbox 451 1038 2103 1113">
     <span class='ocr_line' id='line_1_10' title="bbox 451 1038 2103 1113; baseline 0 -16"><span class='ocrx_word' id='word_1_61' title='bbox 451 1038 670 1097; x_wconf 79' lang='lat' dir='ltr'>tionem</span> <span class='ocrx_word' id='word_1_62' title='bbox 701 1040 915 1097; x_wconf 85' lang='lat' dir='ltr'>Christi</span> <span class='ocrx_word' id='word_1_63' title='bbox 943 1040 1004 1096; x_wconf 90' lang='lat' dir='ltr'>in</span> <span class='ocrx_word' id='word_1_64' title='bbox 1036 1057 1275 1113; x_wconf 90' lang='lat' dir='ltr'>corpore</span> <span class='ocrx_word' id='word_1_65' title='bbox 1305 1058 1411 1097; x_wconf 90' lang='lat' dir='ltr'>suo</span> <span class='ocrx_word' id='word_1_66' title='bbox 1434 1050 1607 1113; x_wconf 81' lang='lat' dir='ltr'>atque</span> <span class='ocrx_word' id='word_1_67' title='bbox 1638 1043 1837 1098; x_wconf 80' lang='lat' dir='ltr'>anima</span> <span class='ocrx_word' id='word_1_68' title='bbox 1852 1041 2103 1098; x_wconf 84' lang='lat' dir='ltr'>circum-</span> 
     </span>
    </p>
   </div>
   <div class='ocr_carea' id='block_1_11' title="bbox 449 1126 2098 1202">
    <p class='ocr_par' dir='ltr' id='par_1_11' title="bbox 449 1126 2098 1202">
     <span class='ocr_line' id='line_1_11' title="bbox 449 1126 2098 1202; baseline 0 -16"><span class='ocrx_word' id='word_1_69' title='bbox 449 1130 663 1186; x_wconf 88' lang='lat' dir='ltr'>ferunt.</span> <span class='ocrx_word' id='word_1_70' title='bbox 692 1126 1060 1185; x_wconf 86' lang='lat' dir='ltr'>MOrtificatio</span> <span class='ocrx_word' id='word_1_71' title='bbox 1088 1134 1283 1185; x_wconf 85' lang='lat' dir='ltr'>autem</span> <span class='ocrx_word' id='word_1_72' title='bbox 1315 1130 1548 1199; x_wconf 84' lang='lat' dir='ltr'>Christi,</span> <span class='ocrx_word' id='word_1_73' title='bbox 1584 1131 1851 1186; x_wconf 81' lang='lat' dir='ltr'>remissio</span> <span class='ocrx_word' id='word_1_74' title='bbox 1898 1147 2098 1202; x_wconf 87' lang='lat' dir='ltr'>pecca-</span> 
     </span>
    </p>
   </div>
   <div class='ocr_carea' id='block_1_12' title="bbox 448 1217 2097 1288">
    <p class='ocr_par' dir='ltr' id='par_1_12' title="bbox 448 1217 2097 1288">
     <span class='ocr_line' id='line_1_12' title="bbox 448 1217 2097 1288; baseline 0.001 -15"><span class='ocrx_word' id='word_1_75' title='bbox 448 1222 664 1286; x_wconf 80' lang='lat' dir='ltr'>torum,</span> <span class='ocrx_word' id='word_1_76' title='bbox 698 1217 937 1275; x_wconf 86' lang='lat' dir='ltr'>abolitio</span> <span class='ocrx_word' id='word_1_77' title='bbox 968 1218 1305 1284; x_wconf 89' lang='lat' dir='ltr'>criminum,</span> <span class='ocrx_word' id='word_1_78' title='bbox 1340 1220 1554 1275; x_wconf 88' lang='lat' dir='ltr'>erroris</span> <span class='ocrx_word' id='word_1_79' title='bbox 1580 1219 1813 1288; x_wconf 92' lang='lat' dir='ltr'>oblivio,</span> <span class='ocrx_word' id='word_1_80' title='bbox 1867 1235 2097 1276; x_wconf 86' lang='lat' dir='ltr'>assum-</span> 
     </span>
    </p>
   </div>
   <div class='ocr_carea' id='block_1_13' title="bbox 446 1306 2098 1381">
    <p class='ocr_par' dir='ltr' id='par_1_13' title="bbox 446 1306 2098 1381">
     <span class='ocr_line' id='line_1_13' title="bbox 446 1306 2098 1381; baseline 0.001 -19"><span class='ocrx_word' id='word_1_81' title='bbox 446 1306 569 1381; x_wconf 82' lang='lat' dir='ltr'>ptio</span> <span class='ocrx_word' id='word_1_82' title='bbox 616 1307 938 1379; x_wconf 86' lang='lat' dir='ltr'>gratiarum</span> <span class='ocrx_word' id='word_1_83' title='bbox 969 1313 1076 1365; x_wconf 89' lang='lat' dir='ltr'>est.</span> <span class='ocrx_word' id='word_1_84' title='bbox 1121 1307 1269 1373; x_wconf 89' lang='lat' dir='ltr'>Quid</span> <span class='ocrx_word' id='word_1_85' title='bbox 1320 1312 1515 1364; x_wconf 89' lang='lat' dir='ltr'>autem</span> <span class='ocrx_word' id='word_1_86' title='bbox 1572 1310 1644 1364; x_wconf 91' lang='lat' dir='ltr'>de</span> <span class='ocrx_word' id='word_1_87' title='bbox 1692 1309 1843 1365; x_wconf 91' lang='lat' dir='ltr'>bono</span> <span class='ocrx_word' id='word_1_88' title='bbox 1894 1309 2098 1365; x_wconf 88' lang='lat' dir='ltr'>mortis</span> 
     </span>
    </p>
   </div>
   <div class='ocr_carea' id='block_1_14' title="bbox 449 1395 2097 1473">
    <p class='ocr_par' dir='ltr' id='par_1_14' title="bbox 449 1395 2097 1473">
     <span class='ocr_line' id='line_1_14' title="bbox 449 1395 2097 1473; baseline 0.001 -22"><span class='ocrx_word' id='word_1_89' title='bbox 449 1395 681 1469; x_wconf 88' lang='lat' dir='ltr'>plenius</span> <span class='ocrx_word' id='word_1_90' title='bbox 709 1398 1254 1473; x_wconf 87' lang='lat' dir='ltr'>possumusdicere,</span> <span class='ocrx_word' id='word_1_91' title='bbox 1284 1414 1462 1470; x_wconf 91' lang='lat' dir='ltr'>quam</span> <span class='ocrx_word' id='word_1_92' title='bbox 1485 1398 1642 1470; x_wconf 89' lang='lat' dir='ltr'>quod</span> <span class='ocrx_word' id='word_1_93' title='bbox 1668 1413 1828 1455; x_wconf 89' lang='lat' dir='ltr'>mors</span> <span class='ocrx_word' id='word_1_94' title='bbox 1846 1400 1937 1454; x_wconf 90' lang='lat' dir='ltr'>est</span> <span class='ocrx_word' id='word_1_95' title='bbox 1967 1413 2097 1470; x_wconf 62' lang='lat' dir='ltr'>quae</span> 
     </span>
    </p>
   </div>
   <div class='ocr_carea' id='block_1_15' title="bbox 448 1483 1063 1541">
    <p class='ocr_par' dir='ltr' id='par_1_15' title="bbox 448 1483 1063 1541">
     <span class='ocr_line' id='line_1_15' title="bbox 448 1483 1063 1541; baseline -0.002 0"><span class='ocrx_word' id='word_1_96' title='bbox 448 1485 737 1541; x_wconf 83' lang='lat' dir='ltr'>mundum</span> <span class='ocrx_word' id='word_1_97' title='bbox 772 1483 1063 1541; x_wconf 86' lang='lat' dir='ltr'>redemit?</span> 
     </span>
    </p>
   </div>
   <div class='ocr_carea' id='block_1_16' title="bbox 1102 1591 1423 1649">
    <p class='ocr_par' dir='ltr' id='par_1_16' title="bbox 1102 1591 1423 1649">
     <span class='ocr_line' id='line_1_16' title="bbox 1102 1591 1423 1649; baseline 0.009 -3"><span class='ocrx_word' id='word_1_98' title='bbox 1102 1591 1330 1648; x_wconf 82' lang='lat' dir='ltr'>CAPUT</span> <span class='ocrx_word' id='word_1_99' title='bbox 1359 1593 1423 1649; x_wconf 86' lang='lat' dir='ltr'>V.</span> 
     </span>
    </p>
   </div>
   <div class='ocr_carea' id='block_1_17' title="bbox 448 1679 2092 1753">
    <p class='ocr_par' dir='ltr' id='par_1_17' title="bbox 448 1679 2092 1753">
     <span class='ocr_line' id='line_1_17' title="bbox 448 1679 2092 1753; baseline -0.001 -15"><span class='ocrx_word' id='word_1_100' title='bbox 448 1679 713 1738; x_wconf 66' lang='lat' dir='ltr'>Hortatur</span> <span class='ocrx_word' id='word_1_101' title='bbox 758 1680 829 1735; x_wconf 85' lang='lat' dir='ltr'>ad</span> <span class='ocrx_word' id='word_1_102' title='bbox 878 1684 1242 1752; x_wconf 86' lang='lat' dir='ltr'>contemptum</span> <span class='ocrx_word' id='word_1_103' title='bbox 1291 1683 1482 1737; x_wconf 87' lang='lat' dir='ltr'>mortis</span> <span class='ocrx_word' id='word_1_104' title='bbox 1521 1681 1865 1753; x_wconf 81' lang='lat' dir='ltr'>ejusdemque</span> <span class='ocrx_word' id='word_1_105' title='bbox 1912 1698 2092 1751; x_wconf 86' lang='lat' dir='ltr'>usum,</span> 
     </span>
    </p>
   </div>
   <div class='ocr_carea' id='block_1_18' title="bbox 516 1753 2090 1821">
    <p class='ocr_par' dir='ltr' id='par_1_18' title="bbox 516 1753 2090 1821">
     <span class='ocr_line' id='line_1_18' title="bbox 516 1753 2090 1821; baseline 0.001 -13"><span class='ocrx_word' id='word_1_106' title='bbox 516 1754 575 1808; x_wconf 85' lang='lat' dir='ltr'>id</span> <span class='ocrx_word' id='word_1_107' title='bbox 601 1756 699 1819; x_wconf 87' lang='lat' dir='ltr'>est,</span> <span class='ocrx_word' id='word_1_108' title='bbox 741 1753 1233 1821; x_wconf 74' lang='lat' dir='ltr'>mortiﬁcationem,</span> <span class='ocrx_word' id='word_1_109' title='bbox 1266 1754 1327 1808; x_wconf 85' lang='lat' dir='ltr'>in</span> <span class='ocrx_word' id='word_1_110' title='bbox 1370 1754 1529 1809; x_wconf 82' lang='lat' dir='ltr'>haece</span> <span class='ocrx_word' id='word_1_111' title='bbox 1579 1754 1695 1808; x_wconf 81' lang='lat' dir='ltr'>vita</span> <span class='ocrx_word' id='word_1_112' title='bbox 1743 1754 2090 1809; x_wconf 87' lang='lat' dir='ltr'>imitandum.</span> 
     </span>
    </p>
   </div>
   <div class='ocr_carea' id='block_1_19' title="bbox 514 1824 2095 1896">
    <p class='ocr_par' dir='ltr' id='par_1_19' title="bbox 514 1824 2095 1896">
     <span class='ocr_line' id='line_1_19' title="bbox 514 1824 2095 1896; baseline 0.001 -16"><span class='ocrx_word' id='word_1_113' title='bbox 514 1826 649 1880; x_wconf 80' lang='lat' dir='ltr'>Dein</span> <span class='ocrx_word' id='word_1_114' title='bbox 697 1824 1147 1896; x_wconf 80' lang='lat' dir='ltr'>quemadmodum</span> <span class='ocrx_word' id='word_1_115' title='bbox 1197 1827 1387 1879; x_wconf 78' lang='lat' dir='ltr'>anima</span> <span class='ocrx_word' id='word_1_116' title='bbox 1428 1825 1498 1880; x_wconf 87' lang='lat' dir='ltr'>ad</span> <span class='ocrx_word' id='word_1_117' title='bbox 1534 1825 1960 1881; x_wconf 73' lang='lat' dir='ltr'>similitudinem</span> <span class='ocrx_word' id='word_1_118' title='bbox 1997 1827 2095 1881; x_wconf 89' lang='lat' dir='ltr'>Dei</span> 
     </span>
    </p>
   </div>
   <div class='ocr_carea' id='block_1_20' title="bbox 435 1897 2090 1969">
    <p class='ocr_par' dir='ltr' id='par_1_20' title="bbox 435 1897 2090 1969">
     <span class='ocr_line' id='line_1_20' title="bbox 435 1897 2090 1969; baseline -0.001 -17"><span class='ocrx_word' id='word_1_119' title='bbox 435 1928 443 1937; x_wconf 63' lang='grc' dir='ltr'><em>κ</em></span> <span class='ocrx_word' id='word_1_120' title='bbox 511 1898 805 1969; x_wconf 70' lang='lat' dir='ltr'>excitetur,</span> <span class='ocrx_word' id='word_1_121' title='bbox 858 1914 894 1950; x_wconf 91' lang='lat' dir='ltr'>a</span> <span class='ocrx_word' id='word_1_122' title='bbox 940 1911 1043 1966; x_wconf 86' lang='lat' dir='ltr'>quo</span> <span class='ocrx_word' id='word_1_123' title='bbox 1084 1898 1349 1967; x_wconf 85' lang='lat' dir='ltr'>pingatur</span> <span class='ocrx_word' id='word_1_124' title='bbox 1393 1900 1446 1951; x_wconf 82' lang='lat' dir='ltr'>et</span> <span class='ocrx_word' id='word_1_125' title='bbox 1494 1897 1850 1969; x_wconf 75' lang='lat' dir='ltr'>custodiatur,</span> <span class='ocrx_word' id='word_1_126' title='bbox 1891 1900 2090 1969; x_wconf 88' lang='lat' dir='ltr'>aperit.</span> 
     </span>
    </p>
   </div>
   <div class='ocr_carea' id='block_1_21' title="bbox 520 1968 2093 2041">
    <p class='ocr_par' dir='ltr' id='par_1_21' title="bbox 520 1968 2093 2041">
     <span class='ocr_line' id='line_1_21' title="bbox 520 1968 2093 2041; baseline 0.001 -19"><span class='ocrx_word' id='word_1_127' title='bbox 520 1968 1173 2041; x_wconf 67' lang='lat' dir='ltr'>Tumdehortamentis,</span> <span class='ocrx_word' id='word_1_128' title='bbox 1206 1984 1269 2022; x_wconf 89' lang='lat' dir='ltr'>ac</span> <span class='ocrx_word' id='word_1_129' title='bbox 1313 1968 1606 2037; x_wconf 60' lang='lat' dir='ltr'>ﬂuctibus,</span> <span class='ocrx_word' id='word_1_130' title='bbox 1656 1968 1853 2040; x_wconf 88' lang='lat' dir='ltr'>quibus</span> <span class='ocrx_word' id='word_1_131' title='bbox 1891 1985 2093 2041; x_wconf 85' lang='lat' dir='ltr'>pasca-</span> 
     </span>
    </p>
   </div>
   <div class='ocr_carea' id='block_1_22' title="bbox 510 2034 1184 2109">
    <p class='ocr_par' dir='ltr' id='par_1_22' title="bbox 510 2034 1184 2109">
     <span class='ocr_line' id='line_1_22' title="bbox 510 2034 1184 2109; baseline 0.001 -17"><span class='ocrx_word' id='word_1_132' title='bbox 510 2034 604 2094; x_wconf 82' lang='lat' dir='ltr'>tur</span> <span class='ocrx_word' id='word_1_133' title='bbox 639 2038 883 2106; x_wconf 80' lang='lat' dir='ltr'>Verbum,</span> <span class='ocrx_word' id='word_1_134' title='bbox 915 2034 1184 2109; x_wconf 81' lang='lat' dir='ltr'>disputat.</span> 
     </span>
    </p>
   </div>
   <div class='ocr_carea' id='block_1_23' title="bbox 468 2114 2089 2184">
    <p class='ocr_par' dir='ltr' id='par_1_23' title="bbox 468 2114 2089 2184">
     <span class='ocr_line' id='line_1_23' title="bbox 468 2114 2089 2184; baseline 0.001 -1"><span class='ocrx_word' id='word_1_135' title='bbox 468 2114 477 2120; x_wconf 59' lang='grc'><strong><em>’</em></strong></span> <span class='ocrx_word' id='word_1_136' title='bbox 514 2127 598 2183; x_wconf 99' lang='grc'>16.</span> <span class='ocrx_word' id='word_1_137' title='bbox 634 2127 744 2183; x_wconf 88' lang='lat' dir='ltr'>Sed</span> <span class='ocrx_word' id='word_1_138' title='bbox 789 2129 859 2183; x_wconf 91' lang='lat' dir='ltr'>de</span> <span class='ocrx_word' id='word_1_139' title='bbox 907 2125 1210 2183; x_wconf 89' lang='lat' dir='ltr'>communi</span> <span class='ocrx_word' id='word_1_140' title='bbox 1256 2127 1519 2183; x_wconf 91' lang='lat' dir='ltr'>omnium</span> <span class='ocrx_word' id='word_1_141' title='bbox 1572 2131 1759 2183; x_wconf 86' lang='lat' dir='ltr'>morte</span> <span class='ocrx_word' id='word_1_142' title='bbox 1802 2127 2089 2184; x_wconf 89' lang='lat' dir='ltr'>dicamus.</span> 
     </span>
    </p>
   </div>
   <div class='ocr_carea' id='block_1_24' title="bbox 440 2215 2092 2288">
    <p class='ocr_par' dir='ltr' id='par_1_24' title="bbox 440 2215 2092 2288">
     <span class='ocr_line' id='line_1_24' title="bbox 440 2215 2092 2288; baseline 0.002 -17"><span class='ocrx_word' id='word_1_143' title='bbox 440 2215 588 2280; x_wconf 83' lang='lat' dir='ltr'>Quid</span> <span class='ocrx_word' id='word_1_144' title='bbox 614 2230 743 2272; x_wconf 91' lang='lat' dir='ltr'>eam</span> <span class='ocrx_word' id='word_1_145' title='bbox 786 2217 1120 2281; x_wconf 89' lang='lat' dir='ltr'>timeamus,</span> <span class='ocrx_word' id='word_1_146' title='bbox 1156 2232 1285 2288; x_wconf 65' lang='lat' dir='ltr'>quae</span> <span class='ocrx_word' id='word_1_147' title='bbox 1331 2215 1538 2272; x_wconf 70' lang='lat' dir='ltr'>anima:</span> <span class='ocrx_word' id='word_1_148' title='bbox 1589 2233 1796 2273; x_wconf 87' lang='lat' dir='ltr'>nocere</span> <span class='ocrx_word' id='word_1_149' title='bbox 1834 2234 1950 2273; x_wconf 87' lang='lat' dir='ltr'>non</span> <span class='ocrx_word' id='word_1_150' title='bbox 1999 2235 2092 2274; x_wconf 89' lang='lat' dir='ltr'>so-</span> 
     </span>
    </p>
   </div>
   <div class='ocr_carea' id='block_1_25' title="bbox 439 2302 2095 2377">
    <p class='ocr_par' dir='ltr' id='par_1_25' title="bbox 439 2302 2095 2377">
     <span class='ocr_line' id='line_1_25' title="bbox 439 2302 2095 2377; baseline 0.001 -18"><span class='ocrx_word' id='word_1_151' title='bbox 439 2302 600 2360; x_wconf 84' lang='lat' dir='ltr'>leat?</span> <span class='ocrx_word' id='word_1_152' title='bbox 640 2303 935 2376; x_wconf 89' lang='lat' dir='ltr'>Scriptum</span> <span class='ocrx_word' id='word_1_153' title='bbox 978 2308 1068 2359; x_wconf 90' lang='lat' dir='ltr'>est</span> <span class='ocrx_word' id='word_1_154' title='bbox 1115 2302 1310 2359; x_wconf 88' lang='lat' dir='ltr'>enim:</span> <span class='ocrx_word' id='word_1_155' title='bbox 1367 2306 1548 2361; x_wconf 78' lang='lat' dir='ltr'>Nolite</span> <span class='ocrx_word' id='word_1_156' title='bbox 1599 2307 1791 2361; x_wconf 88' lang='lat' dir='ltr'>timere</span> <span class='ocrx_word' id='word_1_157' title='bbox 1860 2321 1946 2361; x_wconf 89' lang='lat' dir='ltr'>eos</span> <span class='ocrx_word' id='word_1_158' title='bbox 1997 2307 2095 2377; x_wconf 87' lang='lat' dir='ltr'>qui</span> 
     </span>
    </p>
   </div>
   <div class='ocr_carea' id='block_1_26' title="bbox 438 2393 2089 2467">
    <p class='ocr_par' dir='ltr' id='par_1_26' title="bbox 438 2393 2089 2467">
     <span class='ocr_line' id='line_1_26' title="bbox 438 2393 2089 2467; baseline -0.001 -17"><span class='ocrx_word' id='word_1_159' title='bbox 438 2393 689 2450; x_wconf 79' lang='lat' dir='ltr'>occidunt</span> <span class='ocrx_word' id='word_1_160' title='bbox 733 2409 945 2466; x_wconf 85' lang='lat' dir='ltr'>corpus,</span> <span class='ocrx_word' id='word_1_161' title='bbox 996 2394 1244 2448; x_wconf 84' lang='lat' dir='ltr'>animam</span> <span class='ocrx_word' id='word_1_162' title='bbox 1287 2396 1475 2448; x_wconf 84' lang='lat' dir='ltr'>autem</span> <span class='ocrx_word' id='word_1_163' title='bbox 1518 2410 1627 2449; x_wconf 81' lang='lat' dir='ltr'>non</span> <span class='ocrx_word' id='word_1_164' title='bbox 1671 2397 1897 2467; x_wconf 84' lang='lat' dir='ltr'>possunt</span> <span class='ocrx_word' id='word_1_165' title='bbox 1950 2396 2089 2449; x_wconf 87' lang='lat' dir='ltr'>occi-</span> 
     </span>
    </p>
   </div>
   <div class='ocr_carea' id='block_1_27' title="bbox 436 2481 2088 2555">
    <p class='ocr_par' dir='ltr' id='par_1_27' title="bbox 436 2481 2088 2555">
     <span class='ocr_line' id='line_1_27' title="bbox 436 2481 2088 2555; baseline 0.001 -17"><span class='ocrx_word' id='word_1_166' title='bbox 436 2483 562 2538; x_wconf 87' lang='lat' dir='ltr'>dere</span> <span class='ocrx_word' id='word_1_167' title='bbox 622 2482 831 2555; x_wconf 80' lang='lat' dir='ltr'>(Matth.</span> <span class='ocrx_word' id='word_1_168' title='bbox 890 2500 945 2551; x_wconf 89' lang='lat' dir='ltr'>x,</span> <span class='ocrx_word' id='word_1_169' title='bbox 994 2481 1110 2554; x_wconf 80' lang='lat'>28).</span> <span class='ocrx_word' id='word_1_170' title='bbox 1166 2482 1275 2538; x_wconf 92' lang='lat' dir='ltr'>Per</span> <span class='ocrx_word' id='word_1_171' title='bbox 1351 2484 1597 2538; x_wconf 80' lang='lat' dir='ltr'>mortem</span> <span class='ocrx_word' id='word_1_172' title='bbox 1645 2486 1842 2539; x_wconf 89' lang='lat' dir='ltr'>autem</span> <span class='ocrx_word' id='word_1_173' title='bbox 1913 2483 2088 2539; x_wconf 91' lang='lat' dir='ltr'>istam</span> 
     </span>
    </p>
   </div>
   <div class='ocr_carea' id='block_1_28' title="bbox 436 2571 2087 2645">
    <p class='ocr_par' dir='ltr' id='par_1_28' title="bbox 436 2571 2087 2645">
     <span class='ocr_line' id='line_1_28' title="bbox 436 2571 2087 2645; baseline -0.001 -16"><span class='ocrx_word' id='word_1_174' title='bbox 436 2571 635 2629; x_wconf 90' lang='lat' dir='ltr'>anima</span> <span class='ocrx_word' id='word_1_175' title='bbox 663 2571 962 2644; x_wconf 88' lang='lat' dir='ltr'>liberatur,</span> <span class='ocrx_word' id='word_1_176' title='bbox 995 2573 1139 2627; x_wconf 90' lang='lat' dir='ltr'>dum</span> <span class='ocrx_word' id='word_1_177' title='bbox 1171 2588 1206 2628; x_wconf 89' lang='lat' dir='ltr'>a</span> <span class='ocrx_word' id='word_1_178' title='bbox 1255 2571 1516 2645; x_wconf 90' lang='lat' dir='ltr'>corporis</span> <span class='ocrx_word' id='word_1_179' title='bbox 1563 2571 1943 2628; x_wconf 88' lang='lat' dir='ltr'>contubernio</span> <span class='ocrx_word' id='word_1_180' title='bbox 1996 2588 2087 2628; x_wconf 89' lang='lat' dir='ltr'>se-</span> 
     </span>
    </p>
   </div>
   <div class='ocr_carea' id='block_1_29' title="bbox 434 2659 2083 2734">
    <p class='ocr_par' dir='ltr' id='par_1_29' title="bbox 434 2659 2083 2734">
     <span class='ocr_line' id='line_1_29' title="bbox 434 2659 2083 2734; baseline -0.001 -17"><span class='ocrx_word' id='word_1_181' title='bbox 434 2660 713 2728; x_wconf 85' lang='lat' dir='ltr'>cernitur,</span> <span class='ocrx_word' id='word_1_182' title='bbox 775 2664 832 2716; x_wconf 87' lang='lat' dir='ltr'>et</span> <span class='ocrx_word' id='word_1_183' title='bbox 900 2659 1213 2717; x_wconf 87' lang='lat' dir='ltr'>involucris</span> <span class='ocrx_word' id='word_1_184' title='bbox 1289 2660 1750 2734; x_wconf 88' lang='lat' dir='ltr'>perturbationis</span> <span class='ocrx_word' id='word_1_185' title='bbox 1834 2660 2083 2716; x_wconf 83' lang='lat' dir='ltr'>exuitur.</span> 
     </span>
    </p>
   </div>
   <div class='ocr_carea' id='block_1_30' title="bbox 434 2749 2088 2821">
    <p class='ocr_par' dir='ltr' id='par_1_30' title="bbox 434 2749 2088 2821">
     <span class='ocr_line' id='line_1_30' title="bbox 434 2749 2088 2821; baseline -0.001 -15"><span class='ocrx_word' id='word_1_186' title='bbox 434 2750 598 2806; x_wconf 90' lang='lat' dir='ltr'>Unde</span> <span class='ocrx_word' id='word_1_187' title='bbox 626 2753 684 2806; x_wconf 89' lang='lat' dir='ltr'>et</span> <span class='ocrx_word' id='word_1_188' title='bbox 714 2766 820 2806; x_wconf 87' lang='lat' dir='ltr'>nos</span> <span class='ocrx_word' id='word_1_189' title='bbox 867 2749 1008 2804; x_wconf 87' lang='lat' dir='ltr'>dum</span> <span class='ocrx_word' id='word_1_190' title='bbox 1041 2749 1099 2803; x_wconf 91' lang='lat' dir='ltr'>in</span> <span class='ocrx_word' id='word_1_191' title='bbox 1135 2765 1375 2821; x_wconf 88' lang='lat' dir='ltr'>corpore</span> <span class='ocrx_word' id='word_1_192' title='bbox 1414 2764 1645 2817; x_wconf 88' lang='lat' dir='ltr'>sumus,</span> <span class='ocrx_word' id='word_1_193' title='bbox 1672 2764 1848 2803; x_wconf 90' lang='lat' dir='ltr'>usum</span> <span class='ocrx_word' id='word_1_194' title='bbox 1879 2749 2088 2804; x_wconf 89' lang='lat' dir='ltr'>mortis</span> 
     </span>
    </p>
   </div>
   <div class='ocr_carea' id='block_1_31' title="bbox 434 2836 2087 2895">
    <p class='ocr_par' dir='ltr' id='par_1_31' title="bbox 434 2836 2087 2895">
     <span class='ocr_line' id='line_1_31' title="bbox 434 2836 2087 2895; baseline -0.001 0"><span class='ocrx_word' id='word_1_195' title='bbox 434 2837 735 2895; x_wconf 86' lang='lat' dir='ltr'>imitantes</span> <span class='ocrx_word' id='word_1_196' title='bbox 786 2836 1121 2893; x_wconf 89' lang='lat' dir='ltr'>ablevemus</span> <span class='ocrx_word' id='word_1_197' title='bbox 1170 2837 1431 2893; x_wconf 89' lang='lat' dir='ltr'>animam</span> <span class='ocrx_word' id='word_1_198' title='bbox 1476 2840 1736 2892; x_wconf 89' lang='lat' dir='ltr'>nostram</span> <span class='ocrx_word' id='word_1_199' title='bbox 1794 2853 1863 2891; x_wconf 86' lang='lat' dir='ltr'>ex</span> <span class='ocrx_word' id='word_1_200' title='bbox 1916 2836 2087 2893; x_wconf 87' lang='lat' dir='ltr'>istius</span> 
     </span>
    </p>
   </div>
   <div class='ocr_carea' id='block_1_32' title="bbox 439 2923 2087 2997">
    <p class='ocr_par' dir='ltr' id='par_1_32' title="bbox 439 2923 2087 2997">
     <span class='ocr_line' id='line_1_32' title="bbox 439 2923 2087 2997; baseline -0.001 -14"><span class='ocrx_word' id='word_1_201' title='bbox 439 2925 632 2983; x_wconf 82' lang='lat' dir='ltr'>carnis</span> <span class='ocrx_word' id='word_1_202' title='bbox 696 2924 896 2991; x_wconf 87' lang='lat' dir='ltr'>cubili,</span> <span class='ocrx_word' id='word_1_203' title='bbox 939 2929 996 2980; x_wconf 92' lang='lat' dir='ltr'>et</span> <span class='ocrx_word' id='word_1_204' title='bbox 1058 2928 1341 2996; x_wconf 89' lang='lat' dir='ltr'>tanquam</span> <span class='ocrx_word' id='word_1_205' title='bbox 1391 2923 1461 2979; x_wconf 93' lang='lat' dir='ltr'>de</span> <span class='ocrx_word' id='word_1_206' title='bbox 1522 2924 1634 2979; x_wconf 88' lang='lat' dir='ltr'>isto</span> <span class='ocrx_word' id='word_1_207' title='bbox 1699 2940 2087 2997; x_wconf 90' lang='lat' dir='ltr'>exsurgamus</span> 
     </span>
    </p>
   </div>
   <div class='ocr_carea' id='block_1_33' title="bbox 439 3012 2085 3086">
    <p class='ocr_par' dir='ltr' id='par_1_33' title="bbox 439 3012 2085 3086">
     <span class='ocr_line' id='line_1_33' title="bbox 439 3012 2085 3086; baseline -0.001 -15"><span class='ocrx_word' id='word_1_208' title='bbox 439 3012 728 3086; x_wconf 91' lang='lat' dir='ltr'>sepulcro.</span> <span class='ocrx_word' id='word_1_209' title='bbox 760 3013 1137 3069; x_wconf 85' lang='lat' dir='ltr'>Abducamus</span> <span class='ocrx_word' id='word_1_210' title='bbox 1169 3029 1275 3069; x_wconf 87' lang='lat' dir='ltr'>nos</span> <span class='ocrx_word' id='word_1_211' title='bbox 1300 3030 1333 3068; x_wconf 91' lang='lat' dir='ltr'>a</span> <span class='ocrx_word' id='word_1_212' title='bbox 1380 3012 1643 3084; x_wconf 88' lang='lat' dir='ltr'>corporis</span> <span class='ocrx_word' id='word_1_213' title='bbox 1689 3030 1861 3081; x_wconf 90' lang='lat' dir='ltr'>nexu,</span> <span class='ocrx_word' id='word_1_214' title='bbox 1910 3013 2085 3070; x_wconf 89' lang='lat' dir='ltr'>relin-</span> 
     </span>
    </p>
   </div>
   <div class='ocr_carea' id='block_1_34' title="bbox 2212 512 3793 592">
    <p class='ocr_par' dir='ltr' id='par_1_34' title="bbox 2212 512 3793 592">
     <span class='ocr_line' id='line_1_34' title="bbox 2212 512 3793 592; baseline 0.009 -24"><span class='ocrx_word' id='word_1_215' title='bbox 2212 530 2365 569; x_wconf 91' lang='lat' dir='ltr'>mur.</span> <span class='ocrx_word' id='word_1_216' title='bbox 2398 512 2544 580; x_wconf 89' lang='lat' dir='ltr'>Quid</span> <span class='ocrx_word' id='word_1_217' title='bbox 2576 513 2751 571; x_wconf 90' lang='lat' dir='ltr'>inane</span> <span class='ocrx_word' id='word_1_218' title='bbox 2781 514 3100 587; x_wconf 72' lang='lat' dir='ltr'>quasrimus</span> <span class='ocrx_word' id='word_1_219' title='bbox 3128 516 3358 574; x_wconf 90' lang='lat' dir='ltr'>lucrum</span> <span class='ocrx_word' id='word_1_220' title='bbox 3416 520 3656 592; x_wconf 65' lang='lat' dir='ltr'>pretiosae</span> <span class='ocrx_word' id='word_1_221' title='bbox 3697 526 3793 582; x_wconf 84' lang='lat' dir='ltr'>ani-</span> 
     </span>
    </p>
   </div>
   <div class='ocr_carea' id='block_1_35' title="bbox 2212 601 3795 686">
    <p class='ocr_par' dir='ltr' id='par_1_35' title="bbox 2212 601 3795 686">
     <span class='ocr_line' id='line_1_35' title="bbox 2212 601 3795 686; baseline 0.008 -29"><span class='ocrx_word' id='word_1_222' title='bbox 2212 619 2318 657; x_wconf 71' lang='lat' dir='ltr'>mae</span> <span class='ocrx_word' id='word_1_223' title='bbox 2349 602 2697 660; x_wconf 87' lang='lat' dir='ltr'>detrimento</span> <span class='ocrx_word' id='word_1_224' title='bbox 2718 606 2746 658; x_wconf 68' lang='grc' dir='ltr'><em>ἵ</em></span> <span class='ocrx_word' id='word_1_225' title='bbox 2760 601 3019 677; x_wconf 85' lang='lat' dir='ltr'>Exiguus</span> <span class='ocrx_word' id='word_1_226' title='bbox 3040 605 3147 661; x_wconf 87' lang='lat' dir='ltr'>tibi</span> <span class='ocrx_word' id='word_1_227' title='bbox 3169 608 3261 662; x_wconf 79' lang='lat' dir='ltr'>est</span> <span class='ocrx_word' id='word_1_228' title='bbox 3283 610 3436 665; x_wconf 86' lang='lat' dir='ltr'>totus</span> <span class='ocrx_word' id='word_1_229' title='bbox 3453 611 3795 686; x_wconf 83' lang='lat' dir='ltr'>munduspro-</span> 
     </span>
    </p>
   </div>
   <div class='ocr_carea' id='block_1_36' title="bbox 2214 690 3794 769">
    <p class='ocr_par' dir='ltr' id='par_1_36' title="bbox 2214 690 3794 769">
     <span class='ocr_line' id='line_1_36' title="bbox 2214 690 3794 769; baseline 0.008 -22"><span class='ocrx_word' id='word_1_230' title='bbox 2214 690 2386 747; x_wconf 89' lang='lat' dir='ltr'>unius</span> <span class='ocrx_word' id='word_1_231' title='bbox 2416 692 2622 748; x_wconf 68' lang='lat' dir='ltr'>animae</span> <span class='ocrx_word' id='word_1_232' title='bbox 2652 692 2977 764; x_wconf 89' lang='lat' dir='ltr'>dispendio.</span> <span class='ocrx_word' id='word_1_233' title='bbox 3003 694 3150 761; x_wconf 86' lang='lat' dir='ltr'>Quid</span> <span class='ocrx_word' id='word_1_234' title='bbox 3182 694 3337 751; x_wconf 84' lang='lat' dir='ltr'>enim</span> <span class='ocrx_word' id='word_1_235' title='bbox 3366 698 3591 769; x_wconf 88' lang='lat' dir='ltr'>prodest</span> <span class='ocrx_word' id='word_1_236' title='bbox 3613 700 3794 761; x_wconf 86' lang='lat' dir='ltr'>homini</span> 
     </span>
    </p>
   </div>
   <div class='ocr_carea' id='block_1_37' title="bbox 2210 780 3795 854">
    <p class='ocr_par' dir='ltr' id='par_1_37' title="bbox 2210 780 3795 854">
     <span class='ocr_line' id='line_1_37' title="bbox 2210 780 3795 854; baseline 0.008 -19"><span class='ocrx_word' id='word_1_237' title='bbox 2210 780 2268 836; x_wconf 86' lang='lat' dir='ltr'>si</span> <span class='ocrx_word' id='word_1_238' title='bbox 2292 780 2450 836; x_wconf 90' lang='lat' dir='ltr'>hunc</span> <span class='ocrx_word' id='word_1_239' title='bbox 2493 782 2783 837; x_wconf 90' lang='lat' dir='ltr'>mundum</span> <span class='ocrx_word' id='word_1_240' title='bbox 2814 781 3092 854; x_wconf 87' lang='lat' dir='ltr'>lucretur,</span> <span class='ocrx_word' id='word_1_241' title='bbox 3126 785 3333 840; x_wconf 63' lang='lat' dir='ltr'>animae</span> <span class='ocrx_word' id='word_1_242' title='bbox 3363 802 3492 843; x_wconf 91' lang='lat' dir='ltr'>vero</span> <span class='ocrx_word' id='word_1_243' title='bbox 3521 804 3628 843; x_wconf 65' lang='lat' dir='ltr'>sua:</span> <span class='ocrx_word' id='word_1_244' title='bbox 3656 791 3795 847; x_wconf 88' lang='lat' dir='ltr'>detri-</span> 
     </span>
    </p>
   </div>
   <div class='ocr_carea' id='block_1_38' title="bbox 2211 870 3796 945">
    <p class='ocr_par' dir='ltr' id='par_1_38' title="bbox 2211 870 3796 945">
     <span class='ocr_line' id='line_1_38' title="bbox 2211 870 3796 945; baseline 0.008 -21"><span class='ocrx_word' id='word_1_245' title='bbox 2211 874 2476 926; x_wconf 90' lang='lat' dir='ltr'>mentum</span> <span class='ocrx_word' id='word_1_246' title='bbox 2504 870 2802 942; x_wconf 82' lang='lat' dir='ltr'>patiatur?</span> <span class='ocrx_word' id='word_1_247' title='bbox 2830 875 2931 927; x_wconf 90' lang='lat' dir='ltr'>aut</span> <span class='ocrx_word' id='word_1_248' title='bbox 2960 888 3139 945; x_wconf 90' lang='lat' dir='ltr'>quam</span> <span class='ocrx_word' id='word_1_249' title='bbox 3187 875 3680 934; x_wconf 85' lang='lat' dir='ltr'>commutationem</span> <span class='ocrx_word' id='word_1_250' title='bbox 3718 880 3796 936; x_wconf 81' lang='lat' dir='ltr'>da-</span> 
     </span>
    </p>
   </div>
   <div class='ocr_carea' id='block_1_39' title="bbox 2209 955 3797 1034">
    <p class='ocr_par' dir='ltr' id='par_1_39' title="bbox 2209 955 3797 1034">
     <span class='ocr_line' id='line_1_39' title="bbox 2209 955 3797 1034; baseline 0.008 -22"><span class='ocrx_word' id='word_1_251' title='bbox 2209 955 2300 1013; x_wconf 88' lang='lat' dir='ltr'>bis</span> <span class='ocrx_word' id='word_1_252' title='bbox 2366 974 2469 1030; x_wconf 92' lang='lat' dir='ltr'>pro</span> <span class='ocrx_word' id='word_1_253' title='bbox 2534 958 2733 1014; x_wconf 88' lang='lat' dir='ltr'>anima</span> <span class='ocrx_word' id='word_1_254' title='bbox 2783 958 2932 1016; x_wconf 84' lang='lat' dir='ltr'>tua?</span> <span class='ocrx_word' id='word_1_255' title='bbox 2980 961 3105 1018; x_wconf 91' lang='lat' dir='ltr'>Non</span> <span class='ocrx_word' id='word_1_256' title='bbox 3153 979 3295 1019; x_wconf 89' lang='lat' dir='ltr'>auro</span> <span class='ocrx_word' id='word_1_257' title='bbox 3342 964 3649 1034; x_wconf 84' lang='lat' dir='ltr'>redimitur,</span> <span class='ocrx_word' id='word_1_258' title='bbox 3709 970 3797 1024; x_wconf 89' lang='lat' dir='ltr'>non</span> 
     </span>
    </p>
   </div>
   <div class='ocr_carea' id='block_1_40' title="bbox 2209 1047 3798 1118">
    <p class='ocr_par' dir='ltr' id='par_1_40' title="bbox 2209 1047 3798 1118">
     <span class='ocr_line' id='line_1_40' title="bbox 2209 1047 3798 1118; baseline 0.007 -17"><span class='ocrx_word' id='word_1_259' title='bbox 2209 1051 2471 1118; x_wconf 84' lang='lat' dir='ltr'>argento,</span> <span class='ocrx_word' id='word_1_260' title='bbox 2504 1047 2623 1105; x_wconf 90' lang='lat' dir='ltr'>imo</span> <span class='ocrx_word' id='word_1_261' title='bbox 2653 1064 2796 1105; x_wconf 90' lang='lat' dir='ltr'>auro</span> <span class='ocrx_word' id='word_1_262' title='bbox 2827 1049 3135 1107; x_wconf 87' lang='lat' dir='ltr'>amittitur.</span> <span class='ocrx_word' id='word_1_263' title='bbox 3170 1050 3319 1115; x_wconf 85' lang='lat' dir='ltr'>Quin</span> <span class='ocrx_word' id='word_1_264' title='bbox 3369 1053 3538 1109; x_wconf 86' lang='lat' dir='ltr'>etiam</span> <span class='ocrx_word' id='word_1_265' title='bbox 3579 1053 3798 1113; x_wconf 80' lang='lat' dir='ltr'>mulieris</span> 
     </span>
    </p>
   </div>
   <div class='ocr_carea' id='block_1_41' title="bbox 2207 1135 3799 1213">
    <p class='ocr_par' dir='ltr' id='par_1_41' title="bbox 2207 1135 3799 1213">
     <span class='ocr_line' id='line_1_41' title="bbox 2207 1135 3799 1213; baseline 0.006 -23"><span class='ocrx_word' id='word_1_266' title='bbox 2207 1135 2406 1203; x_wconf 91' lang='lat' dir='ltr'>decus,</span> <span class='ocrx_word' id='word_1_267' title='bbox 2465 1137 2607 1192; x_wconf 91' lang='lat' dir='ltr'>dum</span> <span class='ocrx_word' id='word_1_268' title='bbox 2654 1141 2916 1194; x_wconf 88' lang='lat' dir='ltr'>tentatur</span> <span class='ocrx_word' id='word_1_269' title='bbox 2960 1138 3094 1212; x_wconf 88' lang='grc'><strong>(11),</strong></span> <span class='ocrx_word' id='word_1_270' title='bbox 3160 1140 3450 1213; x_wconf 89' lang='lat' dir='ltr'>astringit.</span> <span class='ocrx_word' id='word_1_271' title='bbox 3499 1139 3686 1199; x_wconf 80' lang='lat' dir='ltr'>Clavus</span> <span class='ocrx_word' id='word_1_272' title='bbox 3730 1148 3799 1199; x_wconf 81' lang='lat' dir='ltr'>est</span> 
     </span>
    </p>
   </div>
   <div class='ocr_carea' id='block_1_42' title="bbox 2205 1221 3793 1297">
    <p class='ocr_par' dir='ltr' id='par_1_42' title="bbox 2205 1221 3793 1297">
     <span class='ocr_line' id='line_1_42' title="bbox 2205 1221 3793 1297; baseline 0.007 -20"><span class='ocrx_word' id='word_1_273' title='bbox 2205 1221 2407 1295; x_wconf 90' lang='lat' dir='ltr'>libido,</span> <span class='ocrx_word' id='word_1_274' title='bbox 2430 1223 2625 1281; x_wconf 82' lang='lat' dir='ltr'>clavus</span> <span class='ocrx_word' id='word_1_275' title='bbox 2655 1227 2913 1295; x_wconf 82' lang='lat' dir='ltr'>tristitia,</span> <span class='ocrx_word' id='word_1_276' title='bbox 2956 1226 3154 1284; x_wconf 90' lang='lat' dir='ltr'>clavus</span> <span class='ocrx_word' id='word_1_277' title='bbox 3185 1229 3507 1297; x_wconf 88' lang='lat' dir='ltr'>iracundia,</span> <span class='ocrx_word' id='word_1_278' title='bbox 3526 1230 3656 1287; x_wconf 84' lang='lat' dir='ltr'>clavi</span> <span class='ocrx_word' id='word_1_279' title='bbox 3680 1238 3793 1288; x_wconf 83' lang='lat' dir='ltr'>sunt</span> 
     </span>
    </p>
   </div>
   <div class='ocr_carea' id='block_1_43' title="bbox 2206 1314 3799 1393">
    <p class='ocr_par' dir='ltr' id='par_1_43' title="bbox 2206 1314 3799 1393">
     <span class='ocr_line' id='line_1_43' title="bbox 2206 1314 3799 1393; baseline 0.005 -26"><span class='ocrx_word' id='word_1_280' title='bbox 2206 1328 2411 1369; x_wconf 91' lang='lat' dir='ltr'>omnes</span> <span class='ocrx_word' id='word_1_281' title='bbox 2478 1314 2802 1387; x_wconf 84' lang='lat' dir='ltr'>passiones,</span> <span class='ocrx_word' id='word_1_282' title='bbox 2872 1332 3000 1389; x_wconf 82' lang='lat' dir='ltr'>quas</span> <span class='ocrx_word' id='word_1_283' title='bbox 3037 1318 3195 1374; x_wconf 86' lang='lat' dir='ltr'>velut</span> <span class='ocrx_word' id='word_1_284' title='bbox 3233 1336 3371 1376; x_wconf 89' lang='lat' dir='ltr'>veru</span> <span class='ocrx_word' id='word_1_285' title='bbox 3414 1320 3646 1393; x_wconf 89' lang='lat' dir='ltr'>quodam</span> <span class='ocrx_word' id='word_1_286' title='bbox 3696 1320 3799 1377; x_wconf 85' lang='lat' dir='ltr'>ani-</span> 
     </span>
    </p>
   </div>
   <div class='ocr_carea' id='block_1_44' title="bbox 2206 1404 3796 1484">
    <p class='ocr_par' dir='ltr' id='par_1_44' title="bbox 2206 1404 3796 1484">
     <span class='ocr_line' id='line_1_44' title="bbox 2206 1404 3796 1484; baseline 0.006 -27"><span class='ocrx_word' id='word_1_287' title='bbox 2206 1417 2363 1457; x_wconf 88' lang='lat' dir='ltr'>mam</span> <span class='ocrx_word' id='word_1_288' title='bbox 2395 1404 2506 1475; x_wconf 85' lang='lat'>(12)</span> <span class='ocrx_word' id='word_1_289' title='bbox 2539 1409 2804 1461; x_wconf 84' lang='lat' dir='ltr'>nostram</span> <span class='ocrx_word' id='word_1_290' title='bbox 2838 1409 3160 1479; x_wconf 88' lang='lat' dir='ltr'>penetrant,</span> <span class='ocrx_word' id='word_1_291' title='bbox 3191 1411 3248 1464; x_wconf 91' lang='lat' dir='ltr'>et</span> <span class='ocrx_word' id='word_1_292' title='bbox 3290 1408 3541 1478; x_wconf 83' lang='lat' dir='ltr'>inﬁgunt</span> <span class='ocrx_word' id='word_1_293' title='bbox 3592 1409 3796 1484; x_wconf 86' lang='lat' dir='ltr'>corpori,</span> 
     </span>
    </p>
   </div>
   <div class='ocr_carea' id='block_1_45' title="bbox 2202 1489 3173 1567">
    <p class='ocr_par' dir='ltr' id='par_1_45' title="bbox 2202 1489 3173 1567">
     <span class='ocr_line' id='line_1_45' title="bbox 2202 1489 3173 1567; baseline 0.008 -22"><span class='ocrx_word' id='word_1_294' title='bbox 2202 1489 2645 1565; x_wconf 85' lang='lat' dir='ltr'>visceribusque</span> <span class='ocrx_word' id='word_1_295' title='bbox 2675 1494 2805 1567; x_wconf 86' lang='lat' dir='ltr'>ejus</span> <span class='ocrx_word' id='word_1_296' title='bbox 2834 1500 3173 1553; x_wconf 85' lang='lat' dir='ltr'>annectunt.</span> 
     </span>
    </p>
   </div>
   <div class='ocr_carea' id='block_1_46' title="bbox 2278 1578 3798 1658">
    <p class='ocr_par' dir='ltr' id='par_1_46' title="bbox 2278 1578 3798 1658">
     <span class='ocr_line' id='line_1_46' title="bbox 2278 1578 3798 1658; baseline 0.009 -24"><span class='ocrx_word' id='word_1_297' title='bbox 2278 1580 2364 1635; x_wconf 83' lang='lat'>17.</span> <span class='ocrx_word' id='word_1_298' title='bbox 2397 1578 2720 1655; x_wconf 88' lang='lat' dir='ltr'>Fugiamus</span> <span class='ocrx_word' id='word_1_299' title='bbox 2748 1600 2885 1658; x_wconf 91' lang='lat' dir='ltr'>ergo</span> <span class='ocrx_word' id='word_1_300' title='bbox 2915 1584 3036 1642; x_wconf 71' lang='lat' dir='ltr'>htec</span> <span class='ocrx_word' id='word_1_301' title='bbox 3066 1585 3241 1655; x_wconf 90' lang='lat' dir='ltr'>mala,</span> <span class='ocrx_word' id='word_1_302' title='bbox 3272 1591 3333 1644; x_wconf 90' lang='lat' dir='ltr'>et</span> <span class='ocrx_word' id='word_1_303' title='bbox 3359 1588 3660 1647; x_wconf 85' lang='lat' dir='ltr'>exaltemus</span> <span class='ocrx_word' id='word_1_304' title='bbox 3702 1591 3798 1647; x_wconf 83' lang='lat' dir='ltr'>ani-</span> 
     </span>
    </p>
   </div>
   <div class='ocr_carea' id='block_1_47' title="bbox 2205 1672 3797 1749">
    <p class='ocr_par' dir='ltr' id='par_1_47' title="bbox 2205 1672 3797 1749">
     <span class='ocr_line' id='line_1_47' title="bbox 2205 1672 3797 1749; baseline 0.007 -24"><span class='ocrx_word' id='word_1_305' title='bbox 2205 1686 2363 1727; x_wconf 90' lang='lat' dir='ltr'>mam</span> <span class='ocrx_word' id='word_1_306' title='bbox 2403 1675 2667 1728; x_wconf 87' lang='lat' dir='ltr'>nostram</span> <span class='ocrx_word' id='word_1_307' title='bbox 2692 1674 2763 1729; x_wconf 85' lang='lat' dir='ltr'>ad</span> <span class='ocrx_word' id='word_1_308' title='bbox 2793 1672 2956 1730; x_wconf 83' lang='lat' dir='ltr'>illam</span> <span class='ocrx_word' id='word_1_309' title='bbox 2986 1674 3309 1749; x_wconf 89' lang='lat' dir='ltr'>imaginem</span> <span class='ocrx_word' id='word_1_310' title='bbox 3342 1677 3442 1734; x_wconf 87' lang='lat' dir='ltr'>Dei</span> <span class='ocrx_word' id='word_1_311' title='bbox 3471 1678 3526 1735; x_wconf 90' lang='lat' dir='ltr'>et</span> <span class='ocrx_word' id='word_1_312' title='bbox 3569 1679 3797 1736; x_wconf 83' lang='lat' dir='ltr'>similitu-</span> 
     </span>
    </p>
   </div>
   <div class='ocr_carea' id='block_1_48' title="bbox 2168 1758 3798 1838">
    <p class='ocr_par' dir='ltr' id='par_1_48' title="bbox 2168 1758 3798 1838">
     <span class='ocr_line' id='line_1_48' title="bbox 2168 1758 3798 1838; baseline 0.007 -24"><span class='ocrx_word' id='word_1_313' title='bbox 2168 1775 2360 1838; x_wconf 54' lang='lat' dir='ltr'>,nem.</span> <span class='ocrx_word' id='word_1_314' title='bbox 2396 1760 2555 1833; x_wconf 84' lang='lat' dir='ltr'>Fuga</span> <span class='ocrx_word' id='word_1_315' title='bbox 2600 1758 2891 1819; x_wconf 88' lang='lat' dir='ltr'>malorum</span> <span class='ocrx_word' id='word_1_316' title='bbox 2931 1760 3258 1821; x_wconf 88' lang='lat' dir='ltr'>similitudo</span> <span class='ocrx_word' id='word_1_317' title='bbox 3287 1764 3393 1822; x_wconf 88' lang='lat' dir='ltr'>Dei</span> <span class='ocrx_word' id='word_1_318' title='bbox 3422 1770 3526 1838; x_wconf 88' lang='lat' dir='ltr'>est,</span> <span class='ocrx_word' id='word_1_319' title='bbox 3563 1772 3615 1824; x_wconf 90' lang='lat' dir='ltr'>et</span> <span class='ocrx_word' id='word_1_320' title='bbox 3652 1768 3798 1825; x_wconf 84' lang='lat' dir='ltr'>virtu-</span> 
     </span>
    </p>
   </div>
   <div class='ocr_carea' id='block_1_49' title="bbox 2201 1848 3799 1930">
    <p class='ocr_par' dir='ltr' id='par_1_49' title="bbox 2201 1848 3799 1930">
     <span class='ocr_line' id='line_1_49' title="bbox 2201 1848 3799 1930; baseline 0.006 -26"><span class='ocrx_word' id='word_1_321' title='bbox 2201 1848 2359 1905; x_wconf 84' lang='lat' dir='ltr'>tibus</span> <span class='ocrx_word' id='word_1_322' title='bbox 2390 1850 2584 1922; x_wconf 85' lang='lat' dir='ltr'>imago</span> <span class='ocrx_word' id='word_1_323' title='bbox 2634 1851 2733 1907; x_wconf 86' lang='lat' dir='ltr'>Dei</span> <span class='ocrx_word' id='word_1_324' title='bbox 2790 1851 3134 1924; x_wconf 82' lang='lat' dir='ltr'>acquiritur.</span> <span class='ocrx_word' id='word_1_325' title='bbox 3180 1852 3318 1910; x_wconf 90' lang='lat' dir='ltr'>Ideo</span> <span class='ocrx_word' id='word_1_326' title='bbox 3348 1848 3466 1928; x_wconf 63' lang='lat' dir='ltr'>&#39;qui</span> <span class='ocrx_word' id='word_1_327' title='bbox 3514 1871 3612 1913; x_wconf 88' lang='lat' dir='ltr'>nos</span> <span class='ocrx_word' id='word_1_328' title='bbox 3653 1857 3799 1930; x_wconf 85' lang='lat' dir='ltr'>pinxit</span> 
     </span>
    </p>
   </div>
   <div class='ocr_carea' id='block_1_50' title="bbox 2204 1936 3796 2017">
    <p class='ocr_par' dir='ltr' id='par_1_50' title="bbox 2204 1936 3796 2017">
     <span class='ocr_line' id='line_1_50' title="bbox 2204 1936 3796 2017; baseline 0.007 -25"><span class='ocrx_word' id='word_1_329' title='bbox 2204 1936 2373 2008; x_wconf 81' lang='lat' dir='ltr'>quasi</span> <span class='ocrx_word' id='word_1_330' title='bbox 2407 1941 2628 2008; x_wconf 87' lang='lat' dir='ltr'>auctor,</span> <span class='ocrx_word' id='word_1_331' title='bbox 2660 1938 2849 2011; x_wconf 81' lang='lat' dir='ltr'>pinxit</span> <span class='ocrx_word' id='word_1_332' title='bbox 2874 1939 3160 1997; x_wconf 83' lang='lat' dir='ltr'>virtutum</span> <span class='ocrx_word' id='word_1_333' title='bbox 3191 1941 3523 2001; x_wconf 90' lang='lat' dir='ltr'>coloribus:</span> <span class='ocrx_word' id='word_1_334' title='bbox 3553 1942 3678 2002; x_wconf 81' lang='lat' dir='ltr'>Ecce</span> <span class='ocrx_word' id='word_1_335' title='bbox 3707 1962 3796 2017; x_wconf 83' lang='lat' dir='ltr'>ego,</span> 
     </span>
    </p>
   </div>
   <div class='ocr_carea' id='block_1_51' title="bbox 2201 2024 3795 2106">
    <p class='ocr_par' dir='ltr' id='par_1_51' title="bbox 2201 2024 3795 2106">
     <span class='ocr_line' id='line_1_51' title="bbox 2201 2024 3795 2106; baseline 0.006 -26"><span class='ocrx_word' id='word_1_336' title='bbox 2201 2024 2395 2098; x_wconf 90' lang='lat' dir='ltr'>inquit</span> <span class='ocrx_word' id='word_1_337' title='bbox 2424 2025 2497 2082; x_wconf 87' lang='lat' dir='ltr'>ad</span> <span class='ocrx_word' id='word_1_338' title='bbox 2536 2026 2887 2097; x_wconf 88' lang='lat' dir='ltr'>Jerusalem,</span> <span class='ocrx_word' id='word_1_339' title='bbox 2932 2030 3100 2101; x_wconf 72' lang='lat' dir='ltr'>pinxi</span> <span class='ocrx_word' id='word_1_340' title='bbox 3140 2046 3332 2088; x_wconf 88' lang='lat' dir='ltr'>muros</span> <span class='ocrx_word' id='word_1_341' title='bbox 3369 2035 3489 2089; x_wconf 84' lang='lat' dir='ltr'>tuos</span> <span class='ocrx_word' id='word_1_342' title='bbox 3516 2034 3630 2106; x_wconf 86' lang='lat' dir='ltr'>(Isa.</span> <span class='ocrx_word' id='word_1_343' title='bbox 3680 2050 3795 2105; x_wconf 67' lang='grc' dir='ltr'><strong>χιιι,</strong></span> 
     </span>
    </p>
   </div>
   <div class='ocr_carea' id='block_1_52' title="bbox 2136 2113 3797 2197">
    <p class='ocr_par' dir='ltr' id='par_1_52' title="bbox 2136 2113 3797 2197">
     <span class='ocr_line' id='line_1_52' title="bbox 2136 2113 3797 2197; baseline 0.006 -28"><span class='ocrx_word' id='word_1_344' title='bbox 2136 2113 2144 2122; x_wconf 90' lang='grc'><strong>’</strong></span> <span class='ocrx_word' id='word_1_345' title='bbox 2203 2115 2313 2187; x_wconf 91' lang='grc'>16).</span> <span class='ocrx_word' id='word_1_346' title='bbox 2346 2115 2470 2171; x_wconf 88' lang='grc' dir='ltr'><strong>Νοιι</strong></span> <span class='ocrx_word' id='word_1_347' title='bbox 2501 2116 2877 2189; x_wconf 87' lang='lat' dir='ltr'>detergamus</span> <span class='ocrx_word' id='word_1_348' title='bbox 2907 2116 3181 2190; x_wconf 88' lang='lat' dir='ltr'>penicillo</span> <span class='ocrx_word' id='word_1_349' title='bbox 3225 2120 3582 2196; x_wconf 67' lang='lat' dir='ltr'>negligentiae</span> <span class='ocrx_word' id='word_1_350' title='bbox 3612 2122 3797 2197; x_wconf 78' lang='lat' dir='ltr'>depicta</span> 
     </span>
    </p>
   </div>
   <div class='ocr_carea' id='block_1_53' title="bbox 2201 2202 3793 2268">
    <p class='ocr_par' dir='ltr' id='par_1_53' title="bbox 2201 2202 3793 2268">
     <span class='ocr_line' id='line_1_53' title="bbox 2201 2202 3793 2268; baseline 0.004 -8"><span class='ocrx_word' id='word_1_351' title='bbox 2201 2203 2414 2261; x_wconf 68' lang='lat' dir='ltr'>animm</span> <span class='ocrx_word' id='word_1_352' title='bbox 2463 2202 2673 2261; x_wconf 83' lang='lat' dir='ltr'>nostrae</span> <span class='ocrx_word' id='word_1_353' title='bbox 2718 2206 3090 2264; x_wconf 85' lang='lat' dir='ltr'>ﬁrmamenta</span> <span class='ocrx_word' id='word_1_354' title='bbox 3138 2210 3412 2267; x_wconf 88' lang='lat' dir='ltr'>muralia.</span> <span class='ocrx_word' id='word_1_355' title='bbox 3462 2211 3586 2268; x_wconf 89' lang='lat' dir='ltr'>Ideo</span> <span class='ocrx_word' id='word_1_356' title='bbox 3649 2211 3793 2268; x_wconf 80' lang='lat' dir='ltr'>dixit:</span> 
     </span>
    </p>
   </div>
   <div class='ocr_carea' id='block_1_54' title="bbox 2200 2294 3704 2371">
    <p class='ocr_par' dir='ltr' id='par_1_54' title="bbox 2200 2294 3704 2371">
     <span class='ocr_line' id='line_1_54' title="bbox 2200 2294 3704 2371; baseline 0.004 -22"><span class='ocrx_word' id='word_1_357' title='bbox 2200 2294 2379 2350; x_wconf 83' lang='lat' dir='ltr'>Muros</span> <span class='ocrx_word' id='word_1_358' title='bbox 2406 2295 2587 2367; x_wconf 68' lang='lat' dir='ltr'>pinxi,</span> <span class='ocrx_word' id='word_1_359' title='bbox 2621 2294 2840 2367; x_wconf 89' lang='lat' dir='ltr'>quibus</span> <span class='ocrx_word' id='word_1_360' title='bbox 2871 2296 3102 2353; x_wconf 87' lang='lat' dir='ltr'>hostem</span> <span class='ocrx_word' id='word_1_361' title='bbox 3126 2300 3427 2371; x_wconf 89' lang='lat' dir='ltr'>possimus</span> <span class='ocrx_word' id='word_1_362' title='bbox 3457 2305 3704 2358; x_wconf 83' lang='lat' dir='ltr'>avertere.</span> 
     </span>
    </p>
   </div>
   <div class='ocr_carea' id='block_1_55' title="bbox 2274 2380 3794 2462">
    <p class='ocr_par' dir='ltr' id='par_1_55' title="bbox 2274 2380 3794 2462">
     <span class='ocr_line' id='line_1_55' title="bbox 2274 2380 3794 2462; baseline 0.004 -23"><span class='ocrx_word' id='word_1_363' title='bbox 2274 2383 2359 2440; x_wconf 89' lang='lat'>18.</span> <span class='ocrx_word' id='word_1_364' title='bbox 2393 2380 2577 2441; x_wconf 90' lang='lat' dir='ltr'>Habet</span> <span class='ocrx_word' id='word_1_365' title='bbox 2606 2384 2804 2441; x_wconf 81' lang='lat' dir='ltr'>anima</span> <span class='ocrx_word' id='word_1_366' title='bbox 2833 2396 3036 2443; x_wconf 89' lang='lat' dir='ltr'>muros</span> <span class='ocrx_word' id='word_1_367' title='bbox 3067 2402 3229 2457; x_wconf 87' lang='lat' dir='ltr'>suos,</span> <span class='ocrx_word' id='word_1_368' title='bbox 3263 2388 3336 2445; x_wconf 91' lang='lat' dir='ltr'>de</span> <span class='ocrx_word' id='word_1_369' title='bbox 3367 2390 3574 2462; x_wconf 85' lang='lat' dir='ltr'>quibus</span> <span class='ocrx_word' id='word_1_370' title='bbox 3601 2389 3794 2455; x_wconf 85' lang='lat' dir='ltr'>eminet,</span> 
     </span>
    </p>
   </div>
   <div class='ocr_carea' id='block_1_56' title="bbox 2151 2471 3797 2551">
    <p class='ocr_par' dir='ltr' id='par_1_56' title="bbox 2151 2471 3797 2551">
     <span class='ocr_line' id='line_1_56' title="bbox 2151 2471 3797 2551; baseline 0.001 -21"><span class='ocrx_word' id='word_1_371' title='bbox 2151 2521 2159 2530; x_wconf 89' lang='lat'>.</span> <span class='ocrx_word' id='word_1_372' title='bbox 2198 2476 2253 2527; x_wconf 91' lang='lat' dir='ltr'>et</span> <span class='ocrx_word' id='word_1_373' title='bbox 2286 2471 2355 2527; x_wconf 92' lang='lat' dir='ltr'>de</span> <span class='ocrx_word' id='word_1_374' title='bbox 2387 2472 2603 2545; x_wconf 78' lang='lat' dir='ltr'>quibus</span> <span class='ocrx_word' id='word_1_375' title='bbox 2634 2474 2755 2530; x_wconf 85' lang='lat' dir='ltr'>ait:</span> <span class='ocrx_word' id='word_1_376' title='bbox 2813 2472 2926 2545; x_wconf 79' lang='lat' dir='ltr'>Ego</span> <span class='ocrx_word' id='word_1_377' title='bbox 2972 2476 3171 2531; x_wconf 81' lang='lat' dir='ltr'>civitas</span> <span class='ocrx_word' id='word_1_378' title='bbox 3213 2480 3456 2550; x_wconf 70' lang='lat' dir='ltr'>Munita,</span> <span class='ocrx_word' id='word_1_379' title='bbox 3512 2494 3600 2551; x_wconf 82' lang='lat' dir='ltr'>ego</span> <span class='ocrx_word' id='word_1_380' title='bbox 3641 2480 3797 2535; x_wconf 79' lang='lat' dir='ltr'>civitas</span> 
     </span>
    </p>
   </div>
   <div class='ocr_carea' id='block_1_57' title="bbox 2197 2558 3796 2635">
    <p class='ocr_par' dir='ltr' id='par_1_57' title="bbox 2197 2558 3796 2635">
     <span class='ocr_line' id='line_1_57' title="bbox 2197 2558 3796 2635; baseline 0.002 -18"><span class='ocrx_word' id='word_1_381' title='bbox 2197 2560 2407 2617; x_wconf 86' lang='lat' dir='ltr'>obsessa</span> <span class='ocrx_word' id='word_1_382' title='bbox 2470 2558 2595 2632; x_wconf 78' lang='lat' dir='ltr'>(Isa.</span> <span class='ocrx_word' id='word_1_383' title='bbox 2659 2578 2831 2630; x_wconf 83' lang='lat' dir='ltr'>xxvu,</span> <span class='ocrx_word' id='word_1_384' title='bbox 2902 2560 2978 2635; x_wconf 83' lang='lat'>3).</span> <span class='ocrx_word' id='word_1_385' title='bbox 3027 2564 3127 2621; x_wconf 90' lang='lat' dir='ltr'>His</span> <span class='ocrx_word' id='word_1_386' title='bbox 3198 2568 3469 2623; x_wconf 89' lang='lat' dir='ltr'>munitur</span> <span class='ocrx_word' id='word_1_387' title='bbox 3504 2568 3687 2632; x_wconf 89' lang='lat' dir='ltr'>muris,</span> <span class='ocrx_word' id='word_1_388' title='bbox 3723 2566 3796 2622; x_wconf 87' lang='lat' dir='ltr'>his</span> 
     </span>
    </p>
   </div>
   <div class='ocr_carea' id='block_1_58' title="bbox 2196 2644 3796 2727">
    <p class='ocr_par' dir='ltr' id='par_1_58' title="bbox 2196 2644 3796 2727">
     <span class='ocr_line' id='line_1_58' title="bbox 2196 2644 3796 2727; baseline 0.003 -23"><span class='ocrx_word' id='word_1_389' title='bbox 2196 2648 2436 2705; x_wconf 72' lang='lat' dir='ltr'>obsessa</span> <span class='ocrx_word' id='word_1_390' title='bbox 2477 2644 2828 2706; x_wconf 82' lang='lat' dir='ltr'>defenditur.</span> <span class='ocrx_word' id='word_1_391' title='bbox 2882 2653 2954 2708; x_wconf 90' lang='lat' dir='ltr'>Et</span> <span class='ocrx_word' id='word_1_392' title='bbox 2981 2667 3112 2709; x_wconf 89' lang='lat' dir='ltr'>vere</span> <span class='ocrx_word' id='word_1_393' title='bbox 3159 2670 3375 2713; x_wconf 88' lang='lat' dir='ltr'>murus</span> <span class='ocrx_word' id='word_1_394' title='bbox 3439 2656 3641 2727; x_wconf 86' lang='lat' dir='ltr'>anima,</span> <span class='ocrx_word' id='word_1_395' title='bbox 3696 2671 3796 2727; x_wconf 72' lang='lat' dir='ltr'>qua</span> 
     </span>
    </p>
   </div>
   <div class='ocr_carea' id='block_1_59' title="bbox 2194 2734 3795 2818">
    <p class='ocr_par' dir='ltr' id='par_1_59' title="bbox 2194 2734 3795 2818">
     <span class='ocr_line' id='line_1_59' title="bbox 2194 2734 3795 2818; baseline 0.005 -27"><span class='ocrx_word' id='word_1_396' title='bbox 2194 2737 2504 2809; x_wconf 68' lang='lat' dir='ltr'>praetendit</span> <span class='ocrx_word' id='word_1_397' title='bbox 2531 2738 2589 2794; x_wconf 91' lang='lat' dir='ltr'>in</span> <span class='ocrx_word' id='word_1_398' title='bbox 2622 2734 2829 2797; x_wconf 82' lang='lat' dir='ltr'>castris</span> <span class='ocrx_word' id='word_1_399' title='bbox 2856 2739 2988 2811; x_wconf 87' lang='lat'>(13).</span> <span class='ocrx_word' id='word_1_400' title='bbox 3021 2740 3185 2799; x_wconf 89' lang='lat' dir='ltr'>Unde</span> <span class='ocrx_word' id='word_1_401' title='bbox 3213 2749 3277 2800; x_wconf 89' lang='lat' dir='ltr'>et</span> <span class='ocrx_word' id='word_1_402' title='bbox 3329 2744 3459 2818; x_wconf 88' lang='lat' dir='ltr'>ipsa</span> <span class='ocrx_word' id='word_1_403' title='bbox 3486 2746 3563 2801; x_wconf 88' lang='lat' dir='ltr'>ait</span> <span class='ocrx_word' id='word_1_404' title='bbox 3590 2745 3643 2800; x_wconf 90' lang='lat' dir='ltr'>in</span> <span class='ocrx_word' id='word_1_405' title='bbox 3682 2744 3795 2801; x_wconf 86' lang='lat' dir='ltr'>Can-</span> 
     </span>
    </p>
   </div>
   <div class='ocr_carea' id='block_1_60' title="bbox 2191 2824 3791 2908">
    <p class='ocr_par' dir='ltr' id='par_1_60' title="bbox 2191 2824 3791 2908">
     <span class='ocr_line' id='line_1_60' title="bbox 2191 2824 3791 2908; baseline 0.004 -28"><span class='ocrx_word' id='word_1_406' title='bbox 2191 2824 2356 2882; x_wconf 91' lang='lat' dir='ltr'>ticis:</span> <span class='ocrx_word' id='word_1_407' title='bbox 2388 2829 2498 2898; x_wconf 85' lang='lat' dir='ltr'>Ego</span> <span class='ocrx_word' id='word_1_408' title='bbox 2526 2846 2739 2897; x_wconf 87' lang='lat' dir='ltr'>murus,</span> <span class='ocrx_word' id='word_1_409' title='bbox 2768 2829 2940 2887; x_wconf 87' lang='lat' dir='ltr'>ubera</span> <span class='ocrx_word' id='word_1_410' title='bbox 2976 2846 3117 2899; x_wconf 87' lang='lat' dir='ltr'>mea,</span> <span class='ocrx_word' id='word_1_411' title='bbox 3158 2840 3221 2888; x_wconf 87' lang='lat' dir='ltr'>ut</span> <span class='ocrx_word' id='word_1_412' title='bbox 3273 2842 3453 2891; x_wconf 88' lang='lat' dir='ltr'>turres</span> <span class='ocrx_word' id='word_1_413' title='bbox 3504 2833 3672 2908; x_wconf 85' lang='lat' dir='ltr'>(Cant.</span> <span class='ocrx_word' id='word_1_414' title='bbox 3695 2846 3791 2897; x_wconf 89' lang='lat' dir='ltr'>vm,</span> 
     </span>
    </p>
   </div>
   <div class='ocr_carea' id='block_1_61' title="bbox 2194 2912 3798 2994">
    <p class='ocr_par' dir='ltr' id='par_1_61' title="bbox 2194 2912 3798 2994">
     <span class='ocr_line' id='line_1_61' title="bbox 2194 2912 3798 2994; baseline 0.004 -25"><span class='ocrx_word' id='word_1_415' title='bbox 2194 2914 2305 2987; x_wconf 92' lang='grc'><strong>10).</strong></span> <span class='ocrx_word' id='word_1_416' title='bbox 2340 2912 2535 2974; x_wconf 90' lang='lat' dir='ltr'>Bonus</span> <span class='ocrx_word' id='word_1_417' title='bbox 2565 2932 2774 2977; x_wconf 87' lang='lat' dir='ltr'>murus</span> <span class='ocrx_word' id='word_1_418' title='bbox 2804 2935 2980 2993; x_wconf 90' lang='lat' dir='ltr'>quem</span> <span class='ocrx_word' id='word_1_419' title='bbox 3011 2920 3200 2994; x_wconf 86' lang='lat' dir='ltr'>pinxit</span> <span class='ocrx_word' id='word_1_420' title='bbox 3221 2920 3529 2994; x_wconf 87' lang='lat' dir='ltr'>Dominus,</span> <span class='ocrx_word' id='word_1_421' title='bbox 3552 2924 3686 2979; x_wconf 87' lang='lat' dir='ltr'>sicut</span> <span class='ocrx_word' id='word_1_422' title='bbox 3701 2919 3798 2993; x_wconf 80' lang='lat' dir='ltr'>ipse</span> 
     </span>
    </p>
   </div>
   <div class='ocr_carea' id='block_1_62' title="bbox 2196 3002 3795 3083">
    <p class='ocr_par' dir='ltr' id='par_1_62' title="bbox 2196 3002 3795 3083">
     <span class='ocr_line' id='line_1_62' title="bbox 2196 3002 3795 3083; baseline 0.004 -24"><span class='ocrx_word' id='word_1_423' title='bbox 2196 3002 2315 3060; x_wconf 85' lang='lat' dir='ltr'>ait:</span> <span class='ocrx_word' id='word_1_424' title='bbox 2365 3004 2429 3061; x_wconf 87' lang='lat' dir='ltr'>In</span> <span class='ocrx_word' id='word_1_425' title='bbox 2463 3009 2723 3064; x_wconf 84' lang='lat' dir='ltr'>manibus</span> <span class='ocrx_word' id='word_1_426' title='bbox 2762 3010 2917 3073; x_wconf 79' lang='lat' dir='ltr'>meis,</span> <span class='ocrx_word' id='word_1_427' title='bbox 2938 3012 3107 3083; x_wconf 58' lang='lat' dir='ltr'>pinxi</span> <span class='ocrx_word' id='word_1_428' title='bbox 3150 3027 3344 3068; x_wconf 87' lang='lat' dir='ltr'>muros</span> <span class='ocrx_word' id='word_1_429' title='bbox 3373 3017 3506 3081; x_wconf 90' lang='lat' dir='ltr'>tuos,</span> <span class='ocrx_word' id='word_1_430' title='bbox 3538 3012 3586 3068; x_wconf 78' lang='lat' dir='ltr'>et</span> <span class='ocrx_word' id='word_1_431' title='bbox 3613 3014 3664 3067; x_wconf 81' lang='lat' dir='ltr'>in</span> <span class='ocrx_word' id='word_1_432' title='bbox 3694 3024 3795 3066; x_wconf 81' lang='lat' dir='ltr'>con-</span> 
     </span>
    </p>
   </div>
   <div class='ocr_carea' id='block_1_63' title="bbox 434 3098 3799 3176">
    <p class='ocr_par' dir='ltr' id='par_1_63' title="bbox 434 3098 3799 3176">
     <span class='ocr_line' id='line_1_63' title="bbox 434 3098 3799 3176; baseline 0.001 -28"><span class='ocrx_word' id='word_1_433' title='bbox 434 3118 689 3176; x_wconf 79' lang='lat' dir='ltr'>quamus</span> <span class='ocrx_word' id='word_1_434' title='bbox 728 3102 927 3158; x_wconf 78' lang='lat' dir='ltr'>omnia,</span> <span class='ocrx_word' id='word_1_435' title='bbox 954 3117 1315 3174; x_wconf 54' lang='lat' dir='ltr'>quacunque</span> <span class='ocrx_word' id='word_1_436' title='bbox 1361 3104 1593 3156; x_wconf 78' lang='lat' dir='ltr'>terrena</span> <span class='ocrx_word' id='word_1_437' title='bbox 1637 3105 1793 3169; x_wconf 66' lang='lat' dir='ltr'>sunt,</span> <span class='ocrx_word' id='word_1_438' title='bbox 1827 3106 1894 3159; x_wconf 78' lang='lat' dir='ltr'>ut,</span> <span class='ocrx_word' id='word_1_439' title='bbox 1950 3119 2084 3158; x_wconf 81' lang='lat' dir='ltr'>cum</span> <span class='ocrx_word' id='word_1_440' title='bbox 2124 3164 2160 3176; x_wconf 48' lang='grc' dir='ltr'><em>κ</em></span> <span class='ocrx_word' id='word_1_441' title='bbox 2193 3098 2378 3165; x_wconf 86' lang='lat' dir='ltr'>spectu</span> <span class='ocrx_word' id='word_1_442' title='bbox 2401 3106 2519 3152; x_wconf 84' lang='lat' dir='ltr'>meo</span> <span class='ocrx_word' id='word_1_443' title='bbox 2548 3112 2603 3153; x_wconf 90' lang='lat' dir='ltr'>es</span> <span class='ocrx_word' id='word_1_444' title='bbox 2637 3110 2847 3171; x_wconf 81' lang='lat' dir='ltr'>semper</span> <span class='ocrx_word' id='word_1_445' title='bbox 2893 3100 3019 3172; x_wconf 87' lang='lat' dir='ltr'>(Isa.</span> <span class='ocrx_word' id='word_1_446' title='bbox 3068 3114 3222 3171; x_wconf 80' lang='lat' dir='ltr'><strong>XLIX,</strong></span> <span class='ocrx_word' id='word_1_447' title='bbox 3275 3102 3384 3170; x_wconf 75' lang='grc'><strong>16).</strong></span> <span class='ocrx_word' id='word_1_448' title='bbox 3444 3106 3593 3159; x_wconf 87' lang='lat' dir='ltr'>Bona</span> <span class='ocrx_word' id='word_1_449' title='bbox 3642 3098 3799 3156; x_wconf 82' lang='lat' dir='ltr'>anima</span> 
     </span>
    </p>
   </div>
   <div class='ocr_carea' id='block_1_64' title="bbox 432 3164 3799 3260">
    <p class='ocr_par' dir='ltr' id='par_1_64' title="bbox 432 3164 3799 3260">
     <span class='ocr_line' id='line_1_64' title="bbox 432 3164 3799 3260; baseline -0.001 -12"><span class='ocrx_word' id='word_1_450' title='bbox 432 3164 655 3248; x_wconf 67' lang='lat' dir='ltr'>venerit</span> <span class='ocrx_word' id='word_1_451' title='bbox 684 3164 1071 3260; x_wconf 77' lang='lat' dir='ltr'>adversarius,</span> <span class='ocrx_word' id='word_1_452' title='bbox 1106 3164 1252 3245; x_wconf 78' lang='lat' dir='ltr'>nihil</span> <span class='ocrx_word' id='word_1_453' title='bbox 1282 3188 1340 3244; x_wconf 89' lang='lat' dir='ltr'>in</span> <span class='ocrx_word' id='word_1_454' title='bbox 1378 3189 1546 3245; x_wconf 90' lang='lat' dir='ltr'>nobis</span> <span class='ocrx_word' id='word_1_455' title='bbox 1593 3190 1851 3247; x_wconf 88' lang='lat' dir='ltr'>inveniat</span> <span class='ocrx_word' id='word_1_456' title='bbox 1889 3210 2086 3248; x_wconf 90' lang='lat' dir='ltr'>suum.</span> <span class='ocrx_word' id='word_1_457' title='bbox 2119 3164 2163 3231; x_wconf 80' lang='lat' dir='ltr'>C</span> <span class='ocrx_word' id='word_1_458' title='bbox 2200 3198 2328 3253; x_wconf 63' lang='lat' dir='ltr'>quae</span> <span class='ocrx_word' id='word_1_459' title='bbox 2359 3182 2534 3241; x_wconf 70' lang='lat' dir='ltr'>habet</span> <span class='ocrx_word' id='word_1_460' title='bbox 2564 3187 2987 3259; x_wconf 80' lang='lat' dir='ltr'>speculatorem</span> <span class='ocrx_word' id='word_1_461' title='bbox 3020 3186 3229 3256; x_wconf 87' lang='lat' dir='ltr'>Deum,</span> <span class='ocrx_word' id='word_1_462' title='bbox 3266 3195 3324 3246; x_wconf 88' lang='lat' dir='ltr'>et</span> <span class='ocrx_word' id='word_1_463' title='bbox 3351 3190 3412 3245; x_wconf 90' lang='lat' dir='ltr'>in</span> <span class='ocrx_word' id='word_1_464' title='bbox 3434 3191 3684 3246; x_wconf 87' lang='lat' dir='ltr'>manibus</span> <span class='ocrx_word' id='word_1_465' title='bbox 3699 3188 3799 3259; x_wconf 83' lang='lat' dir='ltr'>ejus</span> 
     </span>
    </p>
   </div>
   <div class='ocr_carea' id='block_1_65' title="bbox 434 3278 2088 3347">
    <p class='ocr_par' dir='ltr' id='par_1_65' title="bbox 434 3278 2088 3347">
     <span class='ocr_line' id='line_1_65' title="bbox 434 3278 2088 3347; baseline -0.001 -9"><span class='ocrx_word' id='word_1_466' title='bbox 434 3278 870 3338; x_wconf 87' lang='lat' dir='ltr'>Contendamus</span> <span class='ocrx_word' id='word_1_467' title='bbox 900 3281 970 3335; x_wconf 89' lang='lat' dir='ltr'>ad</span> <span class='ocrx_word' id='word_1_468' title='bbox 1002 3278 1146 3334; x_wconf 74' lang='lat' dir='ltr'>illud</span> <span class='ocrx_word' id='word_1_469' title='bbox 1178 3284 1480 3347; x_wconf 66' lang='lat' dir='ltr'>aeternum,</span> <span class='ocrx_word' id='word_1_470' title='bbox 1513 3279 1584 3334; x_wconf 92' lang='lat' dir='ltr'>ad</span> <span class='ocrx_word' id='word_1_471' title='bbox 1635 3278 1776 3335; x_wconf 90' lang='lat' dir='ltr'>illud</span> <span class='ocrx_word' id='word_1_472' title='bbox 1824 3280 2088 3337; x_wconf 91' lang='lat' dir='ltr'>divinum</span> 
     </span>
    </p>
   </div>
   <div class='ocr_carea' id='block_1_66' title="bbox 434 3366 2085 3443">
    <p class='ocr_par' dir='ltr' id='par_1_66' title="bbox 434 3366 2085 3443">
     <span class='ocr_line' id='line_1_66' title="bbox 434 3366 2085 3443; baseline -0.001 -17"><span class='ocrx_word' id='word_1_473' title='bbox 434 3369 731 3426; x_wconf 90' lang='lat' dir='ltr'>evolemus</span> <span class='ocrx_word' id='word_1_474' title='bbox 759 3368 969 3443; x_wconf 90' lang='lat' dir='ltr'>pennis</span> <span class='ocrx_word' id='word_1_475' title='bbox 996 3366 1348 3433; x_wconf 88' lang='lat' dir='ltr'>dilectionis,</span> <span class='ocrx_word' id='word_1_476' title='bbox 1381 3371 1437 3423; x_wconf 89' lang='lat' dir='ltr'>et</span> <span class='ocrx_word' id='word_1_477' title='bbox 1468 3368 1716 3441; x_wconf 90' lang='lat' dir='ltr'>remigio</span> <span class='ocrx_word' id='word_1_478' title='bbox 1762 3367 2085 3425; x_wconf 86' lang='lat' dir='ltr'>charitatis.</span> 
     </span>
    </p>
   </div>
   <div class='ocr_carea' id='block_1_67' title="bbox 432 3455 2089 3531">
    <p class='ocr_par' dir='ltr' id='par_1_67' title="bbox 432 3455 2089 3531">
     <span class='ocr_line' id='line_1_67' title="bbox 432 3455 2089 3531; baseline 0 -16"><span class='ocrx_word' id='word_1_479' title='bbox 432 3458 759 3531; x_wconf 86' lang='lat' dir='ltr'>Surgamus</span> <span class='ocrx_word' id='word_1_480' title='bbox 824 3455 983 3525; x_wconf 87' lang='lat' dir='ltr'>hinc,</span> <span class='ocrx_word' id='word_1_481' title='bbox 1053 3456 1163 3512; x_wconf 89' lang='lat' dir='ltr'>hoc</span> <span class='ocrx_word' id='word_1_482' title='bbox 1205 3459 1314 3522; x_wconf 89' lang='lat' dir='ltr'>est,</span> <span class='ocrx_word' id='word_1_483' title='bbox 1366 3456 1437 3511; x_wconf 89' lang='lat' dir='ltr'>de</span> <span class='ocrx_word' id='word_1_484' title='bbox 1478 3457 1870 3514; x_wconf 66' lang='lat' dir='ltr'>saecularibus</span> <span class='ocrx_word' id='word_1_485' title='bbox 1911 3456 2089 3530; x_wconf 81' lang='lat' dir='ltr'>atque</span> 
     </span>
    </p>
   </div>
   <div class='ocr_carea' id='block_1_68' title="bbox 435 3544 2086 3628">
    <p class='ocr_par' dir='ltr' id='par_1_68' title="bbox 435 3544 2086 3628">
     <span class='ocr_line' id='line_1_68' title="bbox 435 3544 2086 3628; baseline -0.001 -25"><span class='ocrx_word' id='word_1_486' title='bbox 435 3546 771 3603; x_wconf 89' lang='lat' dir='ltr'>mundanis.</span> <span class='ocrx_word' id='word_1_487' title='bbox 823 3545 976 3601; x_wconf 82' lang='lat' dir='ltr'>Dixit</span> <span class='ocrx_word' id='word_1_488' title='bbox 1019 3545 1177 3600; x_wconf 89' lang='lat' dir='ltr'>enim</span> <span class='ocrx_word' id='word_1_489' title='bbox 1234 3544 1559 3601; x_wconf 90' lang='lat' dir='ltr'>Dominus:</span> <span class='ocrx_word' id='word_1_490' title='bbox 1620 3544 1855 3628; x_wconf 67' lang='lat' dir='ltr'>Surgite,</span> <span class='ocrx_word' id='word_1_491' title='bbox 1901 3564 2086 3602; x_wconf 89' lang='lat' dir='ltr'>eamus</span> 
     </span>
    </p>
   </div>
   <div class='ocr_carea' id='block_1_69' title="bbox 437 3632 2086 3708">
    <p class='ocr_par' dir='ltr' id='par_1_69' title="bbox 437 3632 2086 3708">
     <span class='ocr_line' id='line_1_69' title="bbox 437 3632 2086 3708; baseline 0.001 -17"><span class='ocrx_word' id='word_1_492' title='bbox 437 3636 570 3691; x_wconf 83' lang='lat' dir='ltr'>hinc</span> <span class='ocrx_word' id='word_1_493' title='bbox 617 3637 792 3706; x_wconf 85' lang='lat' dir='ltr'>(Joan.</span> <span class='ocrx_word' id='word_1_494' title='bbox 844 3650 961 3703; x_wconf 79' lang='lat' dir='ltr'>xiv,</span> <span class='ocrx_word' id='word_1_495' title='bbox 1009 3632 1120 3705; x_wconf 83' lang='grc'><strong>21),</strong></span> <span class='ocrx_word' id='word_1_496' title='bbox 1175 3633 1514 3706; x_wconf 64' lang='lat' dir='ltr'>praecipiens</span> <span class='ocrx_word' id='word_1_497' title='bbox 1563 3638 1628 3690; x_wconf 94' lang='lat' dir='ltr'>ut</span> <span class='ocrx_word' id='word_1_498' title='bbox 1676 3636 2086 3708; x_wconf 83' lang='lat' dir='ltr'>unusquisque</span> 
     </span>
    </p>
   </div>
   <div class='ocr_carea' id='block_1_70' title="bbox 434 3721 2083 3797">
    <p class='ocr_par' dir='ltr' id='par_1_70' title="bbox 434 3721 2083 3797">
     <span class='ocr_line' id='line_1_70' title="bbox 434 3721 2083 3797; baseline -0.001 -16"><span class='ocrx_word' id='word_1_499' title='bbox 434 3729 638 3797; x_wconf 88' lang='lat' dir='ltr'>surgat</span> <span class='ocrx_word' id='word_1_500' title='bbox 668 3723 737 3779; x_wconf 91' lang='lat' dir='ltr'>de</span> <span class='ocrx_word' id='word_1_501' title='bbox 777 3721 1041 3789; x_wconf 88' lang='lat' dir='ltr'>terrenis,</span> <span class='ocrx_word' id='word_1_502' title='bbox 1070 3722 1257 3794; x_wconf 88' lang='lat' dir='ltr'>erigat</span> <span class='ocrx_word' id='word_1_503' title='bbox 1275 3721 1533 3777; x_wconf 86' lang='lat' dir='ltr'>animam</span> <span class='ocrx_word' id='word_1_504' title='bbox 1574 3722 1739 3777; x_wconf 91' lang='lat' dir='ltr'>humi</span> <span class='ocrx_word' id='word_1_505' title='bbox 1766 3725 2083 3794; x_wconf 85' lang='lat' dir='ltr'>jacentem,</span> 
     </span>
    </p>
   </div>
   <div class='ocr_carea' id='block_1_71' title="bbox 435 3810 2083 3884">
    <p class='ocr_par' dir='ltr' id='par_1_71' title="bbox 435 3810 2083 3884">
     <span class='ocr_line' id='line_1_71' title="bbox 435 3810 2083 3884; baseline 0 -16"><span class='ocrx_word' id='word_1_506' title='bbox 435 3815 505 3868; x_wconf 90' lang='lat' dir='ltr'>ad</span> <span class='ocrx_word' id='word_1_507' title='bbox 538 3828 791 3884; x_wconf 88' lang='lat' dir='ltr'>superna</span> <span class='ocrx_word' id='word_1_508' title='bbox 815 3810 1061 3878; x_wconf 88' lang='lat' dir='ltr'>attollat,</span> <span class='ocrx_word' id='word_1_509' title='bbox 1095 3810 1303 3866; x_wconf 87' lang='lat' dir='ltr'>excitet</span> <span class='ocrx_word' id='word_1_510' title='bbox 1336 3810 1595 3882; x_wconf 89' lang='lat' dir='ltr'>aquilam</span> <span class='ocrx_word' id='word_1_511' title='bbox 1624 3828 1814 3881; x_wconf 90' lang='lat' dir='ltr'>suam,</span> <span class='ocrx_word' id='word_1_512' title='bbox 1847 3816 1904 3868; x_wconf 91' lang='lat' dir='ltr'>et</span> <span class='ocrx_word' id='word_1_513' title='bbox 1924 3812 2083 3868; x_wconf 91' lang='lat' dir='ltr'>illam</span> 
     </span>
    </p>
   </div>
   <div class='ocr_carea' id='block_1_72' title="bbox 434 3898 2086 3973">
    <p class='ocr_par' dir='ltr' id='par_1_72' title="bbox 434 3898 2086 3973">
     <span class='ocr_line' id='line_1_72' title="bbox 434 3898 2086 3973; baseline 0.001 -18"><span class='ocrx_word' id='word_1_514' title='bbox 434 3901 695 3973; x_wconf 86' lang='lat' dir='ltr'>aquilam</span> <span class='ocrx_word' id='word_1_515' title='bbox 751 3900 822 3955; x_wconf 90' lang='lat' dir='ltr'>de</span> <span class='ocrx_word' id='word_1_516' title='bbox 880 3917 998 3972; x_wconf 90' lang='lat' dir='ltr'>qua</span> <span class='ocrx_word' id='word_1_517' title='bbox 1054 3898 1278 3954; x_wconf 89' lang='lat' dir='ltr'>dictum</span> <span class='ocrx_word' id='word_1_518' title='bbox 1327 3902 1453 3954; x_wconf 90' lang='lat' dir='ltr'>est:</span> <span class='ocrx_word' id='word_1_519' title='bbox 1514 3900 1885 3956; x_wconf 80' lang='lat' dir='ltr'>Renovabitur</span> <span class='ocrx_word' id='word_1_520' title='bbox 1941 3904 2086 3957; x_wconf 84' lang='lat' dir='ltr'>sicut</span> 
     </span>
    </p>
   </div>
   <div class='ocr_carea' id='block_1_73' title="bbox 433 3987 2085 4062">
    <p class='ocr_par' dir='ltr' id='par_1_73' title="bbox 433 3987 2085 4062">
     <span class='ocr_line' id='line_1_73' title="bbox 433 3987 2085 4062; baseline 0 -16"><span class='ocrx_word' id='word_1_521' title='bbox 433 3991 639 4062; x_wconf 53' lang='lat' dir='ltr'>aquila</span> <span class='ocrx_word' id='word_1_522' title='bbox 685 3991 945 4061; x_wconf 88' lang='lat' dir='ltr'>juventus</span> <span class='ocrx_word' id='word_1_523' title='bbox 974 3992 1071 4043; x_wconf 88' lang='lat' dir='ltr'>tua</span> <span class='ocrx_word' id='word_1_524' title='bbox 1102 3988 1270 4059; x_wconf 85' lang='lat' dir='ltr'>(Psal.</span> <span class='ocrx_word' id='word_1_525' title='bbox 1306 4004 1404 4054; x_wconf 83' lang='lat' dir='ltr'>cn,</span> <span class='ocrx_word' id='word_1_526' title='bbox 1452 3987 1530 4057; x_wconf 87' lang='lat'>5).</span> <span class='ocrx_word' id='word_1_527' title='bbox 1566 3987 1651 4043; x_wconf 83' lang='lat' dir='ltr'>Ad</span> <span class='ocrx_word' id='word_1_528' title='bbox 1686 3988 1945 4045; x_wconf 88' lang='lat' dir='ltr'>animam</span> <span class='ocrx_word' id='word_1_529' title='bbox 1975 3989 2085 4046; x_wconf 80' lang='lat' dir='ltr'>hoc</span> 
     </span>
    </p>
   </div>
   <div class='ocr_carea' id='block_1_74' title="bbox 433 4074 2087 4151">
    <p class='ocr_par' dir='ltr' id='par_1_74' title="bbox 433 4074 2087 4151">
     <span class='ocr_line' id='line_1_74' title="bbox 433 4074 2087 4151; baseline -0.001 -15"><span class='ocrx_word' id='word_1_530' title='bbox 433 4074 655 4136; x_wconf 89' lang='lat' dir='ltr'>dictum</span> <span class='ocrx_word' id='word_1_531' title='bbox 687 4082 794 4134; x_wconf 90' lang='lat' dir='ltr'>est.</span> <span class='ocrx_word' id='word_1_532' title='bbox 827 4078 1037 4133; x_wconf 85' lang='lat' dir='ltr'>Anima</span> <span class='ocrx_word' id='word_1_533' title='bbox 1067 4093 1205 4149; x_wconf 91' lang='lat' dir='ltr'>ergo</span> <span class='ocrx_word' id='word_1_534' title='bbox 1244 4076 1390 4132; x_wconf 74' lang='lat'>897</span> <span class='ocrx_word' id='word_1_535' title='bbox 1450 4081 1649 4133; x_wconf 90' lang='lat' dir='ltr'>nostra</span> <span class='ocrx_word' id='word_1_536' title='bbox 1691 4078 1843 4133; x_wconf 89' lang='lat' dir='ltr'>sicut</span> <span class='ocrx_word' id='word_1_537' title='bbox 1891 4079 2087 4151; x_wconf 87' lang='lat' dir='ltr'>aquila</span> 
     </span>
    </p>
   </div>
   <div class='ocr_carea' id='block_1_75' title="bbox 434 4164 2087 4240">
    <p class='ocr_par' dir='ltr' id='par_1_75' title="bbox 434 4164 2087 4240">
     <span class='ocr_line' id='line_1_75' title="bbox 434 4164 2087 4240; baseline 0.001 -17"><span class='ocrx_word' id='word_1_538' title='bbox 434 4168 549 4224; x_wconf 87' lang='lat' dir='ltr'>alta</span> <span class='ocrx_word' id='word_1_539' title='bbox 563 4171 739 4240; x_wconf 85' lang='lat' dir='ltr'>petat,</span> <span class='ocrx_word' id='word_1_540' title='bbox 775 4184 956 4238; x_wconf 88' lang='lat' dir='ltr'>supra</span> <span class='ocrx_word' id='word_1_541' title='bbox 982 4167 1168 4221; x_wconf 91' lang='lat' dir='ltr'>nubes</span> <span class='ocrx_word' id='word_1_542' title='bbox 1197 4164 1372 4232; x_wconf 90' lang='lat' dir='ltr'>volet,</span> <span class='ocrx_word' id='word_1_543' title='bbox 1393 4167 1687 4223; x_wconf 90' lang='lat' dir='ltr'>renovatis</span> <span class='ocrx_word' id='word_1_544' title='bbox 1717 4166 2087 4239; x_wconf 88' lang='lat' dir='ltr'>splendescat</span> 
     </span>
    </p>
   </div>
   <div class='ocr_carea' id='block_1_76' title="bbox 432 4252 2087 4326">
    <p class='ocr_par' dir='ltr' id='par_1_76' title="bbox 432 4252 2087 4326">
     <span class='ocr_line' id='line_1_76' title="bbox 432 4252 2087 4326; baseline 0 -14"><span class='ocrx_word' id='word_1_545' title='bbox 432 4256 676 4322; x_wconf 88' lang='lat' dir='ltr'>exuviis,</span> <span class='ocrx_word' id='word_1_546' title='bbox 709 4254 850 4311; x_wconf 82' lang='lat' dir='ltr'>cmlo</span> <span class='ocrx_word' id='word_1_547' title='bbox 881 4252 1109 4310; x_wconf 88' lang='lat' dir='ltr'>volatus</span> <span class='ocrx_word' id='word_1_548' title='bbox 1141 4253 1372 4320; x_wconf 81' lang='lat' dir='ltr'>inferat,</span> <span class='ocrx_word' id='word_1_549' title='bbox 1404 4254 1505 4309; x_wconf 91' lang='lat' dir='ltr'>ubi</span> <span class='ocrx_word' id='word_1_550' title='bbox 1544 4253 1784 4326; x_wconf 87' lang='lat' dir='ltr'>laqueos</span> <span class='ocrx_word' id='word_1_551' title='bbox 1831 4256 2087 4313; x_wconf 90' lang='lat' dir='ltr'>incidere</span> 
     </span>
    </p>
   </div>
   <div class='ocr_carea' id='block_1_77' title="bbox 434 4342 2084 4415">
    <p class='ocr_par' dir='ltr' id='par_1_77' title="bbox 434 4342 2084 4415">
     <span class='ocr_line' id='line_1_77' title="bbox 434 4342 2084 4415; baseline 0.002 -17"><span class='ocrx_word' id='word_1_552' title='bbox 434 4361 550 4398; x_wconf 91' lang='lat' dir='ltr'>non</span> <span class='ocrx_word' id='word_1_553' title='bbox 582 4345 786 4415; x_wconf 89' lang='lat' dir='ltr'>possit.</span> <span class='ocrx_word' id='word_1_554' title='bbox 836 4343 970 4399; x_wconf 87' lang='lat' dir='ltr'>Avis</span> <span class='ocrx_word' id='word_1_555' title='bbox 1014 4343 1172 4399; x_wconf 89' lang='lat' dir='ltr'>enim</span> <span class='ocrx_word' id='word_1_556' title='bbox 1205 4359 1332 4413; x_wconf 66' lang='lat' dir='ltr'>quae</span> <span class='ocrx_word' id='word_1_557' title='bbox 1384 4342 1686 4398; x_wconf 90' lang='lat' dir='ltr'>descendit</span> <span class='ocrx_word' id='word_1_558' title='bbox 1736 4361 1803 4400; x_wconf 89' lang='lat' dir='ltr'>ex</span> <span class='ocrx_word' id='word_1_559' title='bbox 1824 4343 1963 4413; x_wconf 91' lang='lat' dir='ltr'>alto,</span> <span class='ocrx_word' id='word_1_560' title='bbox 1997 4345 2084 4401; x_wconf 93' lang='lat' dir='ltr'>vel</span> 
     </span>
    </p>
   </div>
   <div class='ocr_carea' id='block_1_78' title="bbox 435 4430 2087 4506">
    <p class='ocr_par' dir='ltr' id='par_1_78' title="bbox 435 4430 2087 4506">
     <span class='ocr_line' id='line_1_78' title="bbox 435 4430 2087 4506; baseline 0.001 -19"><span class='ocrx_word' id='word_1_561' title='bbox 435 4449 562 4506; x_wconf 66' lang='lat' dir='ltr'>quae</span> <span class='ocrx_word' id='word_1_562' title='bbox 594 4431 653 4485; x_wconf 89' lang='lat' dir='ltr'>in</span> <span class='ocrx_word' id='word_1_563' title='bbox 684 4430 867 4486; x_wconf 90' lang='lat' dir='ltr'>altum</span> <span class='ocrx_word' id='word_1_564' title='bbox 902 4448 963 4487; x_wconf 88' lang='lat' dir='ltr'>se</span> <span class='ocrx_word' id='word_1_565' title='bbox 995 4430 1268 4487; x_wconf 87' lang='lat' dir='ltr'>extollere</span> <span class='ocrx_word' id='word_1_566' title='bbox 1314 4448 1429 4486; x_wconf 90' lang='lat' dir='ltr'>non</span> <span class='ocrx_word' id='word_1_567' title='bbox 1478 4435 1692 4503; x_wconf 90' lang='lat' dir='ltr'>potest,</span> <span class='ocrx_word' id='word_1_568' title='bbox 1753 4434 2087 4506; x_wconf 82' lang='lat' dir='ltr'>frequenter</span> 
     </span>
    </p>
   </div>
   <div class='ocr_carea' id='block_1_79' title="bbox 2200 3273 3798 3349">
    <p class='ocr_par' dir='ltr' id='par_1_79' title="bbox 2200 3273 3798 3349">
     <span class='ocr_line' id='line_1_79' title="bbox 2200 3273 3798 3349; baseline 0.003 -23"><span class='ocrx_word' id='word_1_569' title='bbox 2200 3276 2307 3340; x_wconf 90' lang='lat' dir='ltr'>est,</span> <span class='ocrx_word' id='word_1_570' title='bbox 2340 3273 2495 3329; x_wconf 84' lang='lat' dir='ltr'>sicut</span> <span class='ocrx_word' id='word_1_571' title='bbox 2520 3274 2717 3330; x_wconf 88' lang='lat' dir='ltr'>anima</span> <span class='ocrx_word' id='word_1_572' title='bbox 2738 3274 3095 3349; x_wconf 87' lang='lat' dir='ltr'>prophetica,</span> <span class='ocrx_word' id='word_1_573' title='bbox 3130 3290 3263 3349; x_wconf 70' lang='lat' dir='ltr'>quae</span> <span class='ocrx_word' id='word_1_574' title='bbox 3292 3279 3352 3335; x_wconf 88' lang='lat' dir='ltr'>in</span> <span class='ocrx_word' id='word_1_575' title='bbox 3409 3278 3665 3335; x_wconf 86' lang='lat' dir='ltr'>manibus</span> <span class='ocrx_word' id='word_1_576' title='bbox 3716 3276 3798 3332; x_wconf 91' lang='lat' dir='ltr'>Do-</span> 
     </span>
    </p>
   </div>
   <div class='ocr_carea' id='block_1_80' title="bbox 2199 3361 3800 3437">
    <p class='ocr_par' dir='ltr' id='par_1_80' title="bbox 2199 3361 3800 3437">
     <span class='ocr_line' id='line_1_80' title="bbox 2199 3361 3800 3437; baseline 0.007 -22"><span class='ocrx_word' id='word_1_577' title='bbox 2199 3361 2343 3417; x_wconf 91' lang='lat' dir='ltr'>mini</span> <span class='ocrx_word' id='word_1_578' title='bbox 2401 3365 2849 3420; x_wconf 89' lang='lat' dir='ltr'>commendatur</span> <span class='ocrx_word' id='word_1_579' title='bbox 2902 3369 2969 3421; x_wconf 91' lang='lat' dir='ltr'>ut</span> <span class='ocrx_word' id='word_1_580' title='bbox 3022 3366 3273 3437; x_wconf 84' lang='lat' dir='ltr'>spiritus</span> <span class='ocrx_word' id='word_1_581' title='bbox 3302 3370 3472 3437; x_wconf 81' lang='lat' dir='ltr'>(Psal.</span> <span class='ocrx_word' id='word_1_582' title='bbox 3504 3384 3626 3433; x_wconf 87' lang='lat' dir='ltr'>xxx,</span> <span class='ocrx_word' id='word_1_583' title='bbox 3654 3364 3720 3435; x_wconf 83' lang='lat'>6),</span> <span class='ocrx_word' id='word_1_584' title='bbox 3755 3362 3800 3418; x_wconf 61' lang='lat' dir='ltr'>et</span> 
     </span>
    </p>
   </div>
   <div class='ocr_carea' id='block_1_81' title="bbox 2198 3450 3801 3525">
    <p class='ocr_par' dir='ltr' id='par_1_81' title="bbox 2198 3450 3801 3525">
     <span class='ocr_line' id='line_1_81' title="bbox 2198 3450 3801 3525; baseline 0.003 -21"><span class='ocrx_word' id='word_1_585' title='bbox 2198 3466 2325 3521; x_wconf 67' lang='lat' dir='ltr'>quas</span> <span class='ocrx_word' id='word_1_586' title='bbox 2356 3451 2415 3506; x_wconf 94' lang='lat' dir='ltr'>in</span> <span class='ocrx_word' id='word_1_587' title='bbox 2447 3456 2764 3525; x_wconf 90' lang='lat' dir='ltr'>conspectu</span> <span class='ocrx_word' id='word_1_588' title='bbox 2794 3454 2894 3509; x_wconf 86' lang='lat' dir='ltr'>Dei</span> <span class='ocrx_word' id='word_1_589' title='bbox 2925 3459 3050 3511; x_wconf 88' lang='lat' dir='ltr'>est:</span> <span class='ocrx_word' id='word_1_590' title='bbox 3081 3450 3242 3511; x_wconf 77' lang='lat' dir='ltr'>Oculi</span> <span class='ocrx_word' id='word_1_591' title='bbox 3268 3460 3419 3513; x_wconf 88' lang='lat' dir='ltr'>enim</span> <span class='ocrx_word' id='word_1_592' title='bbox 3446 3458 3651 3513; x_wconf 80' lang='lat' dir='ltr'>Domini</span> <span class='ocrx_word' id='word_1_593' title='bbox 3671 3468 3801 3524; x_wconf 83' lang='lat' dir='ltr'>super</span> 
     </span>
    </p>
   </div>
   <div class='ocr_carea' id='block_1_82' title="bbox 2188 3540 3798 3617">
    <p class='ocr_par' dir='ltr' id='par_1_82' title="bbox 2188 3540 3798 3617">
     <span class='ocr_line' id='line_1_82' title="bbox 2188 3540 3798 3617; baseline 0.001 -22"><span class='ocrx_word' id='word_1_594' title='bbox 2188 3540 2362 3611; x_wconf 83' lang='lat' dir='ltr'>justas</span> <span class='ocrx_word' id='word_1_595' title='bbox 2391 3541 2566 3611; x_wconf 84' lang='lat' dir='ltr'>(Psal.</span> <span class='ocrx_word' id='word_1_596' title='bbox 2598 3552 2795 3611; x_wconf 73' lang='lat' dir='ltr'>mm,</span> <span class='ocrx_word' id='word_1_597' title='bbox 2832 3542 2940 3614; x_wconf 85' lang='lat'>16),</span> <span class='ocrx_word' id='word_1_598' title='bbox 2974 3542 3125 3598; x_wconf 79' lang='lat' dir='ltr'>sicut</span> <span class='ocrx_word' id='word_1_599' title='bbox 3155 3548 3214 3599; x_wconf 90' lang='lat' dir='ltr'>et</span> <span class='ocrx_word' id='word_1_600' title='bbox 3246 3546 3373 3617; x_wconf 89' lang='lat' dir='ltr'>ipse</span> <span class='ocrx_word' id='word_1_601' title='bbox 3412 3546 3525 3601; x_wconf 81' lang='lat' dir='ltr'>ait:</span> <span class='ocrx_word' id='word_1_602' title='bbox 3554 3546 3656 3612; x_wconf 76' lang='lat' dir='ltr'>Ego</span> <span class='ocrx_word' id='word_1_603' title='bbox 3677 3555 3798 3597; x_wconf 82' lang='lat' dir='ltr'>eram</span> 
     </span>
    </p>
   </div>
   <div class='ocr_carea' id='block_1_83' title="bbox 2196 3626 3799 3707">
    <p class='ocr_par' dir='ltr' id='par_1_83' title="bbox 2196 3626 3799 3707">
     <span class='ocr_line' id='line_1_83' title="bbox 2196 3626 3799 3707; baseline 0 -24"><span class='ocrx_word' id='word_1_604' title='bbox 2196 3631 2257 3683; x_wconf 77' lang='lat' dir='ltr'>in</span> <span class='ocrx_word' id='word_1_605' title='bbox 2286 3626 2457 3684; x_wconf 80' lang='lat' dir='ltr'>acutis</span> <span class='ocrx_word' id='word_1_606' title='bbox 2486 3632 2603 3702; x_wconf 85' lang='lat' dir='ltr'>ejus</span> <span class='ocrx_word' id='word_1_607' title='bbox 2636 3640 2899 3702; x_wconf 86' lang='lat' dir='ltr'>tanquam</span> <span class='ocrx_word' id='word_1_608' title='bbox 2929 3633 3216 3689; x_wconf 78' lang='lat' dir='ltr'>inveniens</span> <span class='ocrx_word' id='word_1_609' title='bbox 3247 3650 3438 3707; x_wconf 71' lang='lat' dir='ltr'>paceni</span> <span class='ocrx_word' id='word_1_610' title='bbox 3484 3632 3649 3707; x_wconf 77' lang='lat' dir='ltr'>(Cant.</span> <span class='ocrx_word' id='word_1_611' title='bbox 3700 3644 3799 3697; x_wconf 79' lang='lat' dir='ltr'>Vill,</span> 
     </span>
    </p>
   </div>
   <div class='ocr_carea' id='block_1_84' title="bbox 2194 3716 3799 3794">
    <p class='ocr_par' dir='ltr' id='par_1_84' title="bbox 2194 3716 3799 3794">
     <span class='ocr_line' id='line_1_84' title="bbox 2194 3716 3799 3794; baseline -0.001 -23"><span class='ocrx_word' id='word_1_612' title='bbox 2194 3716 2304 3788; x_wconf 92' lang='grc'><strong>18).</strong></span> <span class='ocrx_word' id='word_1_613' title='bbox 2338 3718 2528 3775; x_wconf 90' lang='lat' dir='ltr'>Bonas</span> <span class='ocrx_word' id='word_1_614' title='bbox 2558 3723 2749 3776; x_wconf 88' lang='lat' dir='ltr'>turres</span> <span class='ocrx_word' id='word_1_615' title='bbox 2780 3718 2955 3776; x_wconf 89' lang='lat' dir='ltr'>habet</span> <span class='ocrx_word' id='word_1_616' title='bbox 2983 3738 3108 3794; x_wconf 68' lang='lat' dir='ltr'>quae</span> <span class='ocrx_word' id='word_1_617' title='bbox 3138 3721 3322 3779; x_wconf 90' lang='lat' dir='ltr'>habet</span> <span class='ocrx_word' id='word_1_618' title='bbox 3360 3728 3417 3778; x_wconf 90' lang='lat' dir='ltr'>et</span> <span class='ocrx_word' id='word_1_619' title='bbox 3446 3724 3515 3779; x_wconf 92' lang='lat' dir='ltr'>de</span> <span class='ocrx_word' id='word_1_620' title='bbox 3567 3717 3799 3791; x_wconf 82' lang='lat' dir='ltr'>intelligi-</span> 
     </span>
    </p>
   </div>
   <div class='ocr_carea' id='block_1_85' title="bbox 2194 3804 3798 3884">
    <p class='ocr_par' dir='ltr' id='par_1_85' title="bbox 2194 3804 3798 3884">
     <span class='ocr_line' id='line_1_85' title="bbox 2194 3804 3798 3884; baseline 0.001 -23"><span class='ocrx_word' id='word_1_621' title='bbox 2194 3805 2414 3864; x_wconf 82' lang='lat' dir='ltr'>b‘ilibus</span> <span class='ocrx_word' id='word_1_622' title='bbox 2469 3807 2738 3878; x_wconf 83' lang='lat' dir='ltr'>verbum,</span> <span class='ocrx_word' id='word_1_623' title='bbox 2792 3811 2851 3866; x_wconf 89' lang='lat' dir='ltr'>et</span> <span class='ocrx_word' id='word_1_624' title='bbox 2914 3804 2987 3865; x_wconf 85' lang='lat' dir='ltr'>de</span> <span class='ocrx_word' id='word_1_625' title='bbox 3045 3811 3374 3867; x_wconf 87' lang='lat' dir='ltr'>moralibus</span> <span class='ocrx_word' id='word_1_626' title='bbox 3452 3806 3798 3884; x_wconf 83' lang='lat' dir='ltr'>disciplinam.</span> 
     </span>
    </p>
   </div>
   <div class='ocr_carea' id='block_1_86' title="bbox 2196 3895 3801 3972">
    <p class='ocr_par' dir='ltr' id='par_1_86' title="bbox 2196 3895 3801 3972">
     <span class='ocr_line' id='line_1_86' title="bbox 2196 3895 3801 3972; baseline 0 -22"><span class='ocrx_word' id='word_1_627' title='bbox 2196 3895 2446 3968; x_wconf 88' lang='lat' dir='ltr'>Ideoque</span> <span class='ocrx_word' id='word_1_628' title='bbox 2476 3897 2600 3953; x_wconf 80' lang='lat' dir='ltr'>haec</span> <span class='ocrx_word' id='word_1_629' title='bbox 2630 3897 2827 3954; x_wconf 89' lang='lat' dir='ltr'>anima</span> <span class='ocrx_word' id='word_1_630' title='bbox 2856 3897 3081 3955; x_wconf 87' lang='lat' dir='ltr'>habens</span> <span class='ocrx_word' id='word_1_631' title='bbox 3110 3900 3370 3972; x_wconf 86' lang='lat' dir='ltr'>gratiam</span> <span class='ocrx_word' id='word_1_632' title='bbox 3421 3914 3650 3958; x_wconf 89' lang='lat' dir='ltr'>suorum</span> <span class='ocrx_word' id='word_1_633' title='bbox 3688 3895 3801 3952; x_wconf 75' lang='lat' dir='ltr'>ube-</span> 
     </span>
    </p>
   </div>
   <div class='ocr_carea' id='block_1_87' title="bbox 2195 3984 3798 4059">
    <p class='ocr_par' dir='ltr' id='par_1_87' title="bbox 2195 3984 3798 4059">
     <span class='ocr_line' id='line_1_87' title="bbox 2195 3984 3798 4059; baseline 0.001 -20"><span class='ocrx_word' id='word_1_634' title='bbox 2195 4001 2327 4040; x_wconf 92' lang='lat' dir='ltr'>rum</span> <span class='ocrx_word' id='word_1_635' title='bbox 2358 3984 2687 4059; x_wconf 86' lang='lat' dir='ltr'>ingreditur</span> <span class='ocrx_word' id='word_1_636' title='bbox 2714 3986 2774 4042; x_wconf 86' lang='lat' dir='ltr'>in</span> <span class='ocrx_word' id='word_1_637' title='bbox 2803 3987 3025 4056; x_wconf 85' lang='lat' dir='ltr'>hortos,</span> <span class='ocrx_word' id='word_1_638' title='bbox 3053 3992 3110 4044; x_wconf 85' lang='lat' dir='ltr'>et</span> <span class='ocrx_word' id='word_1_639' title='bbox 3137 3988 3449 4046; x_wconf 85' lang='lat' dir='ltr'>inveniens</span> <span class='ocrx_word' id='word_1_640' title='bbox 3479 3988 3593 4045; x_wconf 85' lang='lat' dir='ltr'>illic</span> <span class='ocrx_word' id='word_1_641' title='bbox 3645 3986 3798 4059; x_wconf 88' lang='lat' dir='ltr'>Spon-</span> 
     </span>
    </p>
   </div>
   <div class='ocr_carea' id='block_1_88' title="bbox 2195 4070 3800 4147">
    <p class='ocr_par' dir='ltr' id='par_1_88' title="bbox 2195 4070 3800 4147">
     <span class='ocr_line' id='line_1_88' title="bbox 2195 4070 3800 4147; baseline -0.002 -18"><span class='ocrx_word' id='word_1_642' title='bbox 2195 4084 2328 4129; x_wconf 89' lang='lat' dir='ltr'>sum</span> <span class='ocrx_word' id='word_1_643' title='bbox 2359 4070 2661 4131; x_wconf 88' lang='lat' dir='ltr'>sedentem</span> <span class='ocrx_word' id='word_1_644' title='bbox 2704 4078 2761 4131; x_wconf 88' lang='lat' dir='ltr'>et</span> <span class='ocrx_word' id='word_1_645' title='bbox 2804 4074 3207 4147; x_wconf 83' lang='lat' dir='ltr'>disputantem</span> <span class='ocrx_word' id='word_1_646' title='bbox 3262 4092 3399 4135; x_wconf 92' lang='lat' dir='ltr'>cum</span> <span class='ocrx_word' id='word_1_647' title='bbox 3449 4076 3660 4143; x_wconf 87' lang='lat' dir='ltr'>amicis,</span> <span class='ocrx_word' id='word_1_648' title='bbox 3702 4073 3800 4129; x_wconf 85' lang='lat' dir='ltr'>ait:</span> 
     </span>
    </p>
   </div>
   <div class='ocr_carea' id='block_1_89' title="bbox 2196 4158 3796 4234">
    <p class='ocr_par' dir='ltr' id='par_1_89' title="bbox 2196 4158 3796 4234">
     <span class='ocr_line' id='line_1_89' title="bbox 2196 4158 3796 4234; baseline -0.001 -17"><span class='ocrx_word' id='word_1_649' title='bbox 2196 4160 2303 4231; x_wconf 84' lang='lat' dir='ltr'>Qui</span> <span class='ocrx_word' id='word_1_650' title='bbox 2329 4159 2476 4219; x_wconf 86' lang='lat' dir='ltr'>sedes</span> <span class='ocrx_word' id='word_1_651' title='bbox 2506 4158 2568 4217; x_wconf 84' lang='lat' dir='ltr'>in</span> <span class='ocrx_word' id='word_1_652' title='bbox 2603 4161 2795 4231; x_wconf 79' lang='lat' dir='ltr'>hortis,</span> <span class='ocrx_word' id='word_1_653' title='bbox 2826 4176 3006 4221; x_wconf 85' lang='lat' dir='ltr'>vocem</span> <span class='ocrx_word' id='word_1_654' title='bbox 3036 4173 3190 4220; x_wconf 87' lang='lat' dir='ltr'>tuam</span> <span class='ocrx_word' id='word_1_655' title='bbox 3220 4168 3453 4223; x_wconf 83' lang='lat' dir='ltr'>insinua</span> <span class='ocrx_word' id='word_1_656' title='bbox 3498 4166 3632 4221; x_wconf 80' lang='lat' dir='ltr'>mihi</span> <span class='ocrx_word' id='word_1_657' title='bbox 3670 4159 3796 4234; x_wconf 84' lang='lat' dir='ltr'>(Ibid.</span> 
     </span>
    </p>
   </div>
   <div class='ocr_carea' id='block_1_90' title="bbox 2196 4244 3798 4327">
    <p class='ocr_par' dir='ltr' id='par_1_90' title="bbox 2196 4244 3798 4327">
     <span class='ocr_line' id='line_1_90' title="bbox 2196 4244 3798 4327; baseline -0.001 -20"><span class='ocrx_word' id='word_1_658' title='bbox 2196 4244 2306 4323; x_wconf 82' lang='lat'>13).</span> <span class='ocrx_word' id='word_1_659' title='bbox 2355 4250 2506 4320; x_wconf 77' lang='lat' dir='ltr'>Mihi,</span> <span class='ocrx_word' id='word_1_660' title='bbox 2565 4250 2778 4324; x_wconf 88' lang='lat' dir='ltr'>inquit,</span> <span class='ocrx_word' id='word_1_661' title='bbox 2827 4268 2943 4309; x_wconf 89' lang='lat' dir='ltr'>non</span> <span class='ocrx_word' id='word_1_662' title='bbox 2992 4254 3218 4311; x_wconf 79' lang='lat' dir='ltr'>amicis.</span> <span class='ocrx_word' id='word_1_663' title='bbox 3269 4254 3413 4327; x_wconf 84' lang='lat' dir='ltr'>Fuge</span> <span class='ocrx_word' id='word_1_664' title='bbox 3460 4258 3630 4327; x_wconf 67' lang='lat' dir='ltr'>frater</span> <span class='ocrx_word' id='word_1_665' title='bbox 3678 4249 3798 4307; x_wconf 69' lang='lat' dir='ltr'>mead</span> 
     </span>
    </p>
   </div>
   <div class='ocr_carea' id='block_1_91' title="bbox 2194 4330 3797 4416">
    <p class='ocr_par' dir='ltr' id='par_1_91' title="bbox 2194 4330 3797 4416">
     <span class='ocr_line' id='line_1_91' title="bbox 2194 4330 3797 4416; baseline -0.003 -20"><span class='ocrx_word' id='word_1_666' title='bbox 2194 4339 2350 4411; x_wconf 84' lang='lat' dir='ltr'>(Ibid.</span> <span class='ocrx_word' id='word_1_667' title='bbox 2385 4338 2493 4408; x_wconf 78' lang='grc'><strong>14).</strong></span> <span class='ocrx_word' id='word_1_668' title='bbox 2556 4330 2832 4396; x_wconf 83' lang='lat' dir='ltr'>Hortatur</span> <span class='ocrx_word' id='word_1_669' title='bbox 2870 4344 2936 4396; x_wconf 88' lang='lat' dir='ltr'>ut</span> <span class='ocrx_word' id='word_1_670' title='bbox 2983 4341 3171 4413; x_wconf 79' lang='lat' dir='ltr'>fugiat</span> <span class='ocrx_word' id='word_1_671' title='bbox 3209 4340 3495 4416; x_wconf 88' lang='lat' dir='ltr'>Sponsus,</span> <span class='ocrx_word' id='word_1_672' title='bbox 3536 4340 3662 4414; x_wconf 88' lang='lat' dir='ltr'>quia</span> <span class='ocrx_word' id='word_1_673' title='bbox 3695 4338 3797 4411; x_wconf 86' lang='lat' dir='ltr'>jam</span> 
     </span>
    </p>
   </div>
   <div class='ocr_carea' id='block_1_92' title="bbox 2194 4425 3800 4506">
    <p class='ocr_par' dir='ltr' id='par_1_92' title="bbox 2194 4425 3800 4506">
     <span class='ocr_line' id='line_1_92' title="bbox 2194 4425 3800 4506; baseline -0.004 -21"><span class='ocrx_word' id='word_1_674' title='bbox 2194 4428 2361 4501; x_wconf 88' lang='lat' dir='ltr'>sequi</span> <span class='ocrx_word' id='word_1_675' title='bbox 2393 4432 2584 4502; x_wconf 82' lang='lat' dir='ltr'>potest</span> <span class='ocrx_word' id='word_1_676' title='bbox 2611 4426 2789 4485; x_wconf 84' lang='lat' dir='ltr'>etiam</span> <span class='ocrx_word' id='word_1_677' title='bbox 2844 4426 2975 4503; x_wconf 86' lang='lat' dir='ltr'>ipsa</span> <span class='ocrx_word' id='word_1_678' title='bbox 3014 4433 3248 4488; x_wconf 88' lang='lat' dir='ltr'>terrena</span> <span class='ocrx_word' id='word_1_679' title='bbox 3297 4432 3627 4506; x_wconf 82' lang='lat' dir='ltr'>fugientem.</span> <span class='ocrx_word' id='word_1_680' title='bbox 3676 4425 3800 4484; x_wconf 83' lang='lat' dir='ltr'>Dicit</span> 
     </span>
    </p>
   </div>
   <div class='ocr_carea' id='block_1_93' title="bbox 434 4512 3796 4597">
    <p class='ocr_par' dir='ltr' id='par_1_93' title="bbox 434 4512 3796 4597">
     <span class='ocr_line' id='line_1_93' title="bbox 434 4512 3796 4597; baseline -0.004 -20"><span class='ocrx_word' id='word_1_681' title='bbox 434 4524 537 4577; x_wconf 90' lang='lat' dir='ltr'>aut</span> <span class='ocrx_word' id='word_1_682' title='bbox 563 4518 790 4591; x_wconf 89' lang='lat' dir='ltr'>laqueis</span> <span class='ocrx_word' id='word_1_683' title='bbox 820 4519 1066 4591; x_wconf 88' lang='lat' dir='ltr'>capitur,</span> <span class='ocrx_word' id='word_1_684' title='bbox 1099 4523 1199 4574; x_wconf 84' lang='lat' dir='ltr'>aut</span> <span class='ocrx_word' id='word_1_685' title='bbox 1226 4518 1382 4575; x_wconf 88' lang='lat' dir='ltr'>visco</span> <span class='ocrx_word' id='word_1_686' title='bbox 1416 4518 1659 4589; x_wconf 87' lang='lat' dir='ltr'>fallitur,</span> <span class='ocrx_word' id='word_1_687' title='bbox 1694 4527 1797 4577; x_wconf 90' lang='lat' dir='ltr'>aut</span> <span class='ocrx_word' id='word_1_688' title='bbox 1840 4522 2085 4595; x_wconf 90' lang='lat' dir='ltr'>quibus-</span> <span class='ocrx_word' id='word_1_689' title='bbox 2115 4514 2163 4597; x_wconf 64' lang='grc' dir='ltr'><strong>ι)</strong></span> <span class='ocrx_word' id='word_1_690' title='bbox 2193 4522 2390 4575; x_wconf 89' lang='lat' dir='ltr'>autem</span> <span class='ocrx_word' id='word_1_691' title='bbox 2419 4522 2486 4573; x_wconf 89' lang='lat' dir='ltr'>ut</span> <span class='ocrx_word' id='word_1_692' title='bbox 2507 4516 2718 4574; x_wconf 87' lang='lat' dir='ltr'>similis</span> <span class='ocrx_word' id='word_1_693' title='bbox 2749 4518 2827 4574; x_wconf 77' lang='lat' dir='ltr'>sit</span> <span class='ocrx_word' id='word_1_694' title='bbox 2855 4512 3277 4592; x_wconf 63' lang='lat' dir='ltr'>damulm,qum</span> <span class='ocrx_word' id='word_1_695' title='bbox 3303 4518 3495 4577; x_wconf 86' lang='lat' dir='ltr'>evadit</span> <span class='ocrx_word' id='word_1_696' title='bbox 3508 4520 3573 4576; x_wconf 88' lang='lat' dir='ltr'>de</span> <span class='ocrx_word' id='word_1_697' title='bbox 3588 4515 3796 4573; x_wconf 85' lang='lat' dir='ltr'>retibus.</span> 
     </span>
    </p>
   </div>
   <div class='ocr_carea' id='block_1_94' title="bbox 433 4606 2087 4681">
    <p class='ocr_par' dir='ltr' id='par_1_94' title="bbox 433 4606 2087 4681">
     <span class='ocr_line' id='line_1_94' title="bbox 433 4606 2087 4681; baseline 0.001 -16"><span class='ocrx_word' id='word_1_698' title='bbox 433 4624 665 4681; x_wconf 89' lang='lat' dir='ltr'>cunque</span> <span class='ocrx_word' id='word_1_699' title='bbox 719 4606 978 4661; x_wconf 87' lang='lat' dir='ltr'>irretitur</span> <span class='ocrx_word' id='word_1_700' title='bbox 1037 4606 1290 4662; x_wconf 91' lang='lat' dir='ltr'>insidiis.</span> <span class='ocrx_word' id='word_1_701' title='bbox 1340 4606 1433 4662; x_wconf 93' lang='lat' dir='ltr'>Sic</span> <span class='ocrx_word' id='word_1_702' title='bbox 1486 4624 1722 4681; x_wconf 91' lang='lat' dir='ltr'>quoque</span> <span class='ocrx_word' id='word_1_703' title='bbox 1770 4614 1827 4665; x_wconf 91' lang='lat' dir='ltr'>et</span> <span class='ocrx_word' id='word_1_704' title='bbox 1891 4611 2087 4668; x_wconf 91' lang='lat' dir='ltr'>anima</span> 
     </span>
    </p>
   </div>
   <div class='ocr_carea' id='block_1_95' title="bbox 432 4693 2084 4757">
    <p class='ocr_par' dir='ltr' id='par_1_95' title="bbox 432 4693 2084 4757">
     <span class='ocr_line' id='line_1_95' title="bbox 432 4693 2084 4757; baseline 0.001 -3"><span class='ocrx_word' id='word_1_705' title='bbox 432 4698 636 4755; x_wconf 84' lang='lat' dir='ltr'>nostra</span> <span class='ocrx_word' id='word_1_706' title='bbox 665 4698 863 4752; x_wconf 90' lang='lat' dir='ltr'>caveat</span> <span class='ocrx_word' id='word_1_707' title='bbox 892 4695 964 4750; x_wconf 89' lang='lat' dir='ltr'>ad</span> <span class='ocrx_word' id='word_1_708' title='bbox 1008 4693 1132 4749; x_wconf 79' lang='lat' dir='ltr'>haec</span> <span class='ocrx_word' id='word_1_709' title='bbox 1182 4695 1485 4751; x_wconf 90' lang='lat' dir='ltr'>mundana</span> <span class='ocrx_word' id='word_1_710' title='bbox 1540 4698 1913 4755; x_wconf 88' lang='lat' dir='ltr'>descendere.</span> <span class='ocrx_word' id='word_1_711' title='bbox 1976 4702 2084 4757; x_wconf 87' lang='lat' dir='ltr'>La-</span> 
     </span>
    </p>
   </div>
   <div class='ocr_carea' id='block_1_96' title="bbox 432 4781 2081 4867">
    <p class='ocr_par' dir='ltr' id='par_1_96' title="bbox 432 4781 2081 4867">
     <span class='ocr_line' id='line_1_96' title="bbox 432 4781 2081 4867; baseline 0 -22"><span class='ocrx_word' id='word_1_712' title='bbox 432 4800 622 4867; x_wconf 89' lang='lat' dir='ltr'>queus</span> <span class='ocrx_word' id='word_1_713' title='bbox 652 4789 742 4841; x_wconf 90' lang='lat' dir='ltr'>est</span> <span class='ocrx_word' id='word_1_714' title='bbox 770 4783 830 4840; x_wconf 94' lang='lat' dir='ltr'>in</span> <span class='ocrx_word' id='word_1_715' title='bbox 862 4800 1025 4850; x_wconf 91' lang='lat' dir='ltr'>auro,</span> <span class='ocrx_word' id='word_1_716' title='bbox 1049 4783 1241 4838; x_wconf 87' lang='lat' dir='ltr'>viscus</span> <span class='ocrx_word' id='word_1_717' title='bbox 1271 4781 1329 4837; x_wconf 90' lang='lat' dir='ltr'>in</span> <span class='ocrx_word' id='word_1_718' title='bbox 1354 4789 1613 4856; x_wconf 85' lang='lat' dir='ltr'>argento,</span> <span class='ocrx_word' id='word_1_719' title='bbox 1647 4803 1830 4843; x_wconf 87' lang='lat' dir='ltr'>nexus</span> <span class='ocrx_word' id='word_1_720' title='bbox 1856 4789 1914 4844; x_wconf 91' lang='lat' dir='ltr'>in</span> <span class='ocrx_word' id='word_1_721' title='bbox 1938 4804 2081 4862; x_wconf 65' lang='lat' dir='ltr'>pra:-</span> 
     </span>
    </p>
   </div>
   <div class='ocr_carea' id='block_1_97' title="bbox 430 4871 2080 4949">
    <p class='ocr_par' dir='ltr' id='par_1_97' title="bbox 430 4871 2080 4949">
     <span class='ocr_line' id='line_1_97' title="bbox 430 4871 2080 4949; baseline 0.002 -16"><span class='ocrx_word' id='word_1_722' title='bbox 430 4879 551 4944; x_wconf 86' lang='lat' dir='ltr'>dio,</span> <span class='ocrx_word' id='word_1_723' title='bbox 583 4876 787 4931; x_wconf 89' lang='lat' dir='ltr'>blavus</span> <span class='ocrx_word' id='word_1_724' title='bbox 818 4879 909 4929; x_wconf 89' lang='lat' dir='ltr'>est</span> <span class='ocrx_word' id='word_1_725' title='bbox 939 4873 998 4928; x_wconf 94' lang='lat' dir='ltr'>in</span> <span class='ocrx_word' id='word_1_726' title='bbox 1048 4888 1264 4927; x_wconf 90' lang='lat' dir='ltr'>amore.</span> <span class='ocrx_word' id='word_1_727' title='bbox 1324 4871 1475 4927; x_wconf 91' lang='lat' dir='ltr'>Dum</span> <span class='ocrx_word' id='word_1_728' title='bbox 1533 4890 1746 4930; x_wconf 89' lang='lat' dir='ltr'>aurum</span> <span class='ocrx_word' id='word_1_729' title='bbox 1805 4879 2080 4949; x_wconf 88' lang='lat' dir='ltr'>petimus,</span> 
     </span>
    </p>
   </div>
   <div class='ocr_carea' id='block_1_98' title="bbox 430 4962 2082 5038">
    <p class='ocr_par' dir='ltr' id='par_1_98' title="bbox 430 4962 2082 5038">
     <span class='ocr_line' id='line_1_98' title="bbox 430 4962 2082 5038; baseline 0.002 -15"><span class='ocrx_word' id='word_1_730' title='bbox 430 4963 871 5038; x_wconf 87' lang='lat' dir='ltr'>straugulamur</span> <span class='ocrx_word' id='word_1_731' title='bbox 903 4981 915 5019; x_wconf 92' lang='lat'>:</span> <span class='ocrx_word' id='word_1_732' title='bbox 951 4962 1091 5017; x_wconf 91' lang='lat' dir='ltr'>dum</span> <span class='ocrx_word' id='word_1_733' title='bbox 1122 4963 1431 5034; x_wconf 89' lang='lat' dir='ltr'>argentum</span> <span class='ocrx_word' id='word_1_734' title='bbox 1463 4962 1802 5033; x_wconf 68' lang='lat' dir='ltr'>quaerimus,</span> <span class='ocrx_word' id='word_1_735' title='bbox 1836 4966 1894 5022; x_wconf 91' lang='lat' dir='ltr'>in</span> <span class='ocrx_word' id='word_1_736' title='bbox 1925 4968 2082 5026; x_wconf 91' lang='lat' dir='ltr'>visco</span> 
     </span>
    </p>
   </div>
   <div class='ocr_carea' id='block_1_99' title="bbox 501 5100 2076 5180">
    <p class='ocr_par' dir='ltr' id='par_1_99' title="bbox 501 5100 2076 5180">
     <span class='ocr_line' id='line_1_99' title="bbox 501 5100 2076 5180; baseline 0.001 -17"><span class='ocrx_word' id='word_1_737' title='bbox 501 5100 613 5180; x_wconf 85' lang='grc'><strong>(11)</strong></span> <span class='ocrx_word' id='word_1_738' title='bbox 644 5108 790 5163; x_wconf 84' lang='lat' dir='ltr'>Edit.</span> <span class='ocrx_word' id='word_1_739' title='bbox 833 5105 1229 5180; x_wconf 69' lang='lat' dir='ltr'>omnes,_dum</span> <span class='ocrx_word' id='word_1_740' title='bbox 1255 5108 1452 5180; x_wconf 60' lang='lat' dir='ltr'>tentat.</span> <span class='ocrx_word' id='word_1_741' title='bbox 1481 5104 1623 5180; x_wconf 82' lang='lat' dir='ltr'>Mss.</span> <span class='ocrx_word' id='word_1_742' title='bbox 1670 5122 1701 5160; x_wconf 88' lang='lat' dir='ltr'>e</span> <span class='ocrx_word' id='word_1_743' title='bbox 1766 5110 2076 5180; x_wconf 83' lang='lat' dir='ltr'>contrario,</span> 
     </span>
    </p>
   </div>
   <div class='ocr_carea' id='block_1_100' title="bbox 430 5176 2081 5249">
    <p class='ocr_par' dir='ltr' id='par_1_100' title="bbox 430 5176 2081 5249">
     <span class='ocr_line' id='line_1_100' title="bbox 430 5176 2081 5249; baseline 0.001 -14"><span class='ocrx_word' id='word_1_744' title='bbox 430 5176 563 5235; x_wconf 83' lang='lat' dir='ltr'>dum</span> <span class='ocrx_word' id='word_1_745' title='bbox 597 5176 863 5249; x_wconf 76' lang='lat' dir='ltr'>tentatur.</span> <span class='ocrx_word' id='word_1_746' title='bbox 902 5177 1152 5249; x_wconf 88' lang='lat' dir='ltr'>lntelligi</span> <span class='ocrx_word' id='word_1_747' title='bbox 1200 5180 1393 5249; x_wconf 84' lang='lat' dir='ltr'>autem</span> <span class='ocrx_word' id='word_1_748' title='bbox 1439 5176 1534 5232; x_wconf 90' lang='lat' dir='ltr'>hic</span> <span class='ocrx_word' id='word_1_749' title='bbox 1585 5180 1774 5249; x_wconf 88' lang='lat' dir='ltr'>potest</span> <span class='ocrx_word' id='word_1_750' title='bbox 1816 5176 2081 5237; x_wconf 85' lang='lat' dir='ltr'>mulieris</span> 
     </span>
    </p>
   </div>
   <div class='ocr_carea' id='block_1_101' title="bbox 432 5247 2080 5320">
    <p class='ocr_par' dir='ltr' id='par_1_101' title="bbox 432 5247 2080 5320">
     <span class='ocr_line' id='line_1_101' title="bbox 432 5247 2080 5320; baseline 0.002 -16"><span class='ocrx_word' id='word_1_751' title='bbox 432 5251 611 5320; x_wconf 86' lang='lat' dir='ltr'>decus</span> <span class='ocrx_word' id='word_1_752' title='bbox 637 5248 725 5305; x_wconf 90' lang='lat' dir='ltr'>vel</span> <span class='ocrx_word' id='word_1_753' title='bbox 756 5251 1004 5307; x_wconf 89' lang='lat' dir='ltr'>formam</span> <span class='ocrx_word' id='word_1_754' title='bbox 1038 5247 1271 5315; x_wconf 83' lang='lat' dir='ltr'>tentari,</span> <span class='ocrx_word' id='word_1_755' title='bbox 1324 5262 1457 5303; x_wconf 90' lang='lat' dir='ltr'>curn</span> <span class='ocrx_word' id='word_1_756' title='bbox 1501 5247 1650 5320; x_wconf 81' lang='lat' dir='ltr'>quis</span> <span class='ocrx_word' id='word_1_757' title='bbox 1701 5264 1820 5304; x_wconf 82' lang='lat' dir='ltr'>suae</span> <span class='ocrx_word' id='word_1_758' title='bbox 1878 5250 2080 5308; x_wconf 80' lang='lat' dir='ltr'>virtuti</span> 
     </span>
    </p>
   </div>
   <div class='ocr_carea' id='block_1_102' title="bbox 432 5318 2081 5394">
    <p class='ocr_par' dir='ltr' id='par_1_102' title="bbox 432 5318 2081 5394">
     <span class='ocr_line' id='line_1_102' title="bbox 432 5318 2081 5394; baseline 0.004 -21"><span class='ocrx_word' id='word_1_759' title='bbox 432 5318 682 5394; x_wconf 81' lang='lat' dir='ltr'>nimium</span> <span class='ocrx_word' id='word_1_760' title='bbox 715 5336 993 5394; x_wconf 87' lang='lat' dir='ltr'>arrogans</span> <span class='ocrx_word' id='word_1_761' title='bbox 1016 5322 1086 5376; x_wconf 83' lang='lat' dir='ltr'>ad</span> <span class='ocrx_word' id='word_1_762' title='bbox 1104 5319 1275 5394; x_wconf 85' lang='lat' dir='ltr'>illam</span> <span class='ocrx_word' id='word_1_763' title='bbox 1295 5318 1591 5376; x_wconf 77' lang='lat' dir='ltr'>incautius</span> <span class='ocrx_word' id='word_1_764' title='bbox 1623 5335 1690 5375; x_wconf 88' lang='lat' dir='ltr'>ac</span> <span class='ocrx_word' id='word_1_765' title='bbox 1712 5320 2081 5394; x_wconf 87' lang='lat' dir='ltr'>frequentius</span> 
     </span>
    </p>
   </div>
   <div class='ocr_carea' id='block_1_103' title="bbox 434 5391 1238 5447">
    <p class='ocr_par' dir='ltr' id='par_1_103' title="bbox 434 5391 1238 5447">
     <span class='ocr_line' id='line_1_103' title="bbox 434 5391 1238 5447; baseline -0.001 -1"><span class='ocrx_word' id='word_1_766' title='bbox 434 5391 705 5446; x_wconf 76' lang='lat' dir='ltr'>accedere</span> <span class='ocrx_word' id='word_1_767' title='bbox 737 5391 1238 5447; x_wconf 59' lang='lat' dir='ltr'>non&#39;ret&#39;ormidat.</span> 
     </span>
    </p>
   </div>
   <div class='ocr_carea' id='block_1_104' title="bbox 505 5461 2077 5586">
    <p class='ocr_par' dir='ltr' id='par_1_104' title="bbox 505 5461 2077 5586">
     <span class='ocr_line' id='line_1_104' title="bbox 505 5461 2077 5586; baseline 0.004 -71"><span class='ocrx_word' id='word_1_768' title='bbox 505 5462 619 5532; x_wconf 87' lang='lat'>(12)</span> <span class='ocrx_word' id='word_1_769' title='bbox 656 5461 918 5586; x_wconf 61' lang='lat' dir='ltr'>lt‘lerique</span> <span class='ocrx_word' id='word_1_770' title='bbox 945 5480 1113 5529; x_wconf 87' lang='lat' dir='ltr'>mss.,</span> <span class='ocrx_word' id='word_1_771' title='bbox 1140 5478 1267 5534; x_wconf 69' lang='lat' dir='ltr'>quae</span> <span class='ocrx_word' id='word_1_772' title='bbox 1293 5463 1438 5520; x_wconf 80' lang='lat' dir='ltr'>velut</span> <span class='ocrx_word' id='word_1_773' title='bbox 1469 5478 1676 5518; x_wconf 81' lang='lat' dir='ltr'>vermes</span> <span class='ocrx_word' id='word_1_774' title='bbox 1696 5462 1921 5536; x_wconf 88' lang='lat' dir='ltr'>quidam</span> <span class='ocrx_word' id='word_1_775' title='bbox 1951 5469 2077 5522; x_wconf 87' lang='lat' dir='ltr'>ani-</span> 
     </span>
     <span class='ocr_line' id='line_1_105' title="bbox 505 5548 732 5586; baseline -0.004 0"><span class='ocrx_word' id='word_1_776' title='bbox 505 5549 601 5586; x_wconf 75' lang='lat' dir='ltr'>im.</span> <span class='ocrx_word' id='word_1_777' title='bbox 624 5548 654 5586; x_wconf 90' lang='lat' dir='ltr'>c</span> <span class='ocrx_word' id='word_1_778' title='bbox 683 5548 732 5586; x_wconf 93' lang='lat' dir='ltr'>c.</span> 
     </span>
    </p>
   </div>
   <div class='ocr_carea' id='block_1_105' title="bbox 430 5548 732 5600">
    <p class='ocr_par' dir='ltr' id='par_1_105' title="bbox 430 5548 732 5600">
     <span class='ocr_line' id='line_1_106' title="bbox 430 5548 732 5600; baseline -0.013 -11"><span class='ocrx_word' id='word_1_779' title='bbox 430 5549 601 5600; x_wconf 89' lang='lat' dir='ltr'>mam,</span> <span class='ocrx_word' id='word_1_780' title='bbox 624 5548 732 5587; x_wconf 80' lang='lat' dir='ltr'>etc.</span> 
     </span>
    </p>
   </div>
   <div class='ocr_carea' id='block_1_106' title="bbox 504 5603 2075 5677">
    <p class='ocr_par' dir='ltr' id='par_1_106' title="bbox 504 5603 2075 5677">
     <span class='ocr_line' id='line_1_107' title="bbox 504 5603 2075 5677; baseline 0.004 -17"><span class='ocrx_word' id='word_1_781' title='bbox 504 5604 614 5677; x_wconf 89' lang='grc'><strong>(13)</strong></span> <span class='ocrx_word' id='word_1_782' title='bbox 672 5603 887 5659; x_wconf 89' lang='lat' dir='ltr'>Omnes</span> <span class='ocrx_word' id='word_1_783' title='bbox 942 5604 1077 5661; x_wconf 88' lang='lat' dir='ltr'>edii.</span> <span class='ocrx_word' id='word_1_784' title='bbox 1136 5619 1263 5675; x_wconf 62' lang='lat' dir='ltr'>qum</span> <span class='ocrx_word' id='word_1_785' title='bbox 1325 5607 1693 5676; x_wconf 73' lang='lat' dir='ltr'>praetenditur</span> <span class='ocrx_word' id='word_1_786' title='bbox 1746 5609 1803 5663; x_wconf 86' lang='lat' dir='ltr'>in</span> <span class='ocrx_word' id='word_1_787' title='bbox 1855 5612 2075 5667; x_wconf 87' lang='lat' dir='ltr'>castris.</span> 
     </span>
    </p>
   </div>
   <div class='ocr_carea' id='block_1_107' title="bbox 2192 4598 3799 4682">
    <p class='ocr_par' dir='ltr' id='par_1_107' title="bbox 2192 4598 3799 4682">
     <span class='ocr_line' id='line_1_108' title="bbox 2192 4598 3799 4682; baseline -0.004 -20"><span class='ocrx_word' id='word_1_788' title='bbox 2192 4604 2329 4663; x_wconf 88' lang='lat' dir='ltr'>Vult</span> <span class='ocrx_word' id='word_1_789' title='bbox 2375 4598 2529 4663; x_wconf 64' lang='lat'>$98</span> <span class='ocrx_word' id='word_1_790' title='bbox 2577 4606 2734 4662; x_wconf 88' lang='lat' dir='ltr'>enim</span> <span class='ocrx_word' id='word_1_791' title='bbox 2783 4610 2843 4663; x_wconf 87' lang='lat' dir='ltr'>et</span> <span class='ocrx_word' id='word_1_792' title='bbox 2881 4605 3011 4679; x_wconf 87' lang='lat' dir='ltr'>ipsa</span> <span class='ocrx_word' id='word_1_793' title='bbox 3053 4606 3256 4682; x_wconf 80' lang='lat' dir='ltr'>fugere</span> <span class='ocrx_word' id='word_1_794' title='bbox 3305 4608 3361 4664; x_wconf 91' lang='lat' dir='ltr'>et</span> <span class='ocrx_word' id='word_1_795' title='bbox 3390 4605 3609 4665; x_wconf 85' lang='lat' dir='ltr'>evolare</span> <span class='ocrx_word' id='word_1_796' title='bbox 3654 4616 3799 4675; x_wconf 84' lang='lat' dir='ltr'>supra</span> 
     </span>
    </p>
   </div>
   <div class='ocr_carea' id='block_1_108' title="bbox 2192 4698 2504 4752">
    <p class='ocr_par' dir='ltr' id='par_1_108' title="bbox 2192 4698 2504 4752">
     <span class='ocr_line' id='line_1_109' title="bbox 2192 4698 2504 4752; baseline -0.003 0"><span class='ocrx_word' id='word_1_797' title='bbox 2192 4698 2504 4752; x_wconf 85' lang='lat' dir='ltr'>mundum.</span> 
     </span>
    </p>
   </div>
   <div class='ocr_carea' id='block_1_109' title="bbox 2262 4776 3793 4856">
    <p class='ocr_par' dir='ltr' id='par_1_109' title="bbox 2262 4776 3793 4856">
     <span class='ocr_line' id='line_1_110' title="bbox 2262 4776 3793 4856; baseline 0.001 -14"><span class='ocrx_word' id='word_1_798' title='bbox 2262 4786 2349 4842; x_wconf 83' lang='grc'><strong>19.</strong></span> <span class='ocrx_word' id='word_1_799' title='bbox 2383 4778 2530 4841; x_wconf 83' lang='lat' dir='ltr'>Hinc</span> <span class='ocrx_word' id='word_1_800' title='bbox 2589 4784 2827 4841; x_wconf 86' lang='lat' dir='ltr'>hortum</span> <span class='ocrx_word' id='word_1_801' title='bbox 2883 4778 3050 4841; x_wconf 88' lang='lat' dir='ltr'>illum</span> <span class='ocrx_word' id='word_1_802' title='bbox 3109 4782 3223 4842; x_wconf 88' lang='lat' dir='ltr'>sibi</span> <span class='ocrx_word' id='word_1_803' title='bbox 3282 4786 3444 4843; x_wconf 86' lang='lat' dir='ltr'>Plato</span> <span class='ocrx_word' id='word_1_804' title='bbox 3491 4776 3793 4856; x_wconf 69' lang='lat' dir='ltr'>composuit.</span> 
     </span>
    </p>
   </div>
   <div class='ocr_carea' id='block_1_110' title="bbox 2191 4862 3795 4947">
    <p class='ocr_par' dir='ltr' id='par_1_110' title="bbox 2191 4862 3795 4947">
     <span class='ocr_line' id='line_1_111' title="bbox 2191 4862 3795 4947; baseline -0.006 -16"><span class='ocrx_word' id='word_1_805' title='bbox 2191 4889 2367 4947; x_wconf 87' lang='lat' dir='ltr'>quem</span> <span class='ocrx_word' id='word_1_806' title='bbox 2396 4872 2557 4930; x_wconf 82' lang='lat' dir='ltr'>Jovis</span> <span class='ocrx_word' id='word_1_807' title='bbox 2586 4872 2822 4929; x_wconf 87' lang='lat' dir='ltr'>hortum</span> <span class='ocrx_word' id='word_1_808' title='bbox 2855 4866 3015 4943; x_wconf 85' lang='lat' dir='ltr'>alibi,</span> <span class='ocrx_word' id='word_1_809' title='bbox 3050 4870 3188 4930; x_wconf 85' lang='lat' dir='ltr'>alibi</span> <span class='ocrx_word' id='word_1_810' title='bbox 3219 4870 3458 4932; x_wconf 83' lang='lat' dir='ltr'>hortum</span> <span class='ocrx_word' id='word_1_811' title='bbox 3487 4873 3684 4930; x_wconf 82' lang='lat' dir='ltr'>mentis</span> <span class='ocrx_word' id='word_1_812' title='bbox 3724 4862 3795 4939; x_wconf 82' lang='grc'>(11</span> 
     </span>
    </p>
   </div>
   <div class='ocr_carea' id='block_1_111' title="bbox 2191 4956 3796 5036">
    <p class='ocr_par' dir='ltr' id='par_1_111' title="bbox 2191 4956 3796 5036">
     <span class='ocr_line' id='line_1_112' title="bbox 2191 4956 3796 5036; baseline -0.004 -17"><span class='ocrx_word' id='word_1_813' title='bbox 2191 4962 2523 5036; x_wconf 85' lang='lat' dir='ltr'>appellavit.</span> <span class='ocrx_word' id='word_1_814' title='bbox 2554 4963 2758 5019; x_wconf 79' lang='lat' dir='ltr'>Jovem</span> <span class='ocrx_word' id='word_1_815' title='bbox 2787 4963 3034 5019; x_wconf 73' lang='lat' dir='ltr'>enim&#39;et</span> <span class='ocrx_word' id='word_1_816' title='bbox 3062 4964 3239 5020; x_wconf 86' lang='lat' dir='ltr'>deum</span> <span class='ocrx_word' id='word_1_817' title='bbox 3270 4968 3328 5021; x_wconf 86' lang='lat' dir='ltr'>et</span> <span class='ocrx_word' id='word_1_818' title='bbox 3356 4967 3603 5021; x_wconf 86' lang='lat' dir='ltr'>mentem</span> <span class='ocrx_word' id='word_1_819' title='bbox 3643 4956 3796 5015; x_wconf 81' lang='lat' dir='ltr'>totius</span> 
     </span>
    </p>
   </div>
   <div class='ocr_carea' id='block_1_112' title="bbox 2189 5094 3794 5178">
    <p class='ocr_par' dir='ltr' id='par_1_112' title="bbox 2189 5094 3794 5178">
     <span class='ocr_line' id='line_1_113' title="bbox 2189 5094 3794 5178; baseline 0.003 -15"><span class='ocrx_word' id='word_1_820' title='bbox 2189 5108 2407 5164; x_wconf 84' lang='lat' dir='ltr'>Omnes</span> <span class='ocrx_word' id='word_1_821' title='bbox 2454 5120 2624 5173; x_wconf 86' lang='lat' dir='ltr'>mss.,</span> <span class='ocrx_word' id='word_1_822' title='bbox 2675 5116 2795 5178; x_wconf 77' lang='lat' dir='ltr'>quat</span> <span class='ocrx_word' id='word_1_823' title='bbox 2841 5107 3138 5178; x_wconf 62' lang='lat' dir='ltr'>pretendit</span> <span class='ocrx_word' id='word_1_824' title='bbox 3182 5109 3246 5162; x_wconf 72' lang='lat' dir='ltr'>in</span> <span class='ocrx_word' id='word_1_825' title='bbox 3294 5106 3503 5163; x_wconf 64' lang='lat' dir='ltr'>castus.</span> <span class='ocrx_word' id='word_1_826' title='bbox 3548 5105 3707 5167; x_wconf 58' lang='lat' dir='ltr'>Bene,</span> <span class='ocrx_word' id='word_1_827' title='bbox 3747 5094 3794 5178; x_wconf 64' lang='grc' dir='ltr'>ΡΞ</span> 
     </span>
    </p>
   </div>
   <div class='ocr_carea' id='block_1_113' title="bbox 2189 5160 3790 5250">
    <p class='ocr_par' dir='ltr' id='par_1_113' title="bbox 2189 5160 3790 5250">
     <span class='ocr_line' id='line_1_114' title="bbox 2189 5160 3790 5250; baseline 0.001 -14"><span class='ocrx_word' id='word_1_828' title='bbox 2189 5160 2401 5236; x_wconf 56' lang='grc' dir='ltr'>ἐδεξιιῖ</span> <span class='ocrx_word' id='word_1_829' title='bbox 2426 5160 3209 5250; x_wconf 42' lang='lat' dir='ltr'>assummum;</span> <span class='ocrx_word' id='word_1_830' title='bbox 3232 5160 3235 5161; x_wconf 27' lang='grc' dir='ltr'>ί</span> <span class='ocrx_word' id='word_1_831' title='bbox 3255 5160 3378 5250; x_wconf 67' lang='lat' dir='ltr'>vei,</span> <span class='ocrx_word' id='word_1_832' title='bbox 3389 5160 3704 5249; x_wconf 43' lang='lat' dir='ltr'>magna;</span> <span class='ocrx_word' id='word_1_833' title='bbox 3744 5160 3790 5222; x_wconf 69' lang='lat' dir='ltr'>id</span> 
     </span>
    </p>
   </div>
   <div class='ocr_carea' id='block_1_114' title="bbox 2189 5250 2974 5323">
    <p class='ocr_par' dir='ltr' id='par_1_114' title="bbox 2189 5250 2974 5323">
     <span class='ocr_line' id='line_1_115' title="bbox 2189 5250 2974 5323; baseline -0.001 -16"><span class='ocrx_word' id='word_1_834' title='bbox 2189 5255 2298 5319; x_wconf 88' lang='lat' dir='ltr'>est,</span> <span class='ocrx_word' id='word_1_835' title='bbox 2333 5266 2461 5323; x_wconf 70' lang='lat' dir='ltr'>quae</span> <span class='ocrx_word' id='word_1_836' title='bbox 2478 5250 2639 5323; x_wconf 85' lang='lat' dir='ltr'>degit</span> <span class='ocrx_word' id='word_1_837' title='bbox 2662 5250 2722 5323; x_wconf 79' lang='lat' dir='ltr'>in</span> <span class='ocrx_word' id='word_1_838' title='bbox 2738 5250 2974 5323; x_wconf 58' lang='lat' dir='ltr'>castris.</span> 
     </span>
    </p>
   </div>
   <div class='ocr_carea' id='block_1_115' title="bbox 2281 5268 3791 5395">
    <p class='ocr_par' dir='ltr' id='par_1_115' title="bbox 2281 5268 3791 5395">
     <span class='ocr_line' id='line_1_116' title="bbox 2284 5268 3449 5333; baseline 0.002 -28"><span class='ocrx_word' id='word_1_839' title='bbox 2284 5294 2298 5319; x_wconf 89' lang='lat'>,</span> <span class='ocrx_word' id='word_1_840' title='bbox 2375 5268 2461 5306; x_wconf 82' lang='lat' dir='ltr'>uae</span> <span class='ocrx_word' id='word_1_841' title='bbox 2478 5268 2639 5323; x_wconf 76' lang='lat' dir='ltr'>uegit</span> <span class='ocrx_word' id='word_1_842' title='bbox 2662 5268 2722 5306; x_wconf 84' lang='grc' dir='ltr'>ιιι</span> <span class='ocrx_word' id='word_1_843' title='bbox 2742 5268 2974 5306; x_wconf 78' lang='lat' dir='ltr'>castris.</span> <span class='ocrx_word' id='word_1_844' title='bbox 3438 5322 3449 5333; x_wconf 32' lang='grc' dir='ltr'><strong><em>υ</em></strong></span> 
     </span>
     <span class='ocr_line' id='line_1_117' title="bbox 2281 5268 3791 5395; baseline -0.005 -16"><span class='ocrx_word' id='word_1_845' title='bbox 2281 5268 2371 5395; x_wconf 84' lang='grc'>1</span> <span class='ocrx_word' id='word_1_846' title='bbox 2401 5321 2819 5395; x_wconf 57' lang='grc' dir='ltr'>Οοείιξιςοᾼίὶῇιι1</span> <span class='ocrx_word' id='word_1_847' title='bbox 2849 5321 2998 5395; x_wconf 85' lang='lat' dir='ltr'>alter</span> <span class='ocrx_word' id='word_1_848' title='bbox 3022 5322 3242 5379; x_wconf 81' lang='lat' dir='ltr'>hortum</span> <span class='ocrx_word' id='word_1_849' title='bbox 3288 5321 3535 5395; x_wconf 68' lang='lat' dir='ltr'>lanis...</span> <span class='ocrx_word' id='word_1_850' title='bbox 3564 5320 3615 5375; x_wconf 82' lang='lat' dir='ltr'>et</span> <span class='ocrx_word' id='word_1_851' title='bbox 3648 5316 3791 5395; x_wconf 70' lang='lat' dir='ltr'>pm</span> 
     </span>
    </p>
   </div>
   <div class='ocr_carea' id='block_1_116' title="bbox 2185 5389 3791 5467">
    <p class='ocr_par' dir='ltr' id='par_1_116' title="bbox 2185 5389 3791 5467">
     <span class='ocr_line' id='line_1_118' title="bbox 2185 5389 3791 5467; baseline -0.003 -18"><span class='ocrx_word' id='word_1_852' title='bbox 2185 5398 2237 5449; x_wconf 88' lang='lat' dir='ltr'>et</span> <span class='ocrx_word' id='word_1_853' title='bbox 2259 5389 2502 5467; x_wconf 70' lang='lat' dir='ltr'>Martem.</span> <span class='ocrx_word' id='word_1_854' title='bbox 2539 5392 2749 5450; x_wconf 82' lang='lat' dir='ltr'>Melius</span> <span class='ocrx_word' id='word_1_855' title='bbox 2792 5393 3038 5467; x_wconf 64' lang='lat' dir='ltr'>Remig,</span> <span class='ocrx_word' id='word_1_856' title='bbox 3072 5395 3295 5450; x_wconf 82' lang='lat' dir='ltr'>hortum</span> <span class='ocrx_word' id='word_1_857' title='bbox 3333 5389 3791 5467; x_wconf 45' lang='lat' dir='ltr'>mentianjom</span> 
     </span>
    </p>
   </div>
   <div class='ocr_carea' id='block_1_117' title="bbox 2184 5459 3791 5535">
    <p class='ocr_par' dir='ltr' id='par_1_117' title="bbox 2184 5459 3791 5535">
     <span class='ocr_line' id='line_1_119' title="bbox 2184 5459 3791 5535; baseline -0.007 -13"><span class='ocrx_word' id='word_1_858' title='bbox 2184 5468 2387 5522; x_wconf 83' lang='lat' dir='ltr'>etenim</span> <span class='ocrx_word' id='word_1_859' title='bbox 2414 5466 2596 5535; x_wconf 76' lang='lat' dir='ltr'>deum,</span> <span class='ocrx_word' id='word_1_860' title='bbox 2624 5470 2678 5521; x_wconf 80' lang='lat' dir='ltr'>et</span> <span class='ocrx_word' id='word_1_861' title='bbox 2700 5469 2937 5522; x_wconf 75' lang='lat' dir='ltr'>mentem</span> <span class='ocrx_word' id='word_1_862' title='bbox 2959 5459 3181 5522; x_wconf 62' lang='lat' dir='ltr'>torium</span> <span class='ocrx_word' id='word_1_863' title='bbox 3207 5468 3407 5521; x_wconf 81' lang='lat' dir='ltr'>mentis</span> <span class='ocrx_word' id='word_1_864' title='bbox 3424 5464 3576 5520; x_wconf 62' lang='lat' dir='ltr'>derit.</span> <span class='ocrx_word' id='word_1_865' title='bbox 3594 5459 3791 5530; x_wconf 78' lang='lat' dir='ltr'>Optimo</span> 
     </span>
    </p>
   </div>
   <div class='ocr_carea' id='block_1_118' title="bbox 2186 5538 3089 5610">
    <p class='ocr_par' dir='ltr' id='par_1_118' title="bbox 2186 5538 3089 5610">
     <span class='ocr_line' id='line_1_120' title="bbox 2186 5538 3089 5610; baseline 0.002 -19"><span class='ocrx_word' id='word_1_866' title='bbox 2186 5538 2417 5610; x_wconf 76' lang='lat' dir='ltr'>reiiqui,</span> <span class='ocrx_word' id='word_1_867' title='bbox 2452 5548 2519 5594; x_wconf 83' lang='lat' dir='ltr'>ac</span> <span class='ocrx_word' id='word_1_868' title='bbox 2544 5538 2690 5594; x_wconf 82' lang='lat' dir='ltr'>edit.</span> <span class='ocrx_word' id='word_1_869' title='bbox 2726 5541 2792 5593; x_wconf 84' lang='lat' dir='ltr'>ut</span> <span class='ocrx_word' id='word_1_870' title='bbox 2818 5538 2881 5593; x_wconf 77' lang='lat' dir='ltr'>in</span> <span class='ocrx_word' id='word_1_871' title='bbox 2909 5540 3089 5593; x_wconf 73' lang='lat' dir='ltr'>textu.</span> 
     </span>
    </p>
   </div>
  </div>
