4012 6192
214 353 332 415 8⁸η
1434 351 1662 414 LIBER
1706 352 1807 413 DE
1836 352 1878 414 Ι

1992 354 2060 413 l0
2102 352 2422 414 MORTIS.
3498 360 3621 421 578

218 484 429 541 mundi
452 483 708 542 dixitdn
732 485 888 542 hunc
908 486 1189 545 introisse
1206 482 1487 552 Mam,
1510 485 1870 559 quamVene-
1896 485 1952 555 Α
1981 483 2138 541 velut
2169 485 2340 542 melle
2368 490 2648 544 curantur
2677 485 2942 558 quaedam
2971 485 3215 545 vulnera
3251 488 3617 547 delictorum.

221 589 343 631 rem
374 579 702 648 nuncupat,
739 579 803 631 ut
832 592 893 632 se
922 576 1287 633 abundantia
1327 580 1386 633 et
1430 575 1651 631 divitiis
1689 574 1868 646 hujus
1978 574 2329 630 Semnonum
2361 579 2557 632 autem
2588 575 2750 631 cibos
2806 591 2934 632 esse
2980 576 3148 633 docet
3194 580 3252 632 et
3293 575 3431 633 alibi
3459 577 3621 635 Salo-

220 662 371 719 horti
402 663 672 735 repleret,
704 663 765 719 in
798 681 913 736 quo
940 663 1201 737 repletus
1230 669 1372 738 potu
1415 665 1637 735 jaceret
1666 680 1866 736 porus,

224 751 317 824 qui
376 756 579 808 nectar
623 752 737 825 (15)
796 753 1133 810 eti'underet.
1188 754 1309 815 Hoc
1365 752 1549 826 igitur
1600 768 1673 809 ex
1720 750 1869 807 libro

223 840 596 897 Canticorum
630 841 976 914 composuit,
1009 858 1076 898 eo
1107 842 1266 915 quod
1294 841 1495 898 anima
1529 841 1646 897 Deo
1677 840 1869 897 adhae-

222 945 355 985 rens
386 928 710 985 inber-tum
759 930 977 986 mentis
1025 930 1294 1003 ingressa
1337 930 1435 998 sit,
1480 931 1541 986 in
1571 946 1688 1003 quo
1717 933 1873 986 esset

224 1018 581 1074 abundantia
608 1018 980 1075 diversarum
1010 1020 1317 1088 virtutum,
1338 1020 1630 1091 ﬂoresque
1657 1036 1872 1076 sermo-

225 1124 386 1167 num.
437 1108 582 1174 Quis
621 1112 820 1165 autem
865 1109 1098 1181 ignorat
1146 1109 1302 1182 quod
1334 1126 1404 1165 ex
1450 1109 1724 1182 paradiso
1748 1108 1868 1175 illo,

226 1213 397 1269 quem
429 1196 685 1269 legimus
715 1197 774 1252 in
806 1198 1015 1255 Genesi
1044 1198 1360 1254 habentem
1382 1197 1610 1270 lignum
1632 1196 1783 1264 vitm,
1815 1201 1873 1252 et

224 1285 450 1358 lignum
479 1284 735 1341 scientia:
766 1286 901 1342 boni
922 1290 981 1343 et
1012 1286 1332 1358 molimen.
1386 1302 1452 1355 ιι,
1491 1286 1568 1356 9),
1628 1290 1684 1342 et
1712 1285 1874 1357 ligna

201 1378 460 1445 metas,
509 1375 944 1431 abundantiam
991 1375 1273 1432 virtutum
1322 1375 1611 1448 putaverit
1635 1375 1877 1430 transfe-

228 1463 557 1532 rendam,et
572 1464 636 1518 in
664 1463 835 1520 horto
864 1464 1077 1521 mentis
1099 1481 1226 1521 esse
1246 1463 1625 1537 plantandam
1641 1465 1669 1518 ?
1694 1480 1871 1536 quem

225 1553 282 1609 in
308 1552 578 1609 Canticis
637 1553 999 1609 canticorum
1052 1553 1334 1610 Salomon
1382 1553 1619 1609 hortum
1665 1554 1872 1610 animai

227 1640 599 1714 signiﬁcavit,
639 1640 727 1697 vel
753 1640 944 1714 ipsam
977 1641 1260 1698 animam.
1286 1641 1382 1697 Sic
1402 1642 1563 1698 enim
1578 1641 1870 1715 scriptum

224 1734 347 1786 est:
375 1731 580 1787 Hortus
609 1731 851 1797 clausus,
881 1745 1034 1786 soror
1059 1747 1181 1786 mea
1233 1747 1450 1802 sponsa,
1502 1732 1693 1787 hortus
1722 1731 1873 1785 clau-

222 1835 337 1885 sus,
392 1820 520 1889 fons
564 1820 815 1890 signatus
905 1821 1345 1876 transmissiones
1404 1828 1516 1876 tuae
1579 1819 1875 1891 paradisus

222 1908 389 1979 (Cant
443 1925 523 1979 IV,
580 1907 650 1965 t2
708 1916 758 1963 et
790 1907 899 1979 13).
957 1909 1028 1964 Et
1080 1908 1237 1964 infra
1264 1907 1344 1964 ait
1391 1908 1622 1965 anima:
1654 1910 1876 1977 Exurge

218 1998 431 2070 aquilo,
462 2006 513 2054 et
541 2000 687 2066 veni,
739 2006 943 2066 auster,
994 1998 1169 2070 perﬂa
1218 1999 1438 2054 hortum
1464 2013 1670 2068 meum,
1700 2001 1751 2054 et
1780 1996 1873 2055 de-

222 2088 403 2165 ﬂuant
458 2090 740 2156 unguenta
795 2102 915 2141 mea
970 2085 1128 2158 (Ibid.
1194 2087 1304 2158 l6).
1338 2086 1638 2143 Descendat
1698 2089 1875 2158 frater
1898 2084 1915 2097 ⁸

222 2192 374 2232 meus
430 2177 495 2230 in
550 2175 767 2232 hortum
820 2190 983 2230 suum
1038 2176 1200 2247 (Cant
1248 2192 1303 2245 v,
1366 2176 1440 2239 4).
1509 2176 1734 2239 Quanto
1764 2175 1873 2232 hoc

222 2262 534 2337 pulchrius
588 2265 743 2337 quod
801 2263 999 2319 anima
1049 2267 1253 2320 ornata
1306 2265 1591 2319 virtutum
1630 2264 1872 2320 ﬂoribus

225 2352 431 2411 hortus
464 2353 561 2421 sit,
593 2351 681 2408 vel
703 2352 764 2407 in
815 2368 876 2410 se
916 2352 1254 2423 paradisum
1302 2352 1515 2409 habeat
1542 2351 1874 2422 germinan-

228 2446 343 2507 tem
369 2442 382 2496 l
416 2442 481 2499 In
511 2457 690 2514 quem
722 2441 961 2498 hortum
992 2432 1485 2499 invitat’Verbum
1516 2439 1619 2496 Dei
1640 2441 1874 2497 descen-

231 2530 383 2597 dere,
417 2534 489 2586 ut
511 2529 713 2585 anima
762 2529 866 2585 illa
911 2529 1085 2585 Verbi
1141 2529 1329 2585 imbre
1382 2527 1623 2597 caelesti,
1655 2533 1713 2584 et
1743 2530 1872 2601 ejus

234 2619 412 2692 copiis
440 2618 684 2692 irrigata
708 2618 1294 2675 fructiﬁcet.Verbum
1322 2620 1519 2673 autem
1553 2618 1650 2673 Dei
1684 2618 1872 2690 pasci-

234 2712 330 2762 tur
357 2708 565 2763 animas
594 2707 912 2764 virtutibus
961 2707 1192 2779 quoties
1241 2706 1608 2763 obedientem
1657 2707 1770 2762 sibi
1819 2711 1876 2764 et

236 2796 485 2869 opimam
512 2796 820 2866 invenerit,
850 2799 909 2851 et
936 2795 1121 2867 carpit
1151 2796 1375 2851 fructus
1396 2796 1546 2868 ejus,
1578 2799 1753 2867 atque
1781 2795 1876 2851 his

238 2885 568 2962 delectatur.
620 2884 764 2941 Cum
823 2889 1017 2941 autem
1076 2883 1445 2941 descenderit
1497 2885 1557 2939 in
1613 2899 1741 2940 eam
1774 2883 1874 2939 Dei

238 2975 510 3044 Verbum,
545 2973 813 3035 deﬂuunt
840 2991 910 3029 ex
938 2990 1007 3030 ea
1035 2972 1362 3028 salubrium
1414 2976 1714 3045 unguenta
1748 2990 1874 3028 ver-

238 3065 461 3139 borum,
492 3065 868 3120 deversarum
901 3060 1335 3135 ﬂagrantlonge
1358 3060 1591 3133 lateque
1612 3061 1875 3118 redolen-

238 3153 318 3208 tia
345 3153 663 3227 gratiarum
695 3150 1033 3225 spiramina.

1979 680 2115 719 mon
2143 663 2374 719 dicens:
2405 667 2546 721 Favi
2574 666 2759 721 mellis
2786 680 3057 721 sermones
3090 666 3217 721 boni
3270 668 3459 735 (Prov.
3503 684 3618 735 xvr,

1974 753 2089 821 24).
2124 752 2189 808 In
2218 752 2318 809 illo
2347 769 2484 826 ergo
2533 753 2700 810 horto
2744 770 3045 810 sermones
3091 755 3228 810 boni
3277 759 3438 822 sunt,
3470 754 3621 813 alius

1974 840 2081 912 .qui
2115 840 2347 913 culpam
2378 846 2655 907 coerceat,
2690 841 2841 898 alius
2882 842 2980 915 qui
3026 843 3395 915 iniquitatem
3443 845 3620 900 corri-

1980 929 2124 1003 piat,
2156 930 2305 987 alius
2349 930 2447 1002 qui
2498 931 2646 987 mori
2699 930 2870 987 faciat
2926 933 3083 988 399
3143 932 3533 1002 insolentiam,
3566 939 3621 991 et

1977 1019 2137 1076 velut
2164 1020 2410 1092 sepeliat
2437 1038 2588 1085 eam,
2622 1021 2853 1092 quando
2886 1027 3184 1093 correptus
3216 1021 3429 1093 aliquis
3463 1039 3621 1078 erro-

1979 1110 2146 1165 ribus
2174 1110 2297 1165 suis
2330 1110 2642 1165 renuntiat.
2676 1111 2779 1164 Est
2826 1110 2999 1164 etiam
3050 1126 3241 1166 sermo
3289 1110 3493 1167 fortior
3521 1111 3623 1182 qui

1980 1198 2288 1254 confirmat
2315 1215 2414 1253 cor
2438 1197 2691 1253 hominis
2741 1197 3120 1253 validioribus
3159 1199 3470 1270 Scripturas
3511 1216 3623 1269 cce-

1980 1286 2143 1342 lestis
2175 1286 2491 1341 alimentis.
2523 1288 2624 1341 Est
2653 1287 2827 1341 etiam
2861 1303 3051 1341 sermo
3084 1288 3405 1354 suasorius,
3429 1288 3622 1357 dulcis

1981 1382 2047 1432 ut
2077 1378 2291 1447 mel,ct
2322 1380 2515 1431 tamen
2565 1375 2885 1446 peccatoris
2931 1376 3344 1432 conscientiam
3392 1377 3452 1431 in
3496 1378 3625 1449 ipsa

1956 1466 2264 1539 .suavitate
2296 1480 2712 1535 compungens.
2746 1465 2847 1520 Est
2878 1464 3053 1519 etiam
3105 1465 3465 1521 ferventioris
3505 1467 3622 1538 spi-

1982 1554 2129 1611 ritus
2151 1570 2363 1619 sermo,
2399 1552 2497 1624 qui
2527 1551 2777 1607 inebriat
2825 1551 2977 1607 sicut
3022 1552 3245 1621 vinum,
3292 1557 3347 1609 et
3391 1571 3491 1610 cor
3519 1554 3623 1611 ho-

1983 1642 2162 1699 minis
2189 1641 2459 1696 laetificat.
2495 1641 2596 1696 Est
2625 1640 2800 1694 etiam
2833 1639 3060 1696 lacteus
3103 1658 3315 1709 sermo,
3345 1660 3531 1716 purus
3570 1648 3626 1703 et

1984 1731 2413 1787 candidus.Hos
2443 1729 2605 1784 cibos
2634 1728 2895 1784 dulcium
2919 1729 3269 1803 utiliumque
3286 1749 3624 1795 sermonum

1984 1820 2307 1893 epulandos
2338 1823 2600 1891 Sponsus
2632 1818 2912 1889 proximis
2944 1817 3067 1873 suis
3099 1818 3277 1875 dicit:
3300 1820 3629 1893 Edite,pro-

1983 1912 2133 1966 mimi
2160 1911 2292 1975 mei,
2310 1917 2361 1964 et
2394 1908 2561 1963 bibite
2588 1915 2637 1963 et
2670 1907 3049 1977 inebriamini,
3078 1909 3277 1979 fratres
3304 1911 3415 1966 mei
3439 1911 3626 1982 (Cant.

1982 2017 2035 2066 v,
2073 2000 2143 2071 1).
2178 1997 2430 2054 Proximi
2455 2000 2647 2053 autem
2682 2001 2821 2050 sunt
2849 1996 2950 2068 qui
3001 2012 3135 2053 eum
3188 2003 3538 2071 sequuntur,
3569 2004 3627 2061 et

1983 2087 2204 2161 nuptiis
2233 2088 2361 2158 ejus
2394 2087 2701 2142 intersunt.
2758 2086 2879 2149 Quo
2938 2085 3067 2142 cibo
3116 2090 3172 2142 et
3213 2092 3356 2159 potu
3410 2088 3629 2162 repleta

1983 2176 2181 2233 anima
2211 2174 2381 2247 (bibit
2409 2173 2565 2232 enim
2599 2175 3007 2246 unusquisque
3041 2192 3252 2246 aquam
3288 2178 3357 2232 de
3389 2177 3513 2233 suis
3533 2195 3628 2241 va-

1982 2266 2086 2331 sis,
2122 2264 2279 2320 etde
2308 2268 2619 2336 puteorum
2671 2280 2913 2319 suorum
2966 2263 3246 2330 fontibus)
3297 2270 3472 2336 atque
3498 2267 3625 2323 ine-

1980 2353 2189 2422 briata,
2224 2352 2433 2409 saeculo
2465 2352 2811 2420 dormiebat,
2857 2352 3137 2425 vigilabat
3179 2354 3315 2410 Deo.
3374 2356 3444 2411 Et
3474 2354 3624 2426 ideo,

1982 2443 2135 2509 sicut
2163 2441 2485 2514 posteriora
2516 2442 2746 2508 docent,
2780 2442 2993 2513 aperiri
3025 2441 3135 2499 sibi
3178 2443 3331 2499 Deus
3370 2443 3627 2511 Verbum

1981 2534 2109 2604 ejus
2136 2532 2380 2601 januam
2428 2528 2780 2601 postulabat,
2828 2532 2892 2584 ut
2932 2546 3058 2586 eam
3101 2547 3207 2587 suo
3258 2531 3504 2603 repleret
3532 2533 3628 2601 in-

1981 2636 2204 2693 gressu.

2051 2711 2141 2763 21.
2177 2707 2321 2763 Hinc
2352 2722 2488 2779 ergo
2518 2696 2849 2778 epulatores
2876 2705 2959 2761 illi
3004 2705 3305 2774 Platonici,
3354 2708 3492 2764 hinc
3524 2726 3625 2767 ne-

1984 2802 2105 2855 ctar
2133 2796 2277 2853 illud
2306 2812 2375 2852 ex
2402 2795 2537 2851 vino
2566 2798 2621 2850 et
2649 2794 2817 2852 melle
2845 2794 3200 2868 prophetico,
3222 2796 3362 2851 hinc
3381 2815 3626 2855 somnus

1984 2886 2083 2943 ille
2112 2884 2434 2941 translatus
2462 2888 2571 2950 est,
2622 2883 2759 2938 hinc
2806 2883 2923 2939 vita
2969 2883 3072 2938 illa
3115 2890 3413 2957 perpetua,
3448 2903 3627 2958 quam

1985 2977 2124 3032 deos
2154 2991 2294 3029 suos
2341 2973 2487 3028 dixit
2541 2971 2788 3044 epulari,
2847 2971 2986 3044 quia
3043 2972 3310 3029 Christus
3366 2975 3485 3031 vita
3514 2982 3624 3032 est.

1987 3066 2237 3135 Ideoque
2268 3060 2472 3117 talium
2506 3076 2845 3117 sermonum
2891 3060 3218 3116 seminibus
3264 3062 3470 3117 animae
3502 3066 3631 3133 ejus

1987 3151 2244 3225 repletus
2274 3154 2363 3206 est
2392 3155 2610 3217 venter,
2644 3154 2817 3220 atque
2848 3149 2978 3221 ipsa
2998 3151 3172 3205 exivit
3202 3152 3259 3206 in
3282 3151 3630 3217 Verbo.Qum

307 3226 395 3297 20.
427 3242 591 3298 Unde
622 3241 704 3297 ait
732 3239 1292 3313 Sponsus(Sponsus
1321 3241 1516 3296 autem
1548 3238 1754 3295 animos
1775 3239 1876 3296 Dei
1905 3226 1955 3294 C’
1988 3246 2182 3298 autem
2219 3239 2335 3296 exit
2366 3238 2563 3294 anima
2603 3254 2637 3291 a
2694 3237 2928 3294 servitio
2986 3239 3117 3308 isto,
3176 3245 3233 3295 et
3289 3240 3475 3297 elevat
3502 3258 3563 3297 se
3595 3259 3629 3296 a

244 3330 486 3388 Verbum
518 3335 630 3397 est,
664 3330 758 3386 cui
790 3329 987 3386 anima
1018 3328 1281 3401 legitimo
1312 3329 1567 3401 quodam
1599 3329 1877 3385 connubii

246 3420 445 3477 ﬁndere
476 3418 803 3492 copulatur)
829 3436 841 3474 :
875 3420 1158 3487 Ingressus
1185 3433 1310 3473 sum
1338 3419 1399 3472 in
1431 3417 1647 3473 hortum
1673 3434 1874 3486 meum,

250 3524 390 3565 soror
433 3526 560 3565 mea
588 3524 785 3580 sponsa
812 3507 1154 3562 vindemiavi
1200 3507 1490 3577 myrrham
1542 3522 1721 3562 meam
1756 3523 1880 3562 cum

250 3599 529 3670 unguentis
556 3599 693 3652 meis
717 3596 1046 3652 manducavi
1089 3610 1292 3667 panem
1339 3611 1524 3651 meum
1568 3611 1693 3651 cum
1718 3596 1882 3653 melle

247 3703 375 3753 meo,
400 3687 508 3743 bibi
538 3687 729 3742 vinum
754 3701 933 3741 meum
962 3700 1087 3739 cum
1115 3684 1250 3740 lacte
1290 3699 1429 3740 meo.
1480 3683 1652 3754 Edita,
1683 3686 1878 3756 promi-

247 3778 321 3831 mi
344 3778 464 3845 mei,
522 3782 574 3831 et
629 3774 794 3829 bibite
844 3777 897 3829 et
953 3773 1316 3829 inebriamini
1355 3774 1558 3844 fratres
1596 3775 1724 3828 mei.
1759 3776 1879 3843 Ego

252 3863 463 3935 dormio,
494 3871 547 3920 et
577 3880 670 3920 cor
687 3879 869 3918 meum
916 3862 1111 3933 vigilat
1134 3861 1300 3931 (Cant
1335 3877 1392 3930 ν,
1438 3862 1491 3917 4.
1541 3862 1618 3934 2).
1653 3863 1878 3935 Cogno-

254 3969 472 4009 scamus
503 3969 652 4025 quos
684 3954 909 4007 fructus
938 3954 996 4006 et
1025 3951 1185 4007 cibos
1233 3949 1503 4022 epuletur
1525 3950 1701 4017 Deus,
1748 3952 1878 4023 qui-

259 4041 421 4098 busve
474 4041 813 4098 delectetur.
848 4038 1179 4096 Delectatur
1205 4055 1293 4106 eo,
1326 4038 1376 4094 si
1406 4039 1540 4110 quis
1572 4040 1882 4096 mortiﬁcet

254 4134 539 4202 peccatum
571 4146 769 4198 suum,
802 4127 1094 4185 oblitteret
1122 4126 1353 4201 culpam
1392 4144 1583 4196 suam,
1639 4128 1883 4201 sepeliat

255 4224 413 4292 atque
440 4219 784 4276 abolefaciat
808 4217 1146 4290 iniquitates
1176 4233 1336 4273 suas.
1355 4215 1589 4291 Myrrha
1607 4218 1763 4274 enim
1794 4223 1884 4274 est

253 4309 542 4382 sepultura
571 4311 959 4364 mortuorum.
993 4306 1223 4362 Mortua
1241 4310 1438 4362 autem
1461 4310 1698 4378 peccata
1720 4312 1878 4377 sunt,

256 4413 370 4469 quae
394 4398 521 4455 vitae
550 4396 901 4453 suavitatem
932 4395 1146 4452 habere
1175 4412 1291 4451 non
1344 4398 1613 4467 possunt.
1648 4395 1883 4452 Perfun-

255 4486 460 4543 duntur
487 4490 685 4544 autem
733 4484 915 4541 divini
959 4483 1249 4540 sermonis
1296 4483 1635 4556 unguentis,
1680 4488 1738 4539 et
1762 4484 1884 4540 for-

1988 3347 2247 3402 corpore,
2279 3327 2536 3383 Verbum
2561 3325 2847 3399 sequitur.

2624 3433 2857 3489 CAPUT
2897 3435 2990 3489 VI.

1986 3529 2085 3583 Hie
2129 3526 2315 3581 omnia.
2364 3524 2568 3599 laqueis
2605 3524 3024 3599 principatu‘um
3069 3527 3347 3599 aeriarum
3398 3533 3449 3582 et
3474 3530 3629 3599 pote-

2056 3604 2258 3653 statum
2282 3595 2670 3667 mundiplrena
2714 3610 2848 3649 esse.
2902 3596 3170 3667 Quomodo
3219 3599 3263 3653 ii
3290 3595 3628 3667 declinandi,

2058 3669 2260 3741 quodve
2290 3669 2394 3722 iter
2421 3664 2662 3720 ad'ittud
2703 3666 3064 3721 insistendum
3081 3668 3109 3721 Ἰ

2055 3778 2148 3831 22.
2196 3774 2308 3830 Sed
2358 3775 2497 3827 sunt
2545 3771 2910 3844 principatus
2973 3773 3135 3840 aerii,
3204 3778 3262 3829 et
3316 3780 3632 3846 potestates

1988 3863 2215 3931 mundi,
2248 3863 2347 3935 qui
2382 3878 2487 3917 nos
2518 3859 2676 3915 velut
2706 3860 2777 3915 de
2808 3877 2976 3915 muro
3004 3861 3251 3932 dejicere
3268 3864 3477 3917 animae
3493 3864 3628 3934 (16),

1986 3953 2072 4009 vel
2105 3951 2389 4024 impedire
2412 3953 2564 4006 recte
2613 3949 2966 4022 gradientes,
3018 3949 3105 4005 vel
3154 3951 3225 4004 ad
3274 3950 3479 4005 altiora
3505 3954 3631 4005 ten-

1988 4044 2192 4099 dentes
2233 4042 2500 4113 quaarunt
2550 4038 2856 4108 deponere,
2890 4042 2946 4092 et
2978 4037 3050 4092 ad
3086 4041 3315 4094 terrena
3346 4055 3634 4107 revocare.

1989 4131 2101 4188 Sed
2134 4146 2239 4186 nos
2261 4127 2447 4183 multo
2480 4126 2667 4198 magis
2713 4126 2784 4181 ad
2836 4125 3112 4182 sublimia
3158 4132 3412 4183 mentem
3446 4128 3633 4201 eriga-

1988 4235 2145 4285 mus,
2177 4217 2435 4273 Verbum
2468 4218 2779 4287 sequentes
2818 4214 2939 4270 Dei.
2988 4213 3077 4270 Illi
3127 4215 3493 4288 principatus
3524 4232 3635 4272 sai-

1991 4308 2211 4364 cularia
2240 4304 2796 4376 otiundunt,quibus
2825 4307 2987 4360 tuam
3022 4308 3277 4360 mentem
3300 4305 3633 4362 incurvant:

1991 4404 2132 4454 tunc
2163 4396 2352 4468 magis
2382 4394 2454 4450 ad
2513 4392 2834 4460 Christum,
2895 4392 3111 4461 anima,
3173 4394 3357 4468 dirige
3398 4410 3638 4468 gressus

1992 4492 2146 4543 tuos.
2193 4484 2469 4563 Injiciunt
2515 4482 2894 4555 cupiditatem
2949 4483 3097 4551 auri,
3147 4483 3394 4557 argenti,
3436 4484 3637 4540 vicina

253 4576 386 4634 tiore
413 4576 540 4633 cibo
570 4574 733 4631 verbi
762 4574 924 4630 velut
969 4590 1138 4645 pane,
1191 4576 1249 4628 et
1296 4572 1561 4629 suaviora
1594 4573 1882 4630 sermonis
1904 4596 1959 4661 ID
1990 4573 2402 4648 possessionis,
2434 4578 2497 4627 ut
2526 4570 2892 4642 acquirendae
2922 4571 3049 4643 ejus
3080 4572 3269 4644 gratia
3320 4588 3560 4629 excuses
3583 4576 3640 4630 te

453 4752 816 4837 Mira‘hicin
869 4769 1013 4837 mss.
1077 4756 1253 4837 atque
1311 4752 1372 4807 in
1430 4751 1571 4837 edit.
1613 4751 1884 4837 varietas.

246 4822 388 4881 Alibi
404 4822 584 4898 enim
606 4824 792 4898 legas,
816 4829 974 4896 potus
1004 4825 1100 4895 qui
1124 4822 1565 4898 eiectae;___a_libi,
1617 4828 1752 4898 potu
1794 4824 1890 4898 qui

245 4900 464 4953 nectar:
498 4894 870 4977 alibijmrum
914 4894 1025 4968 qui
1044 4903 1262 4977 _nectar,
1314 4894 1452 4977 alibi
1500 4894 1771 4977 proprius
1802 4894 1885 4953 ad

243 4983 503 5037 sensum,
532 4968 700 5040 cadus
724 4967 936 5040 parum
952 4968 1284 5040 quinectar.
1319 4967 1429 5023 Sed
1462 4967 1737 5031 omnibus
1782 4984 1887 5022 an-

242 5038 550 5112 teponendi
578 5037 804 5112 Vatfet
830 5037 988 5094 Vale.
1011 5038 1069 5092 in
1101 5037 1338 5112 quibus.
1365 5040 1533 5112 Porus
1562 5040 1659 5112 qui
1676 5042 1887 5112 nectar,

244 5108 352 5167 etc.
385 5112 670 5179 Memorat
692 5110 850 5166 enim
883 5108 1127 5182 sanctus
1152 5110 1340 5182 virgea
1369 5126 1496 5181 qua:
1517 5108 1887 5182 in‘Symposio

237 5182 402 5254 Plato
429 5182 655 5254 scribit,
717 5197 926 5254 nempe
980 5180 1043 5236 in
1101 5180 1363 5254 convivio
1388 5180 1651 5254 ’prOpter
1688 5180 1889 5237 natam

235 5253 519 5313 Venerem
566 5251 875 5313 celebrate
905 5254 1117 5311 Porum
1167 5251 1540 5311 abundantiae
1590 5252 1788 5319 deum,
1820 5255 1889 5308 ut

234 5327 493 5384 nectaris
521 5324 824 5397 crapulam
857 5323 1282 5397 exhalaret,iin
1331 5322 1565 5397 hortum
1614 5322 1774 5397 Jovis
1798 5323 1888 5397 in-

222 5414 509 5471 gressum
552 5392 939 5471 obdormisse,
970 5395 1058 5471 _ad
1109 5392 1279 5471 cujus
1334 5392 1890 5471 latus__cum.Penia

232 5465 603 5543 paupertatis
618 5468 891 5543 dea_sese
917 5465 1291 5543 admovisset,
1341 5465 1643 5543 gravidam
1664 5465 1888 5543 _factam

231 5537 530 5613 Amorem,
558 5538 873 5613 peperisse.
924 5537 1145 5613 Verum
1189 5553 1327 5593 eum
1353 5537 1492 5592 "non
1533 5537 1784 5613 geniem,
1824 5540 1891 5592 ut

220 5613 409 5671 Rom.
440 5606 580 5684 edit".
612 5606 893 5684 reposuit,
927 5609 1029 5684 sed
1067 5611 1369 5684 Venerem,
1394 5612 1459 5684 ut
1508 5606 1633 5684 aliae
1660 5624 1887 5684 omnes,

232 5690 292 5749 et
322 5682 523 5747 cuncti
554 5678 697 5747 mss:
720 5678 967 5762 habent,
983 5681 1047 5746 in
1096 5680 1335 5745 hortum
1354 5678 1688 5747 introivisse
1711 5678 1887 5755 dicat,

1992 4752 2223 4821 videtur
2250 4750 2471 4805 hancce
2502 4748 2760 4805 fabulam
2787 4766 2856 4805 ex
2888 4750 3172 4806 memoria
3214 4755 3441 4806 tantum
3472 4765 3637 4805 enar-

1995 4840 2144 4891 rare,
2178 4838 2283 4878 nec
2315 4838 2429 4876 non
2478 4821 2600 4893 pori
2659 4822 2898 4893 nomine
2926 4822 3281 4893 intellexisse
3312 4838 3426 4876 non
3447 4821 3633 4893 _deum

1996 4895 2276 4967 aliquem,
2308 4898 2367 4948 at
2396 4891 2590 4967 potius
2620 4892 2850 4967 alveum
2881 4895 2999 4949 sive
3030 4892 3310 4967 canalem,
3346 4891 3499 4967 unde
3537 4906 3636 4967 ne-

1996 4960 2180 5039 ctaris
2198 4966 2365 5039 rivus
2387 4960 2762 5039 dimanabat;
2796 4973 2946 5039 πόρος
2992 4965 3148 5039 enim
3184 4980 3297 5039 _pro
3328 4961 3488 5018 alveo
3520 4960 3638 5027 sive

1997 5037 2183 5095 canali
2217 5037 2370 5108 apud
2403 5037 2679 5108 probatos
2712 5035 2977 5092 auctores
3006 5035 3316 5108 invenitur.

2069 5055 2183 5092 nan
2217 5055 2248 5092 a
2294 5055 2370 5091 un
2403 5055 2679 5108 pronatus
2712 5055 2977 5092 austeros
3006 5055 3316 5090 invenitur.

2069 5110 2183 5182 (16)
2216 5055 2358 5182 bfss.
2395 5107 2639 5182 aliquot,
2692 5108 3077 5182 vetdemuro
3093 5105 3355 5182 dejicere
3379 5105 3634 5182 animm.

1998 5174 2175 5247 Flor.,'
2201 5179 2465 5235 demente
2492 5174 2725 5250 dejicere
2765 5180 2827 5232 in
2874 5180 3001 5250 ima.
3058 5174 3207 5231 Meli'
3238 5192 3266 5231 s
3301 5174 3549 5250 _reliqui,
3582 5180 3639 5231 et

1996 5252 2133 5308 edit.
2158 5246 2431 5324 (Namque
2460 5246 2667 5324 alludit
2707 5249 2955 5324 cum_ad
3005 5262 3072 5303 ea
3119 5246 3633 5324 su_perinris_cap.,

2004 5326 2129 5380 Vere
2148 5319 2351 5378 murus'
2367 5323 2579 5388 anima,
2631 5324 2757 5375 tum
2807 5319 2877 5373 ad
2928 5334 3112 5390 prov.,
3159 5319 3336 5390 ,Furca
3385 5319 3464 5373 vel
3504 5322 3638 5374 Fur-

1996 5396 2142 5450 cillis
2171 5395 2237 5449 de
2263 5408 2420 5448 muro
2450 5392 2697 5463 dejicere.
2722 5390 2882 5453 Quod
2906 5389 3272 5462 proverbium
3300 5390 3450 5462 apud
3482 5390 3636 5463 Grae-

1998 5483 2096 5521 cos
2128 5465 2481 5544 Latinosque
2512 5464 2893 5544 pervagatum
2935 5477 3018 5544 ex.
3050 5476 3211 5544 more
3241 5468 3636 5544 propugnato-

1997 5554 2129 5592 rum
2164 5535 2325 5591 urbis
2355 5532 2604 5589 obsessaa
2635 5537 2829 5587 ortum
2862 5532 3048 5589 duxit.
3077 5532 3163 5604 (Hi
3207 5532 3500 5604 siquidem
3538 5550 3636 5597 eos

1998 5607 2363 5683 ex_h_ostibus
2411 5604 2756 5683 qui_m_uros
2804 5603 3193 5683 conscendere
3223 5603 3634 5683 moliebantur,

2001 5626 2067 5665 ΘΧ
2097 5622 2363 5665 ηοειωυε
2452 5622 2511 5661 υι
2555 5622 2756 5661 muros
2804 5622 3193 5662 conscendere
3223 5622 3305 5661 mc

2001 5678 2265 5741 solebant
2293 5622 2475 5737 furcis
2502 5675 2751 5752 dejicere
2780 5679 2952 5753 atque
2980 5676 3305 5739 exturbare.
