4122 6146
536 251 655 314 579

1994 245 2057 308 S.
2105 245 2485 308 AMBROSII

3782 242 3879 315 580

535 400 569 437 a
599 396 763 437 omna
795 378 952 434 illius
986 377 1086 450 qui
1118 378 1191 434 ad
1224 377 1460 449 nuptias
1490 376 1663 434 Verbi
1688 381 1744 435 te
1776 378 2076 447 invitavit;
2119 381 2181 434 tu
2214 379 2269 446 Α
2300 384 2523 434 Avarus
2552 381 2748 433 autem
2780 376 2952 432 dicit:
2994 376 3219 445 Anima,
3264 374 3427 432 habes
3476 378 3640 435 multa
3691 380 3880 441 bonain

533 485 669 526 cave
698 484 771 524 ne
802 483 1067 533 excuses,
1099 467 1199 522 sed
1252 470 1469 522 vestem
1519 470 1577 522 te
1625 465 1806 524 indue
1834 468 2183 542 nuptialem,

528 561 591 617 et
613 561 779 614 utere
809 555 1070 613 convivio
1102 554 1320 619 divitis,
1358 572 1430 611 ne
1458 556 1620 612 dives
1671 557 1769 628 qui
1818 560 1874 612 te
1904 557 2183 613 invitave-

530 649 642 713 rat,
677 663 814 703 cum
845 643 1208 703 excusaveris
1235 646 1312 710 te,
1347 643 1489 699 dum
1520 661 1584 701 es
1615 644 1993 703 saecularibus
2018 661 2188 702 occu-

532 734 888 809 patus,alios
917 733 1204 799 invitet,et
1225 734 1291 787 tu
1322 732 1675 789 excludaris.
1696 733 1975 805 Injiciunt
2004 733 2183 790 etiam

530 824 777 882 honoris
807 821 1201 895 appetentiam
1232 824 1554 894 potestates
1584 822 1811 890 mundi,
1846 825 1912 879 ut
1930 826 1989 879 te
2013 820 2185 879 extol-

527 913 617 969 las
649 913 804 970 sicut
829 912 1037 978 Adam,
1068 913 1127 967 et
1157 911 1300 967 dum
1330 909 1417 967 vis
1449 911 1761 984 adaequare
1806 912 1991 968 Deum
2017 911 2183 968 simi-

527 1000 779 1056 litudine
823 998 1155 1072 potestatis,
1206 998 1407 1054 divina
1453 1002 1739 1072 praecepta
1786 999 2098 1073 despicias,
2127 1002 2186 1055 et

528 1106 655 1163 quas
685 1088 964 1154 habebas,
1000 1087 1242 1161 incipiat
1271 1088 1563 1144 amittere.
1596 1088 1703 1152 Qui
1731 1088 1889 1145 enim
1922 1106 2038 1146 non
2072 1088 2183 1145 ha-

525 1178 707 1252 bet,et
735 1177 887 1250 quod
922 1176 1098 1233 habet
1119 1176 1420 1232 auferetur
1449 1176 1522 1233 ab
1561 1193 1648 1233 eo.

596 1302 688 1360 23.
721 1301 957 1368 Quoties
991 1300 1047 1355 in
1080 1301 1338 1356 oratione
1367 1300 1556 1371 nobis,
1609 1318 1729 1373 qua
1777 1301 2031 1357 maxime
2064 1301 2181 1357 Deo

530 1390 1096 1464 appropinquamus,
1128 1389 1515 1445 offunduntur
1544 1406 1613 1446 ea
1659 1407 1785 1462 quae
1833 1389 2008 1463 plena
2046 1394 2186 1446 sunt

528 1478 795 1553 opprobii
826 1477 1079 1550 alicujus
1111 1481 1214 1533 aut
1270 1477 1530 1544 sceleris,
1589 1494 1705 1549 quo
1755 1495 1864 1534 nos
1912 1495 1946 1534 a
1988 1477 2183 1534 studio

529 1567 883 1641 precationis
913 1566 1215 1623 avertant!
1252 1566 1489 1630 Quoties
1505 1566 1785 1623 inimicus
1807 1567 1964 1623 cordi
1983 1570 2184 1623 nostro

529 1660 778 1712 conatur
809 1655 1085 1725 inserere,
1135 1672 1250 1727 quo
1299 1671 1407 1710 nos
1458 1655 1717 1711 reflectat
1773 1674 1808 1712 a
1855 1655 2184 1711 sanctitatis

526 1744 828 1818 proposito
859 1748 917 1800 et
948 1744 1062 1815 piis
1093 1743 1279 1801 votisl
1327 1744 1564 1811 Quoties
1613 1760 1921 1816 corpereos
1954 1743 2185 1800 inflam-
2215 1748 2264 1813 B

529 1838 653 1888 mat
684 1831 958 1888 ardores!
994 1830 1232 1895 Quoties
1254 1848 1563 1889 occursare
1599 1832 1756 1888 ΔΜ
1807 1831 1946 1888 facit
1981 1830 2182 1887 oculos

530 1920 912 1988 meretricios,
946 1920 1163 1993 quibus
1194 1925 1424 1976 castum
1466 1920 1616 1992 justi
1662 1924 1847 1977 tentet
1885 1920 2180 1988 aﬁ‘ectum,

534 2015 600 2066 ut
636 2009 957 2083 improviso
1034 2010 1252 2065 amoris
1311 2008 1538 2081 spiculo
1599 2009 1766 2065 feriat
1799 2009 2180 2080 imparatum.

531 2100 771 2167 Quoties
800 2098 1009 2155 inserit
1040 2098 1237 2154 animo
1269 2103 1370 2155 tuo
1399 2099 1642 2155 verbum
1674 2098 1970 2171 iniquum,
2003 2102 2061 2153 et
2088 2115 2183 2155 co-

531 2188 842 2259 gitationes
871 2187 1063 2243 cordis
1095 2187 1468 2244 absconditae
1492 2188 1503 2242 !
1525 2188 1605 2243 De
1629 2203 1744 2258 quo
1767 2187 1871 2242 tibi
1894 2187 2037 2242 dicit
2057 2186 2179 2243 lex:

530 2276 755 2333 Attende
812 2276 930 2342 tibi,
981 2292 1051 2331 ne
1098 2275 1193 2345 ﬁat
1244 2277 1465 2332 verbum
1524 2275 1905 2331 absconditum
1936 2277 1995 2332 in
2025 2276 2185 2332 corde

506 2351 622 2422 rtuo
644 2368 900 2438 iniquum
930 2367 1107 2435 (Deut.
1139 2382 1230 2432 xv,
1281 2366 1359 2431 9),
1410 2368 1467 2421 et
1516 2364 1674 2420 dicat
1716 2363 1821 2420 tibi
1854 2364 2178 2430 Dominus:

531 2454 680 2521 Quid
713 2453 933 2525 cogitas
960 2452 1116 2509 mala
1146 2454 1204 2508 in
1236 2453 1408 2509 corde
1437 2458 1537 2509 tuo
1564 2456 1586 2507 ?
1614 2452 1765 2509 Neve
1814 2469 1949 2508 cum
1995 2453 2180 2509 abun-

531 2541 762 2599 daveris
790 2559 933 2598 auro
963 2547 1019 2599 et
1046 2544 1306 2614 argento,
1338 2544 1396 2596 et
1426 2540 1641 2613 opimis
1671 2556 1948 2614 agrorum
1983 2541 2181 2597 fructi-

531 2631 663 2702 bus,
695 2630 782 2687 vel
813 2630 1138 2687 honoribus
1169 2631 1363 2686 dicas:
1415 2630 1617 2685 Virtus
1665 2644 1796 2685 mea
1846 2630 2006 2685 dedit
2036 2630 2181 2685 mihi

529 2720 690 2788 hinc;
723 2723 779 2776 et
801 2718 1163 2775 obliviscaris
1210 2718 1529 2775 Dominum
1573 2717 1759 2773 Deum
1787 2718 2158 2785 tuum.(Deut,

532 2826 654 2877 vm,
681 2807 791 2877 i7).

599 2933 688 2987 24.
727 2930 826 2987 llis
855 2947 992 3004 ergo
1023 2930 1223 2985 anima
1245 2946 1373 3002 qua:
1396 2930 1561 3003 cupit
1590 2928 2176 3001 evolare,deponitur.

532 3019 646 3075 Sed
685 3024 749 3074 tu
780 3019 1078 3075 obluctare
1106 3016 1276 3089 quasi
1319 3017 1505 3073 bonus
1560 3015 1728 3074 miles
1771 3016 1982 3072 Christi
2013 3017 2175 3085 Jesu,

2297 484 2476 523 annos
2503 468 2706 523 multos
2730 468 2912 539 posita
2940 467 3231 538 requiesce,
3280 464 3567 535 manduca,
3622 467 3752 538 bibo,
3775 487 3881 544 epu-

2298 557 2415 612 lare
2463 559 2597 626 (Luc
2641 572 2746 623 xu,
2806 553 2911 627 19),
2972 552 3113 626 quia
3168 552 3326 609 avari
3362 552 3555 611 anima
3579 555 3792 613 subdita
3814 565 3884 617 est

2294 643 2537 701 luxuriae
2568 643 2856 717 corporali
2883 659 2897 698 :
2922 640 3071 715 justi
3101 647 3295 699 autem
3350 643 3546 699 anima
3590 636 3756 702 utilur
3778 636 3883 704 cor;

2296 749 2437 805 pore
2467 737 2532 788 ut
2562 732 2956 789 instrumento
3002 732 3103 787 aut
3149 746 3391 804 organo,
3431 747 3555 803 qua:
3598 731 3743 790 velut
3764 751 3884 807 pre-

2296 819 2456 877 clara
2484 821 2695 877 artifex
2738 836 2854 894 quo
2900 819 3027 877 vult
3071 819 3419 892 obsequium
3466 820 3709 893 corporis
3734 822 3884 894 ducit,

2296 914 2355 966 et
2384 910 2610 984 efﬁngit
2640 910 2714 966 de
2744 926 2811 966 eo
2842 908 3097 982 speciem
3129 924 3303 981 quam
3331 906 3521 981 elegit,
3551 911 3608 964 et
3643 924 3734 967 eas
3769 927 3886 983 quas

2295 998 2566 1066 voluerit,
2627 998 2768 1055 facit
2818 999 2878 1054 in
2933 1015 3000 1055 eo
3060 1012 3332 1054 resonare
3370 995 3631 1064 virtutes,
3666 1015 3886 1072 pangens

2294 1104 2454 1143 nunc
2483 1085 2756 1145 modulos
2785 1086 3252 1155 castitatis,nunc
3298 1084 3565 1142 modulos
3596 1089 3883 1160 temperan-

2293 1175 2410 1247 tiae,
2457 1175 2789 1233 sobrietatis
2839 1191 3097 1242 carmen,
3147 1173 3496 1248 integritatis
3543 1173 3884 1245 dulcedinem,

2292 1264 2645 1338 virginitatis
2689 1264 3057 1333 suavitatem,
3080 1264 3419 1338 gravitatem
3463 1262 3769 1324 viduitatis.
3805 1265 3888 1322 Ini

2294 1354 2529 1410 terdum
2558 1358 2755 1409 tamen
2786 1352 3121 1409 modulator
3150 1350 3505 1425 compatitur
3550 1367 3752 1425 organo
3776 1368 3883 1410 suo.

2294 1443 2365 1498 Et
2390 1442 2519 1499 ideo
2549 1441 2797 1499 honesta
2827 1440 3148 1510 modulare,
3184 1446 3250 1496 ut
3277 1441 3353 1496 sit
3399 1439 3892 1513 honesta'compas-

2294 1532 2402 1587 sio.
2432 1530 2579 1587 Nam
2609 1535 2668 1588 et
2696 1530 2793 1587 ille
2833 1531 2933 1603 qui
2963 1530 3137 1599 videt,
3194 1529 3445 1585 vivendo
3485 1528 3823 1602 plerumque,
3850 1534 3893 1585 et

2295 1619 2540 1677 audiens
2566 1620 2858 1676 audiendo
2885 1619 3155 1675 afﬁcitur.
3190 1619 3254 1674 Et
3283 1617 3416 1675 ideo
3439 1618 3579 1675 dicit
3601 1618 3889 1692 Scriptura:

2296 1710 2453 1766 Oculi
2481 1712 2567 1765 tui
2591 1717 2737 1765 recta
2768 1707 2984 1765 videant
3015 1710 3200 1779 (Prov.
3235 1723 3308 1774 IV,
3359 1707 3496 1779 25);
3545 1710 3604 1763 et
3631 1706 3801 1762 infra:
3834 1707 3895 1762 Ne

2292 1800 2498 1854 multus
2524 1800 2699 1870 fueris
2726 1797 2797 1853 ad
2852 1797 3117 1853 alienam.
3175 1797 3306 1852 Noli
3364 1795 3642 1852 intendere
3668 1797 3720 1851 in
3748 1793 3894 1852 oculos

2284 1887 2623 1959 juvenculae.
2656 1887 2784 1942 Noli
2811 1885 3092 1942 intendere
3120 1887 3180 1942 in
3228 1887 3397 1941 verba
3420 1885 3715 1941 meretricis
3746 1883 3892 1956 (Prov.

2292 1992 2350 2043 ν,
2374 1974 2486 2047 20).

2818 2064 2967 2119 401
3005 2062 3237 2119 CAPUT
3276 2061 3403 2117 VII.

2292 2139 2534 2219 Lagueos
2561 2151 2771 2219 quoque
2798 2136 2954 2219 nobis
3006 2135 3363 2217 circumfusos
3401 2148 3536 2219 esse
3593 2135 3653 2216 in
3676 2143 3896 2219 corpore:

2364 2208 2584 2276 hocregi
2609 2210 2855 2278 oportere
2881 2208 2953 2262 ab
2980 2208 3189 2273 annua,
3221 2219 3347 2278 qua
3392 2213 3573 2262 tamen
3628 2208 3893 2278 ipsisma-

2363 2272 2667 2349 numq'uam
2693 2279 3067 2360 compatith
3101 2272 3384 2335 Prw-terea
3413 2279 3493 2332 tot
3548 2272 3794 2332 molestiis

2364 2358 2479 2404 tam
2531 2349 2814 2404 abundare
2870 2354 2929 2403 ut
2976 2347 3098 2403 odio
3156 2348 3451 2404 habeatur.
3501 2351 3553 2403 et
3604 2361 3740 2401 mors
3787 2341 3894 2399 solis

2385 2366 2479 2404 am
2531 2364 2814 2405 abundare
2870 2364 2929 2403 ut
2976 2364 3098 2420 Odlo
3156 2364 3451 2420 naoeamr,

2364 2421 2552 2492 impiis
2583 2437 2774 2476 amara
2813 2422 2909 2489 sit,
2940 2419 3133 2491 quibus
3186 2422 3373 2475 tamen
3432 2417 3553 2475 vita
3601 2417 3776 2474 debeat
3808 2426 3899 2470 esse

2363 2493 2626 2547 amarior.
2662 2492 2885 2548 Mortem
2911 2492 3081 2563 igitur
3108 2492 3321 2547 malum
3349 2506 3467 2546 non
3491 2505 3621 2546 esse.

2360 2581 2449 2635 26.
2483 2580 2552 2635 Et
2581 2578 2722 2651 quid
2753 2579 2825 2635 de
2855 2578 3144 2635 extraneis
3174 2576 3405 2651 laqueis
3454 2577 3699 2650 loquor?
3735 2567 3903 2631 Nostri

2292 2667 2462 2724 nobis
2492 2667 2684 2740 laquei
2716 2671 2858 2723 sunt
2883 2665 3153 2723 cavendi.
3178 2667 3241 2723 In
3274 2668 3406 2739 ipso
3438 2666 3550 2724 hoc
3577 2678 3797 2736 corpore
3820 2675 3901 2714 no-

2290 2760 2411 2812 stro
2438 2754 2632 2827 laquei
2661 2754 2999 2812 circumfusi
3046 2754 3218 2811 nobis
3269 2758 3433 2824 sunt,
3482 2769 3629 2827 quos
3657 2751 3900 2808 debemus

2288 2843 2488 2901 vitare.
2520 2845 2645 2901 Non
2676 2845 2986 2900 credamus
3030 2860 3138 2900 nos
3185 2842 3324 2899 huic
3370 2842 3624 2916 corpori,
3672 2856 3779 2896 non
3804 2835 3900 2892 mi-

2288 2949 2559 2990 sceamus
2590 2950 2723 2989 cum
2757 2949 2824 2989 eo
2850 2933 3109 2989 animam
3144 2937 3431 2989 nostram.
3469 2932 3606 2988 Cum
3633 2930 3817 3000 amico,
3836 2924 3903 2979 in-

2289 3023 2435 3094 quit,
2462 3025 2627 3079 misce
2655 3023 2907 3078 animum
2964 3028 3147 3089 tuum,
3203 3038 3315 3078 non
3342 3039 3478 3077 cum
3525 3021 3741 3077 inimico
3767 3013 3901 3088 (Eccl!

532 3111 590 3164 et
617 3107 895 3164 inferiora
921 3105 1270 3179 despiciens,
1303 3110 1534 3162 terrena
1565 3105 1935 3172 obliviscens,
1970 3105 2039 3161 ad
2074 3122 2183 3162 ραδ-
2210 3110 2254 3178 C
2291 3128 2369 3179 vr,
2401 3111 2476 3184 4).
2514 3110 2819 3167 Inimicum
2840 3111 2947 3167 tibi
2974 3115 3064 3167 est
3101 3127 3313 3183 corpus
3358 3116 3536 3190 tuum
3584 3107 3733 3182 quod
3762 3118 3901 3176 repu-

527 3195 698 3253 lestia
744 3199 801 3252 et
843 3200 1057 3250 interna
1099 3193 1403 3249 contende.
1450 3192 1665 3250 Attolle
1695 3193 1954 3249 animam
1992 3197 2176 3263 tuam,

531 3301 604 3341 ne
634 3301 764 3340 eam
795 3282 999 3339 illiciat
1028 3298 1162 3338 esca
1192 3281 1557 3354 laqueorum.
1590 3281 1929 3355 Voluptates
1960 3282 2179 3351 saeculi,

531 3388 675 3429 esca:
705 3372 973 3444 quaedam
1007 3376 1166 3436 sunt,
1199 3374 1256 3426 et
1286 3371 1440 3442 quod
1464 3371 1631 3443 pejus
1662 3374 1771 3438 est,
1803 3387 1945 3427 escae
1994 3370 2177 3427 malo-

529 3477 663 3517 rum
695 3476 843 3516 escaa
888 3460 1301 3516 tentationum.
1354 3459 1505 3514 Dum
1553 3459 1909 3531 voluptatem
1942 3460 2178 3533 quaeris,

527 3548 769 3622 laqueos
804 3548 1072 3605 incurris.
1106 3547 1323 3603 Oculus
1348 3547 1506 3603 enim
1540 3547 1862 3604 meretricis
1912 3548 2047 3620 (17),
2089 3548 2179 3605 la-

528 3654 735 3710 queus.
770 3638 1040 3710 Laqueus
1073 3641 1163 3693 est
1213 3637 1389 3692 etiam
1441 3653 1633 3693 sermo
1684 3637 2027 3705 meretricis,
2075 3639 2178 3709 qui

528 3727 784 3784 obducat
813 3727 884 3781 ad
916 3730 1150 3797 tempus
1180 3724 1377 3781 fauces
1407 3729 1563 3791 tuas,
1613 3729 1671 3780 et
1711 3722 1909 3796 postea
1936 3741 2178 3799 exaspe-

528 3821 618 3871 rat
649 3831 749 3871 eas
807 3812 1200 3870 amaritudine
1246 3813 1617 3869 conscientiae
1667 3813 2027 3884 peccatricis.
2072 3819 2176 3871 La-

527 3920 716 3977 queus
746 3907 836 3962 est
864 3902 1056 3959 aliena
1085 3902 1378 3974 possessio
1401 3901 1574 3974 plena
1594 3901 1966 3958 ammnitatis.
1993 3903 2178 3962 Omne

496 3976 636 4047 ‘iter
666 3993 818 4048 istus
839 3991 967 4046 vitae
1000 3991 1240 4062 plenum
1269 3989 1614 4063 laqueorum
1654 3996 1761 4047 est.
1791 3990 1954 4047 Unde
1973 3992 2177 4064 justus

525 4079 705 4135 dicit:
739 4082 799 4136 In
833 4081 924 4135 via
953 4078 1055 4134 hac
1092 4095 1201 4151 qua
1245 4079 1619 4148 ambulabam,
1663 4080 2059 4137 absconderant
2093 4083 2176 4139 la-

527 4184 660 4240 quos
684 4169 828 4224 mihi
855 4167 1030 4238 (Psal.
1058 4183 1207 4222 cxu.
1242 4167 1296 4238 li)
1326 4206 1342 4224 .
1378 4168 1443 4222 In
1488 4169 1600 4233 via,
1658 4166 1870 4239 inquit,
1927 4171 2028 4225 hac
2049 4170 2177 4227 abs-

523 4256 825 4312 conderant
851 4278 871 4325 ;
898 4256 1025 4312 ideo
1056 4259 1117 4311 tu
1152 4254 1313 4312 illam
1343 4255 1500 4312 viam
1551 4256 1792 4313 ambula
1822 4274 1949 4330 quae
1980 4259 2125 4316 dicit
2158 4276 2171 4316 :

525 4346 633 4415 Ego
661 4361 783 4400 sum
814 4347 903 4400 via
931 4346 983 4401 et
1037 4346 1258 4413 veritas,
1316 4354 1368 4401 et
1423 4347 1560 4411 vita,
1621 4345 1778 4416 (Joan
1835 4365 1949 4414 xw,
2002 4349 2083 4421 6),
2112 4354 2179 4405 ut

526 4431 729 4488 dicas:
766 4432 1023 4488 Animam
1064 4448 1247 4487 meam
1292 4435 1577 4501 convertit,
1627 4434 1853 4491 deduxit
1898 4453 1987 4492 me
2012 4454 2178 4511 super

524 4521 752 4576 semitas
770 4520 1013 4590 justitisc
1037 4528 1263 4592 propter
1290 4537 1488 4577 nomen
1524 4538 1701 4578 suum.
1751 4524 1901 4596 (Psal
1932 4542 2071 4595 xxn,
2103 4528 2179 4594 3).

590 4607 993 4665 25.Moriatur
1048 4607 1228 4679 igitur
1258 4609 1426 4667 nobis
1482 4610 1591 4666 hoc
1646 4612 2178 4677 saeculum.moria-

530 4703 628 4754 tur
659 4696 829 4753 nobis
858 4696 1053 4752 carnis
1085 4696 1259 4753 istius
1289 4697 1594 4771 sapientia,
1645 4716 1770 4771 quae
1817 4701 2057 4758 inimica
2092 4709 2184 4762 est

526 4788 663 4844 Deo.
699 4784 1098 4857 Subjiciamus
1144 4786 1404 4843 animam
1456 4792 1722 4843 nostram
1772 4790 1882 4846 soli
1925 4791 2179 4860 Christo,

526 4880 590 4931 ut
618 4875 775 4931 dicat
805 4875 1219 4948 unusquisque
1245 4890 1258 4931 :
1292 4877 1481 4931 Nonne
1504 4877 1608 4933 Deo
1626 4878 1871 4949 subjecta
1892 4884 1971 4935 est
1991 4883 2183 4937 anima

526 4965 667 5038 mea(
701 4964 853 5020 Psal.
893 4980 1006 5030 LXI,
1028 4964 1084 5037 2)
1107 4964 1273 5019 .9Non
1295 4962 1508 5021 saeculo
1534 4965 1914 5034 subdita,non
1938 4970 2179 5039 mundo,

527 5052 742 5125 inquit,
777 5050 1036 5108 subdita.
1088 5052 1212 5108 Non
1264 5056 1456 5123 potest
1513 5051 1621 5110 hoc
1656 5056 2031 5126 pecuniosus,
2066 5075 2182 5115 non

526 5145 722 5212 potest
752 5157 963 5197 avarus
992 5140 1185 5197 dicere
1210 5157 1224 5196 :
1258 5142 1359 5197 sed
1390 5140 1535 5199 dicit
1556 5143 1756 5215 justus
1783 5147 1839 5200 et
1853 5144 2181 5203 continens.

599 5333 1039 5414 (17)“Plerisque
1063 5352 1231 5414 mss.,
1256 5338 1505 5414 Laqueus
1520 5339 1671 5393 enim
1690 5340 2014 5414 meretricis.
2041 5340 2182 5412 Alii,

532 5418 597 5475 ac
635 5408 777 5458 edit.
811 5422 1035 5462 omnes.
1072 5408 1269 5463 Oculus
1298 5408 1453 5466 enim
1480 5412 1807 5466 meretricis.
1830 5410 1981 5475 Quin
2003 5408 2182 5471 etiam

529 5470 705 5555 libri.
740 5475 816 5555 ρε
846 5476 979 5555 C_ain
1036 5481 1091 5532 et
1121 5479 1298 5555 __Ab_el,
1330 5497 1463 5555 cap.
1490 5481 1547 5555 4,
1578 5485 1642 5555 et
1664 5470 2022 5555 ubicumque
2062 5470 2183 5543 haec

531 5545 821 5606 sententia
848 5549 1087 5617 citetur,
1116 5545 1326 5613 iisdem
1347 5545 1542 5618 verbis
1558 5552 1864 5616 exhibetur
1886 5571 1900 5628 ;
1925 5545 2184 5621 videtur-

2289 3205 2431 3274 gnat
2460 3200 2643 3256 menti
2674 3204 2809 3270 tuos,
2843 3201 3014 3271 cujus
3043 3215 3219 3273 opera
3248 3199 3601 3266 inimicitiae,
3633 3191 3907 3253 dissensio-

2289 3305 2414 3356 nes,
2446 3288 2578 3345 lites
2610 3288 3202 3361 perturbationesque
3231 3286 3540 3345 sunt.l\'oli
3569 3301 3703 3344 cum
3730 3299 3790 3339 eo
3813 3278 3906 3335 mi-

2288 3393 2451 3434 scere
2476 3378 2734 3434 animam
2759 3381 2945 3443 tuam,
2968 3393 3041 3433 ne
3068 3382 3393 3448 utrumque
3420 3373 3759 3433 confundas.
3783 3368 3907 3426 Nam

2289 3467 2339 3522 si
2372 3468 2671 3537 miscetur,
2702 3482 2837 3539 ergo
2871 3465 3079 3523 melior
3106 3466 3172 3522 ﬁt
3200 3482 3333 3522 caro
3387 3482 3521 3539 quae
3571 3461 3797 3519 inferior
3818 3462 3906 3522 est,

2288 3572 2469 3628 quam
2499 3556 2696 3611 anima
2726 3571 2853 3627 quae
2884 3554 3190 3627 superior;
3225 3553 3374 3627 quia
3400 3553 3625 3623 anima,
3670 3549 3781 3606 vita
3806 3561 3910 3603 cor-

2289 3642 2416 3713 pori
2443 3641 2640 3710 tradit,
2673 3658 2806 3698 caro
2836 3645 3032 3698 autem
3056 3645 3299 3699 mortem
3324 3643 3546 3699 anima:
3567 3632 3909 3696 transfundit.

2288 3730 2682 3787 Confunditur
2710 3746 2847 3804 ergo
2893 3731 3201 3803 utriusque
3238 3730 3530 3804 operatio,
3572 3723 3913 3786 confunditur

2289 3836 2467 3892 prope
2496 3819 2626 3892 ipsa
2652 3819 2963 3892 utriusque
2992 3819 3345 3876 substantia.
3385 3820 3577 3893 Igitur
3618 3812 3846 3887 suscipit
3863 3808 3913 3863 in

2287 3924 2350 3963 se
2381 3908 2580 3963 anima
2598 3907 3118 3964 insensibilitatem
3143 3907 3411 3963 defuncti
3434 3906 3718 3980 corporis,
3737 3905 3793 3960 et
3817 3913 3916 3956 cor-

2287 4013 2401 4068 pus
2421 3995 2698 4053 omnibus
2729 3996 2936 4053 anima:
2964 3996 3282 4053 virtutibus
3305 3996 3686 4071 fungitur.Ac
3702 4008 3768 4048 ne
3795 3989 3915 4045 forte

2288 4085 2428 4157 quia
2456 4084 2793 4141 infunditur
2820 4086 3019 4142 anima
3048 4085 3298 4158 corpori,
3333 4086 3523 4142 etiam
3545 4078 3813 4141 confundi
3830 4089 3917 4149 pu-

2283 4177 2462 4244 tetur,
2493 4173 2826 4247 exemplum
2876 4174 3045 4231 nobis
3094 4175 3172 4231 sit
3218 4175 3402 4247 hujus
3448 4173 3698 4230 luminis
3735 4163 3915 4242 gratia.

2286 4263 2590 4336 Siquidem
2622 4267 2680 4319 et
2708 4262 2909 4320 lumen
2941 4267 3170 4320 terreno
3190 4262 3317 4320 loco
3340 4262 3703 4329 infunditur,
3724 4271 3819 4313 nec
3845 4258 3917 4308 ta-

2285 4367 2422 4409 men
2452 4352 2854 4408 confunditur.
2898 4351 3019 4407 Non
3074 4351 3152 4407 sit
3198 4368 3333 4425 ergo
3388 4352 3648 4409 confusa
3676 4342 3920 4420 operatio.

2214 4477 2258 4542 Β
2287 4457 2541 4513 quorum
2573 4440 2774 4514 dispar
2821 4440 3155 4497 substantia
3201 4445 3322 4496 est:
3377 4440 3488 4496 sed
3538 4439 3616 4495 sit
3661 4434 3845 4542 anima
3874 4427 3920 4528 in

2292 4546 2556 4603 corpore,
2588 4534 2654 4585 ut
2682 4529 2934 4586 vivificet
2962 4546 3198 4602 corpus,
3230 4530 3340 4585 hoc
3383 4530 3699 4602 gubernet,
3729 4517 3923 4579 illumi-

2291 4627 2408 4675 net.

2358 4709 2450 4765 27.
2484 4707 2707 4781 Negare
2731 4711 2930 4763 tamen
2978 4722 3095 4763 non
3134 4722 3466 4779 possumus
3511 4704 3672 4778 quod
3714 4711 3926 4770 compar

2292 4795 2475 4851 tiatur
2502 4795 2731 4867 corpori
2762 4812 2909 4863 suo;
2943 4808 3080 4851 nam
3111 4801 3168 4851 et
3198 4795 3617 4851 contristatur.
3655 4785 3925 4861 Siquidem

2289 4884 2465 4940 Jesus
2494 4884 2607 4940 ait:
2646 4885 2945 4940 Tristis'est
2994 4886 3186 4939 anima
3229 4899 3357 4939 mea
3417 4898 3598 4956 usque
3631 4879 3701 4937 ad
3727 4878 3928 4933 mortem

2248 4972 2502 5042 '(Matth.
2531 4989 2685 5042 xxvr,
2728 4972 2839 5048 38),
2899 4972 3174 5028 affectum
3235 4971 3514 5029 hominis
3565 4971 3628 5027 in
3678 4985 3739 5025 se
3764 4958 3930 5034 expri-

2248 5072 2255 5077 ‘
2293 5076 2480 5118 mens.
2516 5061 2583 5116 Et
2611 5059 2751 5116 alibi
2779 5077 2792 5116 :
2825 5060 3027 5117 Anima
3054 5076 3180 5117 mea
3210 5059 3440 5116 turbata
3466 5064 3547 5117 est
3589 5055 3745 5116 valde
3770 5054 3923 5126 (lacn.

2291 5165 2392 5218 xu,
2423 5151 2537 5223 27).
2567 5149 2873 5222 Siquidem
2902 5153 2960 5207 et
2989 5147 3329 5206 modulatur
3361 5147 3631 5206 modulis
3663 5145 3802 5212 suis,
3845 5137 3932 5195 ιιιῑ

2295 5362 2410 5417 que
2438 5344 2786 5402 Ambrosius
2817 5344 3076 5402 indicare
3099 5344 3221 5402 haec
3248 5345 3382 5417 ipsa
3431 5362 3473 5417 e
3518 5342 3707 5417 sacris
3744 5330 3930 5417 littet'is

2291 5414 2471 5490 petita
2517 5425 2673 5490 esse:
2726 5420 3005 5473 Attamen
3030 5414 3431 5490 ea_nusq'u_am
3461 5416 3526 5473 in
3559 5414 3679 5471 illis
3705 5414 3933 5490 reperire

2299 5483 2411 5558 est,
2444 5488 2545 5545 sed
2575 5504 2778 5546 eorum
2806 5504 3018 5545 sensus
3049 5488 3120 5545 ad
3152 5483 3450 5558 quo'sdam
3495 5502 3705 5548 versus
3721 5483 3930 5549 Prover-

2299 5561 2536 5625 biorum
2562 5559 2654 5623 vel
2683 5558 3079 5626 Ecclesiastioi
3108 5558 3308 5625 referri
3338 5563 3565 5641 potest.
3632 5578 3635 5579 ν
