4122 6146
289 229 409 293 581

1532 225 1761 288 LIBER
1805 226 1907 288 DE
1951 183 2523 290 BONOIMORTIS.

3586 201 3722 299 ess

291 363 484 430 tibias,
507 364 610 419 aut
630 359 894 431 citharae,
917 363 1020 416 aut
1050 358 1280 432 organi,
1314 371 1472 427 voce,
1505 362 1694 430 gestu,
1726 360 1961 415 affectu-
1991 363 2046 429 Α
2077 358 2345 415 sublimis
2379 363 2473 415 est
2500 363 2789 418 sententia
2818 366 3078 438 Apostoli
3118 367 3382 434 dicentis,
3418 371 3569 440 quod
3607 387 3718 426 non

292 469 416 525 que
446 451 829 524 compatitur,
851 450 912 505 in
962 448 1237 506 tristibus
1269 448 1431 504 sonis
1457 447 1694 514 tristior,
1729 448 1786 502 in
1818 447 1965 502 laetis

291 541 510 606 laetior,
539 541 598 596 in
629 539 991 596 acutioribus
1022 537 1354 602 excitatior,
1388 536 1445 590 in
1470 535 1613 609 ipsis
1630 536 1964 592 mitioribus

290 630 504 686 mitior
533 632 706 700 atque
739 627 1141 695 mansuetior;
1200 629 1266 682 ut
1299 641 1481 681 sonos
1530 628 1808 680 cantuum
1839 624 1966 696 ipse

291 717 692 784 commendet,
744 720 802 772 et
833 715 1268 788 quodammodo
1321 712 1660 770 moduletur
1697 713 1962 769 affectus.

289 807 514 862 Anima
543 819 774 878 quoque
801 804 861 860 in
895 804 1003 861 hoc
1033 820 1276 876 corpore
1309 806 1600 875 tanquam
1639 802 1700 858 in
1748 801 1965 858 fidibus

290 895 568 962 musicis,
603 910 731 965 qua
765 893 963 949 sobria
991 897 1080 950 est
1107 897 1312 949 tamen
1361 891 1636 960 summis,
1669 895 1734 946 ut
1763 891 1846 947 ita
1875 890 1964 945 di—

289 999 454 1048 cam,
477 981 682 1054 digitis
700 979 863 1036 velut
883 997 1188 1038 nervorum
1240 995 1448 1047 sonos,
1483 979 1566 1035 ita
1613 979 1810 1051 pulsat
1838 995 1963 1034 car-

290 1069 598 1130 nisistius
628 1069 962 1142 passiones,
1013 1073 1079 1125 ut
1128 1083 1464 1125 consonum
1497 1067 1704 1123 reddat
1732 1083 1963 1122 morum

292 1164 477 1230 atque
519 1156 810 1212 virtutum
859 1157 1444 1227 consentientemque
1494 1159 1864 1222 concentum,
1899 1157 1966 1209 ut

291 1247 356 1302 in
391 1246 670 1303 omnibus
701 1246 1158 1319 cogitationibus
1189 1245 1342 1310 suis,
1376 1244 1436 1300 in
1468 1244 1744 1300 omnibus
1774 1242 1963 1316 operi-

291 1338 409 1394 bus
431 1337 490 1391 id
517 1335 830 1402 custodiat,
864 1338 929 1391 ut
951 1334 1153 1391 omnia
1173 1332 1424 1390 consilia
1449 1337 1506 1388 et
1527 1334 1678 1388 facta
1699 1332 1811 1388 sibi
1827 1348 1962 1387 con-

291 1427 522 1482 cinant.
554 1424 767 1480 Anima
795 1428 882 1479 est
930 1439 1072 1497 ergo
1123 1439 1251 1496 quis
1303 1422 1512 1492 utitur,
1564 1437 1776 1492 corpus
1808 1420 1965 1492 quod

295 1513 436 1570 usui
467 1517 557 1568 est
585 1512 737 1582 (18);
796 1529 860 1567 ac
893 1527 1002 1584 per
1048 1511 1156 1568 hoc
1205 1511 1367 1566 aliud
1414 1510 1570 1582 quod
1603 1509 1663 1563 in
1697 1507 1963 1580 imperio,

303 1602 469 1659 aliud
493 1600 644 1673 quod
670 1600 726 1654 in
750 1598 1122 1655 ministerio:
1157 1599 1317 1655 aliud
1351 1599 1507 1671 quod
1541 1614 1772 1662 sumus,
1806 1595 1965 1650 aliud

299 1691 464 1764 quod
493 1693 756 1746 nostrum
804 1694 908 1744 est.
944 1689 1008 1744 Si
1045 1688 1181 1760 quis
1211 1689 1421 1744 animas
1467 1684 1967 1760 pulchritudinem

294 1778 518 1853 diligit,
549 1795 653 1836 nos
675 1777 862 1850 diligit
886 1794 899 1832 :
926 1778 977 1833 si
1008 1776 1149 1849 quis
1175 1777 1438 1850 corporis
1461 1775 1730 1832 deco'r‘em
1756 1772 1966 1845 diligit,

294 1885 423 1925 non
454 1866 648 1940 ipsum
679 1866 1003 1932 hominem,
1041 1865 1143 1921 sed
1175 1866 1370 1922 carnis
1419 1863 1616 1937 diligit
1645 1861 1973 1935 pulchritu-

297 1957 529 2027 dinem,
556 1972 677 2027 quas
706 1961 898 2012 tamen
929 1955 1056 2010 cito
1089 1953 1402 2012 marcescit
1430 1957 1488 2010 et
1518 1953 1752 2008 defluit.

374 2045 469 2099 28.
523 2044 678 2100 Unde
719 2043 802 2098 illi
848 2043 1116 2111 intende,
1169 2044 1242 2099 de
1293 2061 1408 2117 quo
1460 2042 1607 2099 dicit
1647 2040 1972 2113 Propheta:

279 2137 417 2204 «Qui
461 2149 566 2190 non
611 2135 813 2206 accepit
872 2135 934 2188 in
992 2148 1205 2188 vanum
1267 2136 1521 2189 animam
1580 2148 1741 2188 suam
1805 2128 1973 2200 (Psal.

300 2241 469 2290 XXIII,
501 2223 572 2295 ὅ),
612 2224 674 2278 In
702 2239 917 2278 vanum
949 2220 1184 2292 accepit
1236 2221 1504 2278 animam
1537 2236 1709 2277 suam
1742 2219 1830 2290 (ut
1851 2218 1976 2288 jam

304 2314 384 2369 de
416 2312 593 2383 hujus
647 2312 778 2367 vitae
825 2311 1104 2366 dicamus
1159 2309 1473 2384 molestiis)
1523 2309 1627 2382 qui
1679 2305 1981 2363 saecularia

304 2401 518 2468 struit,
547 2401 792 2465 aediﬁcat
815 2401 970 2456 402
1019 2397 1367 2470 corporalia.
1401 2397 1674 2464 Quotidie
1704 2396 1777 2451 ad
1808 2395 1982 2450 eden-

309 2493 461 2546 dum
488 2490 875 2546 etbibendum
909 2487 1242 2560 surgimus,
1275 2492 1334 2544 et
1362 2487 1566 2544 nullus
1597 2484 1884 2558 expletur,
1919 2487 1986 2538 ut

289 2592 444 2640 ‘non
477 2583 603 2652 post
633 2582 996 2635 momentum
1031 2575 1258 2632 esuriat
1289 2593 1356 2634 ac
1387 2577 1570 2633 sitiat.
1605 2571 1875 2640 Quotidie
1893 2570 1983 2626 lu-

320 2685 499 2726 crum
525 2667 858 2740 querimus,
892 2671 950 2721 et
981 2663 1187 2721 nullus
1216 2665 1526 2738 cupiditati
1553 2664 1768 2720 modus
1818 2662 1982 2734 poni-

295 2763 448 2818 .tur.
479 2756 600 2812 Non
645 2755 955 2821 satiabitur,
998 2752 1216 2825 inquit,
1269 2756 1457 2811 oculus
1501 2757 1651 2822 visu,
1700 2767 1804 2807 nec
1831 2752 1987 2807 auris

305 2845 528 2902 auditu
556 2845 748 2917 (Eccle.
781 2862 818 2911 1,
852 2844 929 2915 8).
963 2841 1075 2908 Qui
1107 2840 1296 2914 diligit
1318 2848 1650 2917 argentum,
1676 2858 1793 2896 non
1817 2840 1987 2896 satia-

293 2981 300 2986 .
325 2941 433 2990 tur
461 2938 716 3007 argento.
745 2931 952 2990 Nullus
987 2929 1126 2985 finis
1150 2928 1388 2999 laboris,
1424 2936 1480 2988 et
1512 2931 1717 2988 nullus
1747 2933 1837 2985 est
1867 2928 1985 2983 fru-

325 3027 464 3080 ctus
495 3021 884 3078 abundantiae.
918 3018 1204 3091 Cupimus
1229 3021 1490 3091 quotidie
1535 3019 1685 3078 scire
1717 3033 1898 3087 nova;
1932 3021 1989 3074 et

325 3111 476 3186 quid
522 3114 611 3167 est
633 3110 762 3183 ipsa
781 3108 1047 3172 scientia,
1080 3107 1193 3162 nisi
1214 3109 1539 3180 quotidiani
1571 3107 1794 3164 doloris
1825 3106 1982 3177 abje-
2014 3095 2056 3160 C

322 3200 486 3256 ctio?
507 3199 706 3254 Omnia
743 3214 867 3270 quae
908 3200 1039 3252 sunt
1057 3197 1180 3268 jam
1207 3199 1456 3267 fuerunt,
1487 3207 1538 3254 et
1565 3198 1716 3254 nihil
1746 3196 1846 3252 sub
1872 3196 1984 3252 sole

306 3293 414 3347 -est
461 3304 680 3356 novum,
734 3287 825 3343 sed
875 3287 1063 3343 omnia
1118 3287 1350 3341 vanitas.
1411 3289 1593 3343 Totam
1637 3288 1814 3342 vitam
1865 3285 1986 3341 odio

322 3379 499 3434 habui
546 3377 751 3449 (Eccle.
801 3393 838 3444 I,
883 3378 935 3444 0,
983 3375 1091 3435 40,·
1139 3391 1197 3439 n,
1246 3375 1359 3443 l7),
1394 3376 1540 3431 dixit
1576 3373 1983 3432 Ecclesiastes.

325 3467 443 3534 Qui
471 3465 650 3521 vitam
680 3465 811 3521 odio
833 3463 1064 3532 habuit,
1093 3467 1340 3518 mortem
1388 3466 1594 3537 utique
1627 3461 1980 3537 praedicavit.

330 3556 594 3626 Denique
627 3558 890 3609 mortuos
938 3551 1199 3607 laudavit
1244 3552 1431 3626 magis
1481 3571 1660 3626 quam
1689 3551 1982 3620 viventes;

331 3649 393 3699 et
429 3643 590 3698 illum
613 3641 900 3715 judicavit
933 3640 1192 3710 beatum,
1227 3641 1327 3711 qui
1369 3641 1428 3696 in
1460 3642 1612 3698 hanc
1661 3641 1837 3696 vitam
1869 3656 1983 3696 non

330 3733 520 3798 venit,
569 3748 673 3787 nec
715 3729 953 3785 inanem
1002 3728 1160 3782 hunc
1213 3729 1473 3802 suscepit
1499 3730 1760 3786 laborem
1789 3729 1982 3796 (Eccle.

331 3839 426 3886 ιν,
455 3822 532 3891 2).
577 3820 858 3885 Circuivit,
906 3817 1120 3889 inquit,
1166 3832 1257 3872 cor
1282 3834 1464 3874 meum
1511 3823 1573 3875 ut
1600 3820 1798 3875 scirem
1826 3818 1988 3889 impii

327 3911 588 3966 laetitiam
629 3909 766 3981 (19),
797 3911 850 3963 et
898 3906 1319 3973 considerarem,
1351 3915 1403 3963 et
1439 3924 1739 3980 quaererem
1765 3907 1983 3978 sapien-

323 4003 492 4067 tia-m,
526 4007 573 4054 et
602 4013 913 4065 numerum,
949 4004 1000 4051 et
1031 3998 1088 4050 ut
1117 3997 1314 4051 scirem
1355 4013 1458 4068 per
1505 3998 1799 4072 imperium
1839 3997 1984 4053 laeti-

325 4091 492 4152 tiam,
525 4096 572 4143 et
601 4087 928 4152 molestiam,
957 4089 1007 4141 et
1027 4085 1401 4156 jactationem,
1434 4090 1483 4142 et
1522 4089 1712 4144 inveni
1741 4101 1836 4155 ego
1863 4100 1984 4140 eam

324 4179 685 4243 amariorem,
731 4192 896 4247 quam
945 4176 1174 4230 mortem
1204 4174 1411 4243 (Eccle.
1457 4191 1559 4244 vn,
1590 4177 1680 4242 26,
1712 4174 1837 4246 27):
1867 4191 1980 4231 non

325 4265 476 4339 quia
505 4282 702 4322 amara
718 4265 796 4321 sit
827 4279 1004 4326 mors,
1034 4263 1134 4319 sed
1166 4263 1303 4334 quia
1329 4262 1509 4336 impio
1540 4280 1736 4321 amara
1765 4282 1779 4332 ;
1808 4267 1865 4318 et
1898 4267 1978 4320 ta-

324 4369 470 4412 men
503 4355 754 4410 amarior
780 4354 919 4419 vita,
952 4368 1131 4425 quam
1190 4345 1382 4407 mors.
1423 4353 1668 4411 Gravius
1709 4356 1797 4409 est
1823 4353 1978 4408 enim

324 4444 407 4502 ad
443 4447 744 4516 peccatum
796 4442 1007 4513 vivere,
1057 4457 1236 4513 quam
1267 4441 1326 4496 in
1359 4447 1592 4514 peccato
1628 4442 1808 4511 mori;
1843 4443 1982 4514 quia
2009 4464 2056 4529 D

325 4531 556 4604 impius
604 4531 866 4604 quandiu
915 4530 1074 4597 vivit,
1106 4533 1409 4602 peccatum
1441 4535 1651 4604 auget:
1686 4531 1734 4587 si
1772 4531 1981 4588 moria-

323 4626 454 4686 tur,
487 4637 720 4692 peccare
751 4619 983 4676 desinit.

405 4709 498 4765 29.
550 4709 817 4782 Plerique
859 4707 1178 4764 criminum
1210 4724 1452 4764 suorum
1485 4709 1854 4766 absolutione
1882 4709 1978 4765 1&3-

323 4802 552 4855 tantur.
587 4797 644 4854 Si
666 4796 1031 4854 emendaturi
1064 4802 1221 4862 sunt,
1250 4801 1402 4853 recte
1431 4814 1443 4853 :
1478 4798 1528 4854 si
1559 4799 1979 4871 perseveraturi

322 4889 392 4943 in
431 4886 533 4953 eis,
568 4886 779 4954 stulte;
815 4887 954 4958 quia
982 4885 1153 4956 longe
1183 4883 1300 4940 illis
1332 4884 1466 4957 plus
1515 4887 1812 4943 damnatio
1843 4904 1978 4959 pro-

320 4974 641 5045 fuisset,ne
663 4974 1024 5031 incrementa
1042 4973 1298 5029 facerent
1327 4979 1717 5046 peccatorum.
1753 4976 1832 5032 De
1865 4993 1978 5048 quo

408 5116 522 5191 (i_8)
553 5117 739 5174 Codex
788 5117 916 5174 Alb.
974 5115 1162 5185 alter.,
1195 5117 1327 5186 Quae
1375 5119 1555 5173 utitur
1581 5135 1801 5191 corpore
1831 5121 1889 5174 in
1919 5136 1978 5177 eo

322 5189 493 5264 quod
504 5191 628 5264 usui
643 5197 737 5245 est.

405 5259 521 5343 (19)
569 5261 653 5343 ita
704 5277 908 5343 omlnes
959 5275 1100 5343 mss.
1153 5261 1327 5332 atque
1355 5259 1496 5343 edit.
1537 5265 1775 5333 excepta
1806 5262 1970 5343 Rom.

322 5330 437 5388 ubi
472 5330 705 5402 legitur,
752 5335 811 5386 ut
857 5330 1278 5398 considerarent,
1330 5339 1382 5386 et
1429 5330 1729 5402 quarerem
1757 5335 1974 5402 sapien-

322 5406 493 5471 tiam,
525 5407 577 5458 et
620 5419 934 5470 numerum,
982 5405 1034 5456 et
1079 5403 1276 5457 scirem
1304 5403 1466 5471 impii
1502 5404 1776 5460 (matiam.
1812 5403 1974 5469 Quod

323 5465 580 5549 quidem
591 5544 602 5549 _
625 5474 866 5549 propius
916 5465 1139 5549 accedit
1167 5473 1255 5549 ad
1284 5465 1442 5549 LXX,
1476 5491 1508 5530 a
1539 5475 1752 5549 quibus
1783 5465 1974 5549 tamen

325 5543 474 5612 éum
508 5543 659 5622 aliis,
692 5543 751 5606 et
777 5561 920 5606 mss.
973 5545 1266 5627 discrepat
1293 5543 1354 5606 in
1377 5560 1534 5624 voce,
1552 5543 1821 5608 laetitiam
1839 5564 1861 5616 ;
1891 5547 1974 5611 sic

2074 448 2262 502 solum
2294 448 2334 501 ii
2364 447 2465 519 qui
2497 447 2783 520 ﬂagitiosa
2811 459 3010 527 agunt,
3046 457 3146 511 sed
3181 456 3359 512 etiam
3392 456 3490 528 qui
3522 474 3588 513 ea
3619 475 3720 530 ap-

2073 537 2342 607 probant,
2379 535 2543 608 digni
2570 543 2752 596 morte
2775 548 2912 598 sunt
2934 545 3103 614 (Rom.
3141 563 3174 613 ι,
3207 546 3334 617 32):
3369 546 3471 600 sed
3503 550 3558 600 et
3589 545 3720 602 illos

2074 625 2171 696 qui
2207 624 2347 681 talia
2370 625 2766 683 condemnant
2795 629 2853 685 in
2886 631 3017 687 aliis
3045 633 3240 705 qualia
3258 632 3371 705 ipsi
3391 637 3595 706 agunt,
3630 633 3719 688 in-

2073 713 2438 769 excusabiles
2483 712 2707 782 haberi,
2741 721 2804 772 ut
2855 723 2913 775 et
2957 738 3065 777 sua
3093 721 3402 776 damnatos
3433 723 3723 778 sententia

2075 800 2250 872 (Rom.
2286 819 2346 867 n,
2389 801 2460 872 1).
2493 801 2637 858 Cum
2668 805 2821 861 enim
2841 807 2985 865 alios
3030 810 3440 878 condemnant,
3468 826 3530 866 se
3561 810 3722 883 ipsos

2074 890 2493 946 condemnant.
2529 889 2642 946 Nec
2687 893 2794 949 sibi
2848 911 2946 952 eos
2977 896 3226 953 blandiri
3265 901 3550 968 oportere,
3583 898 3726 970 quia

2073 994 2383 1050 prunarum
2407 978 2481 1033 ad
2513 981 2747 1054 tempus
2796 983 3089 1040 immunes
3120 985 3405 1053 videntur,
3440 989 3498 1041 et
3525 1002 3722 1041 exsor-

2074 1071 2163 1122 tes
2187 1072 2408 1134 reatus,
2444 1082 2577 1122 cum
2609 1071 2900 1142 graviores
2924 1091 3123 1146 poenas
3147 1074 3298 1128 intra
3314 1090 3377 1129 se
3397 1073 3562 1129 luant
3585 1074 3722 1146 (20),

2073 1159 2130 1210 et
2159 1156 2272 1211 sibi
2304 1154 2387 1210 rei
2422 1155 2560 1224 sint,
2595 1160 2693 1230 qui
2728 1160 2861 1215 aliis
2893 1179 3004 1218 non
3039 1162 3330 1229 videntur,
3363 1166 3537 1233 atque
3568 1161 3626 1217 in
3663 1178 3727 1217 se

2074 1242 2454 1315 intorqueant
2518 1247 2838 1317 graviorem
2906 1250 3272 1306 conscientiae
3349 1249 3723 1316 sententiam,

2075 1348 2205 1386 cum
2238 1332 2311 1387 de
2339 1330 2586 1389 aliorum
2619 1336 2867 1406 peccatis
2893 1336 3301 1407 judicant.Sed
3334 1335 3474 1405 noli,
3500 1338 3724 1410 inquit,

2075 1419 2230 1490 (Ibid.
2296 1421 2372 1486 4),
2414 1436 2446 1472 o
2498 1420 2692 1488 homo,
2743 1424 2948 1479 divinae
2994 1425 3269 1480 bonitatis
3320 1429 3376 1481 et
3434 1426 3727 1498 patientiae

2075 1507 2388 1562 thesauros
2433 1514 2840 1579 contemnere;
2896 1512 3122 1568 bonitas
3176 1514 3331 1568 enim
3366 1513 3468 1569 Dei
3501 1516 3571 1570 ad
3604 1532 3727 1588 poe-

2077 1593 2391 1650 nitentiam
2438 1601 2492 1651 te
2546 1604 2839 1670 provocat,
2893 1601 2962 1655 ad
3015 1601 3431 1658 correctionem
3480 1603 3726 1659 invitat:

2079 1681 2302 1737 duritia
2331 1688 2524 1740 autem
2577 1691 2694 1753 tua,
2744 1704 2860 1758 qua
2901 1689 2957 1742 in
2989 1690 3202 1745 erroris
3250 1690 3568 1760 pertinacia
3598 1709 3731 1764 per-

2085 1771 2537 1835 severas,futuri
2553 1774 2763 1846 judicii
2784 1780 2959 1849 auget
2975 1777 3363 1846 severitatem,
3395 1783 3462 1834 ut
3492 1779 3734 1852 dignam

2086 1855 2534 1917 retributionem
2567 1867 2801 1919 tuorum
2835 1865 3084 1936 accipias
3116 1865 3481 1923 delictorum.

2165 1946 2256 2002 30.
2307 1947 2429 2004 Non
2484 1950 2661 2024 igitur
2707 1969 2865 2008 mors
2898 1954 3137 2009 malum.
3173 1955 3319 2014 Nam
3361 1973 3549 2029 neque
3577 1959 3734 2032 apud

2087 2035 2352 2094 viventes
2400 2055 2556 2096 mors
2605 2045 2711 2110 est,
2764 2059 2952 2114 neque
3001 2045 3153 2114 apud
3203 2045 3543 2104 defunctos:
3581 2050 3736 2121 apud

2091 2123 2240 2182 alios
2260 2128 2414 2183 enim
2435 2146 2550 2184 non
2581 2134 2690 2195 est,
2726 2131 2864 2203 quia
2885 2131 3073 2187 adhuc
3104 2133 3320 2203 vivunt,
3355 2135 3453 2190 alii
3485 2137 3738 2193 transie-

2090 2219 2250 2270 runt.
2285 2217 2486 2289 Itaque
2539 2235 2728 2292 neque
2758 2221 2911 2292 apud
2961 2237 3060 2277 eos
3111 2239 3309 2278 amara
3353 2230 3440 2280 est
3471 2227 3602 2296 (2i),
3636 2227 3740 2300 qui

2091 2319 2221 2359 eam
2253 2305 2444 2362 adhuc
2476 2307 2767 2375 nesciunt,
2800 2309 2906 2364 hoc
2953 2310 3078 2382 ipso
3128 2313 3267 2383 quia
3300 2315 3604 2384 nesciunt;
3640 2333 3743 2374 no-

2092 2408 2205 2463 que
2245 2396 2396 2466 apud
2432 2412 2532 2452 eos
2564 2396 2664 2468 qui
2710 2398 2836 2468 jam
2886 2403 2943 2453 et
2986 2401 3307 2456 secundum
3349 2419 3558 2475 corpus
3591 2406 3740 2463 nihil

2093 2481 2374 2549 sentiunt,
2408 2489 2466 2540 et
2489 2486 2816 2541 secundum
2851 2487 3106 2543 animam
3140 2488 3371 2548 liberati
3397 2499 3556 2549 sunt.

2628 2575 2781 2630 403
2809 2576 3040 2632 CAPUT
3062 2576 3204 2633 VIII.

2094 2657 2246 2743 Niliil
2291 2662 2516 2743 terroris
2571 2662 2771 2743 habere
2822 2665 2994 2736 ipsam
3049 2670 3297 2743 mortem,
3359 2669 3450 2726 sed
3491 2674 3744 2743 opionem

2165 2729 2230 2813 de
2257 2736 2432 2813 morte
2476 2735 2679 2813 terrori
2722 2729 2873 2813 esse}
2916 2751 3041 2808 quae
3089 2729 3304 2808 quidem
3345 2729 3532 2813 opinio
3557 2745 3628 2799 ad
3661 2729 3742 2802 ei?

2167 2809 2279 2874 tam.
2312 2804 2598 2873 referenda
2641 2813 2738 2859 est.
2798 2804 2938 2862 Duas
2979 2804 3170 2864 causas
3199 2826 3312 2866 esse
3340 2804 3437 2868 cur
3466 2831 3612 2870 mors
3643 2817 3742 2874 ha-

2167 2871 2679 2950 beatur-terribilis,
2709 2877 2902 2947 quibus
2946 2881 3219 2950 refutatis,
3272 2901 3418 2939 mors
3457 2891 3626 2943 vartis
3661 2871 3746 2944 te-

2165 2945 2462 3070 Etimtoniis,
2511 2946 2605 3001 sed
2647 2945 2956 3017 praesertim
3002 2945 3063 3006 Β.
3118 2945 3212 3008 Job
3244 2958 3564 3014 auctoritate
3591 2977 3745 3032 prce-

2203 3031 2286 3070 ica
2315 3033 2400 3070 ur.

2203 3031 2400 3071 teat-ur.

2167 3101 2253 3158 3i.
2289 3105 2451 3170 Quod
2501 3104 2551 3159 si
2601 3107 2877 3164 terribilis
2921 3110 3074 3181 apud
3106 3111 3364 3170 viventes
3395 3117 3742 3192 aestimatur,

2095 3207 2210 3246 non
2243 3209 2401 3248 mors
2450 3193 2579 3264 ipsa
2620 3197 2897 3254 terribilis
2927 3203 3033 3267 est,
3066 3201 3164 3255 sed
3205 3204 3402 3275 opinio
3429 3205 3499 3260 de
3533 3214 3744 3278 morte,

2073 3295 2272 3351 quam
2323 3282 2730 3354 unusquisque
2761 3303 2864 3357 pro
2897 3304 3002 3343 suo
3050 3289 3472 3366 interpretatur
3503 3297 3742 3370 affectu,

2095 3373 2196 3422 aut
2247 3385 2350 3457 pro
2402 3385 2510 3423 sua
2559 3373 2916 3431 conscientia
2945 3377 3354 3446 perhorrescit.
3404 3383 3530 3438 Sua:
3561 3384 3745 3457 igitur

2095 3456 2502 3530 unusquisque
2533 3461 2899 3517 conscientiae
2918 3464 3131 3523 vulnus
3154 3476 3404 3539 accuset,
3440 3489 3552 3527 non
3588 3456 3742 3532 inor-

2093 3544 2169 3599 tis
2199 3545 2594 3601 acerbitatem.
2646 3548 2907 3622 Denique
2958 3552 3136 3621 justis
3187 3575 3344 3615 mors
3401 3561 3614 3631 quietis
3653 3570 3744 3622 est

2095 3636 2316 3704 portus,
2350 3635 2692 3692 nocentibus
2725 3640 3098 3712 naufragium
3155 3651 3415 3716 putatur.
3468 3650 3629 3707 Certe
3668 3654 3742 3710 iis

2094 3723 2312 3794 quibus
2341 3724 2530 3795 gravis
2551 3730 2640 3782 est
2660 3727 2837 3784 timor
2861 3730 3086 3801 mortis,
3121 3749 3235 3788 non
3261 3740 3348 3790 est
3374 3752 3544 3806 grave
3567 3743 3737 3811 mori,

2095 3810 2195 3866 sed
2227 3827 2398 3884 grave
2453 3817 2540 3868 est
2591 3813 2776 3871 vivere
2831 3817 2940 3872 sub
2987 3822 3140 3876 metu
3184 3823 3409 3878 mortis.
3445 3824 3567 3878 Non
3602 3810 3738 3900 ergo

2095 3917 2253 3956 mors
2281 3901 2494 3973 gravis,
2523 3904 2622 3959 sed
2669 3909 2863 3960 metus
2895 3907 3120 3964 mortis.
3170 3909 3358 3965 Metus
3389 3917 3580 3969 autem
3613 3916 3737 3988 cpi-

2094 3989 2286 4045 nionis
2316 3996 2449 4046 est:
2509 3993 2704 4065 opinio
2751 4010 2883 4050 vero
2927 4001 3138 4053 nostris
3184 3998 3564 4070 infirmitatis,
3599 4019 3735 4059 con-

2091 4079 2271 4134 traria
2294 4079 2543 4135 veritati.
2579 4081 2724 4138 Nam
2759 4100 2858 4155 per
2886 4085 3189 4142 veritatem
3238 4087 3443 4156 virtus,
3479 4107 3580 4163 per
3608 4093 3736 4164 opi-

2093 4167 2326 4224 nionem
2377 4167 2710 4225 infirmitas.
2746 4170 2952 4242 Opinio
3008 4178 3204 4229 autem
3236 4191 3349 4230 non
3387 4177 3590 4234 mortis
3620 4180 3736 4234 uti-

2091 4274 2224 4330 que,
2258 4257 2358 4313 sed
2383 4259 2510 4313 vitae
2541 4263 2648 4313 est.
2702 4260 2846 4332 Ergo
2874 4258 3018 4314 illud
3051 4278 3226 4334 grave
3254 4263 3382 4319 vita:
3426 4267 3614 4339 magis
3646 4268 3737 4325 in-

2089 4347 2318 4402 venitur
2347 4362 2494 4402 esse.
2530 4347 2737 4418 Liquet
2765 4347 2943 4420 igitur
2974 4350 3113 4420 quia
3142 4353 3350 4408 mortis
3383 4359 3574 4411 metus
3619 4375 3733 4414 non

2089 4437 2160 4492 ad
2194 4439 2437 4491 mortem
2462 4437 2798 4492 referendus
2829 4441 2935 4503 est,
2967 4440 3068 4494 sed
3093 4441 3163 4494 ad
3186 4443 3386 4499 vitam.
3421 4444 3546 4500 Non
3578 4447 3734 4502 enim

2089 4525 2376 4581 habemus
2407 4526 2560 4597 quod
2611 4525 2670 4581 in
2704 4530 2886 4582 morte
2931 4531 3285 4600 metuamus,
3320 4531 3368 4587 si
3401 4533 3547 4589 nihil
3578 4537 3732 4606 quod

2088 4614 2414 4670 timendum
2460 4614 2536 4669 sit
2580 4614 2697 4670 vita
2748 4619 2946 4671 nostra
2990 4618 3303 4675 commisit.
3339 4621 3563 4677 Etenim
3594 4639 3732 4693 pru-

2089 4703 2364 4759 dentibus
2404 4702 2748 4759 delictorum
2780 4704 3067 4777 supplicia
3090 4709 3288 4763 terrori
3313 4715 3488 4765 sunt:
3522 4707 3730 4766 delicta

2091 4796 2284 4847 autem
2316 4809 2429 4847 non
2460 4797 2825 4848 mortuorum
2876 4799 3042 4851 actus
3070 4800 3228 4866 sunt,
3259 4800 3359 4852 sed
3390 4795 3726 4852 viventium.

2090 4881 2220 4935 Vita
2248 4881 2426 4953 igitur
2467 4882 2538 4937 ad
2586 4899 2690 4937 nos
2741 4883 3004 4950 refertur,
3039 4885 3206 4953 cujus
3246 4890 3411 4938 actus
3441 4885 3498 4938 in
3532 4890 3730 4942 nostra

2089 4974 2372 5042 potestate
2421 4975 2508 5026 est
2529 4989 2546 5025 :
2579 4987 2738 5026 mors
2770 4976 2966 5028 autem
2996 4971 3137 5027 nihil
3170 4973 3242 5026 ad
3275 4987 3417 5026 nos:
3455 4977 3544 5027 est
3572 4971 3727 5029 enim

2088 5111 2245 5169 enim
2305 5112 2412 5180 illi,
2443 5124 2526 5170 καὶ
2551 5123 2636 5170 τοῦ
2664 5123 2845 5182 γνῶναι
2872 5120 3073 5176 ἀσεϐοῦς
3100 5119 3406 5184 ἀφροσύνην,
3449 5115 3549 5169 sed
3582 5115 3727 5172 forte

2085 5184 2301 5240 lectum
2354 5191 2442 5240 est
2491 5185 2563 5239 ab
2626 5184 2930 5240 Ambrosio
2980 5192 3303 5255 εὑφροσύνην.
3369 5184 3447 5240 De
3503 5187 3726 5244 caeteris

2086 5256 2265 5311 huius
2300 5255 2405 5310 loci
2429 5255 2771 5310 differentiis
2803 5255 2894 5309 adi
2926 5255 3238 5310 Nobilium.

2158 5275 2163 5310 Ι
2197 5273 2265 5311 DS
2300 5273 2405 5310 lOCl
2429 5273 2771 5310 aluerenuls
2803 5273 2894 5309 8.01
2927 5273 3238 5310 momuum.

2158 5273 2271 5398 ('20)
2302 5325 2578 5382 Nonnulli
2623 5341 2786 5392 mss.,
2835 5342 2960 5380 cum
3012 5327 3234 5396 gravior
3277 5342 3362 5384 eos
3390 5344 3552 5400 paena
3579 5330 3736 5389 intra

2083 5416 2140 5456 se
2169 5400 2356 5454 laniet.

2155 5471 2267 5546 (21)
2322 5470 2536 5524 Omnes
2583 5467 2744 5537 edit.,
2790 5467 2935 5546 apud
2999 5485 3086 5528 eos
3133 5470 3283 5527 mala
3343 5475 3458 5538 est;
3522 5488 3726 5536 omnes

2084 5560 2244 5604 ms...
2273 5557 2466 5603 amara
2494 5547 2589 5600 εει.
