4012 6192
521 309 641 371 583

1979 308 2042 366 S.
2095 307 2469 368 AMBROSII
3726 314 3835 379 .564

524 439 820 513 separatio
863 420 1074 495 anima:
1122 441 1178 494 et
1226 437 1486 510 corporis
1521 456 1533 493 :
1586 438 1784 494 anima
1832 437 2176 508 absolvitur,
2205 440 2257 505 Α
2290 442 2389 492 cut
2419 438 2703 510 scriptum
2726 445 2850 495 est:
2884 442 2994 509 Ego
3042 439 3299 508 dormivi,
3333 445 3384 496 α
3433 444 3835 515 νεᾳαίσυένιιην-

519 527 1091 602 οοιριιεξιοεοινίἰυι.
1143 528 1277 594 Quae
1335 525 1676 592 absolvitur,
1706 527 1926 598 gaudet
1957 543 1970 582 ε
2006 526 2160 598 quod

517 616 826 675 resolvitur
857 618 915 672 in
950 622 1162 672 terram
1217 632 1409 680 suam,
1459 615 1605 671 nihil
1635 616 1850 671 sentit:
1884 617 2039 688 quod
2072 614 2157 670 ni-

515 706 600 764 hil
630 706 829 773 sentit,
862 704 1005 762 nihil
1038 705 1109 760 ad
1142 721 1248 760 nos
1286 706 1420 773 (22).

585 798 676 853 32.
710 798 929 853 Tamen
979 793 1029 849 si
1060 809 1217 849 mors
1268 792 1512 859 malum,
1566 795 1859 865 quomodo
1911 794 2157 865 juvenes

516 903 632 943 non
665 886 875 943 timent
896 882 1020 938 fieri
1051 897 1243 947 senes,
1274 899 1380 937 nec
1411 881 1721 937 ﬁnitimam
1755 883 1927 938 morti
1958 899 2157 938 veren-

514 981 611 1031 tur
638 978 864 1030 aetatem
897 990 910 1041 ;
945 970 1382 1043 patientiusque
1421 971 1617 1027 deﬁcit
1669 973 1765 1043 qui
1801 976 2158 1044 praesumpta

513 1068 698 1119 morte
722 1060 940 1125 deﬁcit,
970 1077 1148 1132 quam
1180 1060 1281 1131 qui
1314 1060 1633 1131 inopinata.
1662 1060 1763 1115 His
1796 1077 2025 1132 quoque
2057 1060 2156 1132 qui

511 1156 759 1213 mortem
805 1150 1027 1206 malum
1081 1154 1311 1221 putant,
1360 1154 1563 1221 aptum
1610 1166 1955 1221 responsum
2005 1150 2157 1204 arbi-

509 1248 653 1309 tror,
685 1240 823 1313 quia
853 1257 955 1312 per
976 1238 1153 1293 vitam
1200 1239 1273 1293 ad
1306 1241 1551 1293 mortem
1575 1243 1665 1294 est
1696 1238 2011 1293 transitus:
2055 1254 2157 1309 per

509 1335 752 1386 mortem
782 1334 976 1384 autem
1011 1329 1083 1382 ad
1116 1328 1292 1382 vitam
1344 1328 1584 1383 reditus.
1626 1327 1823 1398 Neque
1853 1327 2008 1381 enim
2041 1327 2152 1381 nisi

508 1420 608 1491 qui
637 1418 848 1474 mortui
885 1416 1118 1485 fuerint,
1153 1420 1399 1488 possunt
1448 1432 1769 1487 resurgere.
1808 1416 2154 1488 Insipientes

508 1513 706 1564 autem
739 1511 987 1563 mortem
1021 1506 1186 1577 quasi
1223 1522 1522 1559 summum
1570 1504 1856 1559 malorum
1890 1504 2152 1558 reformi-

507 1599 685 1654 dant:
720 1596 1013 1667 sapientes
1063 1594 1229 1666 quasi
1268 1593 1527 1665 requiem
1560 1598 1691 1665 post
1718 1592 1966 1661 labores,
1999 1598 2055 1649 et
2087 1593 2151 1646 ﬁ-

507 1702 642 1741 nem
673 1684 963 1739 malorum
996 1686 1294 1754 expetunt.

577 1774 665 1829 33.
700 1773 937 1827 Duabus
967 1778 1159 1825 autem
1193 1786 1260 1825 ex
1291 1771 1485 1825 causis
1509 1775 1755 1825 mortem
1804 1769 2149 1841 insipientes

505 1864 797 1918 verentur.
834 1860 978 1927 Una,
1013 1860 1166 1931 quod
1200 1876 1328 1914 eam
1356 1859 1658 1914 interitum
1706 1858 2033 1931 appellant:
2074 1858 2156 1912 in-

505 1949 711 2005 teritus
740 1955 937 2005 autem
969 1948 1227 2003 hominis
1258 1964 1388 2003 esse
1410 1965 1521 2002 non
1549 1951 1759 2020 potest,
1790 1963 1923 2002 cum
1955 1947 2154 2003 anima

507 2043 804 2111 superstes
833 2037 1060 2110 corpori
1100 2037 1195 2103 sit,
1230 2036 1386 2092 salvo
1418 2053 1483 2092 eo
1516 2037 1669 2108 quod
1713 2036 1910 2108 ipsum
1941 2040 2152 2107 corpus

505 2132 741 2184 maneat
761 2127 1128 2184 resurrectio.
1160 2126 1354 2182 Altera
1394 2130 1587 2181 autem
1612 2142 1809 2191 causa,
1844 2126 1999 2195 quod
2031 2141 2149 2196 po:-

505 2235 611 2273 nas
645 2216 1041 2281 reformident,
1077 2221 1379 2288 poetarum
1404 2214 1672 2270 videlicet
1701 2213 1916 2269 fabulis
1942 2213 2148 2278 territi,

504 2306 750 2363 latratus
786 2305 1039 2369 Cerberi,
1066 2308 1123 2360 et
1161 2305 1356 2376 Cocyti
1378 2304 1637 2359 fluminis
1656 2304 1881 2359 tristem
1930 2302 2152 2374 voragi-

398 2382 405 2393 ’
505 2412 662 2464 nem,
685 2395 1035 2451 Cbarontem
1060 2393 1375 2450 tristiorem
1400 2394 1535 2465 (23),
1561 2393 1867 2448 Furiarum
1890 2391 2147 2464 agmina,

504 2490 605 2540 aut
634 2488 928 2557 prterupta
956 2487 1195 2549 tartara,
1228 2482 1287 2537 in
1339 2482 1554 2553 quibus
1601 2482 1795 2555 Hydra
1824 2481 2026 2537 saevior
2054 2497 2148 2537 se-

506 2574 640 2630 dem
668 2573 917 2640 habeat;
968 2571 1115 2644 Tityi
1167 2587 1399 2644 quoque
1428 2572 1655 2627 viscera
1693 2570 2036 2642 reparandis
2067 2570 2147 2624 fe-

505 2662 697 2719 cunda
744 2661 1070 2734 suppliciis,
1124 2677 1250 2732 quas
1296 2660 1493 2717 vultur
1542 2660 1823 2715 immanis
1872 2660 1998 2715 sine
2031 2657 2147 2714 ullo

504 2753 619 2807 ﬁne
649 2752 1016 2824 depascitur;
1075 2749 1279 2805 Ixionii
1331 2767 1567 2822 quoque
1614 2749 1773 2804 orbis
1806 2753 2146 2821 perpetuam

503 2843 612 2896 sub
645 2858 825 2914 pmnaz
853 2839 1154 2895 atrocitate
1182 2837 1552 2910 vertiginem,
1586 2841 1712 2892 tum
1744 2837 1867 2891 saxi
1898 2838 2149 2908 desuper

478 2928 865 2999 imminentis
897 2943 1074 2998 super
1103 2925 1295 2998 capita
1319 2925 1733 2981 accubantium
1764 2925 1914 2980 inter
1942 2925 2147 2997 epulas

502 3016 937 3089 impendentem
974 3016 1226 3073 ruinam.
1261 3015 1423 3075 Λυσι
1453 3013 1581 3069 Haec
1614 3012 1785 3085 plena
1815 3018 1953 3070 sunt
1984 3014 2149 3069 fabu-

499 3105 825 3171 larum,nec
846 3108 1041 3159 tamen
1065 3102 1397 3175 negaverim
1444 3118 1645 3173 poenas
1676 3118 1803 3157 esse
1830 3106 1961 3173 post
1990 3118 2144 3157 mor-

2267 529 2431 587 rexi;
2461 530 2723 598 quoniam
2777 530 3037 585 Dominus
3087 531 3319 601 suscepit
3365 546 3446 586 me
3486 531 3643 601 (Psal.
3688 549 3754 599 111,
3775 535 3831 605 6).

2273 615 2464 671 Dulcis
2488 616 2666 689 igitur
2687 617 2854 690 quies
2874 618 3101 674 mortis.
3136 618 3390 691 Denique
3411 618 3668 677 Dominus
3694 622 3830 678 susci-

2268 708 2352 760 tat
2380 706 2767 777 quiescentes,
2803 707 2941 779 quia
2972 707 3256 763 Dominus
3285 712 3371 763 est
3398 709 3723 764 resurrectio.

2336 794 2425 849 35.
2462 793 2612 850 Illud
2646 812 2879 868 quoque
2918 795 3239 869 egregium,
3273 797 3423 868 quod
3452 796 3526 852 ait
3559 796 3834 870 Scriptura:

2266 885 2405 937 Ante
2450 893 2679 939 mortem
2710 900 2821 941 non
2868 886 3184 942 laudaveris
3238 903 3549 957 quemquam
3595 886 3752 957 (Ereti.
3777 905 3833 954 ιι,

2265 972 2375 1041 30).
2412 972 2827 1044 Unusquisque
2852 976 3011 1029 enim
3062 975 3119 1028 in
3168 974 3495 1030 novissimis
3539 975 3650 1037 suis
3676 992 3839 1047 cogno-
3893 1023 3902 1033 .

2266 1060 2466 1127 scitur,
2498 1067 2553 1115 et
2575 1062 2631 1115 in
2656 1061 2793 1117 filiis
2813 1063 2938 1117 suis
2959 1064 3299 1129 aestimatur,
3325 1063 3369 1117 si
3403 1060 3537 1118 bene
3565 1061 3697 1119 ﬁlios
3725 1080 3831 1121 suos

2264 1148 2537 1215 instituit,
2571 1153 2627 1204 et
2657 1149 2984 1221 disciplinis
3015 1151 3476 1222 competentibus
3504 1151 3745 1213 erudivit.
3770 1152 3837 1208 Si-

2263 1237 2498 1308 quidem
2531 1240 2599 1292 arl
2634 1238 3046 1311 negligentiam
3095 1241 3274 1311 patris
3322 1241 3556 1295 refertur
3586 1234 3836 1299 dissolutio

2263 1326 2536 1382 filiorum.
2598 1329 2748 1383 Tum
2799 1329 2938 1399 quia
2966 1329 3394 1400 unusquisque,
3444 1329 3682 1401 quandiu
3713 1330 3839 1399 vivit,

2261 1414 2547 1470 obnoxius
2575 1420 2664 1471 est
2694 1416 2905 1489 lapsui,
2939 1435 3043 1472 nec
3099 1426 3366 1475 senectus
3420 1419 3681 1473 immunis
3706 1434 3734 1472 a
3757 1418 3835 1473 cri-

2262 1504 2458 1571 mine;
2494 1496 2799 1575 ideoilegis
2849 1506 2991 1576 quia
3036 1506 3314 1563 Abraham
3364 1515 3598 1562 mortuus
3616 1508 3841 1562 estin»

2258 1602 2471 1649 nectute
2520 1594 2657 1649 bona
2702 1594 2851 1663 (Gen.
2908 1611 3036 1663 xxv,
3086 1597 3163 1667 8),
3217 1612 3284 1651 eo
3333 1596 3483 1667 quod
3530 1595 3587 1650 in
3638 1593 3841 1650 bonitate

2262 1682 2541 1754 propositi
2574 1684 2664 1737 sui
2699 1683 3039 1755 permansit.
3073 1684 3227 1739 Mors
3258 1685 3439 1756 igitur
3465 1683 3585 1738 vitae
3613 1689 3691 1743 est
3724 1683 3842 1738 testi-

2265 1770 2727 1845 moniumuNam
2761 1771 2810 1826 si
2852 1771 3079 1827 laudari
3111 1777 3243 1833 ante
3274 1774 3618 1845 gubernator
3643 1788 3741 1827 non
3766 1787 3841 1843 po-

2264 1862 2396 1928 test,
2430 1842 2606 1931 quani
2641 1860 2698 1914 in
2731 1865 2964 1931 portum
3012 1877 3215 1919 navem
3259 1842 3573 1927 deduxerit,
3607 1842 3841 1931 quomodo

2263 1947 2533 2003 laudabis
2562 1947 3233 2020 hominem,priusquam
3268 1949 3329 2004 in
3361 1948 3652 2005 stationem
3682 1946 3840 2007 mortis

2263 2036 2654 2092 successerit?
2678 2037 2744 2091 Et
2772 2037 2897 2109 ipse
2919 2037 3009 2093 sui
3026 2041 3114 2094 est
3134 2038 3507 2113 gubernator,
3536 2042 3591 2093 et
3616 2036 3724 2109 ipse
3745 2037 3841 2091 vita

2262 2124 2715 2196 bujusjactatur
2743 2125 3052 2196 profundo,
3087 2126 3352 2199 quandiu
3376 2127 3433 2181 in
3455 2124 3573 2181 salo
3601 2125 3717 2192 isto,
3742 2127 3845 2179 tan-

2260 2214 2361 2269 diu
2393 2214 2546 2269 inter
2576 2214 2899 2286 naufragia.
2934 2215 3060 2270 Dux
3088 2215 3213 2287 ipse
3245 2215 3362 2271 nisi
3401 2215 3644 2273 confecto
3689 2211 3839 2286 pretio

2259 2320 2375 2359 non
2423 2304 2607 2358 sumit
2651 2302 2931 2371 lauream,
2966 2320 3071 2359 nec
3102 2303 3277 2361 miles
3306 2320 3468 2361 arma
3507 2303 3734 2376 deponit,
3760 2315 3838 2356 nec

2258 2390 2533 2463 stipendii
2574 2392 2899 2448 mercedem
2958 2391 3327 2464 adipiscitur,
3376 2391 3487 2448 nisi
3531 2392 3682 2447 hoste
3708 2380 3837 2461 supe-

2258 2485 2402 2535 rato.
2437 2479 2592 2535 Mors
2621 2479 2804 2552 igitur
2834 2479 3261 2552 stipendiorum
3314 2480 3625 2553 plenitUdo,
3654 2491 3839 2535 summa

2259 2569 2565 2634 mercedis,
2597 2569 2785 2641 gratia
2815 2569 3115 2625 missionis
3146 2573 3235 2625 est
3264 2570 3400 2643 (24).

2328 2659 2417 2714 36.
2450 2661 2746 2723 Quantum
2770 2663 2967 2714 autem
2998 2658 3173 2715 morti
3196 2659 3359 2715 dedit
3380 2663 3610 2715 sanctus
3626 2656 3740 2722 Job,
3763 2652 3837 2726 qui

2258 2748 2437 2802 dixit:
2490 2748 2799 2802 Benedictio
2844 2747 3104 2803 morituri
3149 2749 3208 2802 in
3258 2764 3347 2804 me
3395 2749 3568 2803 veniat
3595 2746 3696 2818 (Job
3721 2759 3837 2809 xxix,

2259 2838 2345 2907 13)
2367 2838 2394 2891 ‘I
2416 2838 2561 2892 Nam
2584 2837 2692 2893 etsi
2716 2837 2876 2893 Isaac
2896 2836 3260 2893 benedixerit
3281 2838 3435 2894 filios
3454 2853 3586 2893 suos
3616 2834 3838 2895 moriens,

2254 2931 2310 2982 et
2355 2926 2534 2981 Jacob
2582 2925 2944 2982 benedixerit
2986 2926 3378 2998 patriarchas,
3419 2931 3607 2983 tamen
3650 2919 3840 2980 benedi-

2255 3015 2463 3072 ctionis
2482 3015 2644 3071 illius
2673 3015 2862 3088 gratia
2884 3018 3109 3087 poterat
3128 3013 3277 3071 solis
3299 3013 3735 3072 benedicentium
3753 3023 3839 3065 ms-

2255 3105 2384 3161 ritis
2432 3104 2721 3176 deputari,
2756 3102 2845 3159 vel
2876 3104 3075 3175 pietati
3123 3108 3401 3176 paternas.
3436 3104 3537 3160 Hic
3573 3118 3691 3159 vero
3715 3097 3837 3156 nulla

500 3201 640 3251 tem.
687 3194 798 3250 Sed
844 3193 984 3265 quid
1031 3192 1103 3246 ad
1138 3195 1385 3245 mortem
1417 3190 1473 3245 id
1527 3190 1680 3262 quod
1735 3194 1867 3263 post
1897 3194 2143 3246 mortem
2175 3178 2217 3247 C
2256 3192 2635 3266 praerogativa
2666 3191 3005 3248 meritorum
3053 3197 3164 3262 est,
3193 3193 3363 3249 nulla
3389 3192 3630 3266 pietatis,
3658 3179 3837 3246 δεῖευ-

499 3283 631 3340 est?
659 3283 718 3338 Si
750 3286 946 3337 autem
977 3296 1104 3352 quas
1151 3283 1284 3351 post
1332 3283 1577 3334 mortem
1626 3284 1783 3346 sunt,
1818 3280 2145 3335 referantur

502 3373 574 3427 ad
606 3376 876 3440 mortem,
908 3369 1111 3425 eadem
1137 3368 1313 3423 etiam
1336 3384 1462 3440 quae
1493 3372 1623 3439 post
1653 3369 1828 3424 vitam
1862 3373 2019 3437 sunt,
2054 3386 2143 3425 re-

501 3460 762 3516 ferantur
783 3459 853 3514 ad
897 3458 1096 3513 vitam.
1128 3456 1297 3512 Nulla
1325 3472 1462 3529 ergo
1500 3461 1674 3513 erunt
1701 3458 1992 3529 supplicia
2017 3474 2143 3530 qua:

500 3547 829 3604 referantur
877 3548 948 3602 ad
996 3550 1261 3602 mortem.
1298 3546 1451 3602 Mors
1481 3546 1660 3613 enim,
1693 3551 1758 3601 ut
1787 3564 1967 3619 supra
1996 3547 2145 3602 dixi-

502 3654 635 3692 mus
682 3638 833 3709 (cap.
868 3636 944 3707 4),
995 3634 1283 3691 absolutio
1332 3641 1420 3691 est
1448 3639 1504 3691 et
1533 3636 1821 3707 separatio
1853 3636 2063 3691 animas
2090 3640 2147 3692 et

499 3725 796 3797 corporis:
833 3741 949 3779 non
1006 3728 1095 3779 est
1124 3728 1320 3780 autem
1369 3722 1523 3778 mala
1552 3722 1801 3790 solutio;
1836 3724 1975 3795 quia
2025 3725 2145 3780 dis-

499 3814 642 3869 solvi
676 3818 892 3869 etesse
921 3830 1055 3869 cum
1105 3812 1334 3868 Christo
1375 3811 1560 3869 multo
1613 3811 1823 3868 melius
1871 3813 2144 3884 (Philipp.

500 3921 539 3971 1,
572 3904 682 3974 23).
735 3904 859 3959 Non
914 3902 1094 3975 igitur
1124 3902 1277 3957 mala
1323 3917 1501 3957 mors.
1541 3902 1795 3973 Denique
1827 3918 1985 3956 mors
2015 3918 2146 3974 pec-

500 3996 763 4050 catorum
796 3992 1072 4065 pessima.
1106 3991 1229 4045 Non
1263 3991 1466 4061 utique
1497 4006 1655 4045 mors
1684 3989 1942 4062 pessima
1972 4006 2145 4062 gene-

501 4080 736 4138 raliter:
771 4081 872 4137 sed
906 4079 1163 4152 pessima
1206 4078 1536 4151 specialiter
1573 4082 1943 4151 peccatorum
1976 4080 2145 4150 (Psal.

501 4188 700 4238 xxxm,
730 4169 835 4225 22’.
869 4169 1129 4241 Denique
1181 4168 1435 4240 pretiosa
1478 4169 1781 4239 justorum
1817 4169 1984 4241 (Psat.
2019 4185 2146 4235 cxv,

503 4262 611 4333 15).
647 4259 808 4315 Unde
852 4258 1037 4331 liquet
1083 4257 1459 4314 acerbitatem
1491 4274 1605 4314 non
1638 4258 1845 4314 mortis
1865 4275 2014 4325 esse,
2046 4258 2147 4315 sed

502 4350 705 4420 culpas.

572 4438 667 4493 34.
708 4436 969 4492 Pulchrae
1000 4441 1194 4493 autem
1226 4436 1406 4493 Graeci
1437 4455 1471 4492 a
1492 4438 1607 4493 line
1628 4440 1874 4493 mortem
1899 4436 2151 4509 appella-

2252 3281 2368 3338 lius
2399 3281 2604 3337 mortis
2634 3280 3000 3353 privilegium
3026 3297 3039 3336 :
3073 3297 3207 3339 cum
3261 3281 3580 3339 benedictio
3605 3280 3838 3350 cujusque

2253 3370 2521 3427 morituri
2551 3374 2780 3425 tantum
2810 3370 3043 3426 virtutis
3089 3370 3327 3439 habeat,
3370 3375 3435 3427 ut
3459 3385 3583 3426 eam
3610 3368 3709 3424 sibi
3733 3380 3837 3420 san-

2253 3464 2383 3515 ctus
2429 3458 2717 3531 Propheta
2763 3460 3070 3531 optaverit.
3121 3462 3199 3514 Ac
3248 3476 3358 3532 per
3400 3460 3509 3515 hoc
3569 3456 3840 3529 cogitemus

2254 3564 2485 3620 semper
2512 3547 2669 3603 hunc
2696 3547 3072 3616 versiculum,
3104 3552 3161 3603 et
3189 3549 3369 3605 corde
3399 3552 3698 3604 teneamus.

2324 3638 2413 3693 37.
2448 3638 2509 3693 Si
2558 3653 2735 3709 quem
2781 3636 3105 3692 viderimus
3153 3654 3477 3711 pauperem
3524 3633 3844 3700 moriturum,

2256 3730 2499 3799 sumptu
2533 3727 2812 3798 juvemus
2836 3744 2849 3791 ;
2884 3730 2941 3781 et
2969 3726 3126 3781 dicat
3152 3727 3564 3799 unusquisque
3590 3727 3843 3780 nostrum:

2256 3816 2566 3873 Benedictio
2613 3816 2875 3873 morituri
2919 3817 2978 3870 in
3025 3831 3114 3870 me
3142 3819 3349 3873 veniat.
3402 3818 3461 3873 Si
3491 3831 3652 3889 quem
3677 3806 3847 3865 videri-

2255 3923 2390 3963 mus
2419 3904 2693 3973 debilem,
2743 3921 2858 3959 non
2907 3905 3249 3961 deseramus
3278 3923 3291 3961 :
3326 3908 3374 3963 si
3424 3921 3590 3978 quem
3618 3903 3671 3958 in
3697 3902 3848 3956 extre-

2257 3995 2371 4051 mis
2402 3994 2681 4067 positum,
2731 4010 2846 4049 non
2879 3992 3327 4065 relinquamus:
3361 3998 3616 4052 occurrat
3640 3994 3691 4047 et
3714 3984 3848 4043 nobis

2257 4085 2486 4140 dicere:
2537 4082 2689 4141 ωδ
2758 4083 3068 4139 Benedictio
3131 4087 3401 4140 morituri
3463 4086 3519 4140 in
3563 4098 3644 4137 me
3683 4077 3847 4134 veniat.

2256 4173 2477 4229 Laudet
2498 4177 2554 4227 et
2574 4177 2629 4228 te
2649 4171 3083 4243 uniusquisque
3114 4173 3463 4240 moriturus,
3494 4167 3850 4241 unusquisque

2257 4261 2560 4335 depositus
2607 4277 2724 4317 aavo
2771 4262 2908 4332 (25),
2957 4261 3372 4335 unusquisque
3418 4261 3696 4319 confectus
3748 4249 3849 4307 vul-

2258 4367 2396 4408 nere
2424 4351 2605 4424 gravi,
2640 4350 3050 4423 unusquisque
3082 4351 3290 4407 morbo
3314 4352 3672 4422 absumptus,
3691 4344 3847 4413 etiam

2258 4438 2430 4496 morti
2461 4440 2785 4513 proximus.
2836 4439 2938 4494 Hic
2988 4439 3317 4497 versiculus
3358 4443 3604 4513 quantos
3629 4424 3851 4492 benediei

501 4529 744 4614 verunt;
774 4534 1015 4595 τελευτὴν
1046 4526 1201 4581 enim
1261 4531 1509 4583 mortem
1543 4526 1861 4599 appellant,
1896 4543 1962 4582 eo
1992 4527 2148 4598 quod
2179 4549 2227 4614 ι)
2258 4529 2426 4586 fecit!
2464 4529 2702 4595 Quoties
2752 4528 2896 4585 mihi
2946 4529 3230 4601 pudorem
3281 4530 3549 4596 incussit,
3582 4525 3627 4584 si
3654 4519 3852 4613 merita:

504 4615 639 4671 ﬁnis
670 4613 845 4670 istius
894 4616 1021 4670 vitae
1053 4616 1147 4671 sit.
1182 4616 1296 4671 Sed
1326 4616 1499 4671 etiam
1529 4632 1804 4672 somnum
1837 4615 2150 4689 Scriptura

504 4707 806 4776 nuncupat
839 4707 1109 4767 mortem,
1142 4704 1293 4759 sicut
1322 4709 1411 4759 est
1440 4703 1585 4759 illud
1617 4721 1629 4760 :
1665 4706 1907 4759 Lazarus
1937 4706 2150 4761 amicus

501 4784 686 4849 noster
714 4792 954 4855 dormit;
1011 4792 1105 4848 sed
1161 4792 1296 4848 vado
1326 4800 1385 4848 ut
1411 4795 1664 4849 suscitem
1704 4811 1833 4848 eum
1860 4795 2036 4865 (Joan.
2068 4812 2147 4861 x1,

502 4884 611 4955 11).
648 4883 905 4940 Somnus
937 4886 1131 4939 autem
1166 4882 1376 4949 bonus,
1412 4882 1689 4953 quoniam
1722 4884 1890 4954 quies
1929 4887 2038 4950 est,
2071 4884 2149 4939 si-

573 5063 688 5135 (22)
740 5062 892 5118 Edit.
925 5078 1177 5135 omnes,
1207 5066 1265 5135 et
1321 5078 1464 5118 mss.
1518 5061 1760 5135 aliquot,
1804 5063 1954 5119 nihil
1983 5080 2149 5135 agno-

502 5135 621 5189 scit.
647 5133 756 5188 Sed
789 5151 995 5189 novem
1028 5133 1183 5193 haud
1208 5133 1423 5187 inﬁmae
1457 5133 1629 5202 notae,
1648 5134 1792 5189 nihil
1824 5135 1893 5189 ad
1922 5133 2039 5191 nos.

573 5204 689 5275 ('23)
738 5205 952 5261 Omnes
997 5205 1161 5268 edit.,
1212 5206 1447 5259 latratus
1497 5207 1651 5260 canis
1686 5207 1998 5276 infernalis
2029 5205 2153 5260 Cer-

508 5275 688 5349 beri...
722 5284 772 5330 et
825 5286 1061 5333 nautam
1117 5278 1335 5349 inferni
1386 5279 1617 5348 gurgitis
1661 5275 2001 5349 Charontem.
2036 5278 2149 5332 Sed

507 5344 626 5399 haec
655 5349 847 5413 verba,
879 5344 1399 5420 contain/eruatis,
1422 5344 1554 5416 etc.,
1584 5365 1714 5420 quas
1748 5348 2094 5420 rescidimus
2120 5366 2151 5404 e

505 5419 881 5491 textu,neque
912 5419 969 5472 in
1027 5419 1151 5475 Vat.
1178 5435 1376 5491 neque
1404 5420 1464 5474 in
1496 5419 1642 5475 Gall.
1673 5436 1815 5475 mss.
1852 5419 2150 5491 reperiunt

506 5491 627 5552 tur,
660 5486 918 5567 satisque
950 5490 1247 5567 probabile
1281 5486 1371 5567 est
1420 5508 1519 5567 ex_
1545 5491 1795 5567 alicujus
1818 5486 2035 5567 glossa
2062 5489 2150 5567 vel

507 5560 793 5640 margine,
818 5560 915 5616 ubi
936 5560 1342 5642 explicationis
1372 5562 1561 5638 gratia
1589 5560 1780 5639 posita
1810 5560 2060 5633 luerent,
2091 5563 2151 5620 in

506 5644 719 5708 corpus
748 5643 1073 5707 irrepsisse.

2259 4635 2390 4674 rum
2440 4617 2714 4690 praeterii,
2767 4617 2816 4673 si
2847 4634 2962 4673 non
3007 4617 3234 4675 visitavi
3285 4619 3537 4691 graviter
3574 4602 3852 4687 ωεΐυωιδί

2260 4707 2514 4767 tastidivi
2538 4707 2795 4779 inopem,
2828 4707 2877 4763 si
2900 4706 3193 4778 captivum
3220 4724 3337 4764 non
3369 4706 3604 4772 redemi,
3628 4703 3672 4758 si
3692 4707 3853 4758 senem

2260 4796 2485 4870 sprevil
2522 4795 2611 4852 Sit
2655 4811 2793 4868 ergo
2841 4795 2901 4850 in
2932 4797 3106 4851 corde
3152 4796 3207 4851 id
3259 4812 3514 4870 semper,
3544 4799 3608 4850 ut
3641 4782 3857 4848 stimulet

2260 4886 2545 4953 duriores,
2597 4888 2663 4939 ut
2709 4884 3022 4940 admoneat
3065 4886 3479 4957 promptiores.
3531 4874 3855 4939 Resonentte

2330 5063 2440 5135 (24)
2474 5062 2569 5119 Sic
2599 5079 2802 5118 omnes
2825 5063 2964 5118 edit.
2987 5062 3244 5135 etpauci
3277 5079 3422 5119 mss.
3456 5062 3516 5117 In
3545 5059 3669 5116 aliis
3693 5056 3853 5131 autem

2261 5140 2349 5210 est
2376 5134 2574 5206 aliqua
2603 5134 2930 5210 diversitas.
2964 5134 3215 5210 Quidam,
3240 5135 3421 5210 enim,
3452 5136 3644 5210 gratia,
3692 5136 3853 5210 ζσζηιξ

2257 5208 2339 5262 sio
2383 5197 2494 5276 est;
2534 5207 2794 5277 quidam,
2846 5197 3027 5277 gratia
3076 5197 3418 5261 remissionis
3454 5197 3566 5269 'est,
3631 5197 3853 5277 quidam.

2258 5279 2439 5352 gratia
2464 5268 2815 5352 admissionis
2835 5268 2938 5352 est,
2974 5277 3509 5352 quidamdenique,
3530 5268 3857 5352 εἶναιῖςξοᾳγῇξ

2258 5336 2431 5404 ἓὶοηίδ
2460 5354 2559 5405 est.
2591 5349 2805 5404 Verum
2835 5336 2935 5420 hic
2959 5336 3030 5405 ad
3064 5336 3413 5404 missionem
3456 5336 3581 5420 qua:
3608 5336 3856 5399 militibus

2260 5419 2519 5476 emeritis
2544 5420 2813 5486 dabatur,
2845 5419 3051 5487 alludi,
3084 5424 3332 5476 constat.

2332 5491 2556 5622 (ἐφέξει
2602 5475 2895 5550 Ιααονιιὸοθ
2941 5475 3160 5550 videsis
3208 5475 3309 5547 lib.
3360 5508 3396 5549 v
3427 5489 3754 5547 Hexaem.c.
3782 5475 3856 5539 45,

2332 5581 2343 5621 ι
2416 5605 2428 5621 .
2539 5605 2552 5622 .

2262 5579 2428 5622 num.
2460 5579 2552 5622 DD.
