4012 6192
236 338 329 400 585

1418 337 1646 399 LIBER
1692 339 1793 399 DE
1837 338 2044 399 BONO
2089 334 2406 397 MORTIS.

3493 338 3615 400 586

238 475 508 545 postrema
554 468 729 527 verba
783 469 1072 536 morituri,
1132 475 1189 526 et
1254 469 1714 526 benedictionem
1771 469 1854 524 tui
1886 469 1939 535 Α
1969 469 2050 524 ris
2073 469 2226 524 406
2247 468 2495 538 hujusin
2524 467 2693 524 bonis
2722 482 3183 534 esse,caveamus
3201 484 3272 525 ne
3289 469 3612 543 agglutine-

237 560 516 635 egrediens
547 575 786 634 corpore
816 559 1013 616 anima
1043 576 1242 617 secum
1276 559 1652 631 vehat.Eripe
1682 559 1858 614 etiam

233 667 345 707 eum
391 649 489 722 qui
545 649 617 704 ad
669 652 918 705 mortem
966 649 1222 716 ducitur,
1255 649 1354 722 qui
1385 649 1680 721 periturus
1712 652 1856 715 erat,

231 739 324 794 nisi
354 742 416 794 tu
444 738 840 806 subvenisses,
893 741 958 794 ut
1007 737 1168 794 dicas
1214 754 1226 793 :
1287 737 1594 795 Benedictio
1618 739 1860 809 perituri

228 829 396 884 veniat
427 827 486 882 in
513 842 617 883 me.

224 986 568 1060 Concluditur
595 988 791 1043 mortis
825 988 1025 1043 bonum
1052 1004 1121 1044 ea:
1148 989 1377 1044 interitu
1403 989 1647 1060 corporis
1675 990 1726 1044 et
1755 989 1858 1042 im-

280 1058 612 1130 mortalitate
641 1060 848 1130 anim
878 1076 896 1113 :
929 1075 1048 1130 quae
1069 1060 1456 1114 immortalitas
1485 1058 1861 1128 multi/ariam

281 1129 600 1187 ostenditur.
633 1129 736 1186 Cui
765 1129 988 1202 accedit,
1021 1131 1091 1185 ad
1133 1131 1455 1202 fugiendam
1501 1133 1744 1202 corporis
1774 1146 1857 1186 sos

278 1204 550 1266 eietatem,
578 1209 630 1257 et
655 1201 1084 1274 prosequendam
1109 1201 1316 1258 summi
1358 1204 1486 1258 boni
1532 1201 1862 1274 conjunctio-

278 1289 403 1328 nem
451 1272 784 1328 exhortatio.

277 1289 403 1328 nem
451 1275 784 1328 exhortatio.

277 1361 388 1432 38).
425 1360 564 1426 Quis
597 1360 777 1433 igitur
805 1359 1034 1416 dubitet
1063 1361 1134 1417 de
1163 1361 1315 1416 bono
1349 1361 1574 1427 mortis,
1619 1377 1748 1416 cum
1800 1360 1858 1414 id

214 1448 360 1522 quod
393 1449 747 1522 inquietum,
781 1449 841 1504 id
874 1449 1028 1521 quod
1061 1449 1547 1516 erubescendum,
1596 1449 1654 1504 id
1705 1449 1858 1520 quod

211 1538 513 1595 inimicum
557 1537 726 1594 nobis
775 1541 882 1605 est,
917 1537 975 1593 id
1026 1539 1180 1610 quod
1229 1536 1572 1607 violentum,
1605 1537 1663 1592 id
1705 1537 1860 1608 quod

211 1626 622 1701 procellosum,
656 1632 712 1681 et
763 1627 834 1681 ad
878 1625 1076 1681 omnia
1125 1626 1266 1682 vitia
1309 1625 1720 1682 illecebrosum
1753 1631 1859 1692 est,

209 1716 588 1788 conquiescat
617 1718 673 1770 et
693 1716 906 1786 jaceat,
939 1719 995 1772 et
1025 1715 1194 1788 quasi
1245 1715 1367 1772 fera
1411 1715 1716 1771 claudatur
1764 1732 1860 1771 ca-

1969 563 2064 613 tur
2093 558 2291 613 anima
2322 562 2522 613 nostra
2568 557 2704 613 huic
2749 559 2999 630 corpori,
3033 575 3101 614 nc
3142 559 3612 629 commisceatur,

1969 663 2041 702 ne
2073 647 2368 713 inhaereat,
2412 664 2483 702 ne
2528 647 2794 702 trahatur
2851 665 2884 702 a
2938 665 3196 720 corpore,
3229 653 3287 705 et
3333 653 3613 722 tanquam

1967 735 2127 792 ebria
2157 736 2696 807 perturbationibus
2743 737 2871 808 ejus
2918 736 3147 792 vacillet
3176 742 3232 793 et
3271 738 3477 806 ﬂuitet,
3511 755 3615 796 nec

1969 841 2031 880 se
2062 823 2112 880 ei
2143 826 2341 880 credat
2371 829 2548 897 atque
2578 825 2707 895 ejus
2738 824 3313 895 delectationibus,ut
3344 828 3616 885 commit-

1969 917 2054 968 tat
2080 929 2142 969 se
2167 915 2294 984 ejus
2326 914 2619 970 sensibus.
2653 915 2798 970 Nam
2831 917 2886 969 et
2924 913 3126 970 oculus
3176 915 3304 985 ejus
3351 933 3512 972 error
3559 921 3619 974 et

1969 1002 2129 1058 fraus
2157 1006 2266 1069 est,
2301 1003 2439 1075 quia
2470 1003 2692 1058 fallitur
2719 1003 2880 1058 visus
2914 1020 2926 1057 :
2960 1008 3016 1059 et
3039 1003 3201 1060 auris
3234 1005 3362 1076 ejus
3409 1007 3616 1078 decep-

1969 1092 2049 1147 tio
2081 1096 2188 1160 est,
2221 1093 2358 1164 quia
2389 1096 2445 1148 et
2474 1093 2709 1148 auditus
2740 1091 3006 1148 illuditur
3040 1111 3052 1148 :
3087 1098 3143 1149 et
3171 1111 3347 1166 sapor
3375 1096 3503 1167 ejus
3523 1095 3616 1152 de-

1969 1180 2157 1252 ceptio
2189 1185 2294 1236 est.
2330 1181 2589 1252 Denique
2638 1197 2753 1237 non
2803 1181 2985 1237 otiose
3033 1181 3257 1239 dictum
3287 1187 3421 1240 est:
3465 1183 3620 1241 Oculi

1973 1271 2059 1324 tui
2087 1274 2236 1324 recta
2268 1269 2487 1326 videant
2513 1271 2693 1341 (Prov.
2727 1287 2803 1339 1v,
2837 1271 2950 1340 25).
2982 1272 3054 1327 Et
3085 1288 3098 1327 :
3132 1273 3347 1344 Lingua
3381 1281 3476 1330 tua
3503 1291 3618 1329 non

1971 1359 2226 1430 loquatur
2284 1375 2542 1431 perversa
2607 1360 2776 1430 (Psal.
2846 1377 3042 1427 xxxm,
3111 1361 3220 1432 14).
3289 1363 3452 1429 Quod
3501 1379 3617 1419 non

1970 1453 2124 1502 esset
2193 1447 2437 1516 dictum,
2479 1447 2590 1504 nisi
2659 1449 2994 1520 frequenter
3058 1455 3339 1507 errarent.
3406 1450 3618 1508 Vidisti

1973 1537 2359 1603 meretricem,
2393 1541 2600 1608 captus
2648 1554 2711 1593 es
2757 1536 2922 1594 vultu
2955 1538 3103 1609 ejus,
3138 1543 3194 1594 et
3232 1540 3419 1597 forma
3449 1541 3618 1597 deco-

1973 1642 2096 1679 ram
2133 1625 2350 1696 putasti
2412 1642 2425 1680 :
2487 1630 2823 1682 erraverunt
2881 1626 3033 1682 oculi
3074 1628 3182 1696 tui,
3225 1643 3495 1700 perversa
3531 1631 3614 1686 vi-

1972 1713 2204 1780 derunt,
2239 1713 2353 1770 alia
2380 1715 2813 1770 nuntiaverunt.
2846 1715 2993 1770 Nam
3043 1716 3093 1771 si
3141 1732 3272 1773 vere
3313 1717 3614 1788 vidissent,

204 1823 303 1862 vea
335 1803 615 1877 sepulcri,
651 1803 1018 1876 relinquatur
1043 1803 1234 1860 rabies
1281 1805 1410 1875 ejus
1460 1804 1771 1872 exanimis,
1802 1808 1936 1903 etB
1971 1803 2256 1859 vidissent
2320 1803 2639 1859 deformem
2695 1804 3016 1859 meretricis
3070 1806 3366 1873 affectum,
3423 1807 3618 1863 inhor-

205 1899 471 1951 emortua
501 1908 783 1965 compago
830 1892 1122 1949 viscerum
1152 1891 1212 1947 in
1243 1896 1458 1948 terram
1494 1891 1800 1949 resolvitur
1839 1910 1852 1948 :

204 1985 258 2039 id
292 1986 492 2039 autem
526 1978 682 2053 quod
714 1979 999 2037 familiare
1046 1981 1380 2049 virtutibus,
1415 1982 1670 2036 amicum
1733 1981 1856 2038 dis-

201 2071 464 2145 ciplinis,
496 2071 830 2127 studiosum
863 2070 1079 2144 gloria,
1115 2070 1521 2147 sequaxboni,
1556 2071 1670 2126 Deo
1712 2072 1857 2126 sub-

204 2163 397 2218 ditum
430 2164 540 2228 est,
571 2160 644 2216 ad
695 2159 840 2215 illud
892 2159 1144 2215 sublime
1196 2159 1412 2226 evolet;
1468 2164 1524 2215 et
1575 2177 1709 2216 cum
1757 2159 1856 2215 illo

201 2267 351 2324 puro
401 2253 458 2305 et
503 2252 783 2321 perpetuo
831 2249 981 2316 bono
1032 2251 1207 2320 atque
1251 2247 1568 2304 immortali
1602 2253 1855 2316 maneat,

201 2341 317 2413 ipsi
347 2337 668 2405 adbmreat;
711 2342 768 2392 et
796 2353 930 2394 cum
957 2337 1083 2410 ipso
1110 2337 1188 2393 sit
1217 2337 1289 2392 de
1311 2354 1425 2409 quo
1452 2338 1857 2410 cognationem

203 2429 390 2494 ducit,
451 2429 515 2482 ut
563 2425 804 2499 quidam
854 2426 936 2481 ait
967 2442 980 2481 :
1018 2427 1184 2497 Cujus
1213 2429 1262 2481 et
1291 2442 1458 2496 genus
1499 2442 1692 2482 sumus
1722 2427 1855 2497 (Act.

201 2535 340 2583 xvu,
366 2515 501 2587 28)?
541 2515 664 2571 Non
715 2514 873 2572 enim
923 2513 1071 2570 mori
1125 2516 1383 2571 animam
1438 2531 1570 2570 cum
1623 2531 1860 2587 corpore

205 2605 589 2666 manifestum
648 2608 760 2670 est,
811 2603 1115 2675 quia-non
1165 2607 1254 2659 est
1302 2605 1373 2658 de
1422 2620 1678 2675 corpore.
1732 2604 1856 2658 Non

208 2709 335 2751 esse
366 2697 560 2752 autem
596 2709 724 2748 eam
747 2692 818 2748 de
839 2708 1078 2764 corpore
1108 2691 1410 2764 Scriptura
1432 2692 1635 2748 multis
1668 2692 1860 2747 modis

208 2785 425 2840 edocet.
461 2783 608 2839 Nam
639 2785 696 2837 et
724 2781 908 2836 Adam
941 2798 978 2836 α
1005 2781 1251 2836 Domino
1298 2781 1414 2836 Deo
1472 2785 1668 2837 nostro
1699 2797 1856 2837 acce-

210 2873 290 2945 pit
333 2871 610 2945 spiritum
641 2870 791 2940 vitw,
823 2873 880 2925 et
913 2869 1105 2925 factus
1137 2874 1228 2924 est
1257 2869 1436 2925 homo
1492 2870 1548 2924 in
1598 2870 1857 2926 animam

209 2962 491 3018 viventem
543 2960 698 3030 (Gen.
744 2975 804 3025 ιι,
837 2958 916 3031 7).
969 2958 1039 3014 Et
1083 2958 1263 3014 David
1314 2958 1396 3014 ait
1446 2976 1457 3014 :
1512 2961 1856 3027 Convertere,

211 3054 394 3106 anima
425 3066 566 3116 mea,
599 3051 658 3103 in
688 3048 930 3120 requiem
971 3056 1164 3109 tuam;
1220 3049 1348 3119 quia
1402 3048 1665 3104 Dominus
1702 3049 1860 3105 bene-

211 3141 333 3209 feeit
375 3139 516 3194 mihi
544 3136 712 3208 (Psal.
766 3151 915 3204 cxiv,
964 3136 1041 3207 7).
1095 3137 1164 3192 Et
1212 3135 1271 3190 in
1321 3153 1438 3207 quo
1487 3137 1854 3205 benefecerit,

1969 1897 2194 1947 rentem
2271 1893 2631 1964 procaciam,
2709 1892 3070 1949 indecentem
3162 1894 3615 1968 impudicitiam,

1967 1983 2290 2036 marcentes
2339 1980 2635 2050 libidines,
2687 1985 2897 2037 tetram
2945 1982 3356 2052 colluvionem,
3408 1984 3615 2041 animae

1963 2068 2221 2136 vulnera,
2249 2069 2617 2126 conscientim
2668 2071 2986 2127 cicatrices.
3016 2072 3121 2139 Qui
3143 2074 3374 2143 viderit,
3396 2073 3615 2146 inquit,

1967 2157 2254 2214 mulierem
2301 2158 2374 2213 ad
2419 2159 2906 2232 concupiscendum
2961 2177 3083 2216 eam
3129 2162 3241 2234 (27)
3289 2162 3499 2234 (Matth.
3558 2180 3615 2230 v,

1967 2247 2078 2319 28).
2141 2247 2316 2303 Vides
2375 2250 2529 2320 quod
2588 2249 2696 2305 iste
2750 2247 2964 2306 falsum
3013 2251 3300 2322 qumsivit,
3341 2253 3442 2324 qui
3500 2270 3614 2310 non

1966 2336 2291 2402 veritatem,
2323 2337 2424 2392 sed
2458 2337 2808 2393 adulterium
2840 2338 3162 2409 requisivit.
3210 2339 3420 2398 Videre
3458 2343 3614 2399 enim

1971 2423 2235 2497 quasivit
2272 2428 2338 2478 ut
2376 2424 2834 2496 concupisceret,
2877 2444 2991 2482 non
3033 2432 3097 2483 ut
3143 2445 3344 2488 verum
3401 2447 3615 2504 cogno-

1969 2516 2169 2569 sceret.
2236 2513 2398 2568 Errat
2464 2513 2642 2584 igitur
2683 2514 2908 2582 oculus,
2977 2517 3075 2571 ubi
3133 2523 3289 2574 errat
3353 2521 3614 2578 affectus.

1968 2602 2219 2657 Alfectus
2250 2617 2386 2673 ergo
2419 2602 2681 2674 deceptio
2712 2607 2819 2670 est,
2853 2603 3114 2676 doceptio
3166 2605 3348 2663 visus.
3381 2608 3450 2664 Et
3488 2609 3617 2666 ideo

1969 2691 2074 2744 tibi
2106 2689 2319 2744 dicitur
2350 2704 2364 2746 :
2397 2690 2474 2744 Ne
2522 2692 2761 2763 capiaris
2809 2693 2980 2748 oculis
3033 2695 3142 2749 tuis
3178 2694 3360 2765 (Prov.
3392 2713 3470 2764 vr,
3501 2697 3614 2770 25),

1971 2780 2028 2833 id
2062 2783 2169 2846 est,
2203 2796 2318 2834 non
2348 2779 2613 2851 capiatur
2644 2780 2841 2836 anima
2887 2785 3007 2837 tua.
3039 2783 3233 2840 Mulier
3275 2785 3426 2840 enim
3470 2788 3616 2842 viro-

1970 2885 2096 2923 rum
2123 2869 2385 2940 pretiosas
2415 2870 2634 2924 animas
2678 2872 2826 2941 capit
2857 2871 3014 2941 (Ibid.
3065 2873 3178 2944 26).
3212 2875 3479 2946 Deceptio
3528 2879 3620 2931 est

1970 2957 2493 3028 auditus.Denique
2526 2957 2927 3014 blandimento
2959 2959 3148 3016 multo
3182 2962 3472 3018 sermonis
3492 2979 3621 3019 mu-

1968 3046 2075 3101 lier
2103 3046 2415 3101 fornicaria
2458 3062 2608 3118 saepe
2645 3047 2880 3118 juvenis
2925 3065 3025 3104 cor
3070 3051 3323 3123 seduxit,
3369 3052 3617 3124 decepit,

1972 3135 2158 3190 illusit
2188 3136 2369 3206 (Prov.
2403 3152 2501 3202 vn,
2527 3136 2645 3206 21).

216 3199 345 3283 audi
401 3246 412 3283 :
464 3199 605 3295 Quia
656 3199 932 3291 liberavit,
986 3199 1199 3296 inquit,
1233 3199 1388 3297 pedes
1426 3242 1572 3281 meos
1621 3244 1656 3280 a
1703 3199 1859 3298 lapsu
1889 3199 1929 3265 Ο
2040 3225 2126 3279 41.
2160 3199 2309 3295 Ergo
2349 3199 2733 3295 non'laq'ueis
2787 3243 2894 3282 nos
2946 3229 3254 3284 credamus
3300 3233 3357 3284 et
3397 3230 3619 3286 retibus

216 3316 367 3385 (Ibid.
396 3316 472 3386 8).
505 3315 682 3371 Vides
713 3312 995 3386 gratulari
1037 3329 1170 3368 eum
1217 3313 1422 3370 mortis
1465 3313 1643 3385 hujus
1674 3331 1856 3370 reme-

215 3405 325 3472 dio,
358 3404 495 3477 quia
526 3403 661 3459 finis
692 3402 880 3458 factus
911 3405 1001 3457 est
1041 3402 1278 3468 erroris,
1314 3402 1451 3474 quia
1499 3403 1691 3474 culpa,
1741 3420 1855 3459 non

222 3499 424 3550 natura
451 3491 682 3548 defecit.

277 3583 364 3638 39.
397 3581 659 3653 Denique
697 3578 868 3652 quasi
905 3583 1116 3636 exutus
1155 3583 1212 3635 et
1248 3577 1396 3634 liber
1429 3579 1606 3635 dicit:
1631 3581 1858 3636 Plaeebo

213 3673 433 3728 Domino
480 3673 543 3726 in
596 3671 819 3738 regione
866 3670 1113 3725 vivorum
1143 3667 1300 3736 (Ibid.
1334 3667 1409 3739 9).
1447 3667 1547 3723 Illa
1577 3674 1666 3724 cst
1701 3668 1856 3724 enim

211 3762 464 3817 vivorum
496 3759 674 3832 regio.
709 3757 974 3829 Denique
1021 3756 1183 3812 illam
1235 3756 1563 3813 animarum
1599 3758 1857 3829 requiem

213 3848 344 3904 dicit
374 3853 590 3906 terram
641 3863 770 3903 esse
819 3845 1141 3902 viventium
1171 3845 1343 3915 (Psal.
1397 3861 1551 3912 xxvx,
1597 3845 1712 3916 43),
1744 3861 1857 3916 quo

211 3943 442 4008 peccata
471 3953 588 3992 non
621 3938 948 4008 penetrant,
986 3933 1086 3989 ubi
1133 3933 1414 3988 virtutum
1464 3933 1605 3988 vivit
1640 3933 1848 4006 gloria.

211 4024 324 4080 Ista
353 4029 549 4081 autem
577 4023 735 4096 regio
761 4022 935 4095 plena
965 4026 1054 4079 est
1083 4025 1470 4088 mortuorum,
1504 4022 1645 4092 quia
1690 4021 1862 4093 plena

210 4113 573 4181 delictorum,
606 4112 932 4184 meritoque
963 4111 1184 4166 dictum
1216 4115 1340 4166 est:
1376 4111 1598 4166 Dimitte
1620 4115 1862 4166 mortuos

208 4204 432 4274 sepelire
459 4205 703 4258 mortuos
731 4217 857 4256 suos
888 4199 1095 4272 (Matth.
1131 4215 1252 4265 vm,
1286 4199 1401 4266 22).
1437 4197 1548 4254 Sed
1599 4202 1656 4254 et
1684 4215 1864 4271 supra

215 4291 487 4347 similiter
517 4290 599 4345 ait
631 4289 740 4361 (26)
769 4289 972 4345 Anima
1009 4288 1125 4359 ejus
1167 4289 1226 4341 in
1269 4287 1421 4342 bonis
1467 4287 1860 4352 demorabitur,

209 4385 259 4434 et
285 4397 464 4438 semen
502 4381 619 4452 ejus
667 4377 1017 4436 haereditabit
1063 4380 1268 4432 terram
1318 4375 1495 4448 (Psal.
1548 4392 1701 4444 xxxv,
1753 4377 1862 4447 13),

214 4467 320 4524 hoc
353 4474 464 4534 est,
498 4468 696 4524 anima
722 4465 988 4522 timentis
1018 4464 1204 4522 Deum
1236 4464 1525 4521 habitabit
1564 4466 1624 4520 in
1674 4463 1863 4531 bonis,

1964 3312 2038 3368 iis
2069 3329 2194 3384 quae
2226 3312 2524 3384 decipiunt
2553 3318 2608 3368 et
2633 3312 3068 3387 illudunt;quia
3099 3317 3615 3387 cordatentantur,

1966 3401 2369 3473 impediuntur
2398 3401 2800 3473 cogitationes,
2834 3421 2960 3475 quae
3016 3405 3420 3478 impediuntur
3463 3407 3616 3476 visu,

1966 3489 2369 3562 impediuntur
2424 3491 2650 3558 auditu,
2701 3493 2896 3560 odore,
2958 3497 3136 3562 tactu,
3197 3511 3423 3567 sapore.
3479 3495 3606 3552 Non

1966 3595 2284 3651 sequamur
2314 3576 2653 3634 illecebrosa
2681 3585 2739 3635 et
2770 3582 3129 3638 seductoria:
3156 3585 3258 3640 sed
3289 3600 3610 3657 sequamur

1966 3668 2106 3724 illud
2140 3668 2293 3739 quod
2326 3667 2545 3722 bonum
2577 3673 2684 3733 est,
2719 3667 2801 3723 illi
2833 3670 3253 3740 adhaereamus,
3288 3672 3434 3728 illud
3477 3673 3609 3728 imi-

1967 3761 2178 3822 temur,
2210 3755 2368 3811 illius
2419 3757 2747 3827 praesentia,
2791 3757 2950 3812 illius
3001 3761 3456 3818 communicatio
3504 3776 3612 3816 nos

1968 3844 2237 3902 meliores
2269 3845 2460 3911 faciat,
2490 3861 2680 3900 mores
2713 3850 2943 3901 nostros
2984 3846 3220 3916 coloret,
3251 3847 3413 3904 illius
3458 3864 3613 3920 qua-

1967 3933 2104 3988 dam
2131 3950 2238 3989 nos
2268 3933 2518 3989 societas
2541 3933 2946 3998 informet.Qui
2971 3935 3128 3991 enim
3156 3936 3307 3991 bono
3339 3936 3612 4004 adhaeret,

1969 4022 2220 4078 assumit
2247 4022 2381 4077 inde
2413 4022 2566 4094 quod
2599 4023 2819 4078 bonum
2851 4027 2964 4091 est;
3001 4024 3138 4096 quia
3163 4024 3448 4096 scriptum
3479 4029 3568 4081 est
3600 4042 3613 4081 :

1971 4111 2102 4166 Cum
2155 4119 2338 4166 saneto
2405 4115 2626 4167 sanctus
2694 4115 2824 4180 eris,
2857 4108 2942 4168 'et
3005 4129 3131 4168 eum
3205 4114 3372 4171 electo
3417 4114 3617 4170 electus

1968 4203 2098 4267 eris,
2133 4204 2182 4255 et
2212 4217 2336 4255 cum
2362 4217 2611 4272 perverso
2639 4218 2921 4272 perversus
2950 4205 3077 4271 eris,
3112 4212 3162 4258 et
3187 4218 3310 4258 eum
3338 4204 3621 4260 innocente

1971 4291 2228 4344 innocens
2256 4291 2364 4345 eris
2393 4290 2564 4358 (Psal.
2599 4305 2738 4354 xvn,
2767 4293 2858 4356 26,
2889 4292 2979 4362 27)
3021 4307 3033 4345 :
3069 4292 3414 4348 assiduitate
3461 4292 3619 4348 enim

1974 4381 2150 4448 atque
2181 4377 2502 4433 imitatione
2537 4379 2802 4450 quaedam
2834 4378 3241 4436 similitudinis
3269 4379 3466 4454 imago
3504 4381 3620 4437 for-

1975 4470 2188 4522 matur.
2249 4466 2497 4536 Ideoque
2554 4466 2779 4522 addidit
2839 4483 2850 4520 :
2909 4467 3177 4535 Quoniam
3227 4478 3288 4525 tu
3337 4471 3624 4527 illuminas

212 4561 276 4611 ut
304 4572 539 4629 semper
586 4555 644 4610 in
694 4554 780 4610 eis
831 4553 929 4620 sit,
961 4557 1019 4609 et
1065 4553 1392 4608 secundum
1442 4570 1527 4609 ea.
1563 4553 1723 4617 Quod
1764 4570 1865 4625 po-
1896 4570 1943 4634 Β
1977 4555 2254 4610 lucernam
2304 4571 2500 4622 meam,
2563 4557 2788 4611 Domine
2845 4556 3001 4627 (Ibid.
3059 4557 3176 4630 29).
3234 4559 3461 4615 Etenim
3521 4559 3623 4631 qui

211 4647 326 4699 test
368 4645 546 4702 etiam
596 4644 666 4698 de
718 4659 784 4698 eo
835 4640 1017 4714 accipi
1050 4641 1150 4713 qui
1201 4641 1278 4696 sit
1322 4641 1381 4696 in
1413 4657 1686 4713 corpore;
1721 4646 1785 4696 ut
1813 4646 1870 4697 et

213 4733 338 4804 ipse
368 4735 417 4790 si
444 4734 649 4789 timeat
699 4731 906 4797 Deum,
957 4730 1016 4785 in
1069 4730 1239 4786 bonis
1289 4730 1529 4797 habitet,
1563 4734 1619 4785 et
1663 4729 1722 4785 in
1756 4747 1869 4786 coe-

210 4818 462 4878 lestibus
516 4821 614 4886 sit,
667 4823 725 4877 et
772 4817 1072 4892 possideat
1120 4834 1331 4889 corpus
1388 4835 1585 4885 suum,
1645 4824 1701 4874 et
1768 4819 1870 4874 do-

212 4909 473 4965 minetur
519 4909 572 4964 ei
623 4908 792 4980 quasi
838 4906 900 4962 in
949 4906 1287 4962 servitutem
1340 4907 1594 4975 redacto,
1627 4911 1685 4962 et
1737 4923 1872 4978 pos-

211 4996 404 5054 sideat
433 4997 831 5054 hereditatem
865 4995 1058 5069 gloriae
1090 5000 1147 5050 et
1177 4994 1502 5051 ccelestium
1556 4995 1871 5067 promisso-

217 5101 375 5142 rum.

287 5177 379 5231 ΔΟ.
417 5175 582 5231 Unde
613 5177 670 5230 et
700 5189 806 5230 nos
837 5173 887 5230 si
914 5172 1189 5228 volumus
1223 5176 1350 5243 post
1383 5176 1629 5227 mortem
1671 5190 1872 5246 corpo-

289 5301 410 5374 (26)
455 5301 625 5359 Rom.
675 5299 843 5374 edit,
891 5297 992 5354 Sed
1035 5302 1086 5354 et
1131 5298 1304 5374 David
1330 5298 1506 5374 alibi.
1552 5298 1692 5374 Alias
1739 5315 1873 5355 cum

217 5369 504 5429 omnibus
537 5388 707 5440 mss.,
743 5371 843 5428 Sed
892 5375 944 5426 et
989 5387 1159 5443 supra
1205 5371 1480 5443 similiter.
1514 5369 1736 5443 Dicitur
1771 5387 1874 5425 au-

215 5447 336 5500 tem
373 5462 564 5517 supra,
597 5446 931 5517 comparate
963 5442 1032 5497 ad
1054 5441 1155 5514 ‘ps.
1179 5457 1333 5506 xxvt,
1369 5441 1466 5517 qui
1501 5441 1876 5517 paucisﬂretro

215 5512 494 5573 versibus
544 5512 777 5572 citetur.
829 5512 1212 5570 lterum'non
1266 5512 1450 5568 multo
1502 5512 1651 5584 post,
1696 5514 1866 5568 Rom.

215 5588 362 5644 edit.
398 5605 469 5645 ex
500 5605 616 5643 uno
649 5587 777 5642 Vat.
807 5586 960 5656 cod.,
993 5588 1045 5639 et
1085 5584 1357 5657 possideat
1404 5601 1487 5639 ea.
1525 5589 1645 5639 Vet.
1681 5589 1876 5641 autem

215 5664 273 5716 et
334 5659 437 5717 alii
491 5675 655 5716 mss..
689 5667 742 5716 et
784 5655 1100 5714 secundum“
1138 5673 1220 5725 ea,
1260 5655 1314 5712 id
1374 5660 1462 5713 est
1520 5670 1718 5733 prope,
1774 5673 1876 5716 seu

552 5787 816 5854 PATIOL.
863 5785 1028 5853 XIV.

1978 4642 2407 4716 appropinquat
2432 4642 2662 4711 lumini,
2696 4644 2870 4701 citius
2902 4645 3287 4717 illuminatur,
3321 4652 3378 4704 et
3405 4648 3538 4720 plus
3560 4647 3622 4702 in

1977 4749 2043 4788 eo
2112 4731 2387 4803 splendor
2454 4737 2647 4786 aeterm
2700 4733 2944 4791 luminis
2984 4737 3231 4808 refulget
3267 4754 3298 4792 e
3336 4735 3618 4808 proximo.

1979 4825 2126 4891 Ergo
2167 4819 2364 4874 anima
2393 4835 2519 4890 quae
2550 4821 2805 4878 adhaeret
2849 4823 2936 4879 illi
2975 4824 3252 4880 invisibili
3292 4825 3442 4878 bono
3481 4828 3617 4894 Deo,

1980 4913 2153 4978 atque
2211 4907 2552 4973 immortali,
2594 4914 2650 4965 et
2711 4911 2840 4982 ipsa
2887 4929 3160 4984 corporea
3198 4912 3318 4967 hac
3357 4910 3526 4982 fugit,
3565 4914 3624 4966 et

1981 5001 2227 5063 terrena,
2269 4999 2327 5051 et
2375 4997 2640 5053 mortalia
2688 4999 3060 5072 derelinquit,
3107 5001 3291 5072 fitque
3337 4997 3497 5055 illius
3543 4999 3622 5056 si-

1984 5084 2142 5140 milis
2175 5085 2328 5156 quod
2361 5086 2674 5155 desiderat,
2707 5087 2769 5144 in
2815 5105 2931 5159 quo
2976 5088 3114 5142 vivit
3143 5091 3200 5143 et
3237 5087 3528 5159 pascitur;
3569 5092 3627 5145 et

1982 5173 2121 5244 quia
2161 5172 2481 5229 immortali
2521 5176 2788 5243 intendit,
2832 5192 2944 5230 non
3000 5180 3088 5230 est
3139 5174 3266 5247 ipsa
3323 5175 3616 5234 mortalis.

1988 5299 2144 5353 iuxta
2175 5312 2266 5353 ea.

1975 5315 2371 5442 Juggfzddit
2399 5370 2536 5450 edit.
2573 5371 2762 5450 Rom.,
2783 5372 3236 5450 jammweliatus
3267 5377 3345 5429 est
3375 5375 3432 5450 in
3471 5375 3630 5432 corde

1983 5457 2081 5496 suo
2115 5441 2549 5516 :_'_quze_quidem
2580 5441 2754 5516 verba
2785 5441 2839 5516 in
2873 5443 3006 5499 aliis
3037 5446 3357 5516 edit.atque
3387 5446 3446 5502 in
3479 5464 3622 5503 mss.

1987 5511 2260 5568 omnibus
2291 5513 2627 5571 desunt.sed
2663 5514 2732 5567 ad
2764 5515 3183 5573 absolvendum
3217 5511 3456 5575 sensum
3487 5523 3626 5576 sunt
3653 5539 3657 5544 '

1987 5585 2226 5642 omnino
2249 5583 2592 5640 necessaria.

3233 5788 3311 5873 ιε
