4012 6192
440 311 557 371 587
1901 312 1965 373 S.
2012 308 2388 374 AMBROSII
3675 320 3765 382 588

442 443 575 506 Quae
606 439 763 495 enim
794 444 1013 513 peccat,
1049 441 1316 508 moritur,
1348 458 1462 497 non
1507 442 1708 515 utique
1755 443 1953 515 aliqua
1990 444 2081 499 sui
2115 446 2168 511 Α
2198 444 2380 499 multo
2412 446 2602 518 magis
2630 446 2846 503 anima.
2896 446 2953 502 Si
3004 446 3201 503 anima
3246 445 3303 501 in
3350 463 3514 503 manu
3558 448 3645 504 Dei
3683 456 3768 519 est,

439 527 844 598 dissolutione,
896 531 998 586 sed
1051 531 1257 587 merito
1305 530 1552 586 moritur
1598 532 1737 600 Deo,
1768 532 1908 605 quia
1949 532 2087 587 vivit
2195 550 2307 587 non
2343 534 2541 606 utique
2573 536 2770 591 anima
2800 540 3000 592 nostra
3027 534 3291 607 sepulcro
3322 534 3489 591 simul
3517 553 3633 594 cum
3675 557 3771 597 cor-

437 621 696 690 peocato.
730 618 879 692 Ergo
908 636 1036 692 qum
1068 636 1182 675 non
1216 626 1432 691 peccat,
1468 638 1582 676 non
1623 620 1900 689 moritur;
1948 622 2085 692 quia
2194 639 2331 694 pore
2365 623 2705 690 includitur,
2739 641 2843 681 nec
2875 626 3046 681 busto
3078 628 3307 679 tenetur
3337 642 3351 679 :
3385 625 3479 680 sed
3511 626 3677 697 quiete
3700 629 3775 700 pia

439 710 638 763 manet
666 707 726 763 in
757 709 1090 764 substantia
1115 709 1434 773 sui,manet
1461 709 1520 764 in
1552 710 1761 764 virtute
1793 714 1847 765 et
1877 710 2080 782 gloria.
2197 712 2474 783 fungitur.
2508 714 2577 767 Et
2607 713 2735 769 ideo
2766 713 3035 769 homines
3062 714 3278 768 frustra
3304 714 3543 785 pretiosa
3582 719 3777 772 struunt

512 797 598 853 42.
633 798 780 853 Nam
807 798 1098 870 quomodo
1155 799 1484 853 substantia
1530 801 1659 870 ejus
1706 798 1942 853 interire
1990 816 2085 869 po-
2193 800 2482 871 sepulcra,
2517 802 2685 873 quasi
2716 819 2794 858 eae
2825 802 3057 871 animze,
3088 806 3146 857 et
3183 818 3298 858 non
3346 800 3519 858 solius
3565 805 3777 876 corporis

440 887 575 953 test,
609 901 743 940 cum
774 885 977 957 utique
1021 885 1220 941 anima
1268 886 1344 941 sit
1386 903 1517 959 quae
1565 888 1746 942 vitam
1779 886 2086 942 infundit?
2194 888 2561 960 receptacula
2591 891 2731 945 sint.

442 974 513 1030 Et
559 974 654 1029 cui
701 973 901 1028 anima
945 973 1300 1042 infunditur,
1327 975 1448 1031 vita
1491 975 1825 1031 infunditur
1856 991 1869 1029 :
1905 992 1939 1030 a
1970 992 2084 1048 quo
2264 978 2359 1034 45.
2401 978 2745 1035 Animarum
2777 984 2974 1035 autem
3006 979 3308 1052 superiora
3334 995 3459 1036 esse
3494 978 3781 1037 habitacula

441 1062 642 1118 anima
671 1061 935 1129 discedit,
967 1062 1086 1118 vita
1114 1062 1379 1119 discedit.
1411 1063 1622 1118 Anima
1649 1079 1786 1135 ergo
1815 1063 1932 1118 vita
1974 1069 2082 1119 cst.
2196 1067 2505 1138 Scripturte
2535 1068 2888 1124 testimoniis
2918 1068 3085 1124 valde
3118 1068 3416 1140 probatur.
3449 1067 3716 1138 Siquidem
3737 1074 3782 1124 et

441 1150 743 1217 Quomodo
788 1150 944 1206 enim
993 1154 1184 1223 potest
1230 1156 1476 1208 mortem
1524 1152 1797 1224 recipere,
1828 1169 1962 1208 cum
2012 1153 2088 1207 sit
2196 1156 2253 1210 in
2283 1156 2473 1212 Esdra:
2504 1156 2670 1213 libris
2702 1157 2955 1229 legimus
2989 1174 3002 1212 :
3037 1158 3179 1225 Quia
3225 1172 3347 1212 cum
3390 1157 3586 1211 venerit
3618 1155 3784 1226 judicii

442 1238 768 1297 contraria?
804 1240 968 1296 Sicut
1016 1241 1173 1296 enim
1230 1240 1328 1296 nix
1378 1241 1630 1296 calorem
1689 1258 1804 1296 non
1857 1241 2083 1313 recipit,
2193 1244 2327 1310 dies,
2379 1245 2560 1301 reddet
2618 1253 2767 1300 terra
2821 1246 3200 1315 defunctorum
3249 1259 3488 1315 corpora,
3545 1247 3591 1298 et
3636 1245 3784 1315 pulvis

441 1330 591 1387 407
628 1344 763 1384 nam
796 1329 994 1385 statim
1026 1329 1313 1385 solvitur:
1349 1334 1411 1383 et‘
1433 1328 1533 1384 lux
1563 1346 1676 1385 non
1701 1329 1904 1402 recipit
1932 1335 2089 1385 tene-
2196 1333 2374 1388 reddet
2431 1350 2521 1388 eas
2571 1349 2691 1405 quae
2752 1336 2812 1389 in
2872 1334 3104 1388 tumulis
3159 1333 3518 1405 requiescunt,
3568 1332 3786 1403 reliquias

440 1419 601 1483 bras,
635 1433 772 1474 nam
820 1418 1021 1473 statim
1072 1418 1312 1473 discutit
1364 1419 1581 1489 (infuso
1630 1418 1784 1473 enim
1841 1417 2087 1487 lumine,
2196 1427 2559 1477 mortuorum.
2595 1423 2657 1477 Et
2704 1423 3040 1489 habitacula,
3092 1422 3307 1492 inquit,
3358 1420 3573 1476 reddent
3610 1423 3787 1475 animus

441 1507 816 1573 tenebrarum
866 1506 1073 1561 horror
1127 1506 1408 1573 aufertur,
1456 1507 1609 1562 sicut
1655 1509 1889 1563 admoto
1931 1508 2086 1579 igne,
2196 1527 2320 1582 qua:
2349 1513 2431 1566 his
2463 1511 2845 1567 continendum
2874 1515 3022 1578 sunt,
3071 1519 3122 1565 et
3169 1509 3501 1565 revelabitur
3526 1508 3788 1564 Altissimus

443 1597 665 1652 nivium
723 1596 881 1666 rigor
932 1595 1188 1667 desinit),
1251 1595 1332 1650 ita
1379 1601 1436 1651 et
1479 1597 1679 1651 anima
1725 1611 1851 1667 quae
1908 1596 2087 1650 vitam
2195 1618 2359 1671 super
2414 1602 2590 1655 sedem
2634 1600 2839 1671 judicii
2892 1602 2987 1670 (IV
3038 1598 3242 1667 Eadm,
3300 1614 3398 1666 νη,
3446 1598 3531 1666 32,
3572 1598 3669 1667 33).
3715 1597 3788 1651 He

443 1691 619 1752 creat,
652 1689 901 1741 mortem
933 1701 1047 1740 non
1077 1684 1304 1756 recipit,
1354 1689 1410 1739 et
1467 1701 1578 1738 non
1630 1684 1881 1739 moritur
1921 1685 2035 1755 (28)
2072 1702 2082 1740 :
2197 1694 2336 1745 sunt
2365 1689 2753 1745 habitationes
2784 1689 2854 1744 de
2885 1688 3101 1760 quibus
3131 1686 3273 1743 dicit
3304 1683 3791 1752 Dominus,multas

443 1776 641 1831 anima
670 1778 864 1832 autem
897 1778 1144 1829 mortem
1178 1789 1293 1828 non
1316 1772 1559 1845 recipit:
1594 1762 1791 1828 anima
1811 1790 1947 1845 ergo
1972 1791 2085 1829 non
2123 1813 2171 1877 Β
2200 1778 2536 1834 mansiones
2588 1794 2715 1833 esse
2763 1779 2917 1849 apud
2972 1777 3198 1831 Patrem
3251 1792 3450 1842 suum,
3499 1791 3633 1847 quas
3675 1774 3789 1842 suis,

444 1863 709 1922 moritur.
2123 1863 2170 1877 "
2202 1885 2451 1940 pergens
2499 1867 2570 1921 ad
2604 1867 2855 1933 Patrem,
2907 1864 3210 1937 discipulis
3259 1866 3601 1936 praepararet
3642 1863 3791 1933 (Joan.

1099 1951 1329 2006 CAPUT
1362 1950 1432 2026 Χ.
1616 2023 1650 2026 -Α
1894 2023 1904 2026 _
2199 1974 2313 2023 xxv,
2348 1956 2420 2026 2).
2456 1955 2565 2010 Sed
2614 1954 2799 2011 Esdraa
2845 1968 2987 2009 usus
3029 1970 3162 2010 sum
3203 1951 3461 2024 scriptis,
3515 1955 3576 2005 ut
3617 1966 3794 2022 cogno-

441 2028 730 2098 Scriptura
759 2039 968 2097 quoque
991 2024 1318 2079 animarum
1348 2023 1736 2077 immortalitas
1783 2023 2025 2093 probatui

515 2112 728 2150 necnon
747 2093 946 2150 eisdem
974 2095 1259 2150 superiora
1283 2094 1598 2148 habitacula
1652 2095 2012 2150 assignantur

2207 2023 2657 2116 scautgentiles,
2691 2061 2758 2098 ea
2788 2060 2915 2115 quae
2958 2042 3019 2097 in
3046 2023 3434 2113 Philosophia:
3479 2038 3632 2094 libris
3670 2037 3791 2094 408

515 2112 728 2153 necnon
747 2110 946 2152 eisdem
974 2110 1259 2165 superiora
1283 2110 1598 2148 uamtacuta
1652 2110 2012 2161 assignantur
2070 2112 2088 2148 :

515 2168 613 2223 ubi
632 2175 694 2238 et
738 2156 1047 2238 exploditur
1084 2164 1545 2238 philosophorum,
1575 2164 2047 2238 metempsychosis
2068 2182 2089 2227 ;

2208 2136 2507 2199 mirantur,
2544 2132 2825 2187 translata
2855 2135 2924 2187 de
2954 2131 3193 2187 nostris.
3226 2132 3419 2201 Atque
3456 2129 3663 2185 utinam
3704 2144 3792 2193 non

2381 2222 2408 2238 η
2524 2222 2578 2238 ..
2684 2222 2744 2238 ,.
3027 2220 3391 2238 ί.
3430 2235 3440 2238 _
3591 2218 3792 2238 ,τη-η,

516 2218 1054 2308 ὦδᾶήῖἀξιῇέια
1081 2218 1146 2291 ἃς.
1166 2218 1645 2308 ﬂammam
1669 2218 2092 2291 άερσεᾍεάίιιλίζ
2200 2222 2493 2296 supeitlua
2523 2222 2615 2277 his
2646 2228 2701 2277 et
2734 2221 2966 2275 inutilia
3012 2220 3397 2275 miscuissent
3429 2235 3442 2273 :
3482 2223 3542 2273 ut
3584 2218 3797 2272 dicerent

516 2314 628 2365 tur.
957 2351 967 2361 .
2200 2312 2427 2367 animas
2460 2310 2765 2366 hominum
2800 2309 3018 2380 pariter
3055 2325 3121 2363 ac
3153 2308 3478 2364 bestiarum
3517 2322 3635 2362 esse
3671 2320 3796 2360 cem-

516 2399 603 2456 43.
639 2398 933 2454 Habemus
963 2413 1099 2469 ergo
1131 2397 1437 2463 rationem,
1473 2396 1573 2451 sed
1628 2396 1746 2450 haec
1778 2396 2038 2451 humana
2072 2414 2085 2451 :
2200 2418 2429 2464 munes,
2457 2415 2776 2470 earumque
2808 2414 3111 2453 summum
3144 2397 3479 2469 praemium,
3513 2395 3557 2451 si
3601 2409 3797 2465 magno-

443 2486 589 2545 illud
647 2486 930 2553 divinum,
991 2486 1144 2557 quod
1205 2485 1285 2540 ait
1348 2485 1628 2541 Dominus
1687 2501 1699 2539 :
1772 2486 2091 2540 Potestaiem
2199 2506 2327 2543 rum
2359 2489 2841 2561 philosophorum
2894 2487 3102 2542 anima:
3152 2486 3211 2540 in
3267 2502 3415 2558 apes
3461 2489 3558 2539 aut
3595 2480 3799 2538 lacinias

443 2576 611 2633 habeo
637 2576 881 2648 ponendi
907 2577 1155 2630 animum
1201 2590 1412 2640 meam;
1459 2579 1511 2629 et
1558 2578 1881 2647 potestatem
1920 2575 2088 2629 habeo
2198 2578 2619 2649 demigrarent;
2660 2582 2720 2630 ut
2749 2576 2850 2647 qui
2878 2579 3012 2630 ante
3037 2574 3356 2629 hominum
3380 2589 3561 2646 genus
3581 2584 3801 2627 sermone

442 2667 644 2723 iterum
670 2665 930 2721 sumendi
956 2681 1078 2719 eam
1108 2666 1283 2735 (Joan.
1316 2681 1372 2729 x,
1393 2662 1503 2735 48).
1536 2663 1714 2719 Vides
1740 2663 1921 2736 igitur
1952 2662 2090 2734 quia
2198 2668 2735 2739 pavissent,pustea
2766 2663 2956 2720 mellis
2986 2662 3325 2731 dulcedine,
3359 2666 3460 2719 aut
3488 2666 3675 2717 cantus
3700 2674 3801 2714 sua-

444 2772 559 2812 non
618 2755 869 2809 moritur
923 2768 1057 2808 cum
1123 2766 1383 2823 corpore,
1445 2767 1569 2822 quae
1626 2756 1685 2806 et
1742 2750 1979 2823 ponitur
2033 2758 2090 2808 et
2199 2755 2372 2811 vitate
2405 2753 2745 2809 mulcerent.
2782 2753 2936 2808 Satis
2966 2753 3157 2807 fuerat
3184 2750 3412 2806 dixisse
3441 2749 3553 2805 illis
3581 2746 3713 2820 quod
3741 2745 3801 2799 li-

441 2842 787 2909 resumitur,
815 2846 873 2897 et
902 2842 961 2896 in
992 2856 1206 2895 manus
1257 2839 1353 2895 Dei
1400 2839 1587 2894 Patris
1618 2840 2083 2895 commendatur.
2196 2845 2406 2900 beratte
2437 2842 2643 2898 animos
2674 2842 2745 2897 de
2775 2841 3115 2912 corporibus
3149 2846 3297 2907 αἳδην
3333 2841 3602 2911 peterent,
3629 2836 3678 2891 id
3712 2838 3795 2899 est,

442 2931 554 2988 Sed
589 2929 734 2985 forte
765 2929 927 2984 dicas
948 2927 1199 3000 ερθοίειιθ
1228 2942 1357 2982 8886
1387 2927 1541 2998 quod
1575 2926 1789 2982 Christi
1824 2930 1913 2981 est
1952 2927 2085 2999 (29),
2195 2932 2387 2989 locum
2420 2931 2519 3003 qui
2552 2948 2666 2987 non
2698 2930 3191 3001 videretur,quem
3227 2927 3425 2984 locum
3458 2922 3799 2983 Latineinl’ec

441 3023 499 3078 et
551 3017 821 3090 quamvis
879 3016 978 3070 ille
1045 3031 1173 3086 qum
1231 3018 1370 3071 sunt
1426 3014 1682 3071 hominis
1741 3017 2085 3087 susceperit,
2197 3038 2339 3077 num
2371 3021 2642 3076 dicimus.

442 3110 639 3163 tamen
672 3105 812 3177 quia
841 3103 1081 3160 alterius
1111 3107 1200 3158 est
1228 3118 1417 3158 causae
1450 3108 1509 3158 et
1538 3103 1694 3159 istud
1727 3108 2086 3170 astruerc,ne
2267 3112 2355 3165 46,
2408 3110 2667 3180 Denique
2714 3112 2770 3163 et
2816 3107 3114 3180 Scriptura
3156 3106 3428 3162 habitum
3482 3104 3576 3159 illa
3619 3102 3801 3158 anima-

441 3199 680 3267 tempus
707 3191 1141 3259 teramus,audi
1170 3192 1460 3247 dicentem
1493 3209 1506 3247 :
1542 3192 1682 3260 Quid
1710 3194 1814 3247 scis
1838 3210 1919 3248 an
1938 3210 2025 3249 ηο(

2212 3216 2329 3254 rum
2360 3197 2760 3270 promptuaria
2791 3196 3148 3268 nuncupavit
3201 3197 3299 3267 (IV
3348 3194 3500 3251 Esdr.
3553 3209 3645 3261 v11,
3687 3189 3796 3259 32):

444 3284 545 3341 hac
572 3302 606 3340 a
635 3292 688 3340 te
712 3289 807 3339 tua
832 3285 1030 3338 anima
1060 3284 1373 3353 reposcatur
1402 3282 1552 3352 (Luc.
1593 3298 1694 3351 xu,
1726 3282 1860 3353 20)?
1907 3286 2028 3337 Nun

2216 3305 2327 3359 tua:
2353 3302 2665 3343 occurrens
2695 3285 2942 3358 querela:
2976 3284 3274 3344 humanae.
3296 3301 3363 3339 eo
3395 3282 3543 3357 quod
3567 3279 3701 3352 justi
3723 3276 3800 3348 qui

445 3372 587 3445 quid
616 3372 806 3428 dixit:
837 3371 1121 3427 Moriatur
1168 3371 1229 3425 in
1276 3373 1332 3425 te
1382 3370 1579 3426 anima
1607 3370 1747 3425 tua?
1772 3370 1932 3439 Non;
1966 3372 2088 3432 sed.
2200 3378 2638 3449 prmcesserunt,
2697 3374 3006 3429 videantur
3054 3388 3246 3444 usque
3299 3372 3370 3428 ad
3412 3370 3611 3443 judicii
3656 3367 3801 3429 diem,

448 3469 758 3534 reposcatur
784 3477 819 3515 α
844 3464 914 3515 ιε.
968 3461 1102 3524 QUID
1125 3460 1288 3530 ,data
1333 3463 1441 3525 est,
1492 3461 1810 3531 reposcitur,
1865 3460 1953 3515 vel
2001 3478 2090 3517 re-
2201 3483 2303 3537 per
2333 3463 2651 3536 plurimum
2686 3461 2906 3518 scilicet
2935 3461 3237 3533 temporis,
3271 3461 3469 3517 debita
3498 3458 3602 3515 sibi
3644 3471 3803 3511 remu-

443 3554 639 3624 petunt
666 3567 701 3606 a
727 3558 795 3606 te.
821 3549 1121 3622 Repetitur
1150 3548 1305 3604 enim
1338 3548 1677 3625 animamon
1709 3548 2085 3606 interimitur.
2199 3553 2497 3609 neratione
2558 3551 2832 3613 fraudari,
2890 3548 3243 3605 mirabiliter
3302 3550 3386 3604 ait
3444 3562 3653 3603 corona:
3701 3556 3803 3598 esse

447 3642 583 3707 Quae
614 3640 914 3711 repetitur,
948 3641 1147 3695 manet
1178 3654 1191 3692 :
1226 3654 1352 3711 quae
1384 3636 1757 3704 interimitur,
1799 3654 1913 3693 non
1964 3655 2087 3693 me-
2198 3640 2450 3697 similem
2484 3640 2648 3695 illum
2677 3638 2884 3710 judicii
2919 3638 3096 3705 diem,
3119 3637 3179 3692 in
3211 3654 3332 3710 quo
3361 3639 3502 3693 sicut
3528 3652 3629 3691 non
3655 3632 3803 3687 novis-

446 3732 571 3786 net.
611 3727 910 3795 Quomodo
947 3726 1103 3783 enim
1151 3725 1526 3794 interimitur,
1560 3726 1631 3781 de
1662 3743 1779 3798 qua
1808 3728 1954 3783 dixit
1985 3728 2087 3784 Sa-
2194 3733 2458 3787 simorum
2511 3728 2757 3793 tarditas,
2814 3728 2893 3781 sic
2948 3743 3061 3782 non
3109 3728 3369 3799 priorum
3426 3727 3665 3781 velocitas
3712 3719 3801 3787 (30)

441 3817 663 3890 pientia
688 3816 812 3885 Dei,
844 3834 960 3873 non
990 3815 1318 3871 timendum
1348 3832 1704 3887 quemquam
1748 3816 1846 3887 qui
1902 3822 2090 3887 potest
2196 3822 2289 3890 (IV
2340 3819 2490 3874 Esdr.
2540 3836 2595 3883 v,
2646 3816 2753 3879 42).
2814 3818 3046 3871 Coronea
3101 3815 3261 3871 enim
3331 3816 3457 3871 dies
3510 3813 3804 3884 expectatur

439 3922 654 3980 corpus
684 3906 966 3971 occidere,
998 3904 1256 3960 animam
1288 3910 1482 3959 autem
1509 3921 1624 3959 non
1656 3909 1844 3975 potest
1874 3906 2081 3975 (Matth.
2195 3911 2267 3965 ab
2299 3908 2603 3973 omnibus;
2660 3909 2725 3960 ut
2766 3906 2920 3960 intra
2962 3922 3012 3960 ei
3039 3921 3095 3960 m
3147 3905 3307 3960 diem
3361 3909 3418 3960 et
3459 3902 3587 3959 victi
3631 3898 3802 3955 erube-

434 4014 491 4063 x,
521 3997 658 4069 28)?
688 3996 768 4052 De
797 4012 915 4067 qua
944 3995 1086 4049 dicit
1114 3993 1403 4065 Propheta
1433 4008 1446 4046 ι
1481 3994 1676 4047 Anima
1707 4009 1827 4048 mea
1859 3997 1918 4048 in
1962 4012 2085 4049 ma-
2192 4001 2361 4054 scant
2416 4000 2472 4051 et
2518 3995 2762 4051 victores
2811 3993 3069 4066 palmam
3123 3994 3528 4065 adipiscantur
3566 3984 3799 4045 victoriae.

353 4107 362 4120 ·
432 4087 599 4142 nibus
629 4086 739 4142 tuis
763 4100 975 4157 semper
1003 4083 1176 4155 (Psal.
1209 4099 1399 4150 cxvm,
1437 4081 1581 4153 109).
1617 4081 2080 4156 Semper,inquit,
2193 4086 2340 4143 Illud
2392 4101 2624 4157 quoque
2672 4101 2787 4140 non
2836 4083 3073 4154 reliquit
3116 4082 3419 4138 occultum
3451 4098 3516 4137 eo
3544 4077 3685 4151 quod
3720 4090 3800 4130 su-

434 4174 641 4231 nonin
674 4178 955 4246 tempore-
2190 4176 2446 4249 perieres
2493 4174 2802 4229 videantur
2845 4172 2942 4245 qui
2995 4175 3128 4228 ante
3175 4170 3440 4243 generati
3488 4170 3638 4234 sunt,
3664 4163 3801 4219 infir-

504 4264 594 4319 44.
634 4264 705 4319 Et
740 4267 805 4319 tu
845 4260 1195 4318 commenda
1246 4261 1503 4315 animam
1562 4264 1727 4315 tuam
1766 4260 1825 4316 in
1868 4278 2080 4317 manus
2190 4264 2405 4320 miores
2454 4263 2554 4334 qui
2602 4266 2824 4334 postea.
2875 4259 3246 4332 Comparavit
3294 4259 3454 4316 enim
3501 4262 3656 4313 utero
3702 4266 3804 4306 mu-

431 4351 709 4408 Domini:
744 4368 861 4407 non
910 4351 1104 4407 solum
1148 4366 1284 4405 cum
1337 4348 1554 4405 recedit
1598 4365 1629 4404 e
1676 4365 1932 4421 corpore,
1976 4351 2079 4405 sed
2188 4353 2347 4409 lieris
2404 4355 2607 4424 partus
2674 4350 2854 4421 hujus
2926 4348 3121 4404 saeculi
3191 4349 3288 4419 (ιν
3364 4348 3518 4404 Esdr.
3582 4362 3635 4410 v,
3683 4339 3799 4410 53);

432 4440 612 4496 etiam
638 4456 770 4494 cum
805 4444 893 4496 est
922 4440 982 4494 in
1004 4455 1259 4511 corpore,
1292 4445 1379 4493 est
1409 4438 1466 4492 in
1500 4438 1777 4493 manibus
1806 4438 2075 4505 Domini;
2187 4442 2464 4515 quoniam
2497 4441 2765 4496 fortiores
2794 4444 2933 4493 sunt
2988 4438 3090 4510 qui
3139 4438 3200 4493 in
3243 4439 3557 4510 juventute
3599 4428 3800 4488 virtutis

432 4527 572 4600 quia
602 4543 717 4583 non
748 4527 911 4582 vides
957 4543 1086 4582 eam
1134 4528 1289 4582 unde
1335 4527 1548 4589 veniat,
1582 4530 1682 4581 aut
1719 4540 1834 4599 quo
1877 4528 2068 4582 vadat.
2108 4548 2152 4611 D
2185 4531 2305 4588 nati
2336 4535 2495 4595 sunt,
2529 4529 2879 4584 inﬁrmiores
2908 4527 3010 4599 qui
3044 4531 3311 4599 tempore
3355 4522 3684 4583 senectutis.
3716 4518 3798 4573 Dc-

430 4616 533 4674 Εει
560 4615 718 4672 θῐιίω
745 4614 804 4669 in
833 4619 911 4680 te.
941 4619 999 4669 et
1022 4620 1110 4669 est
1138 4630 1271 4669 cum
1303 4614 1439 4669 DeO-
1472 4614 1732 4686 Denique
1770 4631 1869 4670 001‘
1916 4616 2069 4686 regis
2108 4607 2142 4611 r
2181 4622 2318 4677 fecit
2347 4619 2504 4675 enim
2538 4617 2910 4673 multitudine
2944 4616 3346 4688 generationis
3397 4615 3506 4671 hoc
3553 4607 3799 4669 saeculum

428 4707 489 4762 in
522 4721 702 4761 manu
732 4703 983 4769 Domini,
1008 4703 1165 4758 etab
1204 4719 1271 4757 eo
1321 4702 1539 4775 regitur
1590 4708 1648 4757 et
1690 4704 2068 4775 gubernatur.
2180 4706 2461 4772 tanquam
2498 4697 2671 4753 vulva
2718 4696 3072 4770 generantis,
3105 4701 3163 4752 et
3192 4699 3481 4768 tanquam
3528 4699 3800 4748 senescens

425 4795 536 4853 Cor
564 4792 823 4867 repletur
847 4800 1060 4859 mente,
1093 4791 1233 4865 quia
1279 4807 1445 4847 mens
1492 4792 1700 4846 animae
1750 4792 2073 4865 principale
2180 4795 2446 4846 creatura
2471 4788 2650 4843 robur
2667 4786 2993 4858 juventutis
3024 4802 3143 4841 suae
3187 4785 3350 4841 velut
3399 4779 3670 4840 marcenti
3695 4777 3798 4849 jam

425 4888 597 4952 est,et
624 4883 813 4939 virtus
842 4881 1203 4937 animae.Non
1234 4896 1363 4935 eam
1395 4878 1669 4935 virtutem
1700 4880 1829 4936 dico
1852 4898 1978 4953 quae
2012 4882 2069 4937 in
2177 4879 2391 4934 virium
2423 4892 2663 4932 suarum
2693 4876 2912 4948 vigore,
2946 4874 3203 4947 deponit.
3740 4951 3749 4961 .

423 4971 679 5041 lacertis,
710 4972 811 5029 sed
843 4988 968 5044 quae
998 4969 1059 5025 in
1090 4967 1370 5032 consiliis,
1398 4969 1803 5040 temperantia.
1838 4969 2069 5040 pietate,
2251 4969 2336 5021 47.
2370 4971 2514 5038 Ergo
2558 4966 2699 5021 dum
2749 4968 3119 5037 exspectatur
3164 4962 3483 5051 plenitudo
3525 4966 3797 5051 temporis.

426 5041 987 5137 atquejustitia—est.
1011 5059 1070 5117 Si
1102 5076 1199 5115 cor
1224 5057 1479 5115 hominis
1513 5056 1569 5113 in
1605 5075 1782 5113 manu
1814 5058 2067 5125 Domini,
2180 5060 2517 5128 exspectant
2550 5055 2757 5110 animae
2792 5052 3327 5133 remunerationem
3358 5050 3631 5107 debitam.
3661 5041 3797 5099 Alias

496 5205 622 5279 (28)
643 5206 875 5279 Cunctae
905 5204 1067 5271 edit.,
1101 5205 1327 5259 mortem
1350 5217 1460 5257 non
1490 5203 1701 5279 recipit,
1742 5217 1850 5257 non
1894 5204 2071 5279 mori-
2181 5204 2485 5279 octo_mss.
2518 5201 2725 5279 a‘c‘vet.
2757 5195 2923 5279 edit.,
2942 5201 3137 5279 tamen
3165 5196 3299 5267 quia
3327 5194 3797 5279 arl‘teriusestﬁau-

426 5264 681 5348 tur,Ms.
715 5276 1031 5348 aliquot,...
1055 5264 1191 5345 ergo
1216 5290 1328 5330 non
1357 5264 1836 5338 moritur,Deccm
1868 5278 2067 5329 autem
2179 5289 2259 5348 sa.
2296 5272 2461 5348 Rom.
2495 5269 2725 5335 edit.,...
2763 5264 3000 5348 altioris.
3026 5273 3105 5324 est
3123 5264 3580 5348 cauam.‘Reliqui
3605 5273 3795 5348 mss:-

429 5345 687 5404 melioris
716 5333 842 5416 aevi‘,
874 5333 1026 5403 ut'in
1058 5333 1237 5402 teitu.
1598 5333 1606 5338 ⁷
1751 5414 1776 5416 α
1982 5415 2012 5416 η
2179 5345 2408 5416 alterius
2437 5349 2514 5397 est
2540 5333 2743 5406 causae,
2785 5339 2894 5395 hoc
2919 5342 3029 5406 est,
3080 5340 3153 5395 ad
3199 5338 3365 5393 aliud
3414 5333 3796 5407 argumentum

499 5416 613 5487 (29)
645 5418 729 5473 lta
756 5414 953 5491 plures
984 5418 1356 5543 potioresque
1406 5433 1547 5472 mss.
1581 5432 1615 5470 a
1663 5414 1879 5486 quibus
1926 5415 2066 5470 edit.
2179 5414 2457 5487 pertinet.
3100 5483 3110 5494 .
3366 5481 3375 5491 .
3442 5480 3452 5489 ο

524 5492 753 5543 tantum
784 5489 1093 5543 dissident.
1122 5507 1238 5543 auu
1308 5488 1525 5543 habent
1555 5486 1655 5543 Sed
1684 5503 1769 5543 ne.
1803 5492 1911 5542 etc.
1953 5486 2069 5542 Alii
2251 5485 2364 5543 (30)
2396 5482 2570 5540 Solus
2596 5481 2775 5538 codex
2801 5481 2861 5537 S.
2902 5475 3007 5538 Th.
3048 5481 3199 5537 Sicut
3242 5494 3451 5535 novissi

427 5473 1093 5561 eo‘tantum‘dissidént,
1122 5473 1277 5561 quod
1308 5486 1655 5561 habentgsied
1679 5473 1769 5556 ne,
1803 5492 1911 5542 etc.
1953 5486 2069 5542 Alii
2179 5473 2364 5561 1(30)
2396 5482 2570 5540 Solus
2596 5481 2775 5561 codex
2801 5481 2861 5537 S.
3048 5481 3208 5561 Sicut_
3242 5480 3660 5561 nouissimorum

428 5541 1769 5632 eis;iniiiniipéeaafmagnavir-mat
1797 5541 1913 5613 est:
1938 5575 2069 5630 par-
2178 5541 2461 5632 diias'non
2487 5553 2828 5623 excludetur,
2857 5555 2937 5613 sic
2976 5568 3075 5612 nec
3112 5553 3373 5630 priorum
3415 5548 3658 5608 velocitas
3685 5541 3798 5598 ante

426 5629 741 5709 tim...Quod
768 5629 1080 5706 specialiter
1110 5630 1319 5691 Christi
1350 5629 1677 5691 est.Rursus
1708 5634 1840 5708 post
1858 5645 2065 5707 pauca,
2180 5629 2527 5691 admittetur.
