4012 6192
224 392 318 455 589

1389 396 1617 459 LIBER
1663 396 1763 459 DE
1806 398 2018 460 BONO
2065 399 2383 461 MORTIS.

3472 356 3605 463 590'

220 531 383 581 manet
408 542 600 597 poma,
639 525 777 581 alias
807 526 1030 599 gloria:
1064 533 1121 583 et
1150 532 1344 585 tamen
1396 546 1501 585 nec
1552 530 1662 583 illa;
1694 531 1835 586 inte-
1864 532 1917 597 Α
1944 531 2056 602 55).
2119 531 2379 603 Denique
2436 536 2597 587 sexto
2655 532 2859 587 ordine
2920 531 3422 588 demonstrabitur
3492 533 3586 601 iis,

212 613 308 669 rim
335 614 454 669 sine
484 614 723 685 injuria,
758 631 863 670 nec
892 615 1019 671 ista:
1052 617 1179 673 sine
1211 618 1400 673 fructu
1435 618 1745 673 sunt.Nam
1780 624 1838 674 et

210 703 305 759 illae
326 702 584 759 videntes
616 704 987 760 servantibus
1017 704 1204 777 legem
1231 706 1327 763 Dei
1361 707 1675 779 repositam
1709 723 1836 763 esse

214 792 512 848 mercedem
555 791 774 864 gloriae,
825 795 1155 850 conservari
1203 812 1407 851 earum
1479 796 1551 851 ab
1611 795 1835 868 angelis

206 879 538 944 habitacula,
572 880 689 936 sibi
718 885 916 937 autem
940 883 1436 940 dissimulationis
1451 888 1508 940 et
1538 888 1835 940 contuma-

204 970 291 1026 cia
320 968 601 1042 supplicia
628 970 842 1039 futura,
877 975 931 1027 et
962 972 1246 1042 pudorem
1278 977 1336 1028 et
1384 973 1790 1029 confusionem
1816 991 1830 1041 ;

206 1062 278 1127 ut,
310 1059 595 1115 intuentes
624 1057 871 1132 gloriam
902 1060 1209 1129 Altissimi,
1246 1062 1595 1118 erubescant
1623 1061 1682 1117 in
1705 1063 1832 1133 ejus

196 1151 557 1220 conspectum
608 1147 826 1217 venire,
876 1149 1047 1219 cujus
1079 1150 1356 1205 mandata
1404 1151 1829 1207 temeraverint.

194 1236 342 1291 Sicut
406 1235 565 1291 enim
614 1236 1011 1307 praevaricatio
1058 1240 1219 1308 Adae,
1280 1239 1362 1295 ita
1416 1244 1473 1295 et
1520 1240 1828 1307 confusio;

198 1325 462 1396 quoniam
494 1324 648 1379 sicut
678 1323 772 1379 ille
800 1342 899 1396 per
933 1326 1218 1382 incuriam
1260 1329 1668 1391 mandatorum
1718 1345 1829 1382 cce-

193 1413 418 1469 Iestium
450 1413 652 1484 lapsus
684 1418 792 1479 est,
824 1420 881 1469 et
921 1415 1140 1485 pudore
1172 1433 1233 1471 se
1278 1415 1666 1488 prolapsionis
1697 1417 1830 1471 abs-

189 1501 395 1565 condit,
433 1499 717 1571 fulgorem
752 1500 961 1555 divinze
987 1503 1309 1573 praesentiae
1330 1504 1677 1558 verecundia
1707 1520 1831 1575 pec-

182 1588 407 1643 catricis
439 1588 811 1643 conscientiae
843 1590 1042 1645 subire
1075 1608 1190 1645 non
1226 1608 1407 1646 ausus
1442 1610 1453 1647 :
1510 1592 1587 1645 ita
1618 1597 1673 1647 et
1704 1592 1826 1647 ani-

181 1695 282 1732 ma:
313 1682 686 1748 peccatorum
718 1678 1004 1734 vibrantis
1034 1678 1275 1735 luminis
1297 1681 1424 1751 ejus
1455 1680 1825 1752 splendorem

180 1782 287 1821 non
336 1765 735 1829 sustinebunt,
797 1783 911 1837 quo
955 1772 1102 1823 teste
1147 1768 1600 1824 reminiscentur
1645 1785 1829 1823 erras-

179 1871 255 1910 ΒΘ.

816 1925 1047 1982 CAPUT
1090 1926 1182 1982 XI.

179 1996 382 2068 Septem
426 1995 655 2070 ordines
694 1998 891 2068 quibus
930 1998 1137 2067 digesta
1181 2002 1285 2054 erit
1320 2003 1440 2070 post
1489 2000 1631 2055 hanc
1662 2002 1827 2055 vitam

234 2070 515 2141 justorum
545 2068 759 2141 laetitia,
791 2085 962 2140 estpon
974 2072 1035 2139 it,
1056 2073 1218 2141 atque
1233 2079 1292 2125 ut
1313 2068 1549 2127 studiose
1569 2072 1639 2127 ad
1656 2073 1825 2127 Deum

240 2140 440 2213 anima
477 2139 820 2205 accedamus,
860 2139 1037 2210 neque
1062 2139 1228 2211 ﬁnem
1274 2144 1406 2199 vita:
1443 2145 1821 2213 perhorresca-

245 2226 386 2276 mus,
420 2210 690 2265 hortatur.

246 2299 331 2353 48.
395 2299 703 2354 Justarum
786 2304 981 2355 autem
1045 2302 1372 2356 animarum
1437 2319 1539 2375 per
1594 2302 1824 2356 ordines

183 2388 460 2457 quosdam
494 2387 720 2460 digesta
750 2388 862 2443 erit
890 2388 1093 2444 laetitia
1127 2390 1217 2460 (IV
1252 2390 1402 2446 Esdr.
1458 2408 1558 2457 vn,
1594 2392 1661 2445 49
1706 2392 1819 2460 55).

185 2475 456 2542 Primum,
495 2477 647 2547 quod
679 2476 922 2532 vicerint
953 2493 1206 2541 carnem,
1241 2496 1346 2534 nec
1378 2479 1665 2534 illecebris
1696 2481 1823 2545 ejus

183 2563 394 2619 inﬂexae
443 2564 587 2620 sint.
642 2565 880 2634 Deinde,
930 2568 1084 2638 quod
1137 2584 1241 2639 pro
1281 2569 1464 2640 pretio
1491 2568 1823 2624 sedulitatis

185 2658 235 2707 et
260 2653 605 2709 innocentia:
636 2670 778 2718 suac,
822 2656 1133 2710 securitate
1189 2658 1506 2727 potiantur,
1559 2674 1662 2711 nec
1691 2658 1820 2728 qui-

186 2741 423 2797 busdam
457 2743 612 2798 sicut
640 2742 955 2815 impiorum
989 2743 1195 2799 animae
1245 2746 1540 2800 erroribus
1589 2751 1645 2800 et
1690 2762 1821 2818 per-

188 2830 609 2886 turbationibus
637 2832 750 2901 (3l)
783 2833 934 2887 409
990 2832 1384 2904 implicentur,
1426 2839 1601 2906 atque
1651 2834 1819 2890 vitio-

191 2933 306 2973 rum
334 2936 575 2975 suorum
607 2920 891 2975 memoria
918 2924 1325 2991 torqueantur,
1371 2927 1428 2976 et
1456 2921 1824 2993 exagitentur

190 3005 526 3077 quibusdam
560 3023 834 3062 curarum
868 3008 1124 3064 testibus.
1157 3008 1372 3077 Tertio,
1407 3010 1560 3080 quod
1585 3015 1821 3065 servata:

189 3112 217 3147 a
243 3111 301 3149 se
324 3095 471 3168 legis
501 3095 698 3151 divino
729 3096 1066 3152 testimonio
1099 3097 1506 3162 fulciantur,ut
1536 3097 1819 3152 factorum

188 3199 414 3239 suorum
446 3184 736 3239 incertum
775 3201 1052 3256 supremo
1099 3185 1317 3256 judicio
1361 3202 1474 3241 non
1513 3190 1821 3240 vereantur

1945 619 2095 689 quod
2126 617 2321 673 vultus
2353 636 2553 674 earum
2601 620 2754 674 sicut
2794 620 2877 676 sol
2926 621 3167 693 incipiat
3195 619 3503 693 refulgere)
3534 625 3592 676 et

1944 706 2247 762 stellarum
2279 707 2607 763 luminibus
2639 710 2963 781 comparari
2989 710 3131 781 :_qui
3163 714 3358 785 tamen
3397 708 3592 781 fulgor

1943 812 2141 850 earum
2172 796 2559 868 corruptelam
2588 797 2715 868 jam
2747 798 2965 854 sentire
2994 815 3109 853 non
3170 798 3374 870 possit.
3410 797 3591 870 Septi-

1946 900 2081 938 mus
2111 901 2244 939 vero
2275 886 2414 940 ordo
2460 885 2509 940 is
2548 886 2676 953 erit,
2731 890 2797 940 ut
2851 885 3141 941 exsultent
3182 902 3315 941 cum
3350 887 3585 955 fiducia,

1943 976 2000 1027 et
2028 973 2155 1028 sine
2182 972 2302 1028 ulla
2333 975 2702 1029 cunctatione
2730 974 3044 1042 confidant,
3079 979 3135 1030 et
3166 975 3293 1030 sine
3328 976 3590 1048 trepida-

1941 1060 2099 1116 tione
2131 1061 2417 1129 laetentur,
2454 1063 2796 1118 festinantes
2826 1062 3055 1119 vultum
3088 1065 3216 1134 ejus
3246 1063 3459 1131 videre,
3494 1063 3587 1118 cui

1943 1149 2160 1205 sedulae
2192 1150 2490 1206 servitutis
2520 1151 2801 1223 obsequia
2822 1151 3197 1209 detulerunt:
3251 1152 3323 1207 de
3353 1168 3466 1224 quo
3498 1153 3586 1206 in-

1943 1238 2124 1294 noxiae
2157 1239 2521 1295 conscientia:
2553 1240 2948 1295 recordatione
2974 1244 3336 1312 praasumant
3374 1239 3588 1313 glorio-

1941 1343 2064 1382 sam
2101 1329 2425 1383 mercedem
2480 1328 2699 1383 laboris
2751 1329 2966 1400 exigui,
3019 1344 3192 1399 quam
3241 1327 3586 1400 incipientes

1942 1416 2215 1486 recipere,
2247 1421 2645 1489 cognoverunt
2674 1417 2948 1488 indignas
2980 1433 3108 1471 esse
3134 1417 3313 1486 hujus
3358 1421 3583 1488 tempo-

1940 1502 2021 1556 ris
2054 1504 2379 1573 passiones,
2413 1504 2628 1575 quibus
2688 1503 3176 1558 remunerationis
3206 1508 3431 1558 seternae
3461 1502 3583 1575 glo-

1940 1590 2024 1644 ria
2056 1597 2215 1645 tanta
2248 1593 2511 1647 refertur.
2574 1592 2676 1647 llic
2726 1594 2887 1657 ordo,
2946 1592 3138 1664 inquit
3177 1594 3269 1662 (IV
3315 1592 3469 1646 Esdr.
3504 1608 3581 1659 Ix,

1935 1682 1967 1733 7
2000 1680 2111 1741 40).
2145 1682 2495 1749 animarum,
2529 1699 2655 1761 quax
2686 1687 2825 1736 sunt
2873 1683 3194 1752 justorum,
3229 1697 3376 1752 quas
3406 1682 3582 1737 etiam

1937 1769 2302 1825 immortales
2336 1787 2451 1825 non
2485 1770 2773 1826 dubitavit
2802 1770 2991 1825 dicere
3022 1770 3080 1824 in
3111 1770 3315 1840 quinto
3346 1770 3580 1837 ordine;

1855 1891 1903 1956 B
1937 1873 2002 1913 eo
2033 1859 2185 1929 quod
2221 1859 2501 1930 spatium,
2536 1859 2748 1930 inquit,
2781 1858 3068 1929 incipiunt
3099 1857 3353 1929 recipere
3383 1859 3581 1913 fruen-

1933 1953 2022 2002 tes
2052 1952 2110 2002 et
2141 1948 2520 2003 immortales.
2558 1949 2688 2003 Hac
2714 1951 2821 2013 est,
2870 1947 3080 2019 inquit,
3113 1946 3348 2017 requies
3379 1962 3581 2002 earum

1933 2051 2037 2107 per
2065 2040 2288 2107 septem
2318 2037 2573 2103 ordines,
2608 2040 2665 2089 et
2690 2036 2896 2090 futuras
2927 2036 3121 2107 glorize
3140 2035 3331 2107 prima
3352 2036 3585 2107 perfun-

1934 2123 2066 2191 ctio,
2128 2124 2474 2195 priusquam
2546 2124 2605 2178 in
2678 2123 2802 2179 suis
2863 2123 3323 2179 habitationibus
3371 2123 3580 2195 quietae

1934 2213 2405 2285 congregationis
2476 2229 2717 2267 munere
2795 2213 3187 2284 perfruantur.
3263 2212 3426 2268 Unde
3502 2212 3583 2267 ait

1934 2301 2218 2372 propheta
2250 2302 2319 2356 ad
2354 2300 2627 2373 angelum
2656 2318 2668 2355 :
2710 2302 2857 2372 Ergo
2906 2301 3142 2356 dabitur
3188 2305 3425 2373 tempus
3455 2300 3580 2356 ani-

1933 2392 2165 2455 mabus,
2200 2395 2508 2462 postquam
2543 2394 2822 2461 separata:
2846 2390 3061 2444 fuerint
3091 2390 3163 2444 de
3214 2390 3578 2461 corporibus,

1932 2483 1996 2532 ut
2025 2477 2257 2533 videant
2304 2494 2372 2532 ea
2418 2478 2712 2547 quomodo
2762 2477 2959 2532 dixisti
3012 2478 3103 2547 (IV
3146 2478 3300 2532 Esdr.
3354 2495 3429 2546 IX,
3479 2479 3578 2533 23-

1928 2568 2040 2636 28).
2091 2566 2161 2619 Et
2207 2565 2352 2620 dixit
2393 2565 2675 2637 angelus:
2726 2566 2962 2636 Septem
3009 2564 3135 2620 dies
3183 2564 3294 2620 erit
3340 2564 3579 2621 libertas

1932 2671 2155 2718 earum,
2185 2658 2249 2708 ut
2275 2654 2528 2719 videant,
2563 2655 2619 2707 in
2655 2658 2877 2724 septem
2908 2653 3136 2719 diebus,
3189 2653 3288 2725 qui
3319 2653 3578 2724 pradicti

1932 2749 2071 2797 sunt
2103 2758 2424 2810 sermones,
2447 2747 2504 2797 et
2524 2746 2725 2813 postea
2744 2741 3326 2813 congregabunturin
3348 2742 3575 2797 habita-

1931 2831 2077 2888 culis
2108 2831 2251 2886 suis.
2288 2832 2415 2886 llrec
2447 2832 2576 2885 ideo
2603 2830 2832 2902 plenius
2850 2832 2921 2885 de
2942 2830 3241 2900 justorum
3271 2830 3578 2886 ordinibus

1930 2937 2204 2993 expressa
2251 2926 2408 2985 sunt,
2454 2936 2630 2991 quam
2682 2921 2753 2974 de
2803 2920 3177 2990 passionibus
3224 2916 3573 2992 impiorum:

1931 3011 2071 3082 quia
2102 3008 2312 3064 melius
2361 3014 2451 3063 est
2499 3024 2849 3080 cognoscere
2892 3009 3184 3078 quomodo
3237 3008 3577 3063 innocentes

1930 3098 2246 3163 salvantur,
2281 3114 2457 3169 quam
2490 3097 2781 3169 quomodo
2815 3096 3149 3151 crucientur
3207 3095 3503 3168 ﬂagitiosi.

2002 3188 2155 3242 410
2188 3187 2273 3241 49.
2310 3186 2456 3258 Ergo
2488 3184 2626 3256 quia
2661 3185 2809 3255 justi
2842 3184 2993 3238 hanc
3046 3184 3577 3240 remunerationem

187 3277 443 3328 eventum
510 3274 644 3343 (39.).
695 3254 932 3339 Quarto,
983 3254 1122 3346 quia
1168 3274 1460 3346 incipiunt
1500 3274 1819 3347 intelligere
1848 3254 1891 3320 C
1930 3276 2147 3331 habent
2177 3276 2258 3346 (S.
2292 3254 2437 3345 Aug.
2473 3254 2573 3328 lib.
2626 3254 2682 3328 Iv
2734 3273 2934 3328 Contra
2975 3274 3112 3328 duas
3161 3274 3317 3344 epist.
3364 3274 3572 3345 pelag.,

185 3361 433 3431 requiem
465 3378 659 3428 suam,
692 3368 750 3417 et
782 3363 1035 3418 futuram
1067 3362 1158 3417 sui
1189 3363 1433 3436 gloriam
1484 3364 1817 3436 praevidere,

186 3464 360 3520 eaque
406 3466 468 3505 se
511 3450 908 3506 consolatione
956 3451 1301 3514 mulcentes,
1362 3452 1418 3505 in
1468 3450 1819 3506 habitaculis

1926 3382 1975 3420 c.
2012 3364 2122 3431 ll),
2155 3368 2219 3417 ut
2246 3362 2481 3417 videant
2512 3362 2715 3416 faciem
2752 3362 2870 3424 Dei,
2904 3364 2962 3415 et
3007 3360 3206 3415 lumen
3239 3359 3385 3431 illud
3418 3360 3574 3431 quod

1926 3452 2222 3507 illuminat
2253 3466 2486 3505 omnem
2519 3449 2838 3515 hominem,
2872 3448 3086 3504 abhinc
3116 3448 3436 3504 induamus
3469 3448 3579 3503 hu-

184 3536 299 3592 suis
328 3555 461 3594 cum
494 3555 713 3610 magna
741 3540 1166 3611 tranquillitate
1196 3539 1561 3612 requiescant
1591 3540 1818 3611 stipata:
1921 3539 2184 3612 jusmodi
2216 3537 2499 3605 studium,
2536 3541 2597 3591 ut
2644 3537 3075 3609 apprOpinquet
3101 3555 3114 3605 ;
3148 3539 3346 3611 anima
3375 3542 3578 3593 nostra

185 3627 460 3695 praesidiis
491 3627 858 3699 angelorum.
892 3628 1365 3694 Quintus'autem
1398 3629 1540 3683 ordo
1570 3627 1819 3683 exsulta-

186 3712 355 3770 tionis
405 3716 716 3771 uberrimae
768 3716 945 3772 habet
985 3718 1357 3784 suavitatem,
1412 3718 1565 3788 quod
1616 3734 1684 3773 ex
1715 3718 1821 3772 hoc

183 3804 577 3876 corruptibilis
612 3805 872 3877 corporis
900 3822 1126 3861 carcere
1152 3805 1211 3859 in
1240 3804 1429 3860 lucem
1461 3805 1822 3860 libertatem-

179 3905 309 3961 que,
344 3894 736 3963 pervenerint,
770 3898 828 3949 et
856 3893 1272 3965 repromissum
1326 3893 1436 3947 sibi
1486 3892 1827 3965 possideant

179 3977 595 4037 hereditatem.
628 3982 732 4037 Est
759 3983 918 4037 enim
979 3982 1119 4037 ordo
1168 3982 1404 4053 quietis,
1455 3982 1595 4054 quia
1637 3984 1726 4038 est
1769 3988 1827 4036 et

178 4069 661 4125 resurrectionis:
710 4073 868 4127 Sicut
929 4073 1077 4126 enim
1144 4073 1205 4126 in
1255 4072 1426 4126 Adam
1481 4086 1665 4127 omnes
1710 4086 1826 4125 mo-

174 4158 422 4225 riuntur,
482 4160 563 4214 ita
615 4168 667 4214 et
722 4161 779 4213 in
835 4160 1064 4230 Christo,
1106 4160 1318 4232 inquit,
1368 4160 1828 4230 omnesm’viﬁca—

172 4244 404 4301 buntur.
463 4249 840 4319 Unusquisque
888 4256 1066 4304 autem
1113 4251 1173 4303 in
1224 4249 1414 4305 ordine
1456 4266 1551 4305 suo
1581 4267 1598 4302 :
1627 4250 1826 4321 primi-

170 4336 271 4389 tiae
334 4336 602 4401 Christus,
662 4338 762 4409 qui
817 4341 948 4392 sunt
1010 4336 1232 4404 Christi,
1290 4339 1387 4409 qui
1432 4339 1493 4391 in
1538 4339 1833 4392 adventum

165 4424 285 4490 ejus
314 4425 689 4490 crediderunt,
737 4425 935 4481 deinde
994 4427 1123 4496 ﬁnis
1182 4426 1229 4488 (I
1286 4426 1405 4481 Cor.
1464 4443 1557 4494 xv,
1612 4426 1827 4497 22-34).

169 4510 297 4565 Brit
330 4512 513 4584 igitur
541 4514 683 4569 ordo
714 4515 982 4570 diversus
1033 4515 1315 4570 claritatis
1346 4519 1404 4570 et
1432 4514 1648 4587 glorias.
1684 4515 1835 4570 sicut

1930 3630 2066 3694 Deo,
2101 3626 2526 3699 appropinquet
2554 3626 2759 3691 oratio,
2815 3625 3107 3681 adhaereat
3164 3625 3249 3681 illi
3304 3631 3575 3682 nostrum

1932 3716 2312 3779 desiderium,
2345 3731 2458 3769 non
2492 3730 2834 3786 separemur
2863 3715 2933 3768 ab
2966 3730 3051 3769 eo.
3100 3715 3168 3768 Et
3212 3715 3306 3769 hic
3337 3714 3571 3786 quidem

1932 3805 2128 3878 positi,
2195 3803 2551 3870 meditando,
2642 3800 2906 3872 legendo,
2986 3804 3318 3873 querendo,
3397 3819 3574 3874 copu-

1932 3895 2123 3950 lemur
2180 3893 2315 3961 Deo,
2351 3907 2773 3963 cognoscamus
2819 3906 2955 3946 eum
3005 3895 3071 3945 ut
3119 3906 3459 3961 possumus.
3492 3890 3575 3944 Ex

1936 3993 2095 4057 parte
2137 3982 2293 4037 enim
2347 3981 2443 4035 hic
2493 3979 2923 4052 cognoscimus,
2976 3979 3116 4050 quia
3161 3978 3257 4033 hic
3304 3979 3578 4050 imperfe-

1938 4078 2048 4137 cta,
2081 4072 2200 4126 illic
2232 4070 2486 4141 perfecta
2516 4068 2713 4124 omnia
2745 4086 2757 4122 :
2809 4068 2904 4123 hic
2954 4068 3201 4141 parvuli,
3252 4066 3370 4122 illic
3401 4066 3580 4147 rebus

1938 4164 2034 4217 sti.
2070 4160 2337 4226 Videmus,
2369 4159 2581 4230 inquit,
2612 4174 2760 4212 nunc
2784 4174 2888 4229 per
2914 4158 3195 4228 speculum
3223 4159 3283 4211 in
3312 4157 3581 4229 zgnima-

1937 4256 2009 4319 te,
2042 4253 2171 4305 tunc
2229 4251 2412 4303 autem
2454 4249 2596 4318 facie
2653 4246 2721 4301 ad
2778 4249 2976 4316 [aciem
3017 4246 3067 4316 (Ι
3119 4249 3241 4303 Cor.
3300 4262 3424 4315 xm,
3465 4245 3579 4315 42).

1939 4341 2103 4394 Tunc
2182 4337 2434 4392 revelata
2516 4335 2659 4389 faeie
2734 4334 2978 4407 gloriam
3056 4334 3289 4388 Domini
3374 4348 3581 4405 specu-

1939 4428 2046 4484 lari
2078 4426 2294 4489 licebit,
2328 4441 2503 4496 quam
2537 4440 2691 4477 nunc
2723 4424 2930 4477 animae
2963 4424 3222 4494 corporis
3238 4423 3415 4493 hujus
3446 4438 3584 4478 con-

1945 4516 2119 4573 cretis
2147 4514 2470 4570 visceribus
2530 4510 2823 4576 involutae,
2880 4517 2939 4566 et
2988 4512 3346 4583 quibusdam
3392 4511 3586 4567 carnis

166 4598 283 4654 erit
310 4602 460 4655 ordo
502 4602 870 4659 meritorum.
925 4602 1238 4659 Processus
1288 4619 1521 4674 quoque
1559 4604 1833 4658 ordinum
1863 4618 1910 4682 D
1941 4606 2121 4677 hujus
2152 4602 2399 4658 maculis
2425 4607 2482 4656 et
2510 4599 2942 4656 colluvionibus
2971 4601 3330 4656 obumbratae
3362 4600 3588 4655 sincere

163 4702 522 4757 processum
557 4690 832 4762 exprimit
876 4691 1162 4747 claritatis
1206 4692 1303 4762 (IV
1340 4691 1531 4745 Esdra.
1585 4708 1683 4760 vn,
1735 4693 1830 4746 49-

248 4830 370 4906 ξ3-Ιᾼ)
404 4831 568 4906 Unus
615 4832 754 4906 Reg.
810 4834 1078 4906 codicum
1129 4834 1424 4889 terroribus
1468 4836 1519 4890 et
1551 4835 1837 4906 perturba-

172 4902 451 4977 tionibus.
485 4903 646 4968 Quod
683 4902 797 4960 non
830 4905 1122 4977 displicet.

246 4972 368 5044 (32)
402 4980 701 5047 Apparent
749 4972 987 5047 quidem
1035 4977 1227 5047 prima
1276 4976 1462 5033 fronte
1512 4976 1630 5031 hac
1660 4978 1836 5033 verba

172 5046 481 5120 contraria
510 5046 629 5120 illis
658 5046 785 5117 qua:
818 5046 918 5103 lib.
949 5065 989 5102 ιι
1026 5046 1100 5103 De
1160 5047 1297 5102 Cain
1333 5058 1385 5104 et
1434 5049 1584 5115 Abel,
1619 5066 1744 5120 cap.
1778 5052 1832 5115 2,

173 5128 351 5191 qum.
385 5118 569 5191 9,7sic
591 5118 774 5191 habes
798 5136 811 5172 :
838 5121 1089 5191 Solvitur
1114 5134 1338 5191 corpore
1374 5122 1587 5183 anima,
1635 5118 1835 5191 etpost

178 5182 356 5261 ﬁnem
388 5188 713 5261 vitaeﬁujus
757 5190 937 5246 adhuc
979 5194 1160 5246 tamen
1209 5182 1390 5261 'futuri
1431 5182 1686 5258 ambiguo
1715 5182 1835 5245 sus-

174 5256 463 5375 penditur.
496 5256 712 5315 Verum
748 5261 913 5315 facile
944 5262 1015 5316 ab
1047 5256 1388 5333 hujusmodi
1431 5256 1836 5317 contrarietate

202 5327 538 5375 lberahitnr
572 5332 910 5375 Amhrnaing
952 5332 996 5375 si
1030 5333 1468 5375 nnngirlnrpmnn
1492 5334 1690 5375 nllimn
1726 5333 1833 5375 inin

202 5327 538 5384 iberabitur
567 5332 1000 5399 Ambrosius,si
1030 5327 1468 5389 consideremus
1492 5334 1696 5388 ultima
1725 5333 1840 5388 ista

184 5409 313 5464 quae
370 5401 441 5455 ab
490 5418 558 5476 eo
612 5402 723 5476 loci
782 5408 1010 5459 tantum
1050 5404 1235 5460 obiter
1292 5406 1482 5476 posita
1528 5410 1685 5468 sunt,
1730 5404 1838 5459 hoc

188 5480 368 5546 sensu
391 5471 677 5546 explicari
710 5491 900 5546 posse,
954 5482 1016 5530 ut
1063 5471 1341 5531 nimirum
1392 5477 1590 5530 anima
1621 5493 1733 5529 non
1767 5476 1838 5531 de

190 5553 295 5629 tqua
326 5541 604 5600 felicitate
635 5541 937 5629 quamipsi
965 5548 1253 5629 cognitam
1263 5548 1692 5629 etexplorataxn
1712 5564 1839 5603 esse

192 5606 429 5691 Patrum
460 5606 793 5691 communis
840 5606 930 5674 est
975 5606 1215 5691 opinio,
1245 5606 1476 5675 dicatur
1519 5618 1835 5691 ambigere,

194 5683 293 5763 {sed
337 5687 411 5742 de
468 5690 914 5763 resurrectionis
971 5683 1038 5747 ac
1087 5683 1303 5763 judicii
1354 5690 1467 5760 die,
1515 5689 1634 5746 imo
1676 5683 1732 5747 Et
1767 5683 1839 5749 de

196 5751 439 5822 fratrum
490 5757 702 5837 salute,
752 5762 989 5842 quibus,
1038 5751 1347 5831 Ambrosio
1392 5751 1560 5833 teste,
1603 5777 1839 5845 compa-

1939 4695 2133 4750 videre
2182 4708 2299 4747 non
2353 4694 2620 4762 possunt.
2682 4690 2814 4756 Quis
2871 4691 3038 4759 enim,
3117 4689 3331 4762 inquit,
3382 4688 3585 4743 videbit

1942 4838 2108 4903 titur,
2142 4840 2207 4890 ut
2227 4836 2352 4906 jam
2386 4833 2444 4906 in
2476 4832 2874 4906 admonitione
2905 4833 2977 4906 ad
3007 4832 3163 4906 hunc
3194 4832 3409 4906 librum
3440 4827 3584 4883 dixi-

1943 4900 2102 4963 mus;
2131 4900 2278 4961 Nam
2308 4905 2356 4960 si
2387 4904 2457 4959 de
2491 4902 2677 4960 salute
2727 4904 2961 4975 propria
3008 4904 3097 4958 vir
3127 4907 3364 4958 sanctus
3395 4900 3583 4975 incer-

1945 4985 2063 5035 tam
2099 4982 2379 5050 putasset,
2416 4976 2528 5050 qui
2544 4971 2747 5050 eodem
2779 4971 2927 5050 libro
2958 4991 3084 5050 cap.
3116 4975 3171 5039 9,
3206 4988 3367 5050 num.
3389 4971 3584 5050 3t,__de

1936 5041 2117 5122 justis
2147 5041 2471 5122 demortuis
2500 5047 2743 5122 dixisset
2771 5064 2783 5100 :
2816 5049 2890 5122 Et,
2908 5041 3100 5122 merito
3134 5060 3239 5122 pro
3281 5041 3587 5122 viventibus

1946 5116 2250 5179 habentur;
2310 5121 2441 5190 quia
2497 5120 2617 5182 etsi,
2676 5119 2915 5188 corporis
2965 5116 3298 5190 gustaverint
3335 5117 3587 5190 mortem,

1943 5196 2114 5248 vitam
2144 5186 2331 5246 tamen
2376 5186 3041 5259 incorporeumrapiunt,
3089 5190 3139 5240 et
3191 5186 3587 5239 ittuminantur

1943 5281 2165 5320 suorum
2204 5261 2488 5353 splendore
2527 5258 2866 5353 Meritorum;
2916 5258 3033 5312 luce
3065 5272 3275 5353 quqque
3317 5259 3589 5353 lruuntur

2002 5340 2013 5353 ¹
2217 5335 2279 5353 ἵιι
2322 5350 2409 5353 _-_
2475 5347 2574 5353 -A-
2632 5345 2768 5353 ---Μ
2923 5345 3032 5353 “An
3112 5345 3141 5353 ..
3192 5345 3204 5353 .
3240 5344 3306 5353 ...η
3346 5343 3406 5353 Α..
3437 5344 3564 5353 Α---

1946 5340 2176 5391 aeterna.
2217 5328 2285 5387 Et
2314 5350 2438 5403 cap,
2474 5347 2596 5401 seq.
2632 5330 2888 5403 num.36,
2923 5345 3038 5403 non
3068 5328 3406 5382 dubitanter
3435 5344 3589 5403 asse-

1947 5408 2041 5473 rit,
2075 5405 2214 5474 quvd
2245 5408 2363 5474 ipsa
2384 5400 2515 5457 'vera
2548 5400 2599 5454 et
2618 5401 2789 5474 beata
2802 5401 2927 5474 vita
2954 5401 3051 5466 sit,
3092 5416 3257 5469 quam
3286 5400 3584 5474 unusquis-
3618 5420 3641 5447 ς

1981 5470 2048 5533 ue
2076 5470 2209 5533 bene
2238 5470 2482 5529 conscius
2511 5473 2645 5525 vivit
2673 5470 2843 5524 multo
2871 5473 3068 5541 purius
3109 5488 3174 5525 ac
3208 5470 3589 5537 beatius,’cum

1965 5541 2109 5621 iujus
2134 5548 2319 5621 carnis
2348 5545 2536 5598 anima
2568 5544 2753 5621 nostra
2773 5541 3078 5621 deposuerit
3098 5544 3457 5621 involucrum.
3531 5545 3592 5598 in

1947 5612 2108 5677 illum
2126 5618 2462 5693 superiorem
2489 5612 2739 5693 revelatis
2768 5614 2964 5685 locum,
2997 5614 3139 5673 unde
3176 5616 3378 5674 nostris
3404 5616 3590 5693 infusa

1946 5685 2306 5755 visceribus...
2340 5685 2628 5763 ingemuit.
