4122 6146
510 323 636 386 ‘59!

1920 326 1984 385 S.
2030 318 2405 388 AMBROSII

3762 333 3853 396 ε’)θῖ

521 459 731 514 vultum
755 471 959 528 meum,
987 461 1040 514 et
1067 459 1211 517 vivet
1238 458 1430 533 (Exod.
1460 474 1661 526 χχχιιι,
1689 459 1850 531 20.)?
1887 458 1956 514 Et
1986 461 2159 514 recte.
2192 460 2240 526 Α
2278 462 2343 514 ut
2370 456 2598 514 etiamsi
2631 473 2805 530 opera
2834 455 3047 525 desint,
3080 455 3223 514 fides
3253 455 3584 531 opituletur,
3626 462 3858 523 defenda-

522 534 669 607 Nam
698 545 749 602 si
778 536 920 603 sblis
950 542 1146 606 radios
1177 548 1329 605 oculi
1358 548 1542 605 nostri
1570 549 1717 604 terre
1749 564 1864 604 non
1893 552 2159 620 possunt,

523 635 580 691 et
608 631 658 690 si
687 634 821 707 quis
852 634 1075 693 diutius
1105 654 1136 693 e
1165 636 1394 711 regione
1424 637 1566 694 solis
1595 637 1928 704 intenderit,
1961 635 2164 692 caecari

523 720 709 780 solere
763 722 1139 797 perhibetur:
1208 724 1259 782 si
1329 732 1595 782 creatura
1649 730 1979 783 creaturam
2037 726 2165 779 sine

522 804 729 870 fraude
775 817 950 887 atque
997 814 1316 871 offensione
1372 815 1465 872 sui
1524 832 1641 871 non
1689 818 1879 887 potest
1926 814 2162 880 intueri,

524 896 815 973 quomodo
835 902 1161 974 potestsine
1182 903 1441 977 periculo
1463 920 1565 960 seu
1584 904 1910 960 vibrantem
1933 919 2167 959 cernere

522 986 748 1062 vultum
794 988 1083 1048 Creatoris
1131 992 1348 1060 interni,
1400 993 1660 1066 corporis
1710 992 1888 1064 hujus
1930 995 2168 1064 opertus

523 1070 792 1160 exuviis?
841 1079 981 1146 Quis
1011 1081 1167 1138 enim
1203 1081 1565 1154 justiﬁcatur
1603 1081 1663 1138 in
1697 1086 2012 1154 conspectu
2047 1080 2165 1147 Dei,

523 1158 658 1239 cum
689 1158 866 1225 unius
895 1166 1130 1244 quoque
1156 1170 1269 1228 diei
1317 1170 1512 1228 infans
1561 1172 1819 1227 mundus
1869 1188 1904 1226 a
1932 1174 2167 1243 peccato

523 1274 653 1321 esse
679 1246 797 1316 non
826 1260 1034 1333 possit,
1067 1263 1125 1317 et
1153 1276 1325 1318 nemo
1355 1262 1545 1334 possit
1575 1262 1647 1317 de
1673 1260 1766 1317 sui
1795 1260 1987 1316 cordis
2018 1258 2169 1316 inte-

523 1338 735 1418 gritate
764 1350 823 1404 et
848 1340 1195 1405 castimonia
1218 1347 1504 1422 gloriari?

593 1426 683 1492 50.
716 1433 845 1493 Non
872 1438 1189 1495 timeamus
1231 1436 1412 1510 igitur
1462 1438 1637 1511 recipi
1685 1438 1757 1493 ab
1807 1438 2168 1506 hominibus,

526 1522 641 1583 non
664 1534 971 1591 vereamur
1009 1526 1178 1583 illum
1219 1527 1484 1583 debitum
1531 1528 1807 1584 omnibus
1859 1528 2058 1595 finem,
2110 1526 2169 1582 in

524 1631 639 1687 quo
669 1608 885 1674 Esdras
916 1615 1448 1673 remunerationem
1494 1633 1613 1673 suae
1656 1616 1981 1672 devotionis
2012 1616 2169 1672 inve-

524 1705 630 1775 nit,
659 1698 886 1762 dicente
915 1704 968 1761 ei
992 1705 1279 1761 Domino:
1340 1706 1415 1760 Tu
1459 1706 1609 1762 enim
1653 1706 1937 1778 recipieris
1978 1705 2046 1760 ab
2076 1705 2170 1760 ho-

521 1788 784 1863 minibus,
828 1798 880 1850 et
920 1794 1326 1850 conversaberis
1372 1794 1653 1850 residuum
1698 1795 1811 1865 (33)
1864 1810 1987 1849 cum
2031 1794 2172 1851 Filio

521 1897 662 1950 meo,
692 1886 746 1938 et
773 1898 897 1938 cum
934 1883 1215 1939 similibus
1264 1885 1375 1940 tuis
1420 1884 1513 1956 (IV
1552 1883 1705 1939 Esdr.
1758 1900 1874 1951 xxv,
1905 1882 1983 1953 9).
2009 1883 2171 1946 Quod

521 1970 572 2027 si
597 1962 685 2028 illi
714 1968 1039 2045 gloriosum
1080 1975 1137 2028 et
1172 1972 1506 2043 jucundum
1556 1976 1679 2028 erat
1710 1989 1843 2027 cum
1878 1970 2171 2028 similibus

522 2048 872 2126 conversari,
905 2064 1124 2134 quanto
1170 2061 1342 2118 nobis
1372 2061 1685 2134 gloriosius
1723 2062 1833 2117 erit
1875 2065 1933 2117 et
1955 2062 2170 2133 jucun-

521 2148 658 2206 dius
682 2148 755 2205 ad
803 2147 1075 2206 meliores
1125 2165 1385 2223 pergere,
1435 2154 1492 2206 et
1538 2150 1865 2207 conservari
1917 2166 2049 2205 cum
2098 2150 2172 2206 iis

524 2253 777 2309 quorum
809 2228 963 2295 facta
991 2238 1297 2294 miramur.

589 2320 682 2383 51.
731 2326 873 2395 Quis
912 2328 1115 2400 utique
1163 2326 1323 2401 prior
1365 2327 1599 2397 Esdras,
1655 2345 1728 2383 an
1780 2326 1987 2383 Plato?
2024 2327 2169 2382 Nam

522 2404 740 2473 Paulus
768 2416 987 2485 Esdrae,
1017 2432 1134 2472 non
1166 2415 1424 2473 Platonis
1450 2421 1685 2473 secutus
1734 2421 1822 2473 est
1859 2416 2033 2472 dicta.
2066 2416 2170 2472 Es-

521 2494 660 2562 dras
690 2496 961 2577 revelavit
990 2506 1314 2562 secundum
1347 2504 1619 2562 collatam
1657 2505 1717 2561 in
1766 2522 1828 2562 se
1868 2504 2169 2562 revelatio-

521 2595 868 2671 nemjustos
896 2610 1031 2650 cum
1063 2593 1294 2651 Christo
1325 2594 1575 2663 futuros,
1609 2596 1837 2651 futuros
1867 2611 2003 2650 cum
2028 2610 2168 2650 san-

521 2670 650 2753 ctis.
700 2681 847 2739 Hinc
877 2685 936 2739 et
978 2686 1246 2741 Socrates
1289 2682 1386 2741 ille
1436 2684 1713 2741 festinare
1771 2701 1833 2741 se
1904 2684 2046 2740 dicit
2094 2684 2168 2740 ad

520 2760 657 2847 illos
683 2760 824 2829 suos
855 2772 995 2830 deos
1026 2771 1162 2844 (34),
1194 2772 1269 2828 ad
1309 2771 1441 2830 illos
1469 2773 1724 2845 Optimos
1750 2773 1925 2828 viros.
1961 2772 2170 2828 Nostra

518 2864 662 2917 sunt
711 2848 910 2933 itaque
952 2877 1081 2932 qua:
1138 2861 1199 2915 in
1244 2860 1727 2933 philosophorum
1770 2860 1980 2917 litteris
2023 2878 2165 2933 prae-

520 2940 717 3005 stant:
766 2952 826 3006 et
868 2948 966 3005 ille
1014 2948 1213 3021 posuit
1258 2966 1327 3005 ea
1373 2966 1624 3022 quorum
1669 2950 1972 3022 proprium
2003 2950 2165 3006 testi-

520 3037 788 3093 monium
818 3053 935 3094 non
963 3036 1254 3095 habebat:
1301 3054 1407 3095 nos
1458 3037 1641 3095 divini
1688 3039 1957 3111 praecepti
1989 3038 2166 3095 habe-

520 3143 658 3193 mus
693 3126 1124 3199 auctoritatem,
1175 3127 1403 3201 Moyses
1450 3135 1505 3184 et
1550 3127 1701 3183 Elias
1754 3144 1888 3183 cum
1939 3127 2166 3185 Christo

519 3219 921 3299 apparuerunt
949 3214 1155 3287 (Matth.
1187 3232 1324 3281 xvu,
1357 3216 1448 3289 3):
1498 3216 1794 3272 Abraham
1839 3216 1989 3272 duos
2020 3215 2168 3272 alios
2198 3201 2241 3267 C

519 3294 655 3363 cum
707 3294 820 3363 Deo
868 3320 976 3361 suo
1019 3303 1279 3377 suscepit
1324 3304 1579 3377 hospitio
1648 3304 1798 3377 (Gen.
1864 3322 2021 3371 xvm,
2071 3306 2158 3378 2);

514 3393 700 3467 Jacob
727 3393 831 3451 Dei
869 3397 1063 3450 castra
1108 3394 1408 3466 conspexit
1431 3394 1586 3466 (Gen.
1618 3410 1793 3462 xxxu,
1824 3394 1916 3465 2);
1962 3394 2161 3450 Daniel

516 3482 717 3554 iustos
734 3482 888 3549 sicut
915 3481 1099 3539 solem
1129 3486 1188 3539 et
1216 3481 1417 3539 stellas
1446 3481 1669 3556 fulgere
1699 3483 1758 3537 in
1799 3482 1962 3551 coelo,
2012 3500 2164 3541 reve-

517 3570 680 3629 lante
708 3571 823 3629 sibi
878 3570 1098 3644 Spiritu
1146 3575 1370 3640 saneto,
1422 3571 1735 3628 declaravit
1762 3573 1920 3645 (Dan.
1951 3590 2052 3643 xu,
2084 3575 2159 3645 3).

1041 3705 1188 3761 411
1235 3704 1470 3761 CAPUT
1510 3706 1633 3761 XII.

510 3794 797 3867 mimum
813 3794 1141 3867 felicitatem
1168 3794 1446 3861 describit,
1477 3811 1641 3865 quam
1667 3795 1824 3867 nobis
1853 3798 2018 3851 etiam
2051 3796 2161 3852 des-

579 3862 955 3923 h’riatam'esse
982 3865 1332 3924 demonstrat.
1381 3862 1586 3922 Deinde
1635 3866 1877 3937 ejusdem
1924 3870 2158 3938 qualita-

580 3941 661 3995 tes
689 3951 1016 4009 prosequens
1063 3938 1290 3994 illorum
1334 3939 1583 3994 virorum
1630 3939 1909 4006 regionem
1936 3954 2046 3994 esse
2073 3956 2156 3995 os-

580 3952 661 3995 te:
671 3952 1016 4065 Insequeris
1063 3952 1290 3994 tuorum
1334 3953 1583 3994 virorum
1630 3953 1909 4006 regionem
1936 3954 2046 3994 esse
2073 3956 2156 3995 os-

578 4016 667 4087 ten
709 4012 805 4087 it,‘
837 4010 1001 4087 Itane
1018 4016 1381 4087 mortuorum:
1418 4009 1511 4087 _Ad
1566 4013 1872 4065 extremum
1899 4009 2160 4081 prudenti

578 4079 952 4137 admonitione
981 4080 1189 4136 librum
1216 4081 1467 4136 absolvit.

578 4197 671 4252 52.
704 4196 809 4253 His
850 4196 1031 4269 igitur
1078 4196 1233 4264 freti,
1280 4195 1569 4269 intrepide
1614 4212 1929 4269 pergamus
1970 4198 2042 4253 ad
2073 4215 2157 4253 re-

509 4283 874 4358 demptorem
905 4289 1175 4342 nostrum
1204 4284 1410 4341 Jesum
1438 4303 1451 4353 ;
1484 4284 1772 4356 intrepide
1802 4286 1874 4341 ad
1907 4285 2154 4357 patriar-

511 4371 758 4430 charum
788 4373 1123 4442 concilium,
1156 4372 1445 4446 intrepide
1492 4374 1565 4429 ad
1610 4378 1835 4445 patrem
1884 4379 2153 4431 nostrum

508 4461 826 4531 Abraham,
857 4478 994 4519 cum
1040 4462 1166 4519 dies
1192 4462 1506 4529 advenerit,
1557 4462 2018 4534 proﬁciscamur,
2062 4464 2150 4519 in-

507 4549 734 4640 trepide
789 4565 1103 4622 pergamus
1153 4551 1226 4607 ad
1296 4550 1465 4640 illum
1539 4554 1881 4640 sanctorum
1912 4555 2147 4620 emtum,
2188 4575 2233 4640 D

501 4639 923 4714 justorumque
949 4643 1320 4696 conventum.
1373 4639 1595 4695 Ibimus
1638 4638 1794 4695 enim
1840 4640 1912 4695 ad
1959 4645 2156 4713 patres

509 4733 764 4797 nostros,
794 4727 1014 4785 ibimus
1045 4729 1114 4785 ad
1140 4727 1272 4785 illos
1302 4732 1512 4784 nostrae
1544 4728 1679 4783 fidei
1727 4735 2107 4801 praeceptores
2133 4748 2145 4785 :

577 4889 692 4965 (33)
710 4890 902 4965 ﬂama
927 4889 1099 4965 editi,
1122 4891 1190 4965 ab
1218 4889 1471 4965 omnibus
1500 4893 1550 4944 et
1579 4890 1980 4965 conversaberis
2022 4893 2154 4965 resi;

507 4952 799 5034 duus.'Sic
826 4960 1005 5018 etiam
1050 4952 1318 5034 vulgata,
1368 4976 1495 5032 quas
1534 4977 1636 5031 pro
1664 4961 1801 5034 ﬁlio
1828 4978 1964 5034 meo
1996 4963 2151 5033 quod

508 5033 726 5161 habent
754 5049 960 5090 omnes
986 5032 1191 5091 AmbrI
1230 5048 1372 5088 mss.
1408 5035 1582 5103 atque
1612 5032 1772 5099 edit.,
1827 5032 1986 5105 legit,
2016 5032 2149 5088 con-

508 5121 554 5161 ει
581 5121 634 5161 ιο
661 5120 801 5161 meo.

507 5107 634 5163 sitio
661 5120 801 5162 meo.

570 5177 692 5248 (33)
722 5178 810 5233 Ita
837 5194 982 5234 mss.
1014 5193 1079 5233 ac
1110 5176 1246 5248 edit.
1294 5190 1499 5248 omnes
1550 5174 2016 5248 exceptaiRom”
2050 5176 2149 5230 ubi

508 5245 746 5319 legitur,
777 5248 846 5304 ad
875 5250 1000 5305 illos
1028 5247 1326 5316 semideos;
1362 5247 1537 5316 idque
1568 5262 1637 5300 ex
1678 5245 1936 5319 Apologia
1960 5245 2152 5319 Socra-

507 5317 601 5383 tis',
658 5323 724 5374 ut
768 5320 848 5375 ad
898 5320 1222 5383 marginem
1283 5321 1617 5375 annotatur.
1671 5317 1780 5372 Sed
1838 5333 1953 5372 non
2000 5318 2153 5374 vide-

450 5414 472 5429 ~
508 5403 642 5473 mus
792 5406 966 5473 quem
1001 5387 1507 5473 illiusApologim
1564 5387 1757 5443 locum
1807 5387 1916 5473 hoc
1964 5389 2151 5459 possit

504 5458 727 5532 referri,
762 5458 875 5532 nisi
906 5462 1052 5518 forte
1082 5464 1154 5518 ad
1186 5458 1387 5525 istum,
1406 5458 1467 5517 in
1497 5475 1613 5532 quo
1636 5460 1942 5532 exponitur
1966 5458 2146 5530 quam

500 5529 675 5613 hepta
703 5530 974 5613 migratio
1001 5533 1100 5613 illa
1130 5532 1228 5613 sit,
1260 5533 1455 5591 venire
1468 5529 1540 5613 ad
1562 5547 1678 5613 eos
1814 5531 1975 5602 juste
1990 5529 2146 5613 apud

500 5598 720 5658 inferos
749 5598 1023 5671 dicuntur
1058 5602 1347 5671 judicare,
1382 5603 1591 5671 quales
1638 5598 2145 5671 Rhadamanthus,

500 5606 720 5658 inferos
749 5606 1023 5656 dicuntur
1093 5606 1347 5668 udicare,
1425 5606 1591 5664 uales
1638 5606 2145 5671 Rhadamanthus,

496 5675 747 5745 etc.......
781 5606 1288 5745 κᾳζᾶλλοιέσοιχῶν
1310 5621 1543 5735 ἡμὲέων,
1602 5677 1711 5729 etc.
1760 5676 1833 5745 At
1880 5674 1979 5745 qui
2038 5672 2147 5731 hoc

492 5741 691 5823 ipsum
716 5738 904 5804 multo
934 5738 1301 5804 commodius
1329 5749 1623 5814 referatur
1642 5746 1717 5803 ad
1739 5738 1920 5805 alium
1949 5744 2147 5805 locum

2271 551 2368 602 tur
2397 546 2728 604 haereditas.
2765 547 2987 604 Ibimus
3003 550 3061 603 et
3078 546 3176 604 ubi
3207 548 3403 604 sinum
3422 565 3590 606 suum
3609 552 3858 613 Abraham

2274 641 2513 692 sanctus
2543 636 2837 709 expandit,
2873 641 2938 692 ut
2969 636 3253 709 suscipiat
3270 654 3568 712 pauperes,
3600 640 3738 698 sicut
3761 662 3864 702 sus-

2274 727 2426 798 cepit
2456 730 2513 781 et
2538 726 2817 781 Lazarum
2842 745 2854 781 :
2886 725 2951 782 in
2974 743 3087 799 quo
3132 727 3266 783 sinu
3298 729 3677 801 requiescunt,
3705 734 3793 804 qui
3816 734 3865 790 in

2275 816 2383 870 hoc
2411 815 2623 871 sreculo
2654 815 2851 887 gravia
2881 820 3056 889 atque
3087 833 3293 889 aspera
3321 818 3696 889 pertulerunt.

2346 943 2435 996 53.
2469 941 2577 996 Sed
2612 957 2787 1007 nunc,
2819 945 3005 1013 pater,
3037 941 3212 997 etiam
3245 946 3422 1014 atque
3469 944 3636 999 etiam
3664 949 3871 1003 extende

2278 1030 2350 1085 ad
2398 1028 2838 1101 suscipiendum
2888 1029 3045 1085 hunc
3107 1046 3422 1103 pauperem
3496 1048 3696 1088 manus
3742 1038 3867 1103 tuas,

2278 1118 2436 1191 aperi
2466 1119 2756 1191 gremium
2787 1120 3248 1193 tuum,expande
3278 1120 3444 1177 sinus
3472 1125 3687 1187 tuos,ut
3708 1123 3873 1196 plures

2279 1208 2586 1281 suscipias,
2619 1209 2758 1281 quia
2787 1208 3028 1281 plurimi
3060 1209 3119 1266 in
3168 1209 3481 1266 Dominum
3523 1212 3871 1269 crediderunt.

2277 1298 2389 1354 Sed
2418 1302 2635 1363 tamen,
2668 1298 2939 1371 quamvis
2969 1298 3115 1356 fides
3154 1299 3668 1368 creverit,abundat
3695 1302 3875 1374 iniqui-

2278 1392 2391 1454 tas,
2425 1388 2749 1460 refrigescit
2777 1388 3297 1446 charitas.Ibimus
3325 1390 3397 1445 ad
3422 1405 3540 1457 eos,
3566 1391 3660 1463 qui
3688 1407 3877 1447 recum-

2283 1478 2430 1531 bunt
2459 1476 2516 1531 in
2551 1492 2728 1549 regno
2762 1478 2856 1532 Dei
2890 1493 3025 1534 cum
3070 1478 3385 1547 Abraham,
3430 1479 3588 1535 Isaac
3634 1482 3686 1535 et
3711 1479 3877 1545 Jacob,

2282 1566 2559 1638 quoniam
2595 1567 2777 1639 rogati
2809 1568 2881 1622 ad
2934 1583 3161 1623 orenam
3214 1584 3331 1624 non
3380 1584 3442 1624 se
3481 1572 3877 1624 excusaverunt.

2284 1655 2505 1710 Ibimus
2570 1672 2636 1711 eo
2689 1655 2790 1711 ubi
2841 1657 3155 1728 paradisus
3215 1660 3306 1713 est
3356 1657 3749 1725 jucunditatis,
3799 1656 3879 1711 ubi

2280 1745 2464 1799 Adam
2496 1745 2595 1816 qui
2630 1744 2835 1800 incidit
2880 1745 2940 1801 in
2984 1744 3265 1813 latrones,
3313 1746 3502 1803 nescit
3530 1747 3653 1817 jam
3679 1745 3880 1801 vulnera

2205 1831 2251 1896 Β
2280 1849 2387 1887 sua
2418 1834 2573 1900 flere,
2608 1834 2708 1888 ubi
2740 1839 2797 1890 et
2827 1833 2975 1891 latro
3021 1833 3148 1907 ipse
3197 1835 3359 1908 regni
3405 1835 3651 1892 caelestis
3678 1850 3879 1890 consor-

2283 1921 2362 1977 tio
2411 1922 2762 1993 gratulatur,
2813 1922 2915 1979 ubi
2953 1923 3131 1980 nullm
3179 1924 3384 1992 nubes,
3440 1924 3601 1981 nulla
3643 1924 3880 1988 tonitrua,

2284 2009 2457 2066 nullae
2518 2012 2974 2080 coruscationes,
3006 2011 3173 2069 nulla
3200 2017 3504 2070 ventorum
3536 2013 3786 2087 procella,
3804 2028 3881 2067 ne-

2284 2116 2397 2172 que
2443 2101 2713 2170 tenebrae,
2771 2116 2959 2174 neque
3000 2119 3225 2174 vesper,
3277 2119 3469 2175 neque
3516 2108 3699 2169 testas,
3729 2117 3882 2173 neque

2283 2188 2472 2245 hiems
2503 2190 2657 2246 vices
2686 2192 2997 2247 variabunt
3025 2196 3378 2264 temporum.
3414 2193 3539 2249 Non
3574 2192 3763 2265 frigus,
3790 2207 3880 2247 non

2282 2280 2526 2350 grando,
2559 2295 2675 2336 non
2708 2280 2934 2353 pluviae,
2965 2297 3081 2337 non
3115 2281 3255 2338 solis
3294 2282 3469 2339 istius
3499 2281 3608 2338 erit
3632 2298 3781 2347 usus,
3808 2284 3889 2335 aut

2282 2366 2456 2435 lunae,
2491 2384 2678 2441 neque
2710 2368 3015 2426 stellarum
3044 2369 3231 2444 globi:
3267 2372 3369 2428 sed
3406 2371 3530 2427 sola
3562 2372 3655 2427 Dei
3684 2368 3887 2443 Iulgebit

2282 2457 2537 2514 claritas.
2572 2458 2860 2515 Dominus
2889 2460 3046 2515 enim
3078 2460 3188 2517 erit
3215 2460 3315 2516 lux
3341 2462 3610 2517 omnium
3636 2478 3649 2529 ;
3696 2464 3747 2515 et
3770 2455 3886 2513 illud

2281 2545 2481 2603 lumen
2514 2563 2737 2615 verum,
2789 2549 2945 2619 quod
2990 2548 3286 2606 illuminat
3334 2565 3575 2611 omnem
3606 2549 3885 2609 hominem,

2281 2635 2527 2708 fulgebit
2601 2638 2897 2693 omnibus.
2951 2637 3172 2694 Ibimus
3227 2656 3293 2695 eo
3348 2640 3456 2695 ubi
3516 2637 3745 2697 servulis
3788 2633 3885 2692 suis

2280 2724 2563 2780 Dominus
2592 2725 2765 2781 Jesus
2796 2727 3134 2784 mansiones
3163 2728 3415 2800 paravit,
3448 2733 3515 2784 ut
3563 2729 3658 2784 ubi
3688 2725 3773 2782 ille
3797 2726 3883 2787 est,

2279 2816 2335 2867 et
2365 2830 2479 2869 non
2512 2814 2720 2871 simus.
2755 2814 2849 2871 Sic
2875 2816 3034 2871 enim
3079 2815 3286 2874 voluit.
3318 2819 3459 2883 Quae
3491 2818 3610 2889 sint
3637 2815 3725 2872 ille
3753 2828 3883 2870 man-

2279 2902 2475 2959 siones
2506 2903 2643 2959 audi
2674 2904 2964 2960 dicentem
2992 2921 3004 2960 :
3038 2906 3100 2960 In
3146 2904 3302 2962 domo
3334 2909 3528 2963 Patris
3557 2908 3664 2963 mei
3687 2903 3886 2959 mansio-

2278 3006 2370 3047 nes
2417 2993 2615 3050 multa?
2655 2996 2784 3048 sunt
2831 2994 3009 3064 (Joan.
3052 3011 3166 3062 xrv,
3220 2995 3295 3067 2).
3339 2996 3481 3060 Quae
3514 2995 3589 3052 sit
3616 2993 3881 3051 voluntas:

2276 3082 2498 3147 Iterum,
2532 3081 2746 3154 inquit,
2788 3084 2968 3152 venio,
3017 3087 3067 3140 et
3097 3100 3311 3140 accerso
3364 3102 3459 3141 vos
3489 3085 3560 3141 ad
3613 3100 3695 3140 me
3721 3086 3884 3155 ipsum,

2275 3178 2337 3225 ut
2363 3170 2460 3225 ubi
2486 3186 2579 3242 ego
2602 3188 2745 3240 sum,
2768 3179 2820 3227 et
2847 3188 2941 3228 vos
2959 3173 3080 3228 sitis
3112 3172 3267 3245 (Ibid.
3302 3175 3358 3246 3)

2352 3295 2441 3351 54.
2472 3296 2582 3351 Sed
2626 3296 2784 3353 dices
2832 3296 2971 3369 quia
3016 3297 3158 3354 solis
3199 3298 3516 3373 discipulis
3560 3298 3889 3371 loquebatur,

2282 3385 2437 3456 quod
2495 3384 2642 3457 ipsis
2690 3385 2832 3442 solis
2880 3387 3259 3459 spoponderit
3301 3388 3531 3445 multas
3573 3385 3888 3445 mansiones.

2276 3473 2460 3546 Igitur
2487 3475 2759 3531 undecim
2791 3480 3022 3532 tantum
3066 3476 3379 3549 discipulis
3425 3472 3815 3551 prmparabat?
3838 3470 3892 3525 Et

2276 3564 2376 3619 ubi
2406 3568 2496 3619 est
2543 3564 2689 3621 illud
2735 3566 2888 3637 quod
2937 3581 3007 3623 ex
3064 3566 3341 3623 omnibus
3404 3566 3615 3623 mundi
3664 3562 3891 3638 partibus

2270 3654 2504 3709 venient
2532 3659 2588 3709 et
2618 3655 2963 3727 recumbent
2992 3655 3054 3711 in
3087 3656 3181 3713 Dei
3202 3672 3388 3729 regno
3422 3658 3632 3730 (Matth.
3665 3648 3893 3720 vnn“)?

2274 3741 2434 3798 Unde
2482 3742 2799 3800 voluntatis
2838 3744 3052 3802 divinas
3098 3744 3451 3802 dubitamus
3500 3736 3889 3802 eﬁ‘ectus?Sed

2269 3831 2480 3887 Christi
2512 3831 2677 3899 velle,
2711 3832 2919 3890 fecisse
2946 3838 3053 3890 est.
3099 3833 3369 3907 Denique
3411 3829 3821 3892 demonstravit
3850 3830 3895 3881 et

2268 3920 2442 3988 viam,
2476 3922 2898 3978 demonstravit
2924 3928 2982 3979 et
3009 3922 3224 3992 locum,
3254 3922 3501 3993 dicens;
3537 3926 3600 3980 Et
3640 3937 3737 3995 quo
3762 3916 3891 3983 υιιάθ,

2268 4026 2358 4066 vos
2387 4012 2542 4065 scitis
2567 4015 2618 4066 et
2651 4012 2799 4066 viam
2825 4015 2977 4068 scitis
3026 4013 3205 4085 (toan.
3255 4030 3379 4083 xxv,
3416 4013 3494 4086 4).
3559 4014 3740 4069 Locus
3766 4004 3894 4080 apud

2268 4099 2494 4155 Patrem
2528 4100 2735 4168 est,via
2757 4100 3024 4159 Christus
3051 4106 3161 4169 est,
3183 4102 3341 4159 sicut
3370 4105 3505 4176 ipse
3535 4104 3620 4159 ait
3641 4104 3773 4171 :Ego
3793 4110 3893 4153 sum

2264 4190 2429 4259 via,et
2460 4190 2679 4257 veritas,
2710 4194 2763 4245 et
2792 4193 2924 4247 vita.
2953 4192 3117 4249 Nemo
3145 4194 3293 4249 venit
3323 4192 3402 4249 ad
3429 4194 3661 4250 Patrem
3686 4189 3794 4246 nisi
3819 4199 3897 4257 per

2263 4294 2350 4334 me
2380 4278 2556 4350 (toan.
2588 4294 2705 4348 xw,
2736 4281 2812 4350 6).
2846 4280 3429 4354 Ingrediamurhanc
3448 4283 3610 4339 viam
3623 4287 3895 4337 teneamus

2263 4366 2585 4436 veritatem,
2615 4367 2793 4425 vitam
2825 4386 3161 4442 sequamur.
3195 4371 3304 4427 Via
3335 4376 3433 4429 est
3464 4388 3600 4446 quae
3640 4363 3896 4443 perducit.

2263 4456 2475 4513 veritas
2500 4461 2589 4512 est
2627 4475 2754 4529 quas
2792 4460 3119 4527 conﬁrmat,
3151 4461 3307 4517 412
3367 4462 3495 4518 vita
3547 4478 3677 4533 quas
3706 4473 3801 4531 per
3839 4466 3890 4509 8⁸

2265 4544 2529 4601 redditur
2572 4547 2706 4617 (35).
2762 4548 2830 4602 Et
2882 4552 2948 4603 ut
2994 4548 3253 4605 sciamus
3282 4566 3494 4606 veram
3541 4547 3896 4606 voluntatem.

2266 4633 2492 4689 addidit
2520 4635 2578 4692 in
2612 4637 3071 4708 posterioribus:
3121 4640 3307 4708 Pater,
3354 4655 3494 4712 quos
3534 4638 3733 4695 dedisti
3758 4631 3895 4693 mihi,

2266 4724 2381 4780 volo
2412 4732 2472 4780 ut
2496 4724 2591 4779 ubi
2618 4740 2713 4796 ego
2758 4741 2898 4794 sum,
2952 4730 3004 4782 et
3050 4728 3142 4783 illi
3178 4730 3287 4784 sint
3333 4744 3581 4798 mecum,
3626 4718 3899 4783 utvideanl

2263 4900 2332 4939 ex
2377 4884 2664 4953 thdone,
2710 4902 2885 4958 quem
2935 4886 3061 4944 suis
3109 4888 3299 4944 verbis
3362 4888 3465 4944 hic
3525 4886 3893 4961 subjicimus:

2262 4966 2360 5011 Νῦν
2414 4963 2465 5011 δὲ
2524 4962 2577 5012 αὖ
2634 4965 2735 5017 ἴστε
2791 4965 2865 5014 ὅτι
2918 4967 3032 5032 παρ’
3085 4967 3263 5033 ἄνδρας
3316 4984 3375 5016 τε
3438 4969 3624 5028 ἐλπίζω
3682 4961 3899 5033 ἀφίξεσθὲι

2262 5034 2483 5095 ἀγαθούς,
2550 5039 2633 5084 καὶ
2702 5039 2845 5086 τοῦτο
2919 5029 3009 5100 μὲι)
3091 5029 3193 5087 οὐκ.⁷
3259 5037 3323 5086 ἂν
3397 5040 3534 5088 πάνυ
3610 5029 3897 5103 διισχυρισαθ

2262 5123 2379 5169 μην,
2431 5107 2503 5156 ὅτι
2560 5110 2649 5170 μέν
2702 5125 2778 5158 τοι
2830 5112 2964 5174 παρὰ
3009 5109 3143 5166 Occiae
3211 5110 3461 5171 δεσπότας
3526 5113 3657 5160 πάνυ
3720 5104 3899 5171 ἀγαθοὺς

2260 5179 2411 5239 ἥξειν,
2464 5176 2517 5227 εὖ
2574 5180 2673 5228 ἴστε
2739 5179 2873 5245 strip
2948 5198 2995 5229 τι
3074 5181 3201 5246 duo
3282 5185 3388 5229 τῶν
3474 5183 3728 5241 τοιόύτων,
3800 5178 3898 5246 διιφ-

2261 5250 2563 5317 χυρισαίμην
2614 5251 2676 5319 dv
2725 5254 2810 5300 καὶ
2861 5245 3231 5319 τοῦτρ,-Ναησ
3273 5254 3471 5319 autem
3523 5247 3695 5319 probe
3748 5245 3896 5319 nostis

2260 5309 2480 5386 sperare
2526 5309 2611 5371 me
2646 5317 2767 5390 fore
2813 5319 2874 5371 ut
2917 5316 2987 5390 ad
3013 5309 3201 5372 bonos
3250 5318 3409 5373 viros
3454 5309 3786 5390 perveniam,
3815 5309 3898 5390 ['00

2261 5382 2442 5460 tamen
2475 5402 2583 5442 non
2613 5382 2836 5442 omnino
2877 5387 3277 5460 afﬁrmaverim
3300 5407 3321 5442 :
3352 5382 3506 5460 quod
3554 5406 3677 5445 vero
3702 5386 3768 5442 ad
3790 5382 3897 5460 deos

2259 5459 2505 5515 dominos
2534 5460 2685 5515 omni
2711 5475 2784 5514 ea:
2806 5455 2968 5531 parte
2998 5458 3163 5531 bonos
3198 5455 3576 5531 perventurus
3621 5463 3741 5524 sim,
3784 5455 3895 5531 M8

2258 5533 2429 5602 nostis
2457 5548 2491 5587 a
2522 5546 2627 5599 me,
2657 5531 2710 5585 si
2738 5524 2869 5602 quid
2896 5529 3052 5587 aliud
3080 5524 3422 5601 huiusmodi,
3458 5533 3606 5589 illud
3647 5538 3781 5587 certe
3820 5524 3890 5592 ﬂl‘

2300 5619 2478 5660 rmart

2259 5601 2639 5758 ﬁrggi‘fi’iom.
2846 5690 3060 5758 exnunc
3091 5673 3218 5758 cod.
3251 5672 3415 5743 Vat.,
3447 5677 3567 5731 vita
3594 5688 3711 5758 qua?
3731 5678 3888 5758 per:th

2261 5739 2574 5807 verentibus
2603 5744 2870 5807 redditur.
2901 5748 3120 5810 Sensus
3147 5744 3241 5804 hic
3287 5739 3475 5805 verus
3524 5739 3754 5820 quidem
3809 5739 3887 5795 est
