4012 6192
240 364 338 428 693

1431 364 1661 429 LIBER
1703 364 1808 428 DE
1848 366 2057 430 BONO
2101 366 2419 432 MORTIS.

3494 358 3620 431 894

239 499 530 558 claritatem
549 514 730 558 meam
765 495 880 574 (86)
938 499 1133 575 (toan.
1183 514 1342 569 xvm,
1399 501 1511 571 24).
1573 501 1861 574 Repetitio
1892 503 1946 569 Α
1973 501 2123 558 tium
2154 506 2261 559 est.
2293 502 2363 561 Et
2387 507 2451 561 ut
2480 500 2945 563 assertionihuic
2975 500 3372 587 adiungamus
3411 502 3617 590 aucto-

238 591 334 648 ista
359 590 724 648 confirmatio
750 594 841 648 est
870 591 1025 649 sicut
1051 590 1197 648 illud
1235 609 1247 647 :
1282 591 1555 647 Abraham
1587 591 1867 647 Abraham

238 680 370 751 (Gen.
402 697 561 748 xm],
597 682 675 753 (ι)
708 680 720 736 l
756 681 823 737 Et
851 678 995 737 alibi
1031 698 1044 736 :
1080 683 1189 751 Ego
1218 698 1359 749 sum,
1420 696 1514 753 ego
1572 696 1713 749 sum,
1771 681 1867 752 qui

236 771 371 827 doleo
398 770 720 841 iniquitates
761 778 881 826 tuas
910 772 1038 839 (lsa.
1074 787 1231 837 xuu,
1280 770 1392 841 25).
1456 768 1702 825 Pulchre
1761 786 1864 824 au-

234 864 338 915 tem
368 859 521 931 quod
552 875 735 931 supra
780 859 1052 932 promisit
1109 859 1203 915 hic
1260 857 1542 932 poposcit.
1600 858 1670 914 Et
1727 857 1866 930 quia

237 954 354 1005 ante
393 947 684 1021 promisit,
718 952 777 1005 et
806 948 890 1004 sic
919 947 1202 1022 poposcit,
1237 965 1355 1005 non
1386 953 1519 1003 ante
1575 947 1860 1020 poposcit,

235 1042 283 1095 et
308 1039 388 1095 sic
418 1036 691 1111 promisit
724 1055 737 1093 :
766 1037 1043 1110 promisit
1072 1038 1239 1110 quasi
1302 1038 1519 1093 arbiter
1574 1036 1858 1105 muneris,

234 1128 489 1184 conscius
518 1125 827 1199 potestatis
861 1143 874 1183 :
925 1126 1190 1199 poposcit
1218 1142 1252 1181 a
1283 1126 1449 1182 Patre
1480 1125 1648 1198 quasi
1679 1125 1861 1198 pieta-

232 1218 298 1274 tis
325 1218 627 1288 interpres.
662 1216 729 1271 Et
758 1218 893 1272 ante
922 1216 1211 1288 promisit,
1244 1219 1311 1270 ut
1361 1219 1707 1287 potestatem
1767 1231 1860 1270 co-

230 1323 463 1381 gnoscas
495 1322 509 1360 :
542 1304 807 1377 poposcit
835 1309 1060 1376 postea,
1094 1307 1160 1359 ut
1206 1305 1481 1376 pietatem
1540 1303 1856 1376 intelligas.

229 1398 340 1453 Non
371 1394 635 1468 poposcit
665 1397 819 1461 ante,
851 1397 913 1449 et
965 1393 1050 1450 sic
1108 1392 1405 1467 promisit;
1440 1409 1512 1449 ne
1566 1392 1861 1449 videretur

224 1484 557 1559 promisisse
587 1483 783 1557 potius
820 1483 975 1555 quod
1008 1484 1442 1555 impetraverat,
1473 1499 1650 1555 quam
1700 1483 1856 1554 quod

224 1572 583 1649 promiserat,
610 1572 1094 1646 praestitisseNec
1116 1572 1477 1644 superﬂuum
1501 1575 1671 1644 putes
1697 1571 1854 1643 quod

221 1662 498 1736 poposcit,
545 1678 678 1718 cum
709 1661 816 1717 tibi
877 1661 1165 1733 exprimat
1222 1664 1476 1733 paternae
1532 1658 1852 1716 voluntatis

219 1751 593 1818 consortium,
626 1751 685 1806 in
715 1766 830 1822 quo
862 1750 1106 1806 unitatis
1156 1749 1462 1817 indicium,
1496 1766 1611 1805 non
1663 1750 1848 1804 incre-

220 1846 477 1898 mentum
503 1843 592 1896 est
620 1841 942 1912 potestatis.

281 1932 372 1987 55.
405 1929 722 2001 Sequimur
749 1932 827 2000 te,
866 1927 1114 1984 Domine
1139 1928 1278 1984 Jesu
1314 1945 1328 1983 :
1362 1928 1464 1984 sed
1523 1932 1589 1984 ut
1644 1943 1854 2001 sequa-

220 2037 346 2077 mur
375 2018 613 2086 accersi,
646 2018 787 2091 quia
818 2018 945 2074 sine
975 2022 1031 2072 te
1062 2015 1263 2073 nullus
1286 2016 1566 2073 ascendit.
1592 2018 1680 2073 Tu
1701 2017 1856 2073 enim

219 2111 305 2167 via
335 2127 418 2176 es,
450 2108 683 2175 veritas,
714 2108 855 2173 vita,
886 2104 1245 2179 possibilitas
1288 2107 1422 2178 (37),
1483 2106 1649 2174 ﬁdes,
1711 2123 1856 2179 pra;-

220 2196 667 2269 mium.Suspice
688 2212 797 2252 nos
818 2195 988 2267 quasi
1004 2194 1409 2263 via,confirma
1430 2195 1599 2267 quasi
1618 2195 1856 2266 veritas,

223 2286 623 2358 viviﬁcaquasi
642 2285 981 2341 vita.Pande
1001 2282 1150 2339 illud
1172 2287 1340 2339 tuum
1360 2284 1579 2341 bonum
1599 2285 1754 2357 quod
1774 2285 1858 2340 vi-

225 2378 351 2434 dere
371 2375 745 2433 desiderabat
767 2374 964 2441 David,
994 2371 1334 2428 inhabitans
1364 2374 1423 2428 in
1455 2374 1628 2430 domo
1662 2374 1856 2431 Domi-

222 2467 276 2524 ni
296 2486 313 2535 ;
337 2466 588 2536 ideoque
618 2463 849 2519 dicebat
880 2480 894 2518 :
930 2463 1061 2532 Quis
1093 2460 1330 2517 ostendit
1348 2465 1504 2519 nobis
1524 2464 1855 2532 bona(Psal.

225 2572 293 2623 iv,
304 2555 358 2622 6)
378 2558 405 2609 .9
426 2555 497 2610 Et
518 2551 658 2609 alibi
679 2570 691 2608 :
715 2551 886 2609 Credo
903 2550 1087 2607 videre
1107 2550 1246 2606 bona
1269 2553 1491 2607 Domini
1511 2554 1572 2607 in
1594 2559 1749 2609 terra
1775 2554 1858 2608 vi-

224 2642 818 2715 ventium(Psal.xxv1,
847 2640 957 2711 13).
992 2638 1079 2695 Ibi
1108 2638 1267 2694 enim
1325 2644 1466 2697 sunt
1523 2640 1700 2707 bona,
1760 2640 1861 2697 ubi

229 2732 334 2788 vita
360 2736 643 2804 perpetua
671 2734 782 2797 est,
816 2729 936 2786 vita
963 2730 1090 2785 sine
1135 2728 1401 2786 crimine.
1430 2728 1582 2784 Alibi
1631 2745 1862 2802 quoque

228 2822 338 2877 ait:
372 2822 722 2893 Reptebimur
751 2821 808 2874 in
842 2819 996 2876 bonis
1025 2819 1220 2885 domus
1249 2822 1364 2877 tua:
1392 2819 1565 2889 (Psal.
1602 2835 1748 2886 LXIV,
1782 2819 1859 2889 5).

1975 591 2228 661 ritatem,
2262 594 2333 650 de
2362 593 2471 650 hoc
2500 594 2652 651 bono
2706 593 2993 669 Propheta
3048 592 3191 651 dicit
3224 611 3237 650 :
3295 592 3621 673 Convertere

1973 683 2165 737 anima
2194 698 2337 753 mea,
2372 686 2431 738 in
2460 686 2704 757 requiem
2725 692 2898 757 tuam,
2931 685 3063 757 quia
3094 674 3362 741 Dominus
3405 672 3621 759 benefa-

1973 771 2050 826 cit
2078 770 2184 826 tibi
2215 788 2227 827 :
2258 772 2518 844 quoniam
2543 775 2751 845 eripuit
2779 775 3031 830 animam
3071 789 3251 830 meam
3422 777 3618 855 morte,

1971 860 2152 915 oculos
2178 876 2325 916 meos
2349 878 2382 916 a
2414 861 2698 934 lacrymis,
2723 862 2886 935 pedes
2909 878 3057 919 meos
3086 879 3120 918 a
3144 850 3340 935 lapsu.
3391 850 3621 929 Placebo

1972 949 2200 1005 Domino
2218 952 2274 1005 in
2306 952 2524 1022 regione
2550 952 2797 1007 vivorum
2828 952 3000 1025 (Psal.
3032 968 3180 1019 cxw,
3201 951 3343 1024 7-9).
3361 940 3612 1031 Placebo,

1972 1037 2257 1107 dixit,non
2274 1039 2804 1113 placeo,bocest,de
2815 1043 3074 1113 tempore
3087 1039 3200 1096 sibi
3210 1030 3621 1119 blanditur,fu-

1974 1131 2121 1183 turo.
2156 1128 2457 1185 Contraria
2487 1133 2627 1185 sunt
2654 1132 2849 1185 autem
2880 1131 3033 1186 ua
3059 1117 3446 1202 praesentibus
3461 1128 3615 1184 futu-

1970 1219 2124 1283 tura,
2151 1221 2209 1273 et
2238 1217 2662 1291 temporalibus
2691 1221 2927 1276 aeterna.
2959 1219 3031 1275 Et
3055 1218 3185 1275 ideo
3215 1217 3495 1291 quoniam
3533 1218 3616 1275 ibi

1966 1306 2231 1362 vivorum
2265 1306 2442 1380 regio,
2473 1308 2568 1363 hic
2597 1307 2800 1380 utique
2831 1310 3220 1365 mortuorum.

2040 1396 2132 1452 56.
2162 1397 2368 1452 Annon
2407 1400 2775 1453 mortuorum
2822 1396 2947 1457 haec
3005 1396 3185 1470 regio,
3246 1396 3347 1452 ubi
3404 1396 3616 1455 umbra

1967 1486 2195 1551 mortis,
2219 1486 2319 1542 ubi
2343 1489 2511 1558 porta
2532 1485 2874 1552 mortis,ubi
2901 1502 3112 1558 corpus
3138 1488 3229 1542 est
3252 1485 3496 1543 mortis?
3515 1486 3614 1543 De-

1965 1574 2143 1646 nique
2171 1574 2422 1629 donatur
2436 1574 2714 1642 Petro,ne
2740 1573 2887 1630 forte
2933 1576 3112 1646 portis
3137 1572 3309 1629 inferi
3330 1572 3608 1647 praevale-

1962 1666 2062 1719 ant
2083 1662 2134 1718 ei
2156 1662 2380 1731 (Matth.
2402 1679 2514 1729 xw,
2548 1662 2659 1735 18).
2693 1663 2873 1718 Portis
2904 1661 3075 1718 inferi
3101 1661 3227 1719 ista)
3253 1666 3394 1719 sunt
3424 1666 3610 1719 terre-

1959 1752 2236 1808 nteUnde
2252 1751 2415 1808 etille
2426 1752 2529 1808 ait:
2547 1753 2654 1821 Qui
2667 1751 2877 1808 exultas
2890 1751 3057 1808 mede
3063 1738 3619 1824 portismoftisﬂ’sal,

1959 1857 2036 1909 ix,
2068 1841 2175 1913 l5).
2211 1841 2375 1897 Sicut
2393 1841 2551 1897 enim
2573 1844 2754 1914 porta:
2777 1840 3023 1913 justitize
3080 1839 3140 1895 in
3196 1840 3423 1913 quibus
3479 1852 3616 1897 san-

1966 1930 2041 1986 cli
2069 1930 2317 1987 Domino
2341 1930 2717 1995 conﬁtentur,
2749 1929 2832 1985 ita
2876 1934 3016 1985 sunt
3071 1916 3385 1986 criminum
3436 1920 3617 2002 porte

1967 2019 2028 2075 in
2059 2018 2275 2091 quibus
2308 2019 2474 2092 impii
2500 2018 2817 2076 Dominum
2841 2022 3220 2093 negaverunt.
3260 2017 3413 2075 Audi
3461 2028 3607 2091 quo-

1968 2108 2126 2164 niam
2150 2108 2306 2180 regio
2329 2108 2441 2163 ista
2461 2107 2538 2163 sit
2556 2111 2944 2173 mortuorum,
2989 2106 3051 2163 Si
3067 2109 3191 2180 quis
3210 2108 3387 2178 igitur
3402 2095 3612 2165 mortu-

1966 2213 2057 2252 um
2076 2198 2336 2266 tetigerit,
2362 2197 2679 2252 immundus
2700 2197 2806 2253 erit
2821 2197 2987 2269 (Num
3006 2196 3238 2270 xlx,l1).
3264 2196 3615 2254 Immundus

1966 2290 2163 2343 autem
2185 2286 2245 2341 in
2267 2290 2579 2358 conspectu
2598 2286 2830 2343 Domini
2853 2286 3045 2343 omnis
3060 2286 3329 2367 (iniquus.
3369 2285 3430 2343 Si
3476 2280 3612 2367 quis

1969 2374 2151 2448 igitur
2169 2374 2422 2448 tetigerit
2439 2376 2833 2449 iniquitatem,
2855 2364 3202 2432 immundus
3223 2364 3333 2432 erit
3356 2392 3368 2431 :
3388 2374 3440 2432 si
3476 2364 3611 2448 quis

1966 2464 2027 2520 in
2044 2463 2286 2532 deliciis,
2313 2468 2609 2533 mortuus;
2631 2466 2893 2536 quoniam
2911 2479 3037 2537 quae
3064 2466 3126 2519 in
3146 2464 3363 2521 deliciis
3395 2466 3495 2534 est,
3525 2452 3611 2521 vi-

1966 2569 2096 2609 vens
2114 2557 2333 2609 mortua
2355 2554 2401 2624 (I
2421 2553 2553 2609 Tim.
2576 2553 2723 2625 v.6).
2762 2554 2833 2609 Et
2852 2553 2954 2626 qui
3000 2552 3269 2609 infideles
3291 2555 3451 2622 sunt,
3468 2554 3608 2611 'des-

1970 2642 2227 2698 cendunt
2242 2641 2300 2696 in
2317 2641 2612 2698 infernum
2636 2641 2894 2698 viventes
2917 2658 2931 2696 :
2956 2641 3066 2697 etsi
3091 2640 3399 2717 nobiscum
3417 2642 3614 2715 viden-

1970 2735 2067 2786 tur
2084 2731 2291 2798 vivere,
2315 2731 2415 2786 sed
2438 2730 2498 2785 in
2518 2730 2746 2786 inferno
2772 2733 2933 2787 sunt.
2973 2728 3035 2786 Si
3058 2728 3192 2802 quis
3210 2729 3394 2807 (μη.
3412 2728 3464 2799 4,
3481 2745 3610 2809 cap.

1968 2819 2033 2875 Si
2055 2821 2175 2891 quis
2194 2819 2444 2891 usuram)
2466 2835 2707 2875 usuram
2731 2817 2961 2899 accipit,
2991 2817 3258 2895 rapinam
3282 2817 3445 2885 facit,
3493 2814 3616 2874 vita

230 2910 382 2974 Quod
413 2910 543 2965 ideo
575 2909 981 2982 frequentavit,
1012 2913 1079 2965 ut
1107 2910 1287 2965 scires
1306 2908 1444 2964 hinc
1472 2908 1693 2964 bonum
1715 2907 1861 2964 illud
1974 2926 2088 2965 non
2110 2908 2272 2976 vivit,
2297 2908 2551 2964 utbabes
2572 2907 2632 2963 in
2653 2906 2940 2979 Ezechiel)
2960 2908 3151 2975 Ezech,
3173 2923 3370 2976 xxxm,
3404 2906 3518 2983 {8).
3548 2905 3613 2964 Si

230 2998 601 3071 philosophos
648 2997 1203 3070 transtulisse,quod
1236 3013 1540 3056 summum
1592 3001 1865 3052 asserunt
1973 2999 2108 3071 quis
2129 3000 2325 3053 autem
2340 2998 2541 3068 justus
2578 2995 3036 3068 justiﬁcationes
3078 2995 3312 3052 Domini
3360 2991 3616 3053 custodit

234 3070 561 3158 (38).Pande
582 3102 717 3159 ergo
742 3085 889 3141 illud
910 3103 1042 3142 vere
1064 3088 1284 3143 bonum
1304 3091 1498 3155 tuum,
1525 3085 1669 3141 illud
1718 3085 1862 3140 divi-
1972 3070 2038 3142 ut
2056 3087 2239 3143 faciut
2258 3101 2377 3153 eas,
2394 3088 2522 3153 vita,
2547 3085 2760 3157 inquit,
2782 3087 2944 3153 vivet,
2976 3088 3027 3141 et
3051 3087 3195 3142 vivet
3249 3087 3312 3141 in
3329 3084 3407 3141 eis
3451 3070 3611 3165 (ibid.

233 3193 384 3243 num,
406 3176 467 3232 in
490 3191 607 3247 quo
630 3179 687 3229 et
705 3174 975 3242 vivimus,
992 3178 1048 3230 et
1069 3191 1299 3241 sumus,
1322 3179 1379 3231 et
1400 3190 1704 3231 movemur
1724 3174 1858 3246 (Act.
1902 3244 1931 3249 _
1970 3175 2080 3247 49).
2108 3178 2238 3247 Ipse
2254 3178 2341 3230 est
2356 3190 2493 3247 ergo
2518 3174 2578 3229 in
2601 3174 2835 3247 regione
2854 3173 3138 3242 vivorum,
3167 3173 3228 3229 in
3256 3171 3359 3249 illa
3377 3172 3613 3248 regione

229 3280 353 3330 xv",
373 3264 485 3335 28).
508 3244 809 3318 Movemur
830 3263 996 3334 quasi
1027 3262 1088 3318 in
1115 3262 1230 3329 via,
1262 3279 1471 3319 sumus
1490 3263 1659 3335 quasi
1692 3244 1750 3318 in
1772 3279 1861 3318 ve-
1890 3244 1933 3311 (ἶ
1972 3244 2072 3321 ubi
2099 3244 2220 3319 vita
2248 3279 2365 3319 non
2396 3244 2485 3319 est
2512 3244 2872 3334 abscondita,
2922 3263 3024 3319 sed
3046 3262 3228 3319 libera
3260 3280 3274 3330 ;
3326 3244 3472 3338 lubi-
3492 3279 3609 3320 non

230 3353 407 3418 ritate,
427 3352 681 3408 vivimus
702 3351 869 3423 quasi
890 3351 949 3407 in
976 3350 1093 3407 vita
1137 3356 1352 3408 aeterna
1401 3354 1576 3422 (Joan.
1632 3369 1745 3420 xw,
1777 3352 1854 3424 6).

229 3441 563 3499 Demonstra
593 3440 765 3497 nobis
795 3439 944 3496 illud
972 3440 1378 3511 bonum,quod
1412 3446 1501 3496 est
1529 3441 1719 3496 simile
1742 3441 1855 3496 sui.

227 3547 446 3603 semper
472 3527 883 3586 indissolubile
906 3532 1082 3601 atque
1103 3527 1492 3595 immutabile,
1515 3528 1576 3583 in
1624 3545 1738 3600 quo
1787 3529 1862 3585 si-

228 3635 356 3677 mus
375 3619 645 3675 aeterniin
665 3617 964 3692 agnitione
984 3618 1180 3674 omnis
1204 3617 1365 3685 boni,
1400 3617 1551 3673 sicut
1603 3632 1705 3673 vas
1752 3617 1862 3674 ele-

227 3709 428 3764 ctionis
456 3713 571 3765 tuae
593 3706 810 3764 Paulus
840 3706 1188 3765 testiﬁcatus
1218 3709 1307 3764 est
1335 3706 1535 3763 dicens
1568 3723 1580 3762 :
1612 3708 1863 3763 Forsitan

227 3800 371 3853 enim
388 3799 514 3855 ideo
546 3798 791 3853 discessit
826 3795 897 3852 ad
939 3797 1152 3866 horam,
1176 3804 1237 3851 ut
1258 3800 1523 3852 aeternum
1545 3797 1702 3852 illum
1725 3800 1862 3853 reci-

224 3902 374 3957 peros
399 3887 661 3960 (Philem.
700 3886 806 3958 15).
839 3886 1141 3941 tEternum
1174 3900 1311 3957 ergo
1368 3885 1706 3942 ministrum
1766 3886 1863 3942 Dei

228 3976 387 4042 dixit,
408 3975 670 4033 scribens
690 3975 763 4031 ad
788 3973 1211 4039 Philemonem,
1231 3974 1402 4045 cujus
1424 3974 1598 4030 fidem
1620 3974 1678 4029 in
1700 3975 1863 4047 agni-

231 4065 441 4121 tionem
464 4066 658 4122 omnis
681 4063 818 4121 boni
840 4064 997 4135 quod
1021 4063 1082 4118 in
1104 4062 1325 4118 sanctis
1350 4066 1460 4131 est,
1480 4062 1538 4117 in
1569 4063 1864 4120 Christum

228 4153 428 4211 Jesum
458 4153 873 4211 evidentiorem
906 4151 1030 4207 fieri
1064 4150 1418 4223 postulabat.
1452 4152 1516 4207 In
1549 4168 1663 4224 quo
1714 4153 1865 4209 bono

228 4248 316 4297 est
352 4243 581 4315 requies
612 4258 781 4314 pura,
813 4240 914 4296 lux
940 4238 1321 4308 immortalis,
1347 4241 1536 4312 gratia
1565 4247 1863 4314 perpetua,

230 4327 531 4388 hereditas
563 4330 895 4387 animarum
924 4330 1041 4402 pia,
1098 4333 1156 4384 et
1215 4345 1421 4384 secura
1468 4330 1867 4401 tranquillitas

230 4435 343 4476 non
371 4420 539 4476 morti
566 4419 851 4490 subjecta,
877 4418 977 4474 sed
1001 4421 1203 4490 erepta
1223 4418 1294 4473 de
1315 4422 1522 4485 morte,
1545 4418 1645 4473 ubi
1695 4418 1867 4474 nullae

229 4505 512 4581 lacrymae,
545 4507 747 4563 nullus
777 4509 866 4563 est
897 4506 1091 4562 ﬂetus.
1124 4506 1287 4562 Unde
1315 4506 1473 4562 enim
1507 4507 1625 4562 illic
1677 4507 1866 4575 ﬂetus,

1968 3353 2196 3420 umbra,
2231 3353 2332 3408 sed
2363 3351 2566 3425 gloria.
2600 3351 2703 3408 Hic
2732 3352 2888 3408 enim
2920 3367 3027 3409 nec
3054 3351 3180 3424 ipse
3210 3350 3423 3409 Paulus
3449 3348 3607 3424 vive-

1967 3443 2066 3498 bat
2086 3442 2145 3497 in
2176 3439 2381 3513 gloria.
2414 3441 2675 3512 Denique
2703 3440 2763 3496 in
2795 3455 3033 3515 corpore
3088 3439 3297 3498 mortis
3324 3439 3608 3515 ingemis-

1969 3532 2154 3587 cebat.
2189 3529 2339 3586 Audi
2369 3528 2657 3585 dicentem
2691 3545 2705 3584 :
2740 3529 2896 3586 Nunc
2921 3532 3035 3587 vita
3058 3534 3247 3587 nostra
3288 3529 3604 3609 abscondita

1969 3628 2048 3676 est
2075 3636 2199 3675 cum
2231 3617 2445 3674 Christo
2476 3619 2537 3673 in
2566 3619 2670 3674 Deo
2700 3633 2719 3671 :
2748 3633 2874 3674 cum
2900 3622 3083 3675 autem
3127 3619 3382 3693 Christus
3437 3634 3609 3692 appa-

1970 3709 2147 3765 ruerit
2175 3709 2289 3763 viia
2316 3711 2522 3772 nostra,
2553 3713 2678 3762 tunc
2707 3713 2758 3762 et
2786 3708 2943 3762 414
2971 3722 3069 3764 nos
3096 3723 3223 3764 cum
3246 3696 3343 3764 illo
3378 3723 3608 3783 appare-

1975 3797 2152 3853 bimus
2181 3798 2242 3852 in
2271 3797 2448 3866 gloria
2476 3796 2700 3865 (Coloss.
2735 3812 2816 3861 ιιι,
2846 3795 2881 3851 3
2910 3798 2968 3851 et
2994 3795 3070 3868 4).

2043 3886 2133 3941 57.
2160 3884 2529 3942 Festinamus
2561 3899 2695 3957 ergo
2717 3884 2790 3940 ad
2823 3882 3022 3940 vitam.
3046 3882 3106 3940 Si
3127 3882 3262 3956 quis
3280 3882 3462 3940 vitam
3486 3886 3616 3953 tan-

1974 3975 2079 4047 git,
2092 3974 2259 4031 vivet.
2283 3974 2546 4045 Denique
2565 3973 2761 4046 tetigit
2780 3972 2882 4029 illa
2902 3970 3115 4029 mulier
3125 3987 3253 4045 quae
3268 3971 3460 4044 tetigit
3472 3971 3612 4051 sm-

1974 4064 2165 4119 briam
2186 4065 2234 4134 ej
2247 4080 2334 4130 us,
2358 4066 2415 4119 et
2436 4080 2468 4119 a
2493 4066 2681 4119 morte
2696 4062 2945 4118 dimissa
2977 4063 3085 4129 est,
3109 4060 3202 4117 cui
3224 4056 3476 4117 dicitur:
3527 4052 3617 4117 Fi-

1974 4153 2063 4209 des
2084 4156 2179 4207 tua
2196 4159 2245 4207 te
2263 4154 2473 4207 salvam
2486 4154 2635 4223 fecit,
2652 4151 2782 4206 vade
2800 4151 2860 4206 in
2871 4166 3005 4222 pace
3025 4150 3175 4223 (Luc.
3210 4165 3368 4219 xvuI,
3393 4150 3504 4221 48).
3553 4148 3614 4229 Si

1976 4241 2130 4297 enim
2156 4239 2255 4312 qui
2286 4244 2584 4295 mortuum
2607 4240 2813 4312 tangit,
2837 4239 3182 4296 immundus
3201 4242 3291 4295 est
3314 4259 3335 4307 ;
3362 4234 3618 4313 sinedu-

1973 4330 2071 4387 bio
2101 4329 2203 4402 qui
2235 4329 2519 4384 viventem
2560 4328 2766 4399 tangit,
2801 4326 2998 4385 salvus
3023 4332 3131 4384 est.
3168 4329 3508 4395 Quaeramus
3528 4341 3617 4384 er-

1976 4436 2048 4492 go
2079 4418 2387 4474 viventem.
2422 4416 2532 4472 Sed
2563 4416 2775 4472 iterum
2799 4416 3102 4473 videamus
3132 4432 3205 4472 ne
3263 4432 3399 4474 eum
3458 4404 3615 4489 quae-

1979 4525 2179 4565 ramus
2206 4508 2357 4562 inter
2377 4509 2658 4576 mortuos,
2682 4510 2739 4560 et
2779 4505 3007 4561 dicatur
3026 4505 3197 4562 nobis
3243 4505 3398 4563 sicut
3415 4509 3474 4562 et
3504 4522 3622 4571 me-

229 4597 328 4651 ubi
360 4597 556 4654 nullus
586 4600 678 4652 est
706 4595 909 4668 lapsus
932 4595 960 4649 ?
988 4594 1095 4651 Ubi
1127 4598 1266 4649 sunt
1296 4594 1484 4650 sancti
1518 4595 1603 4649 tui
1659 4597 1865 4653 errori-
1901 4614 1945 4679 ι)
1978 4597 2218 4654 lieribus
2240 4594 2356 4650 illis
2385 4612 2398 4650 :
2438 4594 2583 4663 Quid
2611 4595 2861 4665 quaeritis
2880 4595 3149 4651 viverdem
3170 4611 3295 4651 cum
3331 4596 3563 4669 mortuis
3586 4595 3621 4673 f?

226 4684 340 4741 bus
351 4692 405 4742 et
417 4683 939 4755 sollicitudinibus,
971 4682 1311 4756 insipientia
1332 4684 1866 4756 atqueignorantia,

224 4772 433 4832 timore
447 4792 517 4831 ac
538 4777 722 4842 metu,
747 4771 1169 4845 cupiditatibus
1191 4775 1367 4844 atque
1388 4774 1681 4845 corporeis
1697 4772 1873 4831 collu-

226 4861 494 4919 vionibus
516 4865 575 4918 et
605 4861 982 4935 passionibus
1012 4859 1284 4929 absoluti,
1319 4860 1419 4915 ubi
1467 4860 1623 4935 regio
1673 4862 1875 4919 viven-

226 4992 404 5060 atque
459 4991 746 5060 apertus;
804 4990 1061 5060 attamen
1115 4984 1167 5039 is
1224 4984 1468 5041 minime
1524 4986 1874 5060 rejiciendus

227 5057 407 5129 quem
437 5057 645 5115 omnes
677 5058 799 5113 aliae
832 5057 972 5124 edit,
1006 5072 1070 5129 ac
1103 5070 1247 5110 mss.
1283 5073 1398 5127 prae
1429 5074 1509 5129 se
1536 5058 1747 5114 ferunt.
1810 5060 1874 5114 In

226 5127 637 5204 hissiquidem
669 5146 734 5204 eo
763 5129 980 5204 dicitur
1006 5127 1245 5204 vitaper
1271 5143 1331 5204 se
1353 5128 1535 5204 reddi,
1566 5131 1872 5204 quodcum

226 5216 295 5257 ea
328 5198 614 5258 bonorum
645 5202 739 5257 sui
767 5201 990 5257 ordinis
1022 5198 1481 5270 (putanaturalis
1495 5198 1873 5268 naturalium,

220 5272 699 5344 supernaturalis
731 5268 1291 5344 supernatu’ralium)
1340 5270 1594 5344 primum
1629 5290 1695 5327 ac
1745 5273 1875 5328 fun-

228 5340 573 5400 dainentum
608 5344 710 5413 sit,
738 5340 854 5400 no—n
886 5343 1017 5415 ipsa
1036 5341 1108 5396 ad
1141 5340 1280 5407 alia,
1309 5340 1409 5396 sed
1439 5341 1552 5398 alia
1578 5344 1649 5399 ad
1688 5344 1876 5416 ipsum

231 5416 588 5471 referuntur.

301 5488 413 5557 (36)
442 5487 676 5543 Eadem.
696 5486 863 5541 Rom.
880 5483 1019 5557 edit.
1038 5482 1721 5557 sola,c_taritatem_meam,
1766 5491 1874 5540 Pa-

228 5554 317 5611 ter
336 5554 505 5629 juste,
530 5558 718 5614 Dubio
750 5555 961 5629 procul
982 5555 1121 5627 quia
1152 5554 1294 5629 _visa
1322 5558 1412 5629 est
1463 5554 1659 5629 dictio,
1718 5558 1879 5629 Pater

232 5574 315 5611 ter
336 5574 505 5629 Juste,
530 5574 718 5614 uumo
790 5574 951 5613 rocui
982 5574 1121 5627 quia
1171 5574 1294 5611 V158.
1322 5574 1412 5610 est
1463 5574 1659 5621 (nemo,
1718 5574 1874 5611 μαιεν

232 5631 591 5699 geminanda
618 5630 691 5686 ob
721 5574 787 5685 id)
811 5627 969 5702 quod
996 5627 1284 5702 sequitur,
1314 5626 1581 5702 Repetitio
1614 5630 1736 5683 ista.
1769 5628 1874 5702 _Ve-

236 5697 369 5758 i-um
400 5702 487 5759 ha
516 5718 685 5759 voces
715 5697 1135 5758 non‘videntur
1163 5697 1280 5755 alia
1305 5697 1396 5754 de?
1424 5713 1604 5756 causa
1656 5699 1877 5773 positae,

1980 4689 2101 4744 Non
2128 4688 2205 4741 est
2233 4685 2341 4755 hic,
2372 4684 2461 4738 sed
2490 4685 2733 4739 surrexit
2757 4683 2909 4758 (Luc.
2942 4701 3097 4752 xxxv,
3128 4684 3354 4758 5).Ipse
3384 4698 3619 4761 quoque

1980 4774 2264 4831 Dominus
2296 4771 2395 4827 ubi
2426 4788 2488 4827 se
2518 4771 2699 4846 quaeri
2720 4772 2912 4843 vellet,
2927 4774 3186 4830 ostendit
3205 4772 3442 4829 dicens:
3482 4769 3622 4847 Vade

1981 4864 2051 4919 ad
2065 4866 2265 4935 fratres
2293 4876 2452 4930 meos,
2485 4865 2539 4917 et
2567 4861 2654 4917 dic
2677 4863 2781 4918 eis:
2814 4862 3050 4919 Ascendo
3079 4860 3150 4918 ad
3166 4862 3387 4917 Patrem
3415 4872 3619 4935 meum,

1984 4987 2097 5043 nisi
2130 4984 2269 5057 quia
2298 4984 2452 5040 idem
2485 4985 2713 5041 videtur
2741 4986 2834 5042 bis
2858 4986 3040 5042 fuisse
3069 4981 3464 5057 signiﬁcatum
3521 4996 3628 5054 per

1984 5058 2083 5113 illa
2112 5057 2304 5113 verba.
2340 5064 2462 5112 ut...
2494 5057 2608 5112 sint
2638 5073 2868 5113 mecum.
2899 5066 2960 5112 ut
2985 5054 3221 5113 videant,
3264 5054 3373 5107 etc.

1982 5070 2083 5114 illa
2112 5070 2304 5123 verba,
2340 5070 2462 5112 ut...
2494 5070 2608 5112 sint
2638 5073 2868 5127 mecum,
2899 5070 2960 5112 ut
2985 5070 3221 5119 videant,
3264 5070 3373 5107 8w.

2004 5202 2017 5205 _
2053 5128 2333 5205 (37_)_C_od.
2364 5127 2492 5205 Vat.
2528 5132 2703 5199 atque
2740 5128 2876 5205 edit.
2912 5128 3100 5205 Rom_.,
3154 5121 3511 5205 ppssilgilitas,
3541 5138 3624 5178 se-

1983 5194 2095 5257 des.
2127 5194 2335 5256 Melius
2367 5198 2465 5255 alii
2497 5194 2641 5254 mss.
2667 5215 2732 5254 ac
2761 5198 2971 5264 edit,...
2993 5194 3398 5266 ﬁdes.’Etenim
3418 5208 3625 5266 quem-

1986 5272 2303 5327 admodum
2339 5270 2432 5326 hic
2457 5271 2786 5341 possibilitas
2815 5269 2888 5323 ad
2918 5265 3427 5341 νέα-ᾳδηρνκηιὶωη
3445 5265 3627 5341 Ξάτξί·

1986 5354 2041 5400 ta
2065 5362 2079 5413 ;
2102 5345 2181 5399 sic
2210 5343 2337 5412 ﬁdes
2369 5334 2708 5413 relerturgad
2742 5341 2963 5413 veritas.
3007 5334 3246 5413 Dicitur
3268 5351 3408 5413 ergo
3437 5334 3629 5413 Chris-

1987 5406 2083 5471 tus
2112 5406 2556 5486 fides,_eo__q_uod
2589 5411 2714 5481 ejus
2757 5409 2972 5466 veritas
3002 5408 3156 5478 fidei,
3190 5410 3257 5464 ut
3283 5406 3627 5481 loquuntur,

1987 5487 2063 5541 sit
2095 5482 2332 5541 formale
2363 5482 2675 5552 dbjectum.

2058 5559 2169 5628 (38)
2202 5554 2339 5610 Mss.
2392 5549 2601 5623 majori
2652 5566 2895 5608 numero
2948 5557 3007 5610 et
3070 5549 3435 5621 auctoritate,
3486 5564 3592 5624 quo

1985 5645 2158 5685 unum
2186 5631 2456 5683 asserunt.
3542 5664 3551 5673 .
