4122 6146
505 289 623 356 395
1908 293 1975 357 s.
2020 290 2394 357 AMBnosn
3008 240 3014 247 ’
3733 300 3828 379 tot

499 434 552 485 et
579 424 885 493 adPatrem
914 431 1172 493 vestrum,
1204 425 1375 481 Deum
1402 440 1603 491 meum,
1637 434 1687 481 et
1717 427 1881 482 Deum
1900 430 2149 483 'vestrum
2180 433 2233 498 Α
2262 426 2440 485 nolite
2479 426 2685 485 timere
2717 428 2790 485 ab
2819 427 3230 501 iniquitatibus
3249 427 3475 497 mundi,
3494 429 3648 488 nolite
3667 433 3831 494 timere

502 516 677 587 (Joan.
709 530 801 568 xx.
832 513 947 585 17).
981 513 1068 568 lbi
1097 531 1231 583 ergo
1262 531 1591 585 quaeremus
1621 532 1776 573 cum.
1810 515 1907 569 ubi
1933 517 2145 587 quaesi-
2257 535 2291 573 a
2318 517 2595 573 ﬂuctibus
2619 517 3009 589 corporalium
3031 517 3394 589 passionum,
3419 534 3517 591 ego
3536 537 3656 576 sum
3672 538 3832 594 pecca-

499 603 599 669 vit,
630 604 903 670 Joannes,
936 606 993 658 ct
1021 602 1257 657 invenit.
1293 602 1393 657 llle
1425 621 1579 667 eum,
1610 604 1668 658 in
1696 604 1958 675 principo
1988 621 2146 676 qum-
2256 613 2450 661 torum
2482 607 2752 662 remissio
2778 623 2790 660 :
2826 606 3005 662 nolite
3037 607 3245 662 timere
3269 623 3303 662 a
3325 608 3586 675 tenebris,
3616 626 3706 682 ego
3732 629 3835 669 sum

502 686 1249 757 sivit,etinvenitviventem
1263 693 1418 762 apud
1434 692 1957 761 viventem,Filium
1983 694 2141 764 apud
2258 694 2357 749 lux
2386 711 2398 749 :
2424 694 2604 749 nolite
2637 696 2840 750 timere
2870 712 2905 749 a
2936 699 3141 761 morte,
3178 711 3283 766 ego
3316 712 3444 751 sum
3472 696 3600 751 vita.
3629 699 3838 763 Quicun-

508 781 736 836 Patrem
765 782 939 846 (Joan.
975 797 1014 845 Ι,
1048 780 1123 849 4).
1156 780 1272 835 Nos
1331 797 1463 835 eum
1520 782 1579 834 in
1639 788 1974 852 temporum
2033 783 2149 836 line
2258 798 2371 853 que
2395 783 2466 837 ad
2495 799 2587 838 me
2614 783 2791 842 venit.
2819 788 3066 839 mortem
3096 799 3212 838 non
3243 783 3459 838 videbit
3490 785 3545 838 in
3583 790 3839 855 aeternum,

502 885 855 941 quaeramus,
880 880 937 923 et
962 867 1423 939 complectamur
1443 869 1619 940 pedes
1649 870 1800 940 ejus,
1862 874 1919 925 et
1943 870 2149 925 adore-
2258 870 2537 943 quoniam
2570 870 2582 923 i
2592 886 2694 942 pse
2723 876 2812 926 est
2842 870 3145 943 plenitudo
3194 871 3529 941 divinitatis,
3576 877 3628 928 et
3652 874 3752 946 ipsi
3775 882 3844 931 est

503 974 636 1014 mus
667 973 823 1021 eum,
858 960 922 1011 ut
951 956 1104 1011 dicat
1132 962 1189 1012 et
1220 957 1388 1013 nobis
1425 976 1436 1012 :
1481 959 1658 1014 Nolite
1688 960 1880 1014 timere
1935 958 2145 1029 (Matth.
2258 959 2677 1032 gloria,decus,
2703 960 3061 1031 perpetuitas
3084 975 3117 1015 a
3141 959 3462 1027 saeculis,et
3483 977 3648 1025 nunc,
3668 967 3847 1019 etsem-

450 1046 457 1049 ⁷
500 1062 696 1112 xxvm,
726 1045 804 1115 5),
836 1045 893 1099 id
925 1050 1033 1110 est,
1068 1045 1245 1101 nolite
1274 1045 1479 1102 timere
1528 1064 1562 1101 a
1617 1046 1869 1118 peccatis
1929 1046 2146 1114 saeculi,
2260 1065 2383 1119 per,
2416 1052 2474 1103 et
2499 1047 2556 1102 iu
2591 1049 2788 1104 omnia
2811 1047 3025 1103 saecula
3056 1048 3423 1104 saeculorum.
3454 1052 3648 1105 Amen.

994 1393 1107 1475 IN
1150 1391 1605 1479 LIBRUM
1661 1392 1806 1475 DE
1866 1389 2176 1476 FUGA
2235 1388 2680 1477 S/ECULI
2737 1376 3412 1478 ADMONITIO.

455 1723 485 1785 ο·
567 1705 672 1761 Hic
702 1703 849 1760 liber
878 1704 1138 1760 diversas
1168 1702 1320 1758 inter
1354 1702 1739 1757 Ambrosinus
1765 1716 1942 1773 opera
1970 1702 2135 1756 sedes
2167 1701 2488 1773 occupavit.
2524 1701 2749 1756 Etenim
2782 1700 2839 1755 in
2874 1717 3017 1756 mss.
3051 1706 3226 1773 atque
3255 1699 3313 1757 in
3333 1701 3473 1757 edit.
3494 1702 3861 1775 antiquissmis

498 1794 829 1867 proximum
866 1796 997 1865 post
1027 1792 1209 1848 libros
1240 1794 1312 1847 De
1345 1792 1494 1846 Isaac
1523 1795 1578 1846 et
1608 1793 1682 1846 De
1707 1796 1852 1847 Bono
1881 1792 2074 1846 mortis
2103 1789 2298 1845 locum
2330 1789 2571 1845 obtinet.
2606 1790 2750 1845 Cum
2805 1793 2999 1845 autem
3067 1789 3308 1846 Erasmo
3374 1790 3641 1847 libuisset
3699 1793 3862 1848 omnia

494 1882 785 1939 Ambrosii
820 1885 1201 1937 monumenta
1233 1880 1290 1933 in
1318 1883 1506 1934 certas
1533 1877 1748 1934 classes
1780 1878 2152 1948 distribuere,
2182 1877 2350 1932 illum
2385 1894 2515 1932 cum
2551 1878 2837 1950 superiori
2865 1881 3115 1934 tractatu
3145 1880 3220 1934 De
3256 1879 3383 1934 ’τοηο
3415 1882 3602 1935 mortis
3623 1880 3677 1935 in
3737 1880 3865 1936 ethi-

498 1988 699 2027 corum
721 1971 987 2027 ordinem
1011 1973 1143 2041 post
1174 1958 1353 2023 libros
1377 1970 1450 2023 De
1482 1968 1687 2039 Ofﬁciis
1717 1984 1780 2021 ac
1809 1968 1886 2021 De
1937 1955 2252 2036 Virginibus
2319 1966 2525 2038 coegit,
2560 1967 2618 2021 in
2689 1982 2804 2038 quo
2845 1982 2979 2022 eum
3019 1971 3221 2038 postea
3285 1968 3580 2023 Costerius
3610 1973 3662 2023 et
3720 1969 3863 2025 Gillo-

495 2061 614 2116 tius
635 2059 847 2115 imitati
880 2062 1038 2113 sunt.
1072 2059 1374 2112 Postremo
1406 2057 1503 2128 qui
1540 2057 1811 2111 Romanae
1845 2060 2129 2128 praeerant
2157 2055 2420 2122 editioni,
2455 2055 2613 2111 hunc
2641 2055 2834 2128 ipsum
2857 2055 3076 2111 librum
3106 2055 3572 2113 nihilaliudesse
3591 2057 3866 2130 rati,quam

498 2150 806 2221 mysticam
839 2146 1260 2218 expositionem
1289 2146 1399 2201 loci
1432 2147 1723 2202 Geneseos
1754 2145 1853 2200 ubi
1887 2146 2146 2201 Rebecca
2175 2144 2363 2200 {ilium
2396 2162 2572 2200 suum
2602 2145 2783 2201 Jacob
2806 2149 2870 2199 ut
2900 2144 2956 2199 in
2972 2145 3457 2217 Mesopotamiam
3480 2146 3675 2219 fugiat,
3695 2146 3867 2201 suadet

501 2238 649 2309 (cap.
673 2253 845 2305 xxvu,
879 2236 967 2303 43)
993 2253 1006 2303 ;
1032 2235 1321 2290 eumdem
1350 2240 1481 2307 post
1511 2234 2060 2290 commentationem
2093 2235 2166 2289 De
2193 2234 2357 2290 Jacob
2389 2242 2439 2288 et
2468 2235 2583 2289 Vita
2614 2236 2770 2289 beata
2818 2231 3191 2289 transtulere.
3226 2233 3340 2289 Sed
3411 2234 3496 2289 illi
3528 2234 3748 2307 quidem
3777 2250 3868 2289 non

498 2325 705 2380 idoneo
735 2323 977 2379 tibicine
1004 2323 1207 2378 innixi.
1228 2323 1551 2390 Enimvero,
1576 2324 1680 2378 etsi
1709 2323 1865 2377 haud
1899 2321 2076 2378 semel
2109 2322 2272 2377 illam
2304 2321 2504 2378 Jacobi
2536 2323 2733 2395 fugam
2761 2325 3041 2377 memoret
3064 2327 3304 2378 sanctus
3325 2324 3868 2394 antistes,nuuquam

497 2416 694 2469 tamen
726 2411 808 2466 illi
842 2413 951 2466 fuit
981 2412 1293 2467 consilium
1326 2413 1752 2468 enarrationem
1785 2410 1843 2466 in
1875 2427 2006 2466 eum
2053 2412 2364 2483 Scriptura
2394 2410 2588 2466 locum
2622 2410 3004 2466 elucubrare:
3039 2403 3144 2466 nec
3174 2409 3344 2465 aliter
3375 2411 3624 2481 hujusce
3654 2410 3868 2484 patriar-
3926 2470 3935 2478 _

496 2500 615 2556 cha:
644 2500 907 2573 exemplo
937 2500 1140 2571 utitur,
1175 2504 1348 2573 atque
1377 2500 1625 2555 aliorum
1650 2500 2039 2572 quorumdam
2071 2499 2475 2572 praestantium
2504 2499 2785 2565 virorum,
2819 2516 2967 2571 quos
2991 2516 3057 2555 eo
3089 2498 3384 2571 proponit,
3421 2504 3489 2554 ut
3519 2499 3794 2555 efﬁcacius
3813 2497 3870 2552 ad

498 2593 779 2645 aeternum
813 2589 1033 2644 mundo
1064 2590 1339 2645 nuntium
1370 2589 1783 2644 remittendum
1816 2587 2166 2643 stimularet.
2195 2587 2494 2655 Quocirca,
2527 2588 2637 2644 hoc
2666 2587 2815 2642 libro
2846 2587 3141 2644 attentiori
3166 2588 3440 2643 examine
3467 2586 3874 2657 discusso,pris-

497 2676 689 2732 tinum
722 2677 774 2732 ei
806 2676 998 2732 locum
1032 2677 1439 2745 restituimus;
1472 2677 1649 2749 idque
1678 2694 1744 2732 co
1774 2676 2088 2741 lubentius,
2123 2693 2239 2747 quo
2270 2676 2322 2731 is
2350 2676 2804 2731 tantummando
2838 2675 3219 2747 disputationi
3251 2677 3326 2731 De
3354 2677 3524 2732 Jacob
3567 2685 3618 2732 et
3651 2676 3754 2731 Vita
3779 2674 3876 2729 bea-

496 2769 554 2821 ta
583 2782 760 2838 quam
793 2765 852 2821 in
885 2766 1051 2821 Rom.
1078 2766 1333 2822 editione
1364 2767 1735 2837 sequebatur,
1771 2764 2197 2836 przeponendus
2223 2764 2301 2819 sit
2334 2780 2346 2818 :
2380 2780 2495 2835 qua
2525 2780 2593 2819 ex
2624 2761 2944 2819 mutatione
2972 2762 3118 2817 nihil
3150 2763 3369 2819 oboriri
3400 2768 3596 2836 potest
3616 2760 3877 2820 confusio-

498 2854 612 2910 nis.
647 2854 821 2925 Atqui
854 2855 926 2908 ad
960 2853 1017 2908 id
1050 2871 1165 2908 non
1197 2853 1322 2909 sola
1353 2870 1457 2909 nos
1487 2852 1723 2925 impulit
1765 2851 2297 2924 manuscriptorum
2341 2855 2719 2922 veterumque
2767 2850 3092 2905 editionum
3144 2851 3473 2907 auctoritas
3508 2870 3522 2907 :
3580 2852 3680 2907 sed
3726 2846 3882 2905 multo

498 2941 689 3013 magis
721 2957 849 3012 quae
879 2940 1048 2996 illum
1080 2958 1210 2996 cum
1247 2940 1646 3013 superioribus
1677 2941 2026 2996 tractatibus
2058 2940 2379 3012 conjungit,
2413 2940 2671 2995 materia:
2736 2939 3025 3011 cognatio.
3096 2939 3309 3003 Quidni
3365 2940 3549 2997 etiam
3608 2938 3883 3013 ipsiusmet

500 3029 793 3085 Ambrosii
826 3030 1232 3093 testimonium
1254 3031 1443 3085 ?Cum
1476 3030 1631 3085 enim
1662 3030 1721 3084 in
1748 3030 1874 3102 ipso
1901 3029 2037 3085 libri
2067 3028 2269 3084 limine
2301 3029 2381 3087 ita
2408 3028 2668 3100 loquitur
2700 3044 2712 3082 :
2746 3029 3018 3099 Frequens
3047 3028 3205 3083 nobis
3232 3032 3311 3085 est
3345 3029 3416 3086 de
3445 3028 3749 3101 e/fugiendo
3798 3039 3885 3081 sw-

500 3118 623 3174 culo
648 3119 753 3173 ista
782 3118 1229 3186 semo,minime
1258 3118 1593 3174 dubitamus
1616 3134 1751 3173 eum
1780 3119 1953 3174 tacite
1983 3117 2413 3190 quodammodo
2433 3117 2689 3172 indicare
2719 3120 3002 3171 tractatus
3034 3117 3105 3173 De
3131 3117 3518 3184 Abrahamﬁe
3546 3120 3696 3173 Isaac
3720 3116 3886 3171 etAni-

494 3222 606 3274 ma,
640 3223 707 3263 ac
735 3208 811 3262 De
840 3209 986 3262 Bono
1016 3209 1205 3263 mortis
1239 3232 1252 3273 ;
1285 3208 1499 3279 quippe
1530 3208 1631 3279 qui
1663 3207 1956 3262 auditores
1984 3208 2103 3262 sive
2132 3206 2377 3261 lectores
2407 3222 2547 3260 suos
2573 3203 2892 3260 instantius
2923 3205 2996 3260 ad
3038 3204 3231 3260 saeculi
3274 3207 3537 3279 ejusque
3587 3205 3887 3261 vanitatum

494 3293 693 3367 fugam
727 3295 784 3349 in
818 3296 911 3350 his
941 3295 1215 3350 omnibus
1245 3295 1604 3361 adhortetur,
1633 3312 1699 3349 ac
1731 3295 2017 3367 praecipue
2047 3295 2105 3351 in
2129 3296 2237 3350 hoc
2270 3293 2497 3362 ultimo,
2531 3293 2630 3348 ubi
2663 3293 2719 3347 in
2751 3309 2819 3348 ea
2849 3310 2909 3348 re
2942 3292 3052 3347 tria
3092 3292 3283 3364 capita
3337 3294 3834 3366 quemadmodum
3862 3307 3888 3344 a

499 3382 669 3438 nobis
700 3383 758 3438 in
792 3383 1194 3455 superioribus
1225 3384 1725 3440 admonitionibus
1756 3385 2126 3440 observatum
2156 3387 2265 3452 est,
2299 3386 2749 3438 consumuntur.

580 3473 694 3527 Hoc
721 3472 916 3543 ipsum
948 3478 1067 3528 tota
1097 3473 1268 3529 istius
1297 3473 1477 3529 libelli
1507 3475 1871 3529 demonstrat
1901 3472 2264 3529 constitutio.
2296 3470 2576 3543 Superius
2608 3471 2763 3526 enim
2796 3487 2830 3524 a
2859 3470 3029 3525 nobis
3059 3475 3369 3528 ostensum
3403 3477 3521 3541 est,
3581 3474 3638 3528 S.
3698 3485 3897 3543 praesu-

501 3558 620 3615 lem
647 3560 705 3615 in
736 3561 1115 3617 concionibus
1145 3579 1210 3617 ac
1240 3562 1584 3617 tractatibus
1615 3562 1740 3617 suis
1766 3562 2218 3617 catechumenos
2250 3563 2646 3632 competentes
2680 3575 2857 3630 quam
2891 3557 3347 3630 diligentissime
3403 3560 3693 3616 omnibus
3729 3554 3898 3614 Chris-

500 3647 672 3704 tiana:
703 3649 831 3704 vitaz
862 3650 1345 3722 praeceptionibus
1376 3650 1660 3706 imbuisse
1695 3668 1706 3705 :
1741 3655 1800 3706 at
1829 3650 1971 3706 illud
2004 3649 2297 3724 praecipua
2318 3650 2569 3722 quadam
2605 3664 2746 3703 cura
2776 3645 3122 3714 inculcasse,
3168 3653 3550 3722 quantopere
3582 3650 3655 3704 ad
3710 3646 3905 3717 fugien-

497 3736 603 3793 das
635 3737 830 3793 saeculi
861 3738 1145 3795 vanitates
1168 3740 1689 3811 obstringerentur.
1723 3738 1937 3794 Verum
1971 3739 2065 3795 his
2096 3738 2387 3811 angustiis
2420 3753 2533 3792 nou
2565 3736 2913 3792 eludebatur
2942 3737 3070 3807 ejus
3099 3735 3472 3793 sollicitudo.
3539 3738 3792 3793 Rebatur
3840 3732 3902 3787 si-

496 3827 734 3897 quidem
757 3827 815 3881 id
844 3826 933 3882 vel
974 3828 1225 3883 maxime
1256 3828 1344 3883 sui
1368 3844 1497 3883 esse
1529 3827 1725 3894 officii,
1762 3831 1826 3882 ut
1858 3843 1955 3882 eos
1986 3832 2118 3898 post
2147 3830 2485 3897 susceptum
2513 3825 2807 3897 baptisma
2832 3825 2889 3880 in
2914 3824 3181 3880 doctrina
3210 3841 3401 3897 quam
3440 3844 3507 3884 se
3541 3823 3904 3894 docentejam

495 3913 839 3981 didicerant,
874 3915 1264 3971 confirmaret.
1300 3918 1664 3988 Quapropter
1693 3916 1766 3969 ab
1796 3915 1923 3987 ipso
1951 3915 2128 3986 hujus
2159 3914 2497 3986 scriptionis
2519 3913 2751 3969 exordio
2782 3913 3037 3968 ostendit
3055 3913 3205 3985 (cap.
3236 3915 3286 3981 1,
3328 3931 3391 3969 n.
3414 3916 3468 3984 1,
3495 3919 3556 3969 et
3574 3916 3725 3986 seq.)
3745 3924 3903 3984 quam

495 4002 572 4057 sit
601 4003 873 4059 humanae
899 4001 1199 4077 fragilitati
1228 4008 1402 4075 atque
1434 4002 1736 4075 cupiditati
1769 4003 2020 4071 proclive
2050 4003 2270 4059 sensim
2302 4004 2360 4057 iu
2389 4002 2720 4057 mundanas
2744 4002 2994 4075 ineptias
3021 4001 3201 4057 relabi
3228 4018 3241 4056 :
3272 4019 3474 4074 quam
3509 4007 3711 4059 autem
3754 3999 3908 4056 ardu-

493 4106 590 4144 um
614 4090 673 4145 in
705 4096 907 4151 sancto
936 4092 1233 4163 proposito
1264 4108 1633 4163 perseverare
1660 4109 1674 4152 :
1707 4096 1882 4164 atque
1914 4092 2053 4147 adeo
2078 4091 2220 4164 ipsis
2254 4096 2318 4145 ut
2348 4090 2638 4145 indefesso
2681 4106 2854 4145 cursu
2888 4090 3172 4145 vanitates
3212 4090 3482 4162 fugiant,
3525 4109 3594 4146 ac
3627 4106 3803 4161 supra
3854 4083 3906 4138 i1-

491 4176 579 4233 las
609 4179 781 4250 positi
814 4180 883 4234 ad
921 4180 1329 4251 perfectionem
1364 4180 1762 4235 indesinenter
1791 4181 2164 4248 contendant,
2197 4179 2473 4234 manibus
2505 4179 2871 4251 pedibusque
2903 4178 3310 4233 adnitendum.
3349 4178 3523 4235 Nihil
3558 4178 3726 4235 aliud
3784 4179 3911 4243 (cap.

489 4266 545 4332 2,
578 4267 631 4335 3,
664 4271 723 4322 et
750 4267 876 4323 init.
906 4270 957 4340 ei)
986 4270 1041 4323 in
1075 4269 1250 4324 veteri
1282 4267 1407 4341 lege
1440 4286 1539 4340 per
1570 4285 1671 4323 sex
1696 4269 1826 4325 illas
1856 4269 2062 4342 refugii
2097 4268 2363 4325 civitates
2394 4284 2518 4339 quae
2553 4267 2664 4321 reis
2710 4267 3009 4322 homicidii
3034 4283 3150 4322 non
3208 4266 3554 4323 voluntarii
3627 4265 3907 4339 patebant.

493 4354 888 4425 significatum
918 4358 1127 4429 probat
1161 4376 1173 4413 :
1206 4357 1403 4429 quain
1437 4375 1498 4413 re
1527 4358 1749 4413 diutius
1780 4374 1958 4429 quam
1991 4358 2259 4431 privatim
2292 4357 2349 4412 in
2383 4356 2497 4411 alia
2518 4354 2638 4411 ulla
2668 4356 2906 4411 insistit.
2936 4356 3152 4412 Deinde
3185 4356 3241 4410 in
3274 4372 3407 4427 quo
3440 4356 3577 4413 hmo
3616 4356 3756 4429 fuga
3782 4350 3914 4426 posi~

491 4442 553 4494 ta
582 4441 683 4510 sit,
713 4443 967 4500 declarat
996 4448 1144 4517 (cap.
1179 4447 1233 4511 4,
1264 4463 1422 4501 num.
1464 4447 1549 4517 17)
1584 4455 1599 4511 ';
1628 4463 1923 4518 quamque
1951 4446 2068 4500 illis
2098 4445 2301 4501 eadem
2334 4445 2610 4518 gloriosa,
2646 4444 2828 4511 utilis,
2863 4461 2928 4499 ac
2961 4445 3291 4500 necessaria
3321 4446 3409 4501 sit
3446 4442 3780 4518 prepositis
3833 4456 3916 4511 pa-

488 4528 901 4599 triarcharum,
935 4534 1375 4607 prophetarum,
1408 4534 1687 4607 Apostoli,
1722 4539 1897 4606 atque
1927 4536 2104 4590 etiam
2138 4534 2324 4606 ipsius
2356 4533 2571 4589 Christi
2601 4533 2829 4589 Domini
2861 4532 3143 4605 exemplis
3174 4533 3401 4589 evincit
3448 4536 3616 4608 (cap.
3679 4535 3736 4602 4,
3769 4545 3915 4586 num.

490 4615 558 4670 19
586 4621 644 4673 et
669 4619 783 4690 20),
815 4620 913 4675 sed
947 4621 1133 4692 ipsam
1168 4619 1410 4676 celerem
1443 4639 1571 4677 esse
1600 4627 1867 4694 oportere
1900 4623 2048 4694 (cap.
2081 4624 2136 4692 6,
2168 4639 2330 4677 num.
2362 4624 2473 4690 32).
2510 4622 2688 4678 Docet
2716 4622 2912 4693 (Ibid.)
2936 4623 3063 4693 ejus
3093 4622 3361 4678 stadium
3399 4640 3477 4678 ac
3514 4627 3745 4678 metam
3775 4633 3918 4674 sum-

485 4720 647 4761 mum
683 4711 860 4778 atque
888 4707 1366 4765 incommutabile
1396 4711 1613 4765 bonum
1649 4728 1797 4773 esse,
1829 4710 1937 4765 hoc
1958 4716 2043 4766 est
2078 4713 2259 4766 Deum
2292 4710 2510 4782 ipsum,
2550 4710 2909 4782 proindeque
2968 4709 3130 4765 nullo
3160 4708 3272 4765 alio
3308 4711 3583 4768 stimulo
3651 4711 3801 4782 (cap.
3861 4704 3914 4770 7.

486 4812 649 4851 num.
682 4797 751 4851 37
789 4801 846 4852 et
876 4799 1023 4869 seq.)
1054 4797 1186 4854 Illos
1218 4799 1410 4854 acrius
1440 4799 1676 4854 excitari
1711 4800 1918 4855 debere
1946 4802 2015 4855 ad
2048 4800 2412 4855 evadendum
2445 4816 2474 4852 e
2508 4799 2750 4863 mundo,
2784 4797 2884 4853 ubi
2914 4798 3111 4854 divino
3136 4798 3448 4869 permissu
3487 4800 3788 4856 hactenus
3812 4809 3923 4867 pec-

483 4888 679 4941 catum
713 4890 771 4941 et
799 4886 1492 4959 malilia?perseverant,et
1522 4889 1677 4943 unde
1708 4888 1955 4960 ipsemet
1986 4889 2256 4945 Christus
2290 4889 2401 4943 ista
2431 4888 2747 4959 exstirpare
2778 4886 3337 4959 noluit,quanquam
3373 4905 3605 4945 eorum
3633 4883 3922 4944 diabolum

482 4975 979 5030 condemnaverit.

504 5120 515 5131 ρ
546 5061 764 5120 Verum
795 5080 929 5119 curn
960 5066 1009 5120 ci
1044 5081 1078 5118 a
1108 5064 1405 5120 novisillis
1426 5064 1773 5120 Christianis
1804 5065 1976 5134 objici
2010 5069 2207 5137 posset
2237 5063 2592 5136 quihusdam
2619 5063 2866 5120 vinculis
2897 5081 3024 5120 sese
3053 5062 3418 5137 constringi,
3444 5082 3561 5138 per
3582 5082 3718 5138 quae
3741 5059 3846 5119 sibi
3864 5074 3924 5114 ex

476 5152 699 5207 mundo
733 5152 1040 5225 profugere
1071 5152 1535 5225 haudquaquam
1568 5151 1787 5216 liceret,
1820 5152 1968 5224 ipsis
1996 5153 2182 5224 aperit
2211 5153 2360 5224 (cap.
2394 5154 2447 5219 8,
2480 5169 2644 5207 num.
2678 5154 2749 5206 45
2776 5156 2833 5208 et
2862 5152 3009 5224 seq.)
3043 5170 3162 5224 qua
3191 5153 3440 5209 ratione
3472 5155 3788 5210 mundum
3810 5165 3923 5205 cor-

473 5254 611 5308 pore
635 5257 753 5295 non
781 5243 1133 5310 deserentes,
1166 5243 1299 5297 inde
1329 5243 1527 5297 animo
1551 5250 1785 5313 possent
1815 5243 2058 5309 evolare,
2090 5242 2205 5298 Deo
2235 5241 2405 5296 unice
2435 5241 2749 5308 adhaerere,
2783 5242 3089 5297 odservare
3120 5243 3247 5313 ejus
3278 5247 3629 5316 praecepta,
3683 5244 3742 5297 et
3772 5251 3922 5295 occa-

475 5325 699 5382 sionem
731 5328 978 5386 ulterius
1007 5330 1065 5385 in
1098 5331 1188 5385 via
1218 5330 1450 5385 virtutis
1482 5330 1889 5402 progrediendi
1921 5329 2141 5384 nullam
2172 5345 2287 5385 non
2322 5328 2594 5401 arripere.
2627 5329 2711 5384 Ad
2743 5334 3071 5386 extremum
3104 5330 3241 5385 huic
3307 5329 3740 5403 disputationi
3772 5342 3923 5384 coro-

473 5412 667 5469 nidem
700 5417 865 5487 ponit
893 5418 1589 5491 vehementissimejuxta
1621 5435 1686 5473 ac
1720 5418 2132 5474 facundissime
2163 5417 2522 5475 exhortando
2549 5420 2698 5490 (cap.
2732 5418 2787 5485 9,
2818 5436 2980 5474 num.
3013 5420 3078 5474 51
3123 5423 3179 5475 et
3207 5419 3395 5490 scq.).
3435 5437 3516 5476 ne
3559 5437 3705 5475 cum
3750 5430 3920 5473 sacu-

472 5499 603 5557 culo
634 5503 729 5557 cui
765 5504 943 5558 semel
975 5505 1031 5561 in
1072 5506 1429 5577 baptismate
1464 5512 1527 5563 ut
1556 5524 1695 5562 suas
1726 5507 1835 5563 sibi
1871 5522 1962 5561 res
1993 5507 2236 5563 haberet
2268 5506 2513 5564 solemni
2538 5507 2782 5563 divortio
2806 5507 3125 5571 edixerunt,
3158 5506 3351 5562 ullam
3391 5509 3454 5563 in
3481 5514 3799 5581 posterum
3821 5502 3921 5559 ini-

470 5594 598 5645 rent
627 5591 985 5655 societatem,
1018 5595 1282 5665 persuasi
1316 5596 1597 5654 nimirum
1630 5595 1689 5650 in
1712 5613 1773 5652 se
1806 5612 1917 5651 non
1945 5596 2070 5668 jam
2104 5602 2355 5652 veterem
2407 5596 2704 5653 hominem
2764 5612 3039 5670 apparere
3097 5596 3337 5668 debere,
3396 5598 3511 5652 sed
3578 5611 3794 5653 novam
3858 5590 3920 5645 il-
