4012 6192
222 263 317 332 897
420 332 425 337 ,
1399 267 1633 334 LIBER
1674 268 1777 335 DE
1820 271 2032 338 FUGA
2074 271 2395 340 SECULI.
3477 271 3602 339 598

219 399 317 458 lam
341 399 518 458 vitam
551 415 730 474 quam
760 399 820 457 in
851 397 1089 475 genitali
1119 403 1274 459 fonte
1308 402 1406 459 ubi
1439 400 1666 460 Christo
1697 404 2045 461 commortui
2078 403 2256 463 simul
2289 403 2465 461 etiam
2498 418 2633 461 cum
2663 402 2791 478 ipso
2832 402 3179 474 revixerunt,
3212 404 3601 478 accepissent.

219 497 370 547 Porro
401 492 452 548 si
483 491 856 548 Ambrosium
886 493 958 548 ad
990 492 1258 548 homines
1291 494 1582 565 baptismo
1618 511 1815 549 recens
1845 493 2106 549 initiatos
2132 511 2457 550 sermonem
2487 495 2702 551 habere
2747 511 2816 551 ex
2865 495 3057 568 operis
3087 493 3312 568 epilogo
3351 499 3604 565 constat,

217 580 348 636 idem
380 597 494 635 non
529 579 726 634 minus
756 584 883 634 tum
916 596 984 635 ex
1013 580 1143 649 ejus
1171 580 1407 635 exordio
1438 579 1586 651 (cap.
1621 581 1672 646 l,
1702 581 1756 637 7.
1790 581 1869 649 8),
1904 585 2029 636 tum
2079 598 2145 637 ex
2190 582 2383 637 medio
2435 583 2812 638 manifestum
2864 586 2972 639 est.
3004 582 3181 655 Atqui
3223 582 3376 638 istuc
3406 584 3602 655 ipsum

216 684 316 724 non
342 667 541 723 minus
571 683 741 722 secus
772 684 840 722 ac
869 667 1107 739 reliquae
1137 668 1401 737 ejusdem
1434 668 1944 725 commentationis
1974 674 2169 741 partes
2215 669 2343 727 luce
2392 671 2719 726 meridiana
2749 671 2964 728 clarius
3004 673 3322 728 ostendunt
3372 671 3533 727 illam
3575 687 3606 728 e

214 755 574 811 concionibus
604 753 691 810 vel
726 754 922 826 potius
965 771 997 809 e
1044 754 1321 809 concione
1350 770 1469 809 una
1496 759 1783 820 constare,
1817 746 1994 827 quam
2028 757 2205 812 dubio
2239 757 2435 829 procul
2469 759 2634 813 festis
2679 758 3057 831 paschalibus
3108 758 3335 815 circiter
3383 776 3605 816 annum

210 846 438 915 387,quo
468 844 800 915 superiores
828 843 1010 899 libros
1040 844 1396 915 compositos
1424 843 1603 898 fuisse
1631 844 2091 913 observavimus,
2127 846 2754 914 pronuntiavit.Utrum
2789 853 2982 903 autem
3011 848 3147 903 huic
3179 849 3369 904 eidem
3402 847 3601 904 libello

209 932 398 988 titulus
444 933 520 987 ab
566 933 873 989 Ambrosio
920 932 1141 988 inditus
1199 933 1275 987 sit
1317 934 1395 987 De
1446 936 1579 1003 fuga
1625 934 1831 999 saeculi,
1882 933 1941 989 id
1993 952 2132 990 sane
2180 935 2495 1008 Augustini
2528 954 2561 991 a
2590 953 2705 1008 quo
2738 936 2819 992 ita
2845 936 3120 993 laudatur
3168 936 3293 1009 (lib.
3348 955 3409 1002 ιι,
3445 938 3601 993 Cont.

208 1023 397 1079 Julian.
432 1022 644 1091 Pelag.,
674 1037 723 1075 c.
757 1020 811 1086 8,
845 1026 902 1076 et
930 1019 1032 1075 lib.
1062 1038 1118 1075 ιν
1150 1022 1300 1075 Cant.
1335 1021 1471 1075 diuis
1498 1022 1674 1091 Epist.
1716 1023 1859 1088 Pel.,
1891 1039 2017 1093 cap.
2054 1023 2163 1091 ll),
2199 1024 2256 1078 in
2289 1026 2680 1080 controversia
2716 1025 2865 1096 ‘poni
2913 1042 3025 1080 non
3078 1025 3220 1081 sinit
3255 1026 3599 1081 auctoritas.

209 1111 319 1166 Non
348 1108 846 1165 dissimulandum
878 1113 1073 1165 tamen
1106 1109 1165 1164 in
1201 1109 1617 1180 manuscriptis
1648 1109 1867 1180 aliquot
1898 1110 2248 1183 inscriptum
2283 1112 2417 1185 legi,
2450 1115 2524 1169 De
2572 1116 2715 1168 Esau
2759 1121 2809 1168 et
2854 1115 3003 1185 Fuga
3049 1115 3258 1170 saeculi.
3294 1113 3407 1170 Sed
3457 1113 3600 1186 quid

208 1200 556 1255 occasionem
587 1197 872 1254 additioni
905 1199 1146 1265 dederit,
1179 1214 1423 1269 prorsus
1449 1214 1564 1252 non
1594 1199 1885 1254 videmus.
1924 1200 2212 1255 Standum
2240 1202 2437 1272 itaque
2458 1204 2585 1273 jam
2617 1206 2859 1273 receptae
2890 1201 3277 1274 inscriptioni.

269 1289 381 1343 Etsi
411 1287 671 1343 Philonis
702 1286 850 1341 libro
882 1291 962 1342 De
988 1288 1244 1357 Pro/agis
1274 1291 1686 1357 argumentum
1720 1289 1872 1357 Agar
1900 1288 2143 1359 fugitiva
2175 1290 2506 1359 praebuerit,
2532 1294 2659 1361 ejus
2690 1296 2884 1345 tamen
2921 1291 3185 1346 subsidio
3218 1296 3456 1346 sanctus
3487 1293 3603 1347 An-

207 1377 360 1432 tistes
385 1375 606 1431 utiliter
634 1375 859 1449 aliquot
888 1374 1030 1430 locis
1057 1392 1201 1429 usus
1232 1380 1341 1438 est,
1376 1380 1441 1429 ut
1462 1380 1604 1446 puta
1634 1375 1731 1429 ubi
1758 1380 1828 1431 de
1859 1377 2209 1446 patriarchis
2240 1378 2454 1450 Joseph
2490 1384 2548 1433 et
2575 1379 2753 1434 Jacob
2786 1381 2969 1451 (cain
2993 1384 3049 1434 et
3078 1381 3153 1445 8),
3186 1380 3375 1452 deque
3401 1396 3502 1435 sex
3524 1397 3607 1435 re-

203 1465 336 1537 fugii
366 1464 701 1520 civitatibus
730 1464 967 1519 disserit
995 1465 1145 1535 (cap.
1177 1467 1213 1518 2
1242 1470 1298 1518 et
1326 1462 1461 1533 al.).
1498 1464 1600 1518 Hic
1628 1468 1824 1519 autem
1873 1465 1988 1520 duo
2034 1466 2190 1521 haud
2241 1467 2484 1539 indigna
2526 1485 2652 1538 qua:
2692 1469 3090 1535 observentur,
3122 1468 3552 1525 animadvertes
3587 1487 3600 1524 :

204 1553 436 1609 alterum
463 1552 703 1624 quidem
729 1555 887 1624 quod
910 1553 1036 1623 jam
1064 1569 1097 1607 a
1129 1552 1297 1607 nobis
1327 1558 1416 1608 est
1445 1558 2038 1625 annotatum,nempe
2061 1556 2430 1610 Ambrosium
2458 1556 2742 1628 quidquid
2771 1574 2804 1611 a
2833 1556 3033 1611 Judzeo
3062 1556 3161 1614 illo
3195 1559 3603 1624 mutuabatur,

200 1641 337 1699 illud
366 1642 424 1697 in
457 1658 604 1697 usus
635 1641 1001 1697 Christianos
1031 1645 1386 1709 convertere,
1429 1658 1495 1696 ac
1545 1641 1723 1696 variis
1767 1641 2095 1698 rationibus
2146 1644 2619 1716 testimoniisque
2669 1662 2739 1700 ex
2784 1645 2940 1700 Novo
2987 1646 3359 1702 Testamento
3405 1646 3605 1718 petitis

201 1731 534 1787 conﬁrmare
569 1748 581 1785 :
616 1735 865 1786 alterum
892 1747 1025 1786 vero
1058 1747 1297 1786 causam
1330 1747 1435 1785 cur
1464 1731 1619 1786 idem
1652 1729 1864 1801 praesul
1896 1736 2016 1786 tam
2049 1730 2299 1788 libenter
2327 1750 2356 1788 e
2388 1733 2649 1788 Philonis
2680 1735 3277 1790 commentationibus
3315 1734 3603 1805 hauriret,

199 1819 361 1875 istam
390 1836 538 1887 esse,
567 1820 721 1890 quod
752 1819 1019 1875 videlicet
1047 1819 1351 1891 complura
1379 1819 1537 1875 illius
1568 1820 1845 1875 doctrinae
1877 1820 2070 1892 capita
2097 1822 2168 1876 ad
2200 1821 2540 1877 Christianae
2563 1822 2862 1893 religionis
2913 1822 3121 1893 placita
3169 1822 3320 1877 facili
3370 1822 3602 1896 negotio

206 1908 371 1979 redigi
403 1912 677 1980 possent;
711 1910 881 1979 cujus
920 1925 1061 1964 sane
1094 1909 1173 1963 rei
1205 1907 1600 1964 clarissimum
1651 1909 1981 1980 exemplum
2034 1926 2159 1980 quae
2212 1910 2269 1964 in
2322 1910 2431 1966 hoc
2460 1910 2610 1966 libro
2641 1914 2791 1983 (cap.
2826 1928 2863 1965 ιι
2895 1915 2951 1967 et
2976 1912 3057 1981 ιιι)
3090 1910 3160 1967 de
3185 1910 3372 1967 Verbo
3403 1911 3600 1968 divino

210 1995 586 2068 disputantur,
608 2013 675 2052 su
685 1996 1004 2069 ppeditant.

980 2271 1699 2437 SANCTI
1827 2162 2846 2439 ΑΜΒΒοδῆ

1416 2539 1997 2597 MEDIOLANENSIS
2036 2540 2350 2596 EPISCOPI

1170 2708 1382 2835 DE
1474 2705 1900 2838 FUGA
1994 2708 2605 2840 SECULI

1467 2942 1791 3027 LIBER
1849 2941 2167 3029 UNUS
2207 2932 2278 2995 (¹)
2304 3009 2323 3029 .

550 3227 846 3283 415-Ιῖ
891 3225 1124 3282 CAPUT
1161 3225 1462 3281 PRIMUM.
1857 3230 1912 3294 Α
1942 3227 2186 3298 ipsoque
2218 3226 2274 3280 in
2309 3230 2569 3297 tempore
2599 3242 2714 3297 quo
2745 3225 2967 3282 elevare
2997 3229 3253 3282 mentem
3285 3242 3584 3299 paramus;

205 3319 468 3372 Hominem
498 3330 789 3386 nonposse
822 3322 1066 3387 terrenas
1119 3315 1399 3387 illecebras
1428 3314 1825 3387 etimipiditates
1937 3315 2175 3370 insertis
2220 3315 2499 3369 inanibus
2545 3314 3022 3387 cogitationibus,
3062 3314 3134 3370 ad
3186 3319 3419 3371 terrena
3465 3314 3587 3387 ple-

260 3389 455 3473 fuggre,
489 3388 606 3473 nisi
634 3384 893 3473 divinum
921 3384 1437 3473 adsit'p‘reesiiiium.
1460 3384 1593 3452 Quot
1614 3386 1708 3439 ille
1728 3388 1826 3440 im-
1938 3419 2187 3473 rumque
2215 3402 2543 3471 deﬁcimur.

526 3476 558 3512 -ῐ
602 3476 635 3512 a
683 3473 935 3512 sensious
964 3473 1235 3512 nauatur:
1266 3473 1539 3512 quamque
1578 3473 1701 3511 eum
1732 3473 1826 3510 776-
2006 3496 2040 3512 n
2078 3494 2110 3512 Λ

1427 3473 1539 3512 Πιιϐ
1578 3473 1701 3511 eum
1732 3473 1826 3510 776·
2006 3496 2040 3512 n
2078 3490 2214 3512 ηυξ,
2251 3496 2435 3512 ---ι-Α-
2478 3496 2588 3512 ιΑ-..
2628 3492 2832 3512 ι.--ι,--
2872 3491 2964 3512 .___:
3001 3492 3011 3512 ξ

254 3459 558 3530 pedimenti
602 3476 635 3513 a
683 3458 935 3513 sensibus
958 3459 1235 3529 patiatur;
1266 3472 1539 3527 quamque
1578 3473 1701 3511 eum
1732 3473 1826 3510 ne-

258 3547 392 3585 cesse
416 3533 486 3585 sit
514 3531 701 3584 tristia
730 3530 873 3586 laetis
904 3533 1253 3598 anteponere.
1284 3544 1407 3582 cum
1456 3530 1515 3581 in
1568 3528 1652 3581 his
1681 3528 1828 3581 nihil

2006 3490 2217 3556 2.0uis
2249 3496 2444 3546 autem
2478 3496 2595 3545 tam
2626 3492 2835 3546 beatus
2867 3491 2968 3563 qui
2999 3492 3058 3547 in
3090 3492 3263 3547 corde
3293 3509 3399 3549 suo
3432 3509 3584 3549 sem-

258 3605 366 3657 m‘si
388 3602 612 3656 vanitas
637 3603 963 3672 reperiatur.
998 3579 1354 3672 Tandem'qui
1382 3601 1563 3653 salvus
1591 3614 1703 3653 esse
1741 3614 1826 3652 ve-

2003 3598 2042 3634 :r
2071 3580 2383 3635 ascendat?
2413 3579 2522 3635 Sed
2555 3579 2663 3634 hoc
2695 3579 2822 3635 sine
2842 3579 3059 3634 auxilio
3089 3579 3285 3636 divino
3316 3581 3417 3653 qui
3463 3580 3587 3636 ﬁeri

256 3673 342 3739 lit,
370 3690 539 3745 supra
565 3667 837 3727 mundum
863 3670 1125 3726 ascendat
1154 3667 1416 3739 oportere.
1940 3669 2169 3741 potest?
2200 3667 2369 3722 Nullo
2398 3668 2651 3739 profecto
2679 3668 3143 3739 modo.Denique
3173 3685 3355 3740 supra
3383 3668 3587 3725 eadem

258 3760 312 3814 4.
346 3761 638 3831 Frequens
668 3758 837 3814 nobis
868 3759 938 3813 de
968 3757 1299 3830 ell‘ugiendo
1348 3756 1559 3812 seaculo
1599 3757 1711 3812 isto
1744 3762 1834 3812 est
1939 3758 2235 3828 Scriptura
2282 3756 2426 3812 dicit
2457 3774 2469 3811 :
2505 3779 2533 3806 «
2566 3757 2772 3811 Beatus
2819 3755 2907 3810 vir
2948 3757 3120 3826 cujus
3166 3762 3257 3811 est
3301 3756 3589 3812 auxilium

195 3863 377 3904 sermo
404 3848 544 3919 (Vill.
580 3849 637 3904 S.
669 3850 818 3918 Aug.
849 3846 951 3902 lib.
1004 3864 1041 3901 ιι
1091 3851 1278 3903 Contr.
1311 3847 1419 3901 Jul.
1452 3848 1670 3915 Pelag.,
1701 3863 1828 3918 cap.
1943 3847 2048 3901 abs
2076 3846 2713 3915 te,Domine,ascensus
2736 3845 2795 3899 in
2817 3844 2991 3900 corde
3011 3845 3140 3916 ejus
3162 3844 3334 3915 (Psal.
3361 3861 3589 3913 Lxxxm,

191 3935 242 4002 8,
271 3948 326 3991 et
354 3936 453 3991 lib.
487 3936 671 3992 Contr.
721 3936 860 3991 duas
906 3935 1078 4005 Epist.
1132 3935 1272 3999 Pel.,
1323 3951 1449 4006 cap.
1499 3937 1618 4007 11:)
1659 3940 1834 4007 atque
1941 3935 2237 4003 6).Beatus
2261 3933 2430 4005 plane
2462 3951 2637 4006 quem
2668 3933 2978 3990 delectatio
3010 3949 3128 3988 non
3159 3935 3592 4004 revocat,quem

194 4023 411 4081 utinam
443 4041 623 4097 quam
654 4024 842 4079 facilis
873 4040 1087 4086 sermo.
1123 4028 1245 4078 tam
1276 4029 1482 4078 cautus
1513 4027 1572 4079 et
1618 4023 1834 4079 sollici-
1946 4040 2056 4077 non
2094 4022 2337 4078 inclinat
2366 4022 2764 4095 voluptas,qui
2796 4024 2869 4077 ad
2902 4021 3176 4078 inferiora
3195 4038 3312 4078 non
3334 4020 3592 4094 respicit;

188 4117 280 4169 tus
302 4120 458 4170 esset
478 4112 954 4183 aﬂ‘ectus(2).Sed
981 4113 1137 4183 quod
1169 4113 1338 4183 pejus
1362 4118 1468 4179 est,
1504 4114 1837 4183 frequenter
1947 4112 2101 4183 quod
2156 4128 2261 4166 nec
2304 4111 2492 4183 ipsius
2542 4112 2649 4167 Lot
2707 4129 2852 4168 uxor
2900 4111 3089 4183 potuit
3137 4111 3399 4167 evadere.
3439 4110 3595 4167 418

190 4199 388 4273 irrepit
419 4207 781 4257 terrenarum
812 4199 1087 4255 illecebra
1116 4200 1592 4270 cupiditatum,et
1620 4202 1837 4255 vanita-
1946 4200 2068 4264 Quo
2099 4200 2436 4255 admonitus
2465 4201 2728 4272 exemplo
2758 4198 3421 4272 Apostolus.posteriora
3449 4197 3597 4255 obli-

186 4291 311 4343 tum
344 4289 551 4346 oﬁ‘usio
582 4292 837 4344 mentem
867 4292 1113 4359 occupat
1142 4288 1251 4360 (3);
1296 4292 1359 4342 ut
1402 4290 1555 4359 quod
1599 4289 1838 4343 studeas
1948 4290 2269 4353 viscens,et
2297 4304 2365 4342 ea
2397 4305 2522 4359 quae
2554 4294 2693 4343 sunt
2723 4288 2919 4360 priora
2950 4291 3254 4359 appetens,
3285 4287 3602 4345 festinabat

184 4373 386 4444 vitare,
411 4378 519 4433 hoc
549 4376 791 4447 cogites,
826 4376 1140 4447 animoque
1170 4374 1363 4430 volvas
1399 4392 1411 4429 :
1454 4377 1607 4447 quod
1640 4394 1839 4432 cavere
1948 4378 2020 4432 ad
2078 4376 2370 4442 bravium,
2404 4381 2461 4429 et
2518 4376 2815 4448 pervenire
2873 4375 3107 4442 meruit,
3155 4375 3294 4447 quia
3348 4380 3484 4432 ante
3539 4391 3604 4431 se

185 4463 424 4522 difﬁcile
452 4472 543 4520 est
572 4463 820 4532 homini,
851 4480 1058 4520 exuere
1102 4468 1296 4519 autem
1331 4464 1690 4535 impossible.
1725 4465 1838 4519 De-
1950 4464 2246 4520 Christum
2278 4464 2527 4531 videbat,
2561 4482 2595 4518 a
2625 4481 2740 4536 quo
2775 4465 2845 4520 ad
2870 4463 3119 4535 justitiaa
3166 4463 3486 4520 vocabatur
3513 4480 3604 4520 co-

186 4551 370 4623 nique
417 4554 534 4612 voti
583 4570 714 4609 eam
750 4551 938 4624 magis
967 4568 1095 4608 esse
1127 4567 1250 4606 rem
1282 4569 1459 4623 quam
1488 4552 1565 4623 (4)
1596 4552 1838 4607 allectus
1868 4602 1913 4625 η
1953 4570 2177 4609 ronam.
2203 4552 2311 4607 Sed
2342 4553 2603 4624 pervenit
2628 4552 2723 4609 ille
2749 4553 2849 4625 qui
2885 4569 2948 4608 se
2976 4552 3174 4624 ipsum
3207 4552 3320 4609 sibi
3352 4553 3605 4623 abnega-

188 4602 367 4623 ~-1—-
427 4602 534 4612 τν-
587 4602 714 4609 πη-
750 4602 937 4624 --σ--
973 4602 1092 4608 -νη
1127 4602 1250 4606 ——-——
1292 4602 1459 4623 1——-—
1490 4602 1562 4623 κη
1600 4602 1836 4607 η-ν--τ
1956 4602 2176 4609 -ν--τ---τ
2204 4602 2311 4607 ητ-
2342 4602 2435 4624 τν-
2460 4602 2601 4608 -~—--
2628 4602 2720 4609 --η
2753 4602 2849 4625 γ-
2885 4602 2944 4608 -τ
2976 4602 3174 4624 -τπη
3208 4602 3320 4609 --τ-
3354 4602 3578 4623 τ-πνοπ

187 4644 439 4696 testatur
485 4639 772 4713 Propheta
814 4640 1058 4695 dicendo
1091 4657 1103 4694 :
1139 4662 1165 4689 ‹‹
1213 4638 1451 4694 Declina
1494 4656 1591 4694 cor
1638 4656 1833 4695 meum
1867 4602 1913 4666 B
1945 4642 2043 4711 vit,
2078 4650 2139 4696 ut
2162 4640 2458 4696 Christum
2489 4640 2834 4697 lucraretur.
2868 4641 3130 4713 Denique
3160 4657 3276 4698 non
3306 4641 3431 4713 ipse
3457 4640 3608 4695 vive-

189 4727 248 4783 in
282 4730 619 4786 testimonia
642 4735 763 4796 tua,
796 4732 853 4783 et
882 4745 995 4783 non
1029 4728 1088 4783 in
1120 4728 1421 4783 avaritiam
1454 4730 1835 4799 (Psal.cxv1n,
1950 4732 2069 4797 bat,
2102 4730 2203 4785 sed
2227 4730 2452 4785 vivebat
2482 4730 2541 4785 in
2574 4748 2639 4786 eo
2671 4731 2962 4789 Christus.

188 4816 301 4885 36).
336 4842 366 4866 η
392 4820 512 4875 Νοιι
540 4819 695 4881 enim
718 4817 776 4873 in
800 4821 1083 4889 potestate
1104 4822 1304 4873 nostra
1323 4823 1411 4873 est
1432 4835 1531 4872 cor
1552 4824 1840 4886 nostrum,
2023 4821 2075 4873 3.
2111 4819 2252 4873 Nam
2287 4817 2420 4890 quis
2452 4818 2602 4874 inter
2632 4823 2719 4876 tot
2749 4821 3055 4892 passiones
3084 4820 3264 4890 hujus
3318 4812 3601 4887 corporis,

192 4907 1024 4980 etnostrzecogitationes,qua3
1046 4906 1362 4978 improviso
1379 4908 1574 4962 eﬂ‘usze
1592 4913 1844 4963 mentem
1954 4909 2102 4962 inter
2134 4911 2218 4961 tot
2247 4906 2548 4962 illecebras
2582 4908 2761 4979 hujus
2810 4908 3004 4964 saeculi
3053 4909 3152 4979 (5),
3188 4909 3381 4961 tutum
3426 4905 3604 4974 atque

196 4992 580 5066 animumque
610 4995 997 5065 confundunt,
1032 4999 1205 5066 atque
1237 4996 1349 5050 alio
1393 4995 1633 5051 trahunt
1667 5014 1845 5067 quam
1956 4997 2370 5051 intemeratum
2419 5013 2648 5052 servare
2697 5001 2887 5068 potest
2932 4993 3283 5067 vestigium?
3337 4990 3612 5062 Respexit

196 5083 258 5136 tu
314 5084 715 5156 proposueris,
749 5085 819 5139 ad
869 5082 1168 5139 saecularia
1216 5090 1505 5149 revocant,
1551 5086 1852 5139 mundana
1957 5083 2180 5150 cculus,
2230 5088 2288 5139 et
2337 5102 2577 5140 sensum
2625 5086 2837 5140 mentis
2885 5083 3132 5140 avertit:
3166 5080 3389 5137 audivit
3428 5078 3611 5147 auris,

196 5167 484 5241 inserunt,
515 5172 889 5245 voluptuaria
916 5171 1557 5245 ingerunt,illecebrosa
1587 5173 1854 5228 intexunt
1957 5179 2015 5229 et
2040 5172 2426 5249 intentionem
2461 5174 2682 5229 inﬂexit
2714 5191 2727 5230 :
2762 5170 3044 5228 inhalavit
3090 5170 3253 5239 odor,
3286 5172 3344 5226 et
3389 5167 3611 5242 cogita-

268 5295 355 5369 (ζ)
379 5297 615 5369 Sriptus
645 5296 800 5351 circa
826 5313 922 5351 an.
946 5297 1071 5351 387.
1262 5366 1295 5369 η
2035 5299 2109 5367 (t)
2150 5298 2329 5352 Paris.
2368 5298 2657 5369 quietiam,
2687 5298 2865 5367 magis
2893 5312 3008 5369 esse
3036 5312 3209 5364 ream,
3240 5311 3423 5368 quam,
3457 5295 3567 5369 etc.

275 5368 358 5437 (‘2)
387 5365 551 5424 Rom.
583 5369 725 5425 edit.
759 5372 961 5423 contra
993 5384 1194 5422 omnes
1227 5366 1371 5423 alias
1405 5369 1544 5422 edit.
1592 5385 1658 5423 ac
1707 5386 1852 5424 mss.
2040 5365 2112 5439 (5)
2145 5370 2283 5423 Mss.
2318 5365 2469 5439 δίς,
2505 5368 2685 5422 Alnet.
2737 5365 2795 5421 et
2842 5366 2996 5437 Alb.,
3029 5370 3177 5424 Inter
3217 5365 3295 5423 tot
3339 5365 3622 5439 passione:

208 5429 301 5513 hit;
330 5429 624 5513 posuerat,
675 5440 913 5510 effectus.
968 5439 1338 5510 Praepostere,
1390 5445 1454 5493 ut
1500 5441 1856 5495 examinanti
1966 5429 2130 5512 hujus
2161 5429 2553 5513 swculi,viiiter
2576 5444 2649 5513 tot
2679 5440 2965 5513 illecebras
2982 5429 3154 5513 'hujus
3183 5429 3513 5513 mundi,etc.
3546 5440 3623 5513 At

214 5505 559 5584 palamﬁet.
610 5505 617 5509 ⁷
704 5505 734 5510 ”
883 5582 908 5584 Α(
988 5583 991 5584 γ
1090 5505 1107 5510 ’
1324 5505 1332 5508 ’
1968 5505 2214 5581 Theod.,
2247 5512 2307 5564 In
2351 5514 2427 5566 tot
2472 5511 2819 5582 passionibus
2869 5512 3033 5583 hujus
3061 5505 3340 5584 corporis,
3372 5510 3520 5566 inter
3547 5511 3625 5564 tot

279 5579 359 5653 (3)
394 5582 542 5638 Edit.
576 5598 803 5651 omnes,
833 5582 1026 5653 effusio
1054 5585 1293 5637 mentem
1321 5585 1563 5652 occupat.
1972 5579 2282 5647 illecebras,
2316 5585 2424 5636 etc.
