4122 6146
475 306 595 377 899
610 312 615 321 ’

1937 314 2004 377 s.
2048 312 2424 378 ausaosn
3602 286 3612 291 ’
3713 318 3808 385 om

476 444 697 525 tionem
734 440 1039 518 impedivit
1080 462 1093 503 :
1134 463 1200 505 os
1238 446 1458 517 libavit,
1501 451 1555 504 ct
1593 447 1811 505 crimen
1852 447 2053 505 retulit
2103 463 2116 503 ι
2149 454 2205 519 Α
2233 448 2494 506 civitates
2524 447 2596 505 ad
2627 447 2737 506 hoc
2762 463 2981 507 munus
3012 447 3317 523 deputata.
3367 444 3693 520 Secundum,
3721 469 3815 525 qua

476 524 669 590 tactus
698 532 961 607 contigit,
994 541 1050 593 et
1078 538 1272 611 ignem
1303 538 1573 593 adolevit.
1609 562 1637 588 «
1667 539 1907 594 Intravit
1958 554 2117 594 mors

477 638 581 696 per
607 622 944 696 fenestram,
980 648 1006 674 »
1038 626 1183 681 dixit
1212 627 1496 700 prepheta
1523 629 1735 699 (Jer.1x,
1769 630 1878 697 21;.
1916 628 2119 683 Fenes-

476 715 568 768 tra
596 716 697 767 tua
726 718 816 769 est
843 714 1047 771 oculus
1080 715 1302 771 tuus.Si
1334 718 1530 772 videas
1559 716 1867 773 mulierem
1893 718 1964 773 ad
1987 733 2120 772 con-

479 798 921 873 cupiscendum,
956 804 1195 859 intravit
1225 822 1384 861 mors
1438 825 1450 861 :
1504 806 1552 861 si
1581 808 1788 863 audias
1820 822 2121 862 sermones

479 890 858 958 meretricios,
892 892 1129 948 intravit
1160 910 1318 950 mors
1353 912 1365 950 :
1403 895 1452 951 si
1482 894 1714 951 luxuria
1744 912 1953 952 sensus
1988 900 2123 951 tuos

480 978 690 1050 capiat,
720 982 1044 1051 penetravit
1091 999 1268 1039 mors.
1300 985 1371 1039 Et
1425 986 1553 1040 ideo
1602 986 1702 1056 qui
1750 983 1874 1039 vult
1920 1000 2122 1041 ascen-

479 1066 635 1132 dere,
667 1083 784 1123 non
814 1067 945 1124 laeta
984 1070 1202 1139 saeculi,
1238 1089 1353 1127 non
1388 1090 1634 1141 amoena,
1665 1091 1779 1129 non
1811 1073 2122 1130 delectabi-

477 1153 687 1219 1ia,sed
720 1154 893 1228 plena
923 1158 1141 1216 doloris
1172 1166 1229 1217 et
1261 1161 1431 1219 fletus
1464 1168 1772 1231 sequatur;
1808 1162 2019 1220 melius
2040 1166 2129 1218 est

478 1243 634 1298 enim
667 1244 751 1301 ire
782 1245 841 1300 in
873 1247 1114 1304 domum
1145 1249 1361 1319 luctus,
1394 1267 1572 1323 quam
1604 1251 1661 1306 in
1695 1252 1936 1308 domum
1983 1268 2126 1325 gau-

479 1331 579 1387 dii.
614 1333 877 1407 Denique
907 1354 1012 1393 nec
1041 1340 1226 1394 Adam
1270 1341 1341 1397 de
1390 1341 1660 1413 paradiso
1709 1341 2125 1408 descendisset,

479 1420 593 1476 nisi
623 1422 1003 1481 delectatione
1035 1428 1312 1499 deceptus
1341 1434 1513 1484 esset.

550 1510 858 1570 4.Pulchre
874 1514 1052 1587 igitur
1072 1516 1381 1589 David,qui
1401 1517 1759 1590 periculosos
1788 1517 2126 1589 hominis(6)

480 1600 656 1657 etiam
684 1602 843 1674 ipsos
876 1609 1148 1677 aspectus
1180 1606 1370 1662 fuerat
1398 1608 1935 1679 expertus,beatum
1958 1605 2125 1661 illum

479 1689 641 1759 dicit,
676 1692 769 1747 cui
799 1709 933 1766 spes
961 1694 1155 1750 omnis
1178 1695 1238 1751 in
1267 1696 1364 1750 Dei
1401 1695 1636 1752 nomine
1664 1697 2124 1765 est(Psal.xxxix,

476 1778 555 1849 5).
590 1779 871 1837 Sic'enim
900 1799 1015 1839 non
1045 1783 1283 1855 respicit
1329 1783 1388 1839 in
1435 1785 1720 1841 vanitates
1769 1788 1825 1839 et
1864 1783 2127 1840 insanias
2160 1824 2209 1890 B

481 1865 660 1890 ιιι---
728 1869 771 1890 -:
829 1886 1050 1890 _____s-,,
1108 1871 1121 1890 ε
1219 1872 1275 1890 nl
1337 1873 1348 1884 ι
1393 1877 1403 1890 ι
1568 1874 1577 1883 -
1632 1876 1670 1890 ι.
1746 1873 1762 1890 ς
1809 1877 1820 1890 ι

481 1865 683 1939 falsas,
727 1869 775 1923 si
826 1886 1058 1942 semper
1106 1871 1165 1927 in
1218 1872 1515 1929 Christum
1566 1873 1848 1938 intendat,
1904 1888 2152 1944 semper

480 1954 775 2014 Christum
803 1958 1185 2017 interioribus
1216 1961 1401 2017 oculis
1433 1961 1698 2034 aspiciat.
1724 1962 1888 2017 Unde
1918 1962 2130 2018 iterum

481 2044 553 2099 ad
586 2044 784 2117 ipsum
814 2064 1131 2106 conversus
1164 2050 1246 2106 ait
1278 2068 1289 2106 :
1329 2074 1357 2099 ‹‹
1388 2053 1591 2107 Averte
1622 2051 1826 2107 oculus
1854 2068 2035 2117 meos,
2058 2069 2130 2108 ne

478 2132 716 2190 videant
739 2138 1054 2194 vanitatem
1086 2140 1261 2210 (Psal.
1301 2142 1617 2210 cxvm,37).
1634 2140 1918 2197 nVanitas
1941 2142 2130 2197 circus

480 2228 590 2289 est,
622 2224 761 2296 quia
793 2225 939 2281 nihil
968 2228 1203 2298 prodest
1235 2247 1248 2284 :
1281 2229 1507 2285 vanitas
1540 2234 1629 2285 est
1657 2246 1942 2302 equorum
1973 2230 2131 2286 velo-

482 2312 650 2382 citas,
685 2313 824 2386 quia
853 2316 1105 2372 mendax
1135 2318 1206 2373 ad
1240 2317 1491 2375 salutem
1517 2323 1607 2375 est
1639 2336 1650 2373 :
1684 2319 1914 2375 vanitas
1962 2319 2129 2376 thea-

480 2405 640 2458 trum
664 2407 755 2460 est
787 2420 800 2459 :
830 2405 1059 2461 vanitas
1089 2405 1267 2462 ludus
1298 2408 1494 2463 omnis
1527 2426 1539 2465 :
1574 2408 1817 2464 «Omnia
1848 2409 2129 2476 vanitas,»

481 2492 675 2565 inquit
704 2493 1101 2566 Ecclesiastes,
1137 2518 1163 2545 ‹ι
1213 2513 1340 2568 quae
1392 2496 1452 2551 in
1502 2496 1610 2553 hoc
1654 2497 1865 2553 saeculo
1912 2502 2053 2554 sunt
2098 2521 2125 2549 »

482 2582 676 2652 (Eccle.
712 2599 751 2649 ι,
781 2585 857 2654 2).
888 2584 1149 2655 Denique
1197 2586 1297 2657 qui
1350 2584 1547 2642 salvus
1591 2604 1719 2643 esse
1770 2586 1912 2653 vult,
1953 2604 2132 2659 supra

482 2672 773 2727 mundum
814 2674 1110 2741 ascendat,
1143 2678 1366 2745 quaerat
1410 2675 1668 2731 Verbum
1718 2677 1872 2748 apud
1926 2680 2128 2741 Deum,

481 2760 670 2833 fugiat
698 2761 857 2817 hunc
888 2763 1199 2832 mundum,
1231 2769 1417 2820 terras
1465 2763 1777 2836 relinquat.
1811 2766 1965 2822 4η
2005 2765 2129 2819 Non

482 2850 639 2905 enim
666 2853 859 2921 potest
889 2851 1184 2922 percipere
1215 2851 1360 2907 illud
1384 2853 1537 2924 quod
1565 2856 1737 2918 est,et
1759 2857 1847 2908 est
1875 2869 2128 2924 semper,

485 2937 599 2992 nisi
630 2937 793 3010 prius
822 2938 960 2993 hinc
1002 2939 1233 3011 fugerit.
1278 2941 1441 2996 Unde
1492 2945 1549 2996 et
1596 2940 1881 2996 Dominus
1929 2940 2131 2997 volens

483 3025 639 3081 Patri
668 3025 784 3083 Deo
816 3028 1305 3100 appropinquare,
1340 3030 1407 3084 ad
1442 3028 1736 3101 apostolos
1768 3028 1849 3086 ait
1883 3046 1896 3084 :
1927 3052 1955 3080 «
1991 3029 2131 3085 Sur-

484 3112 624 3187 gite,
655 3131 861 3173 eamus
892 3115 987 3172 hic
1014 3118 1191 3189 (Joan.
1224 3135 1336 3187 xxv,
1369 3119 1480 3189 31).
1501 3140 1527 3166 ››

1139 3270 1371 3325 CAPUT
1410 3270 1477 3324 II.

486 3378 763 3450 Saeculum,
782 3378 1106 3449 fugiendum
1135 3377 1285 3450 docet
1310 3377 1400 3432 lex
1446 3376 1510 3431 de
1555 3376 1867 3450 civitatibus
1898 3375 2130 3450 refugii,

558 3450 623 3505 de
648 3448 1109 3521 quibus’quamor
1135 3448 1506 3521 discutiuntur
1533 3465 1551 3501 :
1580 3449 1828 3521 primum
1872 3448 1969 3502 cur
2014 3450 2133 3506 illa?

559 3523 621 3577 in
646 3519 792 3577 sorte
820 3522 1115 3577 levitarum
1143 3520 1391 3582 Jeleclze;
1421 3519 1737 3584 secundum,
1778 3536 1876 3574 cur
1906 3536 2131 3576 numero

511 3650 515 3655 ,
556 3610 690 3654 sex;
740 3594 983 3657 tertium,
1016 3609 1112 3647 cur
1141 3609 1332 3646 earum
1379 3600 1486 3646 tres
1530 3592 1677 3647 ultra
1718 3590 2029 3657 Iordanem,
2069 3608 2132 3647 ac

557 3664 778 3721 totidem
807 3665 865 3719 in
896 3667 1045 3720 terra
1076 3664 1417 3731 Chananaza;
1465 3667 1743 3734 quartmn,
1774 3678 1872 3716 cur
1903 3662 2128 3717 homici—

554 3737 625 3792 da
651 3744 881 3793 mortem
904 3736 1179 3808 pontiﬁcis
1226 3736 1307 3808 ibi
1339 3735 1602 3806 jubeatur
1637 3737 1965 3808 aspectare.
1996 3735 2131 3803 Qua?

553 3810 739 3865 omnia
765 3804 996 3864 diversis
1024 3804 1319 3863 virtutibus
1340 3804 1874 3862 'acccommodantur.

547 3926 601 3981 5.
633 3926 810 3981 Docet
835 3928 891 3981 te
922 3924 1099 3980 etiam
1132 3922 1224 3978 lex
1254 3922 1597 3994 fugiendum
1631 3920 2124 3990 saeculum,Deum

477 4014 864 4087 sequendum.
898 4013 1047 4080 Quid
1097 4011 1253 4068 enim
1306 4010 1466 4066 aliud
1513 4011 1698 4072 docet,
1740 4026 1873 4065 cum
1918 4010 2056 4066 dicit
2108 4030 2121 4067 :

476 4127 504 4154 ‹‹
539 4103 873 4178 Disponetis
911 4101 1075 4158 vobis
1119 4101 1381 4157 civitates
1416 4100 1489 4156 ad
1522 4098 1833 4170 refugium,
1867 4103 1924 4153 et
1952 4105 2125 4156 erunt

472 4194 636 4251 vobis
679 4192 924 4266 refugia,
977 4208 1092 4264 quo
1143 4190 1393 4263 refugiat
1434 4188 1730 4245 homicida
1777 4188 1971 4244 omnis
2020 4189 2121 4261 qui

472 4280 825 4353 percusserit
865 4280 1124 4335 animam
1173 4277 1391 4333 invitus
1442 4277 1625 4348 (Num.
1668 4292 1834 4342 xxxv,
1895 4276 2026 4348 ii)?
2056 4278 2122 4333 Et

471 4369 624 4425 infra
658 4386 670 4424 :
707 4390 735 4419 ‹‹
765 4370 876 4425 Sex
901 4368 1165 4424 civitates
1194 4367 1266 4421 ad
1298 4366 1522 4439 refugia
1568 4369 1741 4421 erunt
1783 4364 1966 4433 vobis,
2001 4369 2118 4422 tres

471 4456 731 4513 civitates
777 4458 991 4513 dabitis
1022 4462 1187 4532 trans
1215 4456 1555 4520 Jordanem,
1589 4461 1645 4509 et
1690 4460 1808 4509 tres
1857 4454 2119 4511 civitates

2229 537 2452 594 ratione
2479 555 2580 595 sex
2610 555 2875 607 numero,
2908 555 3024 597 non
3053 538 3211 595 enim
3241 537 3426 595 otiose
3448 554 3709 599 numerus
3738 541 3819 598 hic

2228 627 2601 701 praescriptus
2630 628 2857 684 videtur
2888 643 3077 699 neque
3108 625 3366 699 plurium
3396 643 3576 699 neque
3620 630 3817 701 paucio-

2231 732 2363 774 rum
2394 716 2712 773 civitatum.
2745 716 3032 782 Tertium,
3064 732 3169 773 cur
3198 719 3319 772 tres
3363 714 3511 773 ultra
3553 716 3825 775 Jordanem

2230 804 2576 872 civitates,et
2590 810 2709 862 tres
2726 806 2785 861 in
2816 806 3051 880 regione
3072 804 3398 862 Cbananea
3417 804 3693 877 disposite
3711 807 3828 874 sint,

2231 909 2364 965 quas
2391 894 2614 967 refugio
2646 893 3025 967 peccantibus
3055 893 3668 963 forent.Quartum,cur
3685 894 3830 950 dinu-

2234 983 2481 1039 meratio
2511 988 2569 1039 et
2596 983 2860 1040 deﬁnitio
2891 981 3174 1055 temporis
3206 980 3618 1055 comprehensa
3652 982 3739 1048 sit,
3764 982 3834 1038 in-

2232 1076 2325 1131 tra
2354 1072 2507 1143 quod
2541 1072 2762 1128 habitet
2790 1071 3089 1129 homicida
3107 1071 3167 1127 in
3191 1070 3420 1127 civitate
3448 1069 3833 1143 refugii,quoad

2237 1161 2525 1219 moriatur
2553 1162 2826 1218 sacerdos
2853 1176 3125 1234 magnus,
3156 1164 3215 1216 et
3243 1162 3373 1233 post
3403 1162 3644 1215 mortem
3680 1174 3837 1215 sacer-

2236 1251 2392 1307 dotis
2418 1250 2615 1324 magni
2647 1253 2968 1307 revertatur
2998 1247 3295 1307 homicida
3320 1248 3379 1304 in
3402 1247 3680 1305 civitatem
3702 1247 3839 1303 habi-

2235 1339 2475 1396 tationis
2507 1356 2624 1396 suae
2655 1340 2813 1411 (Ibid.
2844 1340 2957 1410 25).
2990 1338 3070 1395 De
3099 1336 3351 1410 singulis
3380 1351 3516 1409 ergo
3543 1340 3750 1409 oportet
3770 1336 3843 1393 di-

2236 1444 2384 1499 cere,
2424 1432 2599 1500 atque
2647 1444 2714 1484 eo
2763 1427 2967 1483 ordine
3010 1443 3125 1500 quo
3169 1425 3601 1498 proposuimus,
3631 1424 3841 1497 quesita

2238 1517 2558 1576 absolvere.

2303 1607 2359 1662 6.
2393 1606 2800 1679 Competenter
2827 1606 3027 1679 itaque
3055 1605 3387 1662 Levitarum
3415 1603 3670 1660 civitates
3707 1602 3847 1659 datas

2237 1695 2310 1750 ad
2338 1696 2629 1768 refugium
2659 1695 2850 1768 primo
2880 1693 3289 1767 explicandum
3328 1697 3439 1749 est.
3491 1693 3745 1765 Congrue
3766 1707 3850 1747 au-

2237 1788 2356 1841 tem
2387 1784 2687 1856 provisum
2717 1783 2904 1856 liquet
2937 1800 2950 1839 :
2984 1782 3125 1856 quia
3157 1782 3363 1839 Levita
3393 1780 3704 1854 fugitantes
3738 1783 3852 1836 sunt

2242 1873 2449 1930 mundi
2476 1873 2760 1945 hujus,ut
2788 1872 3057 1945 placeant
3082 1876 3217 1941 Deo,
3249 1870 3589 1943 relinquant
3614 1868 3855 1942 patriam,

2239 1966 2530 2036 parentes,
2566 1962 2981 2032 ﬁlios,omnem
3010 1960 3444 2035 cognationem,
3470 1962 3536 2015 ut
3558 1957 3856 2015 adhaereant

2240 2051 2343 2106 uni
2377 2052 2508 2107 Deo.
2544 2050 2805 2123 Denique
2834 2054 2891 2106 et
2918 2049 3161 2106 Abrahts
3190 2049 3417 2105 dictum
3447 2051 3540 2104 est
3571 2064 3585 2102 :
3617 2068 3645 2095 ‹‹
3674 2045 3767 2103 Exi
3797 2043 3856 2099 de

2240 2144 2396 2195 terra
2423 2144 2547 2208 tua,
2574 2143 2632 2195 et
2662 2141 2733 2195 de
2762 2138 3111 2213 cognatione
3139 2141 3261 2205 tua,
3293 2141 3352 2193 et
3383 2137 3457 2192 de
3508 2136 3673 2192 domo
3701 2132 3853 2206 patris

2239 2229 2324 2283 tui
2359 2229 2510 2300 (Gen.
2542 2246 2644 2297 xu,
2680 2229 2754 2300 1).
2790 2249 2818 2279 »
2848 2228 2958 2284 Sed
2980 2228 3127 2283 forte
3147 2227 3309 2283 dicas
3334 2241 3349 2280 :
3380 2224 3581 2282 Levita
3600 2240 3708 2280 non
3737 2226 3854 2278 erat.

2239 2317 2351 2374 Sed
2383 2317 2636 2375 habebat
2662 2318 2721 2373 in
2754 2316 2975 2373 lumbis
3005 2315 3130 2373 suis
3161 2316 3393 2383 Levi,ut
3421 2313 3670 2387 legimus
3685 2311 3748 2367 ad
3770 2310 3856 2366 He-

2241 2407 2427 2463 braeos
2459 2407 2746 2480 scriptum
2767 2405 2951 2478 (Hebr.
2984 2421 3084 2472 vn,
3120 2404 3231 2476 10).
3266 2404 3339 2461 Et
3369 2402 3656 2460 Dominus
3681 2398 3858 2456 Levitis

2241 2496 2403 2563 dicit,
2437 2512 2572 2552 cum
2633 2494 2939 2568 discipulis
2996 2493 3142 2560 suis,
3172 2493 3283 2549 hoc
3334 2496 3450 2563 est,
3485 2488 3751 2565 apostolis
3791 2486 3860 2541 di-

2240 2585 2319 2641 cit
2352 2604 2365 2642 :
2401 2606 2429 2635 «
2457 2586 2515 2641 Si
2548 2584 2683 2657 quis
2712 2585 2869 2641 420
2912 2583 3040 2640 vult
3086 2586 3219 2657 post
3267 2598 3366 2639 me
3404 2580 3622 2648 venire,
3653 2578 3861 2648 abneget

2240 2674 2717 2746 semetipsum,et
2744 2672 2911 2729 tollat
2939 2688 3170 2729 crucem
3201 2674 3479 2740 suam,et
3507 2672 3776 2742 sequatur
3791 2678 3865 2720 me

2239 2764 2389 2835 (Luc.
2422 2780 2498 2832 ιι,
2528 2762 2643 2833 23).
2680 2784 2709 2812 ››
2740 2761 3087 2833 Quanquam
3137 2761 3210 2817 ad
3260 2776 3477 2816 omnes
3515 2760 3642 2831 jam
3678 2755 3865 2811 dictum

2241 2853 2317 2907 sit
2351 2868 2363 2906 :
2399 2874 2427 2901 «
2461 2851 2577 2907 Vos
2609 2854 2805 2906 autem
2837 2866 3024 2923 genus
3072 2850 3351 2916 electum,
3387 2845 3587 2920 regale
3634 2841 3865 2902 sacerdo-

2240 2941 2410 3007 tium,
2444 2955 2587 3013 gens
2617 2941 2843 3006 sancta,
2877 2936 3131 3012 p0pulus
3160 2936 3221 2992 in
3253 2936 3642 3008 adoptionem
3672 2935 3719 3004 (Ι
3748 2933 3869 2987 Patr.

2243 3047 2302 3100 ιι,
2332 3027 2591 3101 9).Venit
2620 3026 2943 3100 plenitudo,
2978 3024 3232 3098 reliquiae
3263 3027 3613 3081 cessarunt.
3640 3018 3874 3078 Christus

2242 3118 2399 3176 enim
2431 3134 2633 3174 omnes
2664 3116 2908 3184 vocavit,
2937 3115 3212 3173 omnibus
3242 3115 3514 3186 profecto
3546 3115 3718 3186 patet,
3731 3108 3797 3181 (8)
3823 3111 3874 3161 ιιι

2161 3193 2203 3259 C
2243 3221 2449 3263 omnes
2478 3209 2820 3278 sequantur,
2849 3203 3126 3261 omnibus
3156 3219 3415 3276 regnum
3447 3198 3877 3275 propositum,et

2241 3296 2359 3351 vita
2385 3299 2616 3351 aeterna.

2310 3385 2364 3441 7.
2394 3386 2544 3456 Ergo
2574 3384 2666 3439 cui
2698 3387 2850 3440 Deus
2879 3382 3067 3455 portio
3096 3384 3186 3438 est
3210 3380 3326 3453 (l2,
3364 3382 3581 3453 quast.
3618 3380 3664 3433 1.
3706 3392 3750 3431 c.
3796 3371 3880 3427 Cui

2237 3474 2459 3546 portio),
2494 3471 2640 3528 nihil
2671 3471 2841 3528 debet
2872 3487 3077 3527 curare
3126 3468 3240 3526 nisi
3285 3469 3515 3535 Deum,
3551 3485 3624 3524 ne
3672 3463 3883 3522 alterius

2240 3563 2596 3637 impediatur
2624 3560 2988 3618 necessitatis
3012 3558 3456 3623 munere.Quod
3480 3557 3644 3614 enim
3679 3554 3748 3611 ad
3781 3549 3879 3607 alia

2240 3652 2432 3709 ofﬁcia
2460 3652 2776 3718 confertur,
2809 3649 2920 3706 hoc
2950 3647 3249 3722 religionis
3296 3647 3521 3713 eultui,
3555 3650 3729 3717 atque
3770 3638 3885 3696 huic

2240 3745 2437 3797 nostro
2467 3740 2657 3796 officio
2687 3739 3037 3811 decerpitur.
3072 3737 3201 3793 Haec
3229 3737 3402 3793 enim
3433 3751 3578 3792 vera
3607 3737 3695 3790 est
3722 3743 3883 3786 sacer-

2236 3830 2391 3887 dotis
2443 3830 2602 3903 fuga,
2651 3826 2941 3884 abdicatio
2997 3825 3501 3893 domesticorum,
3536 3828 3596 3880 et
3646 3818 3888 3895 quadam

2236 3919 2508 3975 alienatio
2540 3916 3118 3978 charissimorum.ut
3148 3914 3276 3971 suis
3310 3915 3511 3971 etiam
3544 3929 3610 3969 se
3643 3908 3889 3978 abneget.

2236 4010 2336 4081 qui
2366 4007 2582 4064 servire
2610 4010 2724 4062 Deo
2755 4004 3134 4079 gestit.Recte
3161 4018 3304 4076 ergo
3329 4003 3589 4077 fugaces
3611 3996 3895 4073 fugacibus

2234 4093 2666 4153 commendavit
2693 4098 2922 4149 aeterna
2969 4091 3117 4165 legis
3165 4088 3427 4158 sanatio,
3489 4094 3559 4145 ut
3606 4087 3707 4160 qui
3756 4083 3891 4138 hunc

2234 4185 2521 4241 mundum
2553 4181 2714 4239 obliti
2747 4187 2907 4250 sunt,
2939 4197 3038 4238 eos
3068 4179 3367 4252 recipiant
3396 4178 3510 4251 qui
3543 4176 3783 4251 peccata
3802 4183 3895 4226 sua

2232 4275 2687 4331 condemnantes
2717 4275 2895 4344 atque
2924 4285 3102 4343 opera
3129 4266 3509 4325 oblivionem
3561 4266 3694 4322 vita
3742 4273 3894 4330 supe-

2230 4363 2399 4421 rioris
2430 4364 2722 4433 expetant,
2755 4364 2813 4415 et
2840 4356 3141 4415 saecularia
3169 4371 3301 4429 quae
3336 4354 3673 4430 gesserint,
3689 4346 3898 4409 abolere

2228 4448 2863 4521 desiderent.Fugitans
2896 4447 3079 4519 igitur
3106 4449 3196 4502 est
3225 4460 3497 4501 suorum
3521 4442 3679 4500 sacri
3710 4435 3892 4496 altaris

469 4545 685 4602 dabitis
716 4545 776 4600 in
806 4550 962 4601 terra
990 4546 1263 4600 Chanaan
1296 4544 1552 4616 (Ibid.i3,
1584 4547 1641 4599 et
1674 4542 1796 4614 ili)?
1822 4542 2114 4616 Aperte(7)
2145 4562 2193 4627 Β
2224 4543 2353 4613 ejus
2386 4539 2671 4595 minister.
2707 4537 2869 4627 Unde
2891 4534 3174 4627 Dominus
3197 4535 3380 4627 quasi
3408 4533 3700 4627 princeps
3720 4540 3896 4627 sacer-

468 4636 707 4708 quidem
739 4634 1209 4707 confugientibus
1241 4633 1348 4688 hoc
1374 4633 1595 4688 crimen
1627 4631 1928 4687 homicidii
1961 4633 2115 4687 refu-

462 4727 560 4799 gia
588 4724 888 4799 proposita
917 4729 1076 4780 sunt.
1105 4723 1215 4779 Sed
1249 4722 1685 4778 consideremus
1729 4720 1923 4777 altius.
1958 4722 2107 4786 Qua-

462 4819 597 4874 tuor
611 4819 752 4874 sunt
780 4832 908 4888 qua:
938 4815 1252 4870 admonent
1277 4810 1625 4885 profundius
1647 4826 1774 4866 esse
1792 4811 2110 4882 spectanda

461 4923 673 4965 arcana
703 4904 968 4962 lectionis
998 4903 1190 4959 istius.
1220 4901 1433 4967 Unum,
1469 4917 1586 4972 qua
1634 4900 1856 4955 ratione
1901 4915 1968 4955 ex
2016 4900 2108 4956 his

462 4996 794 5054 civitatibus
824 5013 951 5068 quae
979 4992 1189 5049 Levitis
1220 4991 1278 5046 in
1322 4989 1645 5062 portionem
1677 4994 1832 5044 sorte
1861 4989 2108 5045 obvene-

460 5091 616 5155 runt,
649 5103 751 5143 sex
779 5085 1043 5141 civitates
1076 5082 1144 5136 ad
1181 5079 1469 5152 refugium
1501 5079 1649 5133 data:
1669 5077 1787 5133 sint
1806 5077 2105 5133 homicidii

459 5174 1248 5241 criminelaborantibus,cur
1262 5186 1374 5225 non
1392 5167 1568 5225 etiam
1585 5166 1833 5221 aliarum
1846 5166 2104 5221 tribuum

529 5301 604 5371 (6)
638 5303 724 5355 Ita
772 5317 945 5371 mss.)
974 5312 1189 5371 novem
1229 5294 1679 5371 optimmpolaa.
1728 5290 1856 5345 Vat.
1891 5291 2016 5345 cod.
2051 5294 2109 5371 et

460 5364 626 5426 Rom.
659 5370 798 5427 edit.
832 5370 1138 5435 omittunt,
1169 5364 1429 5423 hominis.
1462 5364 1571 5419 Alii
1616 5378 1758 5418 mss.
1793 5378 1929 5416 cum
1979 5366 2103 5435 ant.

457 5442 599 5508 edit,
643 5442 974 5513 periculosos
1025 5433 1273 5513 hornich
1321 5440 1491 5493 etiam
1539 5437 1656 5506 ipso
1703 5436 1940 5513 aspectu.
1971 5433 2108 5496 Qum

456 5507 906 5567 verba'minime
936 5513 1108 5567 etiam
1142 5510 1417 5565 videntur
1447 5507 1835 5579 aspernanda.

525 5584 601 5655 (7)
634 5581 784 5658 Edit.
821 5582 982 5658 Rom.
1016 5584 1163 5645 sola,
1201 5588 1355 5658 τίμα,
1408 5575 1543 5639 cum
1593 5577 1725 5658 aliis
1774 5575 1935 5658 edit.,
1976 5590 2103 5658 con:

449 5645 792 5724 fugientibus
833 5653 896 5706 ob
924 5658 1170 5724 crimen.
1207 5645 1348 5724 Mss.
1378 5668 1514 5710 vero
1564 5653 1629 5724 _ut
1672 5649 1729 5704 in
1780 5645 2105 5724 textu-Ubi

360 5796 373 5802 _
448 5716 885 5799 cokfugientibus
913 5722 1007 5780 hoc
1031 5724 1269 5789 crimen,
1299 5721 1460 5786 idem
1491 5719 1643 5777 valet
1673 5726 1847 5795 atque
1875 5716 2099 5792 fugien-

2225 4628 2706 4695 dotum,formam
2733 4624 2944 4682 Levitis
2974 4624 3032 4679 in
3066 4622 3391 4696 Evangelia
3419 4623 3586 4678 dans
3607 4635 3718 4676 suo
3737 4613 3891 4673 dixit:

2218 4742 2247 4769 «
2278 4718 2414 4781 Quae
2461 4720 2550 4772 est
2594 4718 2782 4770 mater
2827 4729 2978 4777 mea,
3030 4715 3133 4768 aut
3177 4709 3281 4783 qui
3336 4715 3497 4768 sunt
3546 4710 3761 4765 fratres
3788 4699 3890 4758 mei

2217 4805 2426 4879 (Matth.
2475 4822 2573 4872 xu,
2625 4803 2755 4875 48)?
2803 4801 2921 4859 Hoc
2967 4805 3077 4866 est,
3130 4816 3245 4856 non
3299 4816 3588 4873 agnosco
3638 4799 3894 4853 matrem.

2220 4912 2333 4951 non
2365 4908 2717 4966 recognosco
2746 4891 2973 4961 fratres,
3006 4890 3212 4963 ignoro
3243 4888 3599 4961 proximos.
3655 4908 3684 4935 ‹‹
3733 4880 3898 4939 Mater

2219 5000 2349 5039 mea
2379 4987 2436 5039 et
2468 4984 2673 5038 fratres
2705 4979 2819 5035 mei
2841 4979 2876 5033 ii
2903 4977 3169 5051 sunt,qui
3199 4977 3481 5034 audiunt
3506 4976 3761 5035 verbum
3789 4966 3897 5033 Dei.

2216 5076 2275 5129 et
2324 5071 2546 5127 faciunt
2596 5072 2743 5143 (Luc.
2775 5085 2896 5135 vm,
2928 5071 3019 5136 21,
3059 5066 3173 5139 22).
3232 5087 3253 5115 -
3314 5065 3546 5122 Solum
3598 5078 3739 5138 ergo
3784 5071 3895 5115 ver-

2217 5163 2358 5217 bum
2392 5160 2489 5215 Dei
2522 5160 2680 5214 novit
2709 5157 2996 5224 minister,
3028 5171 3161 5212 cum
3199 5169 3308 5211 eos
3362 5156 3547 5211 novit
3596 5154 3660 5209 in
3694 5148 3898 5223 quibus

2216 5288 2376 5343 tibus
2406 5286 2557 5341 hanc
2591 5283 3061 5351 accusationem;
3112 5298 3146 5338 a
3192 5296 3320 5351 qua
3371 5276 3679 5353 loquendi
3727 5274 3896 5331 forma

2220 5375 2334 5414 non
2370 5356 2688 5413 abhorrent
2717 5353 2947 5410 classici
2979 5356 3270 5410 auctores.

2289 5430 2366 5501 (8)
2398 5428 2662 5501 Siemss.
2718 5423 3138 5501 antiquissimi,
3188 5424 3247 5501 et
3294 5421 3457 5501 edit.
3737 5418 3895 5501 atque

2218 5489 2361 5556 Era]
2382 5498 2611 5570 Reliqui
2638 5514 2809 5570 mss”
2842 5489 3097 5570 omnibus
3120 5489 3412 5570 perfectio
3439 5489 3760 5570 patet._l‘{on
3788 5497 3896 5570 ma—

2216 5570 2287 5629 le.
2314 5576 2388 5628 At
2416 5561 2555 5629 edit.
2584 5561 2811 5637 Gill.,...
2840 5561 3132 5639 profectio.’
3156 5561 3289 5639 Qua
3341 5561 3497 5621 voce
3544 5561 3797 5623 sublata,
3840 5561 3891 5607 in

2215 5644 2353 5703 edit.
2385 5645 2554 5703 Rom.
2587 5635 2823 5698 tantum
2840 5635 3065 5712 legitur
3091 5635 3360 5695 omnibus
3382 5638 3565 5710 patet.
