4122 6146
267 313 380 376 601

1479 315 1708 379 LIBER
1751 313 1854 378 DE
1897 312 2112 379 FUGA
2158 306 2489 374 SECULI.

3589 309 3710 372 602

269 452 551 522 operatur
596 447 851 506 Verbum
898 445 1024 504 Dei.
1078 446 1147 504 Et
1195 446 1330 506 ideo
1359 449 1524 505 exsul
1567 454 1656 506 est
1702 451 1930 518 mundi,
1964 451 2022 517 Α
2053 445 2223 503 nobis
2255 441 2484 514 refugis
2514 451 2823 516 proponat,
2873 464 2973 505 sex
3017 447 3284 506 videlicet
3329 444 3610 513 urbium;
3646 447 3714 500 ut

268 539 535 612 fngitans
565 539 838 611 corporis,
868 537 1131 610 fugitans
1177 538 1549 610 passionum,
1598 539 1828 595 abdicat
1856 557 1920 596 se

266 629 570 694 omnibus,
605 632 666 684 ut
693 627 847 684 solus
877 632 1204 695 remaneat,
1238 628 1392 682 sicut
1423 627 1575 684 Elias
1595 628 1776 684 dixit:
1811 629 1924 684 «Et

266 734 381 791 ego
414 717 642 774 relictus
670 734 797 773 sum
827 716 990 772 solus
1028 718 1131 785 (III
1176 717 1301 787 Reg.
1335 734 1450 782 nx,
1500 717 1609 786 44).
1663 718 1776 773 Sed
1807 734 1923 773 non

267 812 401 862 erat
448 806 604 862 solus
647 822 778 860 cum
827 821 942 876 quo
993 810 1118 860 erat
1183 804 1455 861 Christus
1519 805 1614 875 (9).
1666 806 1734 862 Et
1800 805 1926 878 ipse

269 895 558 951 Dominus
588 893 820 949 relictus
850 898 938 948 est
969 892 1135 948 solus
1161 912 1174 949 ε
1211 894 1361 950 «Sed
1395 911 1509 949 non
1531 911 1685 961 sum,
1711 894 1924 966 inquit,

266 984 459 1053 solus,
491 983 760 1054 quoniam
794 983 962 1037 Pater
993 999 1228 1038 mecum
1261 986 1352 1038 est
1390 984 1566 1053 (Joan.
1600 999 1718 1052 xvx,
1751 984 1862 1055 32).
1893 1002 1920 1034 ιι

347 1075 400 1128 8.
434 1073 531 1127 Est
560 1072 733 1126 etiam
763 1071 864 1126 illa
893 1087 1074 1126 causa
1104 1071 1245 1143 quia
1277 1072 1484 1127 Levita
1508 1072 1764 1128 ministri
1787 1077 1931 1128 sunt

269 1161 398 1218 Dei.
423 1163 488 1216 Et
508 1161 632 1216 ideo
653 1161 915 1232 ipsorum
940 1161 1208 1216 civitates
1231 1160 1594 1232 fugientibus
1618 1160 1930 1216 homicidis

271 1266 384 1323 per
427 1249 609 1321 legem
659 1249 1040 1320 deputantur,
1091 1248 1231 1321 quia
1281 1249 1429 1320 ipsis
1469 1250 1571 1320 jus
1617 1253 1706 1304 est
1735 1249 1932 1304 divina

274 1339 552 1394 mandata
579 1338 812 1409 exsequi
845 1338 1004 1394 circa
1034 1354 1132 1393 eos
1162 1338 1266 1410 qui
1296 1338 1520 1394 crimen
1553 1337 1800 1393 mortale
1829 1338 1930 1392 ad-

274 1428 561 1483 miserint.
593 1427 794 1482 Nescit
826 1426 1086 1482 Ecclesia
1116 1426 1418 1499 publicare
1448 1427 1606 1498 leges
1627 1441 1772 1481 suas
1798 1426 1930 1497 (10).

271 1517 450 1572 Novit
471 1521 531 1572 ut
549 1516 852 1571 Dominico
879 1516 1153 1572 sacerdos
1175 1516 1413 1572 obediat
1435 1513 1932 1587 imperatui.Audi

275 1607 534 1662 Levitam
612 1606 943 1660 dicentem:
1012 1627 1039 1656 «
1095 1604 1336 1661 Tradidi
1419 1604 1762 1675 bujusmodi
1825 1603 1934 1658 ho-

270 1695 499 1752 minem
551 1695 779 1750 Satana
836 1694 896 1749 in
952 1693 1260 1750 interitum
1319 1693 1554 1760 carnis;
1595 1695 1661 1748 ut
1689 1691 1935 1764 spiritus

270 1784 477 1841 salvus
505 1783 578 1839 sit
624 1783 682 1838 in
733 1784 826 1838 die
871 1783 1103 1838 Domini
1190 1782 1377 1838 nostri
1424 1781 1564 1837 Jesu
1623 1781 1838 1836 Christi
1885 1783 1938 1850 (Ι
1969 1824 2014 1888 Β

273 1875 403 1930 Cor.
438 1891 494 1941 ν,
522 1874 618 1946 5).,
652 1873 970 1928 Percussus
1001 1872 1182 1945 igitur
1213 1871 1469 1927 Levitico
1501 1869 1696 1942 gladio
1729 1869 1940 1924 moria-

269 1969 381 2021 tur
411 1979 614 2019 sensus
645 1963 836 2018 carnis
866 1963 926 2017 in
959 1962 1151 2027 nobis,
1185 1965 1252 2016 ut
1272 1960 1424 2016 vivat
1463 1959 1664 2014 anima
1712 1962 1932 2014 nostra.

271 2053 408 2109 Nisi
440 2052 591 2108 enim
641 2068 850 2108 sensus
899 2052 1092 2106 carnis
1140 2049 1438 2116 occiderit,
1493 2047 1695 2104 nullus
1748 2050 1939 2119 potest

273 2157 414 2199 esse
437 2141 657 2197 fructus
685 2141 813 2195 vita
844 2145 1093 2195 aterna.

361 2236 412 2286 9.
475 2231 582 2286 Sex
638 2234 832 2286 autem
891 2229 1192 2285 civitatum
1252 2227 1479 2300 refugia
1533 2231 1692 2294 sunt,
1753 2227 1833 2280 ita
1874 2229 1940 2280 ut

277 2321 481 2394 prima
531 2319 730 2375 civitas
787 2321 863 2374 sit
892 2317 1146 2391 cognitio
1178 2317 1374 2384 Verbi,
1409 2321 1466 2371 et
1497 2317 1568 2370 ad
1609 2315 1930 2387 imaginem

282 2411 422 2481 ejus
453 2410 636 2464 forma
676 2408 926 2464 vivendi.
979 2407 1326 2478 Quicunque
1372 2405 1529 2461 enim
1577 2420 1706 2460 eam
1738 2403 1938 2475 cogni-

279 2499 507 2554 tionem
538 2497 710 2554 fuerit
738 2497 1061 2569 ingressus,
1095 2499 1258 2550 tutus
1291 2513 1325 2550 a
1355 2511 1526 2566 pana
1571 2497 1678 2560 est,
1729 2508 1938 2549 secun-

279 2589 432 2644 dum
463 2588 614 2660 quod
646 2592 704 2642 et
734 2586 1016 2642 Dominus
1045 2585 1161 2640 ait:
1202 2607 1229 2633 ‹‹
1263 2587 1394 2640 Jam
1425 2600 1527 2640 vos
1558 2583 1763 2638 mundi
1795 2580 1937 2637 estis

276 2683 520 2750 propter
549 2691 875 2732 sermonem
913 2690 1088 2746 quem
1122 2672 1355 2728 locutus
1385 2689 1518 2729 sum
1550 2672 1714 2727 vobis
1755 2672 1934 2743 (Joan.

271 2783 378 2831 xv,
410 2766 484 2835 3).
521 2786 548 2813 ››
580 2765 646 2819 Et
675 2763 814 2819 alibi
841 2781 853 2818 :
882 2764 1026 2819 421
1068 2784 1096 2811 «
1131 2765 1262 2816 Hac
1293 2765 1382 2816 est
1406 2765 1601 2816 autem
1633 2760 1750 2816 vita
1779 2763 1941 2814 ater-

275 2871 384 2920 na,
420 2857 485 2910 ut
514 2856 871 2925 cognoscant
898 2856 954 2907 te
985 2850 1177 2906 solum
1212 2851 1392 2906 Deum
1414 2866 1640 2918 verum,
1675 2854 1732 2906 et
1760 2863 1941 2920 quem

274 2943 496 3000 misisti
526 2943 730 2999 Jesum
780 2941 1078 2996 Christum
1129 2942 1306 3009 (Joan.
1358 2957 1492 3006 xvu,
1542 2940 1618 3011 3).
1678 2939 1809 2994 Hac
1851 2941 1942 2992 est

272 3033 463 3106 igitur
497 3031 699 3087 civitas
747 3029 906 3085 velut
955 3027 1314 3100 metropolis,
1365 3029 1456 3084 cui
1507 3029 1776 3100 adjacent
1815 3025 1939 3083 alia

279 3121 549 3195 quinque
578 3119 838 3176 civitates
869 3118 1220 3174 Levitarum.
1255 3117 1522 3174 Secunda
1549 3118 1772 3185 civitas,
1808 3138 1941 3177 con-

2034 552 2149 610 quo
2177 547 2426 589 numero
2459 533 2721 590 mundus
2753 535 3039 594 formatus
3069 547 3177 607 est,
3209 538 3415 594 eodem
3449 551 3699 590 numero

2035 627 2321 682 adversus
2354 621 2656 677 mundana
2688 623 2826 681 vitia
2854 631 2911 682 et
2941 628 3137 683 saculi
3170 629 3353 698 hujus
3399 623 3714 696 naufragia

2036 712 2368 770 remedium
2404 710 2824 780 provideretur.

2108 892 2196 947 40.
2232 887 2499 944 Primum
2530 886 2711 960 igitur
2742 894 3064 950 remedium
3097 899 3208 960 est,
3244 897 3311 947 ut
3343 893 3391 946 si
3423 892 3517 946 cui
3575 893 3716 951 boni

2039 978 2330 1054 propositi
2362 975 2487 1032 viro
2517 977 2692 1050 culpa
2723 981 3040 1053 irrepserit,
3075 984 3125 1039 is
3159 983 3292 1038 sine
3326 980 3448 1035 ulla
3478 997 3715 1055 compe-

2039 1067 2477 1132 rendinatione,
2513 1066 2561 1122 si
2611 1070 2924 1138 perfectam
2973 1073 3111 1128 velit
3163 1072 3386 1126 habere
3426 1073 3716 1130 securita-

2041 1164 2182 1223 tem,
2218 1157 2292 1212 ad
2329 1156 2517 1226 ipsam
2552 1173 2749 1213 rerum
2773 1161 3034 1215 omnium
3061 1177 3263 1216 arcem
3289 1167 3582 1232 properet,
3618 1167 3718 1222 ubi

2041 1249 2304 1303 Verbum
2338 1250 2429 1300 est
2458 1244 2558 1298 Dei
2590 1245 2648 1300 in
2682 1246 2780 1303 illo
2811 1249 2946 1304 sinu
2997 1251 3212 1322 patrio,
3270 1248 3328 1301 id
3374 1252 3462 1303 est
3504 1269 3717 1312 arcano

2042 1354 2108 1393 ac
2139 1351 2379 1392 recessu
2411 1332 2532 1400 Dei,
2567 1335 2667 1389 ubi
2717 1341 2806 1392 est
2854 1339 2983 1393 fons
3038 1336 3377 1411 sapientia,
3427 1341 3582 1396 unde
3615 1362 3719 1416 pro

2043 1429 2229 1481 morte
2261 1423 2392 1478 vita
2455 1427 2680 1477 aterna
2741 1425 2974 1481 hauriat
3024 1433 3236 1499 potum
3302 1425 3716 1490 immortalem.

2045 1513 2388 1570 Secundum
2422 1514 2512 1566 est
2558 1513 2906 1578 remedium,
2958 1519 3022 1568 ut
3071 1515 3172 1587 qui
3226 1532 3343 1567 non
3398 1523 3584 1585 potest
3625 1541 3716 1579 co-

2045 1602 2372 1675 gnitionem
2403 1599 2541 1654 boni
2574 1599 2737 1655 illius
2766 1602 3088 1672 pralibare,
3123 1608 3181 1658 et
3234 1603 3462 1660 tardior
3507 1609 3595 1666 vel
3630 1612 3718 1667 in-

2047 1691 2218 1763 genio
2250 1693 2360 1753 est,
2394 1688 2484 1743 vel
2518 1689 2652 1743 fidei
2686 1692 3209 1762 comprehensione
3240 1711 3252 1759 ;
3309 1696 3589 1764 quoniam
3623 1718 3718 1756 ve-

2047 1778 2158 1834 loci
2191 1778 2410 1834 mentis
2459 1777 2657 1850 vigore
2708 1784 2881 1850 atque
2928 1781 3147 1852 ingenii
3201 1782 3477 1838 acumine
3520 1789 3591 1841 ad
3624 1805 3717 1844 co-

2049 1867 2332 1940 gnitionis
2361 1883 2598 1922 summa
2632 1869 3022 1938 contenditur,
3048 1871 3264 1926 saltem
3289 1888 3466 1943 opera
3486 1873 3718 1931 Domini

2049 1956 2400 2020 consideret,
2461 1961 2635 2028 atque
2686 1974 2748 2012 ex
2803 1959 2895 2014 his
2961 1977 3087 2031 qua
3139 1961 3300 2015 facta
3349 1966 3508 2030 sunt,
3574 1966 3718 2020 tanti

2049 2044 2482 2116 contempletur
2529 2047 2722 2118 operis
2785 2053 3123 2117 auctorem;
3176 2050 3461 2122 quoniam
3511 2069 3580 2108 ex
3629 2054 3720 2110 his

2049 2134 2221 2190 bonis
2266 2151 2396 2204 qua
2451 2140 2590 2190 sunt
2638 2137 2697 2190 in
2747 2137 3164 2194 constitutione
3214 2139 3393 2196 istius
3441 2147 3718 2198 creatura

2051 2223 2228 2294 (bona
2258 2222 2417 2278 enim
2451 2224 2620 2280 valde
2652 2230 2793 2281 sunt
2823 2227 2972 2298 (Gen.
3005 2246 3045 2298 ι,
3077 2229 3194 2299 3|),
3231 2229 3388 2285 sicut
3433 2231 3718 2287 Dominus

2050 2311 2216 2378 dixit)
2247 2312 2473 2367 bonum
2507 2313 2650 2368 illud
2681 2331 2984 2369 summum
3017 2321 3191 2388 atque
3224 2324 3510 2375 aeternum
3561 2337 3718 2375 com-

2051 2398 2459 2471 prehenditur,
2509 2403 2616 2466 Qui
2667 2404 2809 2459 ordo
2856 2407 3107 2460 rerum?
3157 2408 3296 2471 Qua
3349 2409 3659 2482 disciplina
3691 2409 3719 2463 ?

2051 2489 2186 2551 Qua
2219 2488 2453 2560 gratia?
2485 2492 2688 2548 Nonne
2720 2493 2812 2548 his
2845 2495 3112 2565 quamvis
3143 2497 3384 2552 tardum
3417 2498 3717 2571 ingenium

2050 2576 2290 2648 diligere
2341 2584 2640 2637 auctorem
2691 2600 2868 2638 suum
2916 2587 3317 2654 provocatur?
3382 2589 3608 2644 Etenim
3667 2588 3714 2644 si

2051 2670 2346 2739 parentes,
2401 2671 2541 2741 quia
2592 2689 2698 2727 nos
2747 2677 3098 2743 genuerunt,
3147 2690 3462 2731 amamus:
3497 2681 3716 2748 quanto

2050 2755 2240 2826 magis
2263 2756 2512 2830 diligere
2544 2763 2832 2817 debemus
2862 2765 3180 2817 creatorem
3232 2769 3570 2835 parentum,
3612 2784 3714 2821 au-

2050 2848 2389 2916 ctoremque
2418 2855 2688 2905 nostrum
2712 2850 2890 2920 ‘?Ergo
2908 2851 3235 2920 operatoria
3264 2853 3452 2910 virtus
3480 2855 3714 2923 Dei,etsi

2051 2949 2167 2988 non
2219 2932 2466 3005 videtur,
2517 2944 2715 2994 tamen
2766 2954 2834 2992 ex
2884 2938 3008 2992 suis
3057 2939 3338 3010 operibus
3370 2943 3712 3011 aestimatur,

2050 3025 2535 3099 operatcremque
2590 3044 2768 3101 opera
2841 3027 3113 3098 produnt,
3211 3034 3279 3085 ut
3351 3032 3714 3106 intelligatur

2051 3112 2152 3183 qui
2203 3129 2319 3167 non
2366 3115 2907 3190 comprehenditur.
2960 3117 3122 3172 Unde
3169 3122 3228 3172 et
3278 3121 3566 3181 Dominus
3597 3124 3708 3181 ait:

281 3193 564 3266 sideratio
597 3208 804 3264 divina
837 3206 1213 3279 operationis,
1247 3223 1364 3278 qua
1393 3212 1623 3264 creatus
1645 3212 1733 3264 est
1763 3227 1934 3265 mun-
1969 3193 2014 3260 C
2053 3201 2110 3257 Si
2147 3201 2291 3256 mihi
2353 3223 2466 3261 non
2529 3206 2786 3272 creditis,
2848 3206 2935 3262 vel
2968 3206 3243 3278 operibus
3277 3212 3494 3268 credite
3531 3216 3705 3286 (Joan.

281 3301 420 3355 dus.
451 3299 642 3354 Tertia
689 3297 916 3363 civitas,
969 3294 1384 3367 contemplatio
1431 3299 1736 3368 potestatis
1765 3300 1937 3371 regia

281 3394 342 3446 et
377 3387 698 3458 majestatis
746 3391 970 3441 aeterna
1021 3385 1156 3456 (ll).
1204 3384 1422 3448 Quarta
1467 3386 1691 3455 civitas,
1741 3389 1937 3460 propi-

279 3476 544 3533 tiationis
603 3475 812 3530 divina
871 3472 1188 3530 contuitus.
1265 3473 1478 3538 Quinta
1527 3475 1752 3544 civitas,
1791 3476 1939 3549 legis

281 3567 490 3622 divina
517 3563 952 3637 contemplatio,
985 3580 1111 3635 qua
1144 3561 1405 3634 pracipit
1431 3562 1571 3633 quid
1603 3563 1935 3621 faciendum

280 3657 384 3710 sit.
419 3656 586 3710 Sexta
615 3670 849 3726 quoque
879 3653 1102 3717 civitas,
1163 3650 1352 3723 portio
1409 3649 1555 3723 legis
1615 3670 1745 3725 qua
1792 3672 1936 3728 pra-

281 3743 490 3800 scribit
518 3744 656 3814 quid
695 3760 806 3798 non
839 3741 1174 3797 faciendum
1225 3738 1322 3795 sit.
1369 3741 1596 3805 Quanta
1627 3744 1935 3799 abundan-

279 3833 373 3888 tia
415 3831 618 3887 divina
667 3828 1078 3886 misericordia
1133 3829 1364 3898 quanta
1421 3826 1635 3882 divitia
1698 3829 1936 3901 pietatis

279 3922 435 3992 ejus,
468 3923 531 3974 ut
569 3917 936 3990 singulorum
961 3916 1157 3972 studia
1179 3914 1638 3988 fragilitatesque
1661 3917 1934 3974 humana

281 4007 637 4066 conditionis
667 4006 1070 4074 considerans,
1117 4003 1334 4076 quibus
1383 4009 1439 4059 et
1483 4003 1648 4060 inviti
1681 4024 1748 4063 ac
1779 4007 1933 4063 relu-

283 4100 509 4154 ctantes
539 4097 608 4153 ad
640 4095 873 4169 culpam
906 4093 1199 4160 ducimur,
1233 4095 1290 4148 et
1320 4108 1435 4148 non
1469 4093 1796 4152 voluntaria
1834 4097 1935 4152 de-

283 4186 428 4243 licta
444 4185 577 4241 victi
591 4183 880 4241 illecebris
900 4184 1237 4254 frequenter
1253 4180 1936 4253 committimus,diversa

361 4301 435 4380 (9‘)
469 4301 642 4380 Rom._
660 4299 802 4380 edit.
839 4298 1139 4380 sola,’_cu_-m
1168 4297 1705 4380 qyo‘eratDominus:
1731 4301 1934 4380 Etipse

286 4367 535 4428 Christus
563 4373 805 4441 relictus,
837 4375 943 4426 etc.
981 4371 1091 4426 Sed
1137 4367 1284 4441 nihil
1317 4368 1398 4441 in_
1429 4373 1659 4441 recepta
1683 4367 1933 4441 lectione

283 4445 655 4500 mutandum.
685 4439 956 4499 Sic’enim
987 4441 1082 4496 hic
1112 4440 1254 4495 dicit
1274 4439 1620 4495 Ambrosius
1635 4440 1931 4497 Christum

281 4533 423 4592 cum
458 4515 574 4592 Elia
604 4515 805 4592 fuisse,
834 4514 917 4570 uti
949 4512 1096 4592 libro
1129 4511 1449 4592 superiore,
1469 4527 1602 4592 cap.
1624 4515 1679 4576 2,
1705 4515 1930 4582 num.8,

281 4570 359 4641 de
389 4570 621 4653 Davide,
654 4570 868 4643 Sciebat
895 4587 1046 4640 enim
1077 4570 1286 4655 inquit,
1327 4570 1623 4652 gloriosius
1667 4570 1788 4639 esse
1829 4570 1931 4655 pro
1963 4570 2008 4633 D

283 4657 498 4714 Christo
527 4659 686 4726 mori,
721 4661 828 4712 etc.
881 4655 1072 4712 Multa
1118 4655 1242 4710 alia
1296 4657 1436 4726 sunt
1479 4657 1537 4726 et
1582 4656 1736 4725 apud
1778 4655 1933 4710 hunc

279 4731 514 4808 Patrem
529 4724 748 4808 etapud
762 4725 1352 4808 cateroshujusmodi
1367 4724 1932 4808 locutiones,quibus

278 4795 691 4881 significarunt
722 4795 1141 4855 Incarnationis
1164 4795 1507 4868 mysterium
1531 4795 1790 4869 antiquis
1813 4797 1932 4852 illis

275 4873 470 4927 fuisse
499 4872 795 4927 cognitum
821 4888 834 4926 :
859 4871 1195 4927 quibusque
1213 4883 1328 4923 non
1352 4867 1777 4924 modoPaulum
1796 4864 1931 4924 imi-

821 4888 834 4926 Ζ
859 4883 1195 4926 συιυυεαιιθ
1213 4883 1328 4923 non
1352 4883 1777 4924 moaorautum
1796 4886 1931 4924 lml-

275 4883 470 4927 fulsse
499 4883 795 4943 cognitum
821 4888 834 4926 :
859 4883 1195 4995 quibusgue
1213 4883 1328 4923 non
1352 4883 1777 4924 moaorautum
1796 4886 1931 4924 1mi-

275 4943 390 4998 tati
423 4947 580 5008 sunt,
609 4959 643 4997 a
671 4959 786 5014 quo
809 4943 1035 5014 Moyses
1120 4944 1362 5014 gyptum
1383 4939 1712 5014 deseruisse
1736 4957 1933 4995 narra-

275 4959 390 4998 tau
423 4959 580 5008 sunt,
609 4959 643 4997 a
714 4960 786 4998 uo
811 4959 1035 5014 moyses
1055 4959 1362 5012 mgyptum
1383 4959 1712 4995 deseruisse
1736 4959 1927 4995 narra-

275 5021 384 5070 tur
414 5017 646 5085 majores
671 4959 898 5069 iiivitias
917 5015 1200 5070 azstimans
1233 5011 1484 5085 thesauro
1523 5013 1927 5085 Aigyptiorum,

274 5081 681 5156 improperium
710 5085 940 5146 Christi;
970 5099 1171 5140 verum
1201 5083 1379 5156 etiam
1403 5081 1930 5156 Dominumipsum

274 5154 387 5229 qui
420 5154 563 5212 Joan
592 5173 713 5229 vm,
741 5158 829 5222 56,
853 5155 993 5211 dicit
1019 5172 1032 5210 :
1066 5154 1343 5229 Abraham
1369 5161 1528 5224 pater
1554 5157 1726 5229 vester
1751 5154 1931 5210 exsut-

271 5225 334 5284 t2:
347 5229 420 5282 vit
451 5230 507 5280 ut
541 5228 738 5283 videret
765 5229 910 5282 diem
936 5243 1118 5282 meum
1145 5243 1162 5280 :
1193 5225 1329 5280 vidit
1356 5231 1407 5279 et
1447 5227 1666 5292 gavisus
1694 5234 1788 5280 est.
1810 5230 1929 5280 Hoc

271 5304 483 5370 autem
511 5303 756 5370 utroque
801 5299 1162 5370 testimonio,
1207 5297 1306 5370 sed
1342 5297 1663 5370 prasertim
1695 5295 1924 5370 ultimo,

316 5369 557 5425 luribus
607 5367 770 5437 locis,
807 5371 992 5425 utitur
1038 5367 1406 5435 Ambrosius,
1433 5371 1505 5440 put
1553 5368 1710 5422 verbi
1741 5368 1930 5440 gratia

317 5389 557 5425 lurlDUS
610 5389 770 5437 lOClS,
807 5389 992 5425 UULUI‘
1038 5389 1406 5435 AIIlDI‘OSlUS,
1442 5389 1505 5422 ur.
1553 5389 1710 5422 VGI‘Dl
1741 5389 1923 5440 gratia

267 5389 381 5498 iib.
418 5440 484 5514 de
512 5441 783 5497 Abraham
814 5459 918 5514 cap
952 5447 1001 5510 3,
1038 5457 1179 5514 num
1209 5441 1300 5506 21,
1332 5442 1389 5496 et
1411 5438 1704 5495 Comment.
1731 5439 1923 5494 inLuc.

267 5531 396 5570 non
431 5512 600 5584 longe
631 5514 699 5568 ab
731 5511 902 5569 initio
926 5518 982 5569 et
1007 5511 1168 5567 alibi.

351 5585 466 5656 (l0)
500 5581 712 5640 O'mnes
760 5586 922 5652 edit.,
972 5585 1149 5640 Nescit
1191 5581 1920 5656 Ecclesiapublicasleges,

264 5651 405 5713 suos
437 5651 605 5711 novit.
641 5657 703 5714 Ut
731 5651 1012 5713 Dominico
1039 5653 1280 5712 sacerdos
1304 5651 1518 5710 obediat
1545 5653 1794 5724 imperio,
1823 5670 1924 5710 au-

2050 3309 2102 3355 x,
2136 3290 2246 3362 38).
2285 3315 2311 3340 ››
2337 3293 2496 3350 Bona
2517 3297 2698 3368 igitur
2718 3296 2892 3351 etiam
2916 3295 3037 3350 haec
3060 3295 3265 3352 civitas
3292 3291 3366 3354 a'd
3393 3302 3703 3376 refugium,

2051 3396 2177 3450 qua
2209 3380 2580 3440 adiﬁcatoris
2613 3385 2701 3440 sui
2755 3384 3104 3440 testificatur
3155 3388 3432 3458 gratiam,
3483 3397 3538 3448 et
3567 3394 3702 3450 all‘c-

2049 3472 2208 3522 ctum
2239 3475 2506 3527 nostrum
2555 3475 2784 3537 excitat,
2837 3478 2902 3528 ut
2949 3475 3078 3544 ejus
3127 3475 3319 3534 simus
3349 3481 3699 3552 cupidiores,

2049 3557 2149 3629 qui
2181 3561 2405 3614 tantam
2437 3562 2606 3616 nobis
2639 3561 2869 3616 fabrica
2892 3561 3070 3634 hujus
3092 3563 3363 3623 videatur
3386 3571 3702 3628 contulisse

2049 3644 2566 3717 pulchritudinem.
2601 3650 2830 3705 Tertius
2861 3651 3000 3706 ordo
3031 3656 3120 3706 est
3151 3657 3365 3726 regalis
3398 3661 3702 3730 potestatis

2047 3735 2481 3806 contemplatio,
2507 3743 2570 3793 ut
2591 3738 2976 3809 subjiciamur
2998 3739 3143 3809 regi,
3168 3742 3216 3796 si
3242 3761 3355 3800 non
3381 3748 3699 3803 deferimus

2047 3823 2327 3879 honorem
2353 3830 2631 3898 tanquam
2664 3826 2910 3898 parenti.
2943 3827 3097 3880 Metu
3139 3830 3296 3886 enim
3331 3835 3697 3904 praesidentis

2045 3911 2392 3985 plerumque
2441 3916 2504 3970 ﬁt
2553 3916 2827 3971 obediens
2879 3915 3172 3986 potestati,
3221 3919 3442 3988 quiest
3489 3921 3696 3978 salutis

2046 4002 2312 4074 ingratus
2337 4022 2348 4070 ;
2371 4008 2434 4059 ut
2449 4006 2852 4062 necessitatem
2869 4004 3199 4061 sobrietatis
3225 4010 3696 4080 agnoscere.Cor—

2045 4090 2180 4164 rigit
2212 4107 2347 4165 ergo
2400 4095 2738 4162 necessitas,
2791 4110 2964 4165 quem
3014 4094 3202 4166 pictas
3244 4113 3555 4168 provocare
3589 4100 3692 4154 de-

2046 4181 2269 4236 buerat.

2042 4297 2100 4372 di
2128 4297 2386 4372 Levitam.
2412 4300 2526 4372 illis
2555 4300 2838 4372 accedunt
2869 4316 3011 4356 mss.
3056 4299 3280 4372 aliquot
3319 4302 3690 4368 recentiores,

2044 4367 2157 4446 nisi
2203 4371 2356 4446 quod
2407 4370 2512 4436 illi,
2546 4371 2796 4446 _(_.luobus
2836 4367 3589 4446 exceptis,_iiiterpnngunt
3633 4367 3689 4432 in

2042 4439 2198 4494 hunc
2224 4439 2464 4496 modum
2490 4459 2502 4496 :
2532 4442 2711 4514 Nescit
2759 4439 2996 4498 Ecclesid
3044 4439 3296 4514 publicas
3318 4439 3487 4510 Ἰί-ὴμιξς
3516 4462 3644 4502 suas
3675 4469 3691 4503 :

2042 4514 2192 4566 novit
2229 4553 2238 4564 .
2378 4512 2567 4586 ._Audi
2607 4515 2866 4586 Levitam.
2909 4516 2990 4569 Ex
3040 4512 3255 4586 quibus
3303 4517 3455 4570 illum
3507 4517 3689 4574 ferme

2042 4599 2250 4638 sensus
2282 4583 2411 4638 elici
2434 4589 2646 4655 potest,
2680 4584 2773 4638 hic
2804 4583 3073 4641 scilicetf
3095 4587 3353 4643 Ecclcsla
3402 4589 3459 4642 in
3509 4591 3692 4644 admi-

2045 4655 2348 4710 nistranda
2380 4656 2720 4726 pmnitentia
2751 4657 3016 4726 politicas
3041 4657 3092 4712 lc
3135 4676 3197 4713 es
3226 4677 3340 4714 non
3383 4661 3685 4730 agnoscit;

2045 4743 2182 4781 suas
2213 4726 2367 4780 enim
2402 4726 2598 4782 habet.
2631 4727 2909 4782 nimirum
2943 4733 3008 4782 ut
3055 4675 3268 4782 Cﬁristi
3316 4731 3546 4782 obediat
3576 4730 3684 4782 im-

2044 4743 2182 4781 suas
2213 4726 2367 4780 enim
2402 4726 2598 4792 habet,
2631 4727 2909 4783 nimirum
2943 4733 3008 4784 ut
3055 4726 3268 4784 Christi
3316 4726 3546 4785 obediat
3576 4730 3684 4783 im-

2043 4796 2278 4870 peratis.
2335 4798 2562 4870 AVerum
2603 4798 2853 4867 Thuan.,
2905 4801 3080 4864 Prat.,
3142 4802 3312 4865 Fisc.,
3365 4799 3671 4870 Ebrulph.,

2039 4868 2255 4942 Albim,
2284 4868 2468 4925 Alnet.
2504 4875 2559 4925 et
2609 4871 2730 4942 Big.
2783 4871 3090 4927 lectionem
3135 4889 3168 4925 a
3213 4870 3380 4925 nobis
3426 4870 3482 4923 in
3526 4868 3683 4942 textu

2042 4939 2356 5014 pepositam
2425 4939 2760 5014 pralerunt,
2840 4949 3076 5014 excepto
3143 4947 3364 5014 tamen,
3417 4941 3571 5014 quod
3624 4942 3683 4996 in

2041 5009 2322 5083 Ebrulph.
2375 5009 2478 5084 pro
2528 5014 2792 5076 sacerdos,
2841 5009 3050 5083 legitur
3103 5009 3683 5084 secerrtotz's.’Sensus

2041 5087 2240 5157 autem
2270 5083 2392 5139 est.’
2412 5085 2727 5141 Ecelesiam
2750 5085 2890 5140 dum
2917 5086 3079 5157 ligat,
3105 5083 3294 5157 solvit,
3319 5099 3351 5137 a
3381 5097 3681 5138 sacrorum

2041 5154 2482 5226 participatione
2539 5161 2814 5223 removet,
2885 5154 2988 5211 etc'.
3057 5155 3140 5209 uti
3207 5157 3492 5226 potestate
3565 5171 3681 5226 non

2040 5242 2216 5298 quam
2255 5225 2350 5281 illi
2401 5246 2517 5283 sua
2568 5227 2726 5298 leges
2779 5227 3166 5298 attribuerint,
3219 5225 3319 5280 sed
3368 5242 3547 5296 quam
3597 5225 3682 5280 illi

2039 5297 2307 5352 Christus
2349 5299 2472 5369 ipse
2515 5297 2892 5363 commiserit,
2943 5303 3117 5368 atque
3163 5312 3428 5369 exercere
3468 5315 3680 5369 prace-

2039 5369 2204 5440 perit.
2241 5367 2400 5434 Quod
2434 5369 2670 5440 quidem
2723 5384 2856 5440 cum
2907 5367 3386 5440 antecedentibus
3435 5367 3501 5423 ac
3542 5371 3680 5424 sub-

2038 5439 2418 5523 Sequen_tibus
2450 5439 2640 5523 aptius
2673 5439 2964 5523 quadrare
2989 5439 3337 5523 difl'itebitur
3363 5457 3556 5523 nemo.

2105 5511 2150 5588 (il
2169 5512 2217 5583 l)
2253 5512 2391 5588 Mss.
2425 5511 2666 5583 aliquot,
2697 5511 3205 5588 contempla-tionem
3222 5512 3390 5582 regia:
3421 5512 3678 5568 civitatis.

2035 5581 2228 5641 Minus
2261 5583 2426 5652 bene,
