4122 6146
486 263 606 331 603

1950 263 2015 328 8.
2061 260 2437 329 ΑΜΒῐὶΟΒῙῙ

3732 269 3865 353 tot

562 402 648 461 11.
681 399 777 457 Hae
809 401 949 458 sunt
974 402 1093 458 tres
1121 397 1383 459 civitates
1423 402 1587 458 trans
1629 399 1964 469 Iordanem,
1997 371 2131 474 per-
2160 399 2213 467 Α
2244 397 2519 457 deﬁnita:
2552 394 2762 457 deinde
2788 393 2849 455 in
2878 393 3075 455 causis
3103 393 3345 470 paribus
3373 393 3556 471 impar
3589 407 3829 475 eventus;

491 492 711 549 fectiori
757 490 1079 563 prudentiae
1125 492 1197 547 ad
1247 490 1535 565 refugium
1582 492 1775 559 datae;
1828 496 1893 547 ut
1947 491 2136 563 primo

488 581 723 654 culpam
756 580 1053 651 fugiamus
1085 580 1420 636 inductione
1450 582 1653 647 animi,
1689 581 2015 637 conformes
2062 580 2135 635 ad

489 668 807 741 imaginem
841 669 962 725 Dei.
993 671 1076 725 Ita
1105 671 1258 725 enim
1293 671 1469 726 creati
1503 671 2133 737 sumus,dicentel)eo:

490 780 517 807 «
557 757 867 813 Faciamus
898 757 1193 813 hominem
1230 758 1302 813 ad
1352 757 1669 830 imaginem
1716 765 1772 814 et
1801 758 2137 815 similitudi-

496 863 628 902 nem
662 851 923 901 nostram
957 848 1107 915 (Gen.
1144 864 1181 912 ι,
1228 848 1340 917 26).
1396 849 1521 903 llaec
1568 864 1703 918 ergo
1749 847 1948 919 prima;
1977 846 2139 902 illius

491 935 740 989 civitatis
774 935 925 990 422
976 933 1067 988 lex
1114 940 1221 990 est.
1276 936 1494 991 Deinde
1542 935 1590 991 si
1636 952 1737 1007 per
1766 935 2137 1008 fragilitatem

489 1021 681 1077 carnis
731 1026 789 1076 et
836 1021 1042 1076 mundi
1085 1022 1387 1079 illecebras
1437 1025 1519 1078 ita
1573 1028 1827 1080 mentem
1873 1029 2136 1079 nostram

488 1110 739 1165 formare
772 1128 886 1165 non
919 1128 1260 1183 possumus,
1315 1114 1634 1168 reverentia
1678 1117 1932 1184 paternae
1962 1128 2136 1183 gene-

488 1199 731 1254 rationis
772 1205 829 1255 et
876 1199 1186 1255 sedulitate
1252 1203 1431 1273 prolis
1499 1206 1801 1274 peccatum
1854 1201 2134 1257 levemus.

487 1288 756 1345 Charitas
805 1289 961 1344 enim
1010 1288 1452 1348 multitudinem
1498 1296 1870 1362 peccatorum
1928 1292 2133 1361 operit.

489 1377 595 1442 Qui
628 1395 766 1449 ergo
800 1379 868 1433 ad
905 1378 1222 1450 imaginem
1254 1380 1354 1435 Dei
1405 1397 1530 1436 esse
1577 1397 1692 1435 non
1748 1380 2021 1451 potuerit,
2061 1380 2139 1434 sit

489 1465 561 1519 ad
595 1464 1024 1535 plenitudinem
1056 1466 1379 1522 charitatis.
1416 1468 1516 1523 llla
1538 1469 1740 1524 civitas
1777 1466 2007 1539 culpam
2039 1484 2137 1523 ex-

487 1552 690 1621 cludit,
724 1554 845 1609 haac
876 1554 1067 1610 solvit.
1092 1555 1220 1610 Haec
1253 1557 1504 1627 denique
1541 1556 1632 1611 lex
1674 1556 1946 1612 secundae
1992 1555 2131 1610 civi-

484 1641 659 1698 tatis:
697 1664 724 1692 «
760 1642 972 1715 Diliges
1004 1644 1313 1700 Dominum
1345 1645 1528 1701 Deum
1559 1649 1728 1701 tuum
1758 1662 1827 1700 ex
1855 1648 1975 1700 toto
2004 1661 2134 1699 cor-

487 1731 558 1785 de
594 1735 713 1833 tuo,
740 1736 797 1786 et
848 1748 915 1786 ex
971 1736 1091 1787 tota
1143 1734 1339 1789 anima
1383 1740 1504 1802 tua,
1556 1739 1611 1790 et
1657 1752 1725 1790 ex
1771 1739 1892 1789 tota
1920 1732 2132 1788 virtute
2160 1768 2210 1833 B

488 1823 591 1874 tua
620 1819 796 1889 (Deut.
830 1837 906 1886 v1,
938 1822 1013 1891 5).
1047 1844 1075 1870 ››
1107 1822 1218 1877 Sed
1250 1822 1297 1878 si
1340 1840 1545 1880 rursus
1590 1821 1825 1892 angusti
1869 1821 2048 1877 animi
2075 1825 2133 1876 et

490 1906 700 1961 minuti
733 1913 889 1975 sunt,
943 1910 1042 1980 qui
1090 1910 1514 1967 abundantiam
1565 1911 1867 1967 charitatis
1913 1916 1971 1965 et
1998 1925 2130 1981 gra-

489 1994 624 2050 tiam
659 1996 914 2068 recipere
944 2014 1059 2052 non
1091 2003 1358 2069 possunt,
1407 2000 1586 2055 habes
1634 1998 1867 2055 tertiam
1928 1998 2132 2053 civita-

485 2089 599 2139 tem
628 2102 641 2151 ;
664 2090 728 2139 ut
748 2083 954 2140 divinae
971 2088 1279 2158 potestatis
1304 2088 1553 2144 formido
1576 2092 1630 2144 te
1648 2088 1910 2144 sobrium
1935 2086 2128 2152 faciat,

485 2177 543 2228 et
571 2172 828 2229 inflectat
856 2179 1070 2230 metus.
1104 2176 1173 2230 Et
1202 2175 1323 2231 hinc
1370 2176 1460 2232 lex
1508 2177 1717 2233 tertia:
1753 2200 1781 2227 ‹‹
1815 2174 2128 2232 Dominum

484 2261 668 2317 Deum
700 2267 868 2318 tuum
903 2263 1259 2330 adorabis,et
1280 2265 1391 2337 ipsi
1416 2265 1523 2322 soli
1547 2265 1764 2322 servies
1788 2264 2066 2337 (Ibid.13).
2099 2287 2120 2314 ι

485 2349 579 2404 Hm
631 2350 810 2421 igitur
857 2352 1160 2422 praecipuae
1213 2353 1479 2420 virtutes,
1529 2359 1587 2410 et
1630 2354 1758 2410 ideo
1806 2369 2128 2425 paucorum

486 2453 599 2492 non
634 2438 915 2509 plurium,
945 2457 1125 2512 supra
1145 2440 1459 2498 Jordanem
1484 2443 1684 2515 positas
1713 2460 1726 2506 ;
1753 2447 1817 2497 ut
1835 2441 2129 2514 exprimas

486 2528 653 2598 quasi
688 2528 883 2601 imago
915 2528 1318 2602 archetypum,
1360 2531 1574 2604 diligas
1624 2531 1792 2604 quasi
1841 2530 1997 2586 ﬁlius
2029 2546 2127 2602 pa-

485 2620 653 2682 trem,
685 2617 891 2672 adores
924 2618 1093 2690 quasi
1126 2619 1403 2676 subditus
1434 2638 1652 2693 regem.

558 2706 644 2759 12.
679 2704 786 2771 Qui
835 2711 1029 2761 autem
1080 2706 1395 2764 Jordanem
1446 2709 1806 2775 transierint,
1855 2705 2131 2763 Jordanis

488 2799 685 2849 autem
716 2795 1020 2859 descensio
1051 2812 1255 2851 eorum
1286 2797 1498 2852 dicitur
1525 2814 1537 2852 ε
1586 2796 1689 2868 qui
1724 2794 2132 2852 descenderint

486 2898 623 2953 ergo
653 2898 721 2936 ex
753 2881 871 2938 illis
904 2884 1310 2954 superioribus
1339 2883 1656 2940 virtutibus
1704 2884 1775 2939 ad
1823 2883 1945 2938 hinc
1983 2882 2129 2938 infe-

487 2968 661 3033 riora,
691 2969 749 3022 id
779 2974 886 3038 est,
920 2968 980 3025 in
1006 2970 1219 3042 quibus
1249 2971 1574 3043 integritas,
1618 2972 1893 3038 charitas,
1933 2970 2131 3026 humi-

485 3054 619 3111 litas
666 3055 1018 3112 vacillaverit
1068 3058 1286 3114 habent
1332 3060 1606 3132 propiora
1652 3060 1876 3116 homini
1909 3058 2133 3131 refugia

2246 494 2471 562 poterat
2497 489 2653 545 enim
2684 487 2809 545 ﬁeri
2839 492 2905 544 ut
2924 492 3057 560 post
3075 485 3380 543 homicidae
3405 485 3559 544 illius
3588 492 3835 564 refugium

2246 579 2507 650 sequenti
2538 578 2632 634 die
2671 578 2858 634 obiret
2906 592 3159 649 magnus
3202 575 3493 634 sacerdos.
3524 579 3648 643 Qua
3675 586 3835 639 autem

2246 669 2356 724 sub
2404 669 2624 723 incerto
2672 666 3006 723 sententia?
3052 665 3199 734 Ergo
3248 664 3387 736 quia
3451 664 3620 721 haaret
3661 666 3836 737 littera,

2247 774 2581 831 quaeramus
2597 755 2906 829 spiritalia.
2931 755 3074 819 Quis
3095 760 3186 811 est
3204 756 3316 811 iste
3334 769 3577 826 magnus
3588 758 3839 825 sacerdos,

2249 847 2359 903 nisi
2391 846 2492 903 Dei
2524 845 2726 913 Filius,
2765 844 3029 900 Verbum
3078 842 3202 910 Dei,
3252 844 3423 912 cujus
3452 844 3838 901 advocationem

2246 953 2350 1009 pro
2379 936 2550 991 nodis
2578 935 2867 990 habemus
2916 933 3077 1004 apud
3134 932 3381 994 Patrem,
3430 931 3528 1002 qui
3569 948 3748 989 exsors
3771 939 3842 989 est

2246 1024 2513 1080 omnium
2542 1021 3007 1079 voluntariorum
3028 1025 3085 1077 et
3105 1020 3490 1077 accidentium
3512 1020 3834 1088 delictorum,

2246 1114 2306 1168 in
2338 1130 2453 1185 quo
2483 1111 2814 1168 consistunt
2843 1110 3042 1167 omnia
3069 1127 3196 1182 quae
3224 1109 3285 1163 in
3307 1113 3463 1165 terra
3490 1115 3642 1175 sunt,
3661 1113 3713 1165 et
3737 1126 3840 1180 quis

2246 1202 2305 1259 in
2354 1201 2543 1258 cmlo?
2603 1198 2852 1255 Vinculo
2918 1198 3075 1254 enim
3142 1197 3315 1253 Verbi
3381 1196 3682 1253 constricta
3729 1202 3841 1252 sunt

2246 1292 2466 1359 omnia,
2517 1293 2577 1346 et
2624 1290 2753 1361 ejus
2801 1287 3176 1344 continentur
3223 1286 3499 1357 potentia,
3556 1289 3613 1341 et
3650 1284 3702 1339 in
3737 1285 3841 1355 ipso

2246 1384 2557 1447 constant;
2592 1377 2872 1450 quoniam
2902 1376 2961 1431 in
2995 1376 3122 1447 ipso
3160 1378 3354 1430 creata
3403 1379 3539 1429 sunt
3577 1373 3770 1438 omnia,
3795 1378 3843 1428 et

2245 1468 2304 1523 in
2341 1469 2469 1539 ipso
2491 1466 2720 1523 habitat
2738 1464 2932 1521 omnis
2956 1463 3280 1537 plenitudo.
3305 1464 3374 1518 Et
3394 1462 3520 1517 ideo
3539 1461 3721 1517 omnia
3746 1478 3844 1516 ma-

2246 1561 2387 1612 nent
2415 1554 2557 1626 quia
2603 1553 2843 1610 dissolvi
2893 1552 2995 1608 illa
3040 1569 3157 1608 non
3201 1551 3360 1618 sinit,
3414 1567 3539 1622 qua
3580 1548 3696 1621 ipse
3729 1565 3841 1604 con-

2244 1644 2500 1712 strinxit,
2553 1643 2832 1715 quoniam
2886 1641 2947 1697 in
2993 1642 3122 1713 ejus
3184 1639 3483 1695 voluntate
3530 1636 3837 1693 consistunt.

2243 1731 2454 1789 Omnia
2498 1731 2656 1788 enim
2705 1730 2894 1802 quoad
2954 1728 3100 1795 vult,
3149 1745 3258 1784 suo
3289 1724 3533 1798 imperio
3560 1728 3763 1781 coercet
3795 1728 3841 1777 et

2243 1822 2414 1894 regit,
2445 1824 2503 1876 et
2533 1818 2787 1875 naturali
2818 1817 3129 1875 concordia
3155 1815 3318 1889 ligat.
3349 1814 3505 1870 Vivit
3531 1814 3697 1887 igitur
3734 1811 3842 1867 Ver-

2243 1911 2384 1965 bum
2416 1909 2540 1974 Dei,
2573 1914 2630 1964 et
2657 1907 2910 1964 maxime
2938 1907 2999 1962 in
3030 1905 3245 1963 animis
3291 1905 3435 1960 vivit
3480 1903 3715 1976 piorum,
3757 1916 3842 1955 nec

2241 2015 2504 2070 unquam
2536 1996 2784 2053 moritur
2812 1995 3113 2069 plenitudo
3160 1993 3514 2065 Divinitatis.
3546 1991 3840 2061 Numquam

2240 2087 2399 2143 enim
2430 2086 2678 2143 moritur
2706 2084 3063 2157 sempiterna
3092 2083 3397 2151 Divinitas,
3443 2086 3501 2138 et
3543 2085 3738 2136 aeterna
3760 2076 3839 2132 Dei

2240 2176 2446 2230 virtus.
2506 2175 2659 2231 Sane
2701 2172 2951 2230 moritur
2980 2172 3169 2241 nobis,
3204 2173 3253 2229 si
3286 2188 3321 2228 a
3350 2173 3550 2228 nostra
3575 2169 3716 2226 428
3741 2163 3839 2221 ani-

2241 2280 2337 2320 ma
2366 2267 2690 2335 separatur,
2739 2278 2856 2318 non
2899 2278 3016 2335 quo
3065 2266 3250 2317 morte
3300 2261 3717 2330 corrumpatur,
3755 2252 3837 2308 sed

2240 2368 2355 2424 quo
2387 2350 2742 2408 dissolvatur
2771 2354 2949 2423 atque
2977 2354 3224 2406 exuatur
3253 2366 3426 2405 mens
3444 2350 3639 2404 nostra
3652 2344 3717 2399 ab
3738 2342 3841 2413 ejus

2241 2440 2668 2513 conjunctione.
2703 2441 2859 2496 Mors
2888 2438 3045 2496 enim
3076 2455 3209 2495 vera
3228 2443 3318 2494 est
3362 2435 3542 2493 Verbi
3591 2438 3645 2490 et
3669 2431 3841 2488 animae

2240 2528 2550 2603 separatio.
2601 2529 2860 2601 Denique
2905 2527 3108 2585 statim
3151 2527 3360 2600 incipit
3409 2525 3602 2583 anima
3631 2518 3840 2593 peccatis

2241 2623 2439 2692 patere
2466 2616 2815 2674 voluntariis
2844 2617 2980 2689 (13).

2877 2722 3110 2779 CAPUT
3150 2722 3243 2779 IIl.

2242 2816 2543 2871 Memorato
2595 2812 2870 2885 superiori
2919 2813 3098 2885 capite
3136 2812 3426 2885 _virtutum
3480 2822 3671 2881 genere
3710 2804 3844 2885 etiam

2310 2886 2373 2939 in
2402 2872 2787 2956 Αροδιοιοήοπ
2813 2886 2930 2956 tam
2959 2872 3309 2956 ddumbrata,
3329 2872 3501 2956 quani
3517 2891 3754 2956 acper
3771 2872 3844 2956 ἠγ

2312 2945 2457 3025 beri;
2477 2956 2713 3011 collectis
2732 2954 2968 3028 ejusdem
2990 2955 3168 3011 variis
3184 2945 3516 3010 testimoniis
3535 2945 3840 3006 demonstrat.

2314 3063 2398 3118 14.
2432 3062 2730 3118 Habemus
2771 3060 2894 3117 haec
2939 3077 3156 3135 genera
3201 3076 3317 3116 non
3369 3057 3724 3119 adumbrata,
3762 3046 3842 3104 sed

487 3161 615 3215 qua:
649 3148 884 3216 petant;
920 3150 985 3200 ut
1013 3146 1113 3218 qui
1142 3147 1375 3203 obnoxii
1409 3148 1659 3218 delictis,
1708 3152 1767 3204 et
1806 3148 2003 3203 inﬂexi
2046 3146 2129 3202 vi-
2161 3132 2204 3199 C
2242 3166 2518 3223 expressa.
2542 3149 2828 3205 virtutum
2859 3149 2919 3204 in
2948 3132 3268 3221 ‘Apostolo,
3316 3147 3549 3204 dicente
3592 3159 3653 3199 eo
3677 3159 3692 3195 :
3720 3161 3745 3188 α
3778 3136 3845 3192 Ita

484 3231 582 3288 tiis
611 3238 750 3287 sunt
796 3250 912 3289 non
962 3234 1328 3305 voluntariis,
1376 3242 1612 3308 sperent
1662 3236 1971 3293 Dominum
2014 3235 2126 3292 sibi

487 3321 849 3377 reconciliari
884 3339 1076 3393 posse,
1110 3323 1158 3378 si
1183 3324 1412 3380 veniam
1436 3330 1674 3397 petant;
1700 3332 1934 3398 sperent
1960 3339 2129 3397 posse

487 3426 548 3464 se
593 3410 825 3482 corrigi,
870 3412 918 3465 si
965 3416 1250 3483 precepta
1296 3418 1622 3484 sequantur
1668 3413 1992 3470 cmlestium
2021 3413 2129 3468 Te-

486 3503 937 3565 rtamentorum,
997 3502 1214 3572 quibus
1271 3507 1371 3557 aut
1400 3503 1790 3559 informamur
1844 3503 1915 3557 ad
1962 3501 2130 3557 inno-

487 3584 761 3656 centiam,
794 3592 895 3640 aut
925 3604 1265 3643 revocamur
1292 3607 1325 3644 a
1373 3590 1562 3661 culpa.
1620 3592 1712 3645 lla;
1760 3590 1939 3662 igitur
1981 3590 2133 3645 intra

485 3673 802 3729 Jordanem
833 3674 1095 3731 civitates
1127 3682 1438 3747 sequentes
1468 3682 1627 3743 sunt,
1654 3682 1719 3733 ut
1746 3677 2132 3749 propitiemus

488 3760 657 3817 nobis
692 3766 896 3828 Deum,
944 3780 1264 3835 sequamur
1309 3781 1436 3836 quea
1481 3766 1670 3837 jubet,
1724 3766 1977 3822 vitemus
2009 3783 2134 3837 quae

486 3850 774 3922 prohibet.
808 3852 895 3905 Sit
923 3868 1057 3924 ergo
1089 3854 1470 3925 propitiandaa
1503 3852 1830 3908 Divinitatis
1870 3854 2134 3923 ambitio,

488 3939 795 4010 sequendae
846 3941 1248 4013 praeceptionis
1297 3942 1571 4009 odeditio,
1622 3941 1940 3996 interdictae
1997 3958 2137 4013 prie-

488 4027 860 4084 varicationis
892 4030 1105 4096 cautio,
1139 4030 1359 4101 quibus
1389 4027 1856 4101 propitiatoriam
1887 4030 1987 4085 Dei
2027 4030 2135 4085 mi-

488 4116 891 4182 sericordiam,
942 4122 999 4171 et
1046 4118 1478 4174 nomotheticen
1531 4120 1660 4191 ejus
1710 4118 2136 4190 providentiam

485 4204 575 4260 vel
608 4206 1012 4261 institutorum
1045 4206 1450 4278 obscquio,vel
1482 4206 1924 4263 interdictorum
1954 4206 2139 4262 decli-

494 4294 728 4350 natione
760 4311 1125 4351 veneremur.

564 4384 649 4436 13.
701 4386 987 4448 Quartum
1038 4390 1325 4456 superest.
1383 4387 1537 4457 quod
1581 4386 1652 4440 de
1712 4390 1897 4441 morte
1922 4384 2138 4440 summi

2242 3239 2398 3312 quod
2425 3238 2485 3293 in
2515 3254 2610 3294 me
2638 3241 2747 3304 est,
2773 3241 3085 3310 promptus
3114 3253 3248 3293 sum
3277 3241 3333 3292 et
3363 3234 3531 3292 vobis
3558 3230 3654 3304 qui
3683 3229 3844 3284 Rome

2240 3328 2403 3393 estis,
2426 3325 2841 3400 evangelizare.
2863 3326 2992 3382 Non
3012 3324 3168 3382 enim
3190 3324 3475 3382 erubesco
3487 3316 3840 3390 Evangelium.

2239 3416 2442 3472 Virtus
2471 3414 2629 3471 enim
2662 3414 2763 3472 Dei
2793 3417 2883 3471 est
2908 3413 2971 3469 in
3002 3413 3252 3470 salutem
3284 3412 3451 3469 omni
3481 3405 3740 3471 credenti,
3764 3402 3847 3457 Ju-

2243 3506 2366 3562 dzeo
2413 3504 2673 3577 primum
2722 3506 2780 3559 et
2822 3506 3040 3558 Graeco.
3070 3500 3337 3558 .Justitia
3389 3500 3545 3557 enim
3588 3494 3678 3552 Dei
3718 3493 3769 3546 in
3794 3502 3847 3542 eo

2243 3592 2552 3659 revelatur,
2587 3614 2615 3642 ‹‹
2648 3591 2706 3647 id
2756 3596 2864 3660 est,
2918 3590 2979 3645 in
3028 3607 3095 3647 eo
3138 3589 3238 3662 qui
3281 3590 3471 3645 credit
3510 3588 3674 3658 (Rom.
3714 3578 3850 3647 1,15:

2244 3683 2357 3755 47).
2390 3681 2650 3752 Denique
2680 3678 2940 3736 addidit:
2978 3700 3008 3730 ‹‹
3030 3679 3110 3735 Ex
3129 3679 3244 3734 fide
3266 3678 3324 3733 in
3351 3678 3551 3742 ﬁdem,
3571 3673 3713 3730 sicut
3738 3663 3851 3723 scri-

2244 3776 2412 3843 ptum
2443 3774 2568 3826 est:
2599 3769 2804 3825 Justus
2848 3771 3047 3824 autem
3096 3782 3165 3823 ex
3200 3766 3314 3822 fide
3357 3764 3501 3821 vivit
3547 3760 3675 3835 (Ibid
3702 3755 3801 3826 l7).
3829 3773 3850 3848 ii

2247 3859 2310 3914 In
2342 3875 2457 3929 quo
2488 3857 2669 3930 igitur
2687 3855 2922 3928 justitia
2949 3854 3051 3911 Dei
3081 3855 3392 3921 reveletur,
3427 3853 3540 3909 nisi
3569 3851 3626 3906 in
3671 3863 3733 3903 eo
3769 3855 3850 3914 qm

2244 3946 2565 4003 conformis
2595 3949 2684 4002 est
2710 3944 2988 4018 imaginis
3028 3943 3156 4001 Filii
3209 3943 3364 4000 Dei?
3416 3942 3603 3999 Habes
3629 3934 3854 4027 primum

2246 4038 2600 4108 praeceptum
2652 4034 2725 4089 ad
2781 4033 3100 4107 imaginem
3160 4033 3276 4087 Dei.
3338 4029 3687 4114 Secundum,
3738 4032 3855 4114 quia

2245 4105 2566 4180 invisibilia
2603 4120 2764 4177 illius
2813 4105 2931 4193 peri
2960 4136 3030 4177 ea
3077 4138 3204 4193 qua;
3259 4120 3418 4177 facta
3481 4119 3640 4183 sunt,
3675 4105 3854 4167 intelli-

2249 4216 2491 4285 guntur,
2533 4211 2591 4266 id
2621 4214 2734 4277 est,
2765 4210 3124 4281 sempiterna
3152 4207 3341 4264 virtus
3369 4208 3502 4278 ejus
3528 4209 3586 4259 et
3621 4195 3859 4290 divinitas

2249 4300 2525 4372 operibus
2555 4299 2684 4370 ejus
2712 4297 3106 4370 cognoscitur,
3136 4296 3258 4352 hinc
3281 4305 3367 4352 est
3417 4286 3732 4367 operatoria
3763 4286 3858 4336 vir-

2249 4394 2366 4444 tus.
2403 4387 2664 4444 Tertium
2696 4386 2769 4442 de
2798 4384 3086 4458 imperiali
3118 4389 3427 4457 potestate,
3479 4379 3616 4453 quia
3640 4373 3862 4429 Verbum

492 4471 811 4564 sacerdotis
844 4472 953 4544 (l2)
986 4473 1102 4527 ait:
1138 4497 1165 4523 ‹‹
1200 4474 1344 4538 Quia
1377 4490 1564 4546 usque
1596 4474 1666 4530 ad
1717 4472 1863 4528 illud
1902 4477 2137 4545 tempus
2169 4499 2216 4564 Β
2248 4476 2349 4533 Dei
2378 4474 2570 4549 regale
2599 4478 2709 4542 est,
2743 4471 3116 4544 etjudiciale,
3139 4476 3196 4529 et
3242 4472 3487 4544 plenum
3527 4464 3762 4564 justitize
3786 4472 3859 4513 sa-

493 4557 603 4613 erit
624 4558 682 4614 in
705 4559 940 4616 civitate
971 4561 1179 4633 refugii
1210 4561 1506 4618 homicida
1534 4563 1654 4632 illc,
1701 4562 1888 4618 donec
1928 4563 2139 4617 moria-

491 4654 587 4704 tur
617 4648 893 4704 sacerdos
923 4666 1177 4721 magnus
1210 4651 1419 4721 (Josuo,
1454 4670 1547 4719 xx,
1576 4653 1655 4723 6).
1711 4674 1739 4700 ››
1791 4652 1853 4706 In
1905 4668 2020 4722 quo
2050 4668 2139 4707 se-

493 4737 755 4792 cundum
786 4736 1042 4792 litteram
1072 4737 1250 4793 haeret
1276 4738 1697 4812 interpretatio.
1721 4739 1981 4795 Primum
2014 4739 2144 4812 ipsa

494 4828 632 4899 fuga
663 4831 818 4881 sorte
843 4825 1032 4898 magis
1063 4843 1240 4898 quam
1276 4829 1545 4901 zequitate
1577 4828 1826 4900 alicujus
1857 4827 2142 4884 examinis

566 5004 677 5085 2)
707 5007 778 5060 De
813 5010 1010 5085 __morte
1038 5010 1240 5062 summi
1294 5008 1600 5085 sacerdotis.
1643 5007 1773 5085 Haec
1795 5007 2054 5085 deerant
2082 5008 2141 5063 in

495 5077 634 5150 edit.
666 5077 964 5145 omnibus,
998 5094 1127 5150 quae
1160 5095 1264 5133 nos
1296 5079 1355 5134 in
1388 5096 1533 5134 mss.
1567 5077 1873 5135 duodecim
1916 5085 2145 5150 reperta

498 5147 558 5201 in
591 5152 809 5203 textum
840 5148 1274 5205 transtulimus.

568 5217 616 5285 (l
630 5220 783 5284 3)Sic
813 5237 1017 5276 omnes
1045 5226 1284 5277 omnino
1315 5237 1459 5276 mss.
1490 5226 1549 5276 et
1575 5221 1713 5275 edit.
1748 5225 1954 5285 praeter
1975 5222 2138 5277 Rom.

501 5289 558 5342 in
586 5304 728 5367 qua,
758 5294 1221 5367 procatisnputere
1254 5294 1685 5367 Ainvolﬁuntqriis.
1739 5289 1903 5347 Haud
1946 5292 2141 5367 dubie,

541 5363 639 5411 uia
691 5364 846 5429 apud
899 5363 1201 5422 Philonem
1253 5365 1349 5420 lib.
1405 5366 1479 5420 De
1527 5366 1797 5434 Pro/agis,
1849 5364 2004 5419 unde
2034 5364 2147 5419 ista

540 5438 830 5495 esumpta,
889 5434 1134 5501 legitur:
1224 5445 1428 5499 κάθοδος
1542 5444 1678 5498 εὐθὺς
1782 5441 1963 5490 δίδοται
2048 5445 2145 5497 τοῖς

493 5510 745 5568 ἀκουσίως
776 5517 1061 5579 σφάλμασιν
1103 5528 1115 5573 ;
1174 5510 1271 5561 sed
1314 5507 1688 5563 Ambrosium
1718 5504 1931 5579 legisse
2005 5512 2148 5562 ἐχου-

487 5582 616 5636 σίοπ
647 5590 775 5631 cum
811 5578 957 5634 mss.
992 5582 1166 5652 atque
1197 5579 1336 5634 edit.
1379 5594 1702 5635 consensus
1751 5578 2013 5633 evincere
2044 5593 2144 5648 po-

2249 4563 2584 4631 cerdotalis,
2652 4562 3187 4634 remunerationem
3267 4561 3559 4616 bonorum
3636 4556 3862 4609 actuum.

2250 4659 2308 4709 et
2364 4651 2807 4708 retributionem
2868 4649 3159 4707 malorum
3214 4647 3481 4705 venturis
3512 4646 3573 4702 in
3605 4635 3863 4729 judiciulfl

2251 4759 2427 4800 suum
2474 4757 2735 4807 servans,
2781 4740 2853 4796 de
2902 4739 3118 4812 quibus
3170 4739 3253 4796 ait
3306 4734 3661 4810 Apostolus:
3695 4750 3720 4778 ‹‹
3762 4725 3865 4779 Sci-

2254 4848 2387 4887 mus
2442 4834 2641 4885 autem
2701 4828 2981 4901 quoniam
3028 4827 3322 4899 judicium
3387 4824 3491 4881 Dei
3547 4824 3635 4878 est
3682 4825 3864 4871 secun-

2251 5012 2407 5081 test,
2435 5013 2563 5065 tum
2612 5007 2756 5081 ipse;
2791 5006 3493 5081 orationis__Philonian_te
3569 4994 3860 5081 qontPftPf'

2251 5069 2477 5136 Etenim
2508 5069 2657 5135 cum.
2672 5078 2849 5152 priori
2897 5078 3119 5152 periodi
3143 5069 3862 5152 membrodocuissetmlf'

2253 5156 2417 5207 sente
2444 5136 2916 5217 Verbofanimze‘
2956 5149 3349 5206 voluntariam
3398 5146 3484 5218 (in
3538 5136 3719 5215 pejus)
3749 5144 3864 5218 C99:

2251 5223 2578 5279 versionem
2610 5211 2879 5277 advenire
2917 5237 3034 5276 non
3068 5237 3239 5288 posse
3265 5238 3279 5288 ;
3311 5211 3508 5273 annon
3533 5211 3864 5288 ὁοοεθξιυεῐξξ

2253 5277 2378 5350 erat
2407 5277 2477 5349 ut
2495 5277 2732 5361 diceret,
2782 5291 2985 5348 eodem
3047 5277 3228 5349 Verbo
3268 5277 3549 5354 'absente,
3591 5277 3862 5361 confesti?)

2252 5364 2579 5437 voluntarie
2624 5354 2729 5437 (in
2749 5363 2938 5435 pejus)
2968 5362 3327 5437 conversioni
3382 5364 3579 5437 patere
3611 5354 3861 5437 anigﬂﬂ:

2255 5418 2584 5563 give-{£13561
2617 5418 2774 5491 idem
2802 5418 3299 5503 Est,'voluntariis
3354 5418 3609 5504 peccatis
3640 5418 3861 5476 reditum

2298 5525 2402 5563 ari.

2298 5525 2380 5563 ari
2391 5552 2402 5563 .
