4012 6192
264 338 378 406 605

1475 336 1706 401 LIBER
1748 333 1852 398 DE
1891 331 2099 398 FUGA
2141 330 2457 396 S/ECULI.

3548 332 3667 397 606

237 475 400 533 dum
426 471 735 532 veritatem
762 470 823 529 in
853 488 953 530 eos
978 470 1078 545 qui
1106 469 1249 529 talia
1277 473 1458 545 agunt
1487 473 1659 541 (Rom.
1712 487 1774 532 ιι.
1823 469 1903 538 2.)
1937 469 1987 532 Α
2018 467 2189 523 Recte
2220 467 2280 521 in
2311 470 2614 535 aeternum,
2647 483 2763 540 qua
2792 464 2888 523 alii
2918 467 3268 541 temporales
3298 487 3502 527 omnes
3546 472 3658 527 sub

263 566 460 638 Itaque
491 564 593 637 qui
624 564 927 620 veritatem
958 568 1015 619 et
1035 563 1328 635 justitiam
1362 560 1462 617 Dei
1485 561 1768 633 cognovit,
1795 576 1908 614 non

261 656 430 712 debet
459 670 529 709 ea
574 669 746 725 agere
794 670 922 723 quis
972 656 1161 706 morte
1207 652 1386 723 digna
1433 654 1590 706 sunt.
1636 650 1913 720 Sequitur

261 743 495 800 bonitas
525 742 624 797 Dei
657 741 1063 813 propitiatoria
1092 741 1315 812 utique,
1349 741 1419 795 de
1450 756 1566 811 qua
1612 739 1790 794 dicit:
1824 740 1909 791 An

257 831 488 888 divitias
518 830 803 886 bonitatis
824 831 973 899 ejus,
1007 835 1065 885 et
1093 829 1405 901 patientiae,
1457 833 1513 883 et
1562 826 1911 899 longanimi-

258 921 397 977 tatis
428 919 760 976 contemnis
780 918 809 972 ‘I
850 919 1089 989 Ignoras
1118 919 1397 989 quoniam
1431 918 1658 973 bonitas
1690 916 1788 972 Dei
1837 916 1909 971 ad

259 1008 666 1082 paenitentiam
696 1012 753 1061 te
785 1007 1024 1061 adducit
1053 1008 1211 1073 (Ibid.
1246 1009 1344 1076 4)?
1375 1007 1428 1061 id
1480 1012 1589 1072 est,
1640 1006 1810 1061 debet
1854 1009 1910 1059 te

262 1097 575 1153 adducere.
610 1096 890 1151 Provocat
917 1100 972 1150 te
1003 1097 1135 1166 (14),
1183 1096 1322 1167 quia
1368 1096 1559 1151 bonus
1605 1103 1692 1150 est
1734 1094 1907 1161 Deus,

259 1190 324 1240 ut
353 1200 592 1256 sperare
614 1185 808 1255 possis
830 1189 1067 1240 tuorum
1090 1188 1458 1256 peccatorum
1482 1183 1908 1255 indulgentiam

258 1274 379 1330 Non
402 1273 531 1328 vult
560 1273 717 1329 enim
742 1274 1061 1339 vindicare,
1087 1274 1185 1345 qui
1210 1278 1299 1329 est
1324 1276 1563 1345 paratus
1590 1273 1905 1344 ignoscere.

258 1362 573 1419 Subtexuit
600 1361 777 1417 etiam
808 1361 1256 1434 legislationem,
1287 1363 1344 1417 id
1393 1367 1500 1429 est,
1558 1360 1908 1417 nomotheti-

256 1468 399 1520 cen;
445 1456 512 1506 ut
559 1450 607 1507 si
658 1451 793 1523 quis
839 1451 1327 1523 contemplatione
1372 1452 1578 1506 divinae
1626 1448 1907 1505 bonitatis

256 1539 590 1604 resolvitur,
622 1543 679 1594 et
707 1539 897 1612 magis
926 1540 997 1595 ad
1030 1538 1445 1613 negligentiam
1475 1557 1654 1612 quam
1685 1539 1755 1595 ad
1790 1556 1907 1610 pce-

256 1628 566 1685 nitentiam
615 1632 982 1699 provocatur,
1033 1627 1222 1701 legem
1272 1633 1569 1701 sequatur.
1622 1627 1907 1693 Quoniam

256 1725 311 1775 et
387 1717 770 1789 quicumque,
828 1717 1040 1789 inquit,
1100 1718 1224 1773 sine
1306 1719 1432 1790 lege
1503 1722 1903 1791 peccaverunt,

255 1808 381 1863 sine
409 1806 538 1879 lege
576 1809 634 1861 et
691 1806 1001 1899 peribunt:
1051 1807 1561 1899 etuqu‘icumque
1598 1807 1655 1899 in
1699 1806 1907 1899 glegem
1940 1835 1985 1899 Β

256 1899 664 1969 peccaverunt,
694 1911 799 1965 per
828 1894 1014 1966 legem
1039 1895 1469 1966 judicabuntur
1497 1897 1653 1959 (Ibid.
1687 1898 1796 1965 12).

322 1986 412 2038 t5.
448 1984 566 2038 Lex
597 1988 791 2038 autem
823 1983 1060 2055 gemina
1087 1988 1195 2050 est,
1229 1985 1535 2049 naturalis,
1568 1989 1624 2040 et
1667 1985 1903 2056 scripta.

256 2072 553 2129 Naturalis
584 2072 644 2126 in
676 2073 847 2127 corde
875 2088 887 2127 :
923 2071 1144 2144 scripta
1173 2073 1231 2128 in
1262 2073 1499 2129 tabulis.
1534 2074 1749 2129 Omnes
1771 2090 1907 2145 ergo

255 2162 362 2218 sub
395 2160 544 2234 lege,
605 2161 706 2215 sed
741 2160 1012 2215 naturali.
1064 2161 1174 2216 Sed
1224 2178 1337 2216 non
1387 2166 1472 2216 est
1522 2162 1782 2217 omnium
1844 2166 1910 2216 ut

255 2250 666 2321 unusquisque
697 2247 807 2303 sibi
840 2249 917 2303 sit
939 2248 1047 2303 lex.
1084 2248 1184 2304 Ille
1207 2254 1401 2305 autem
1427 2250 1535 2304 sibi
1558 2250 1646 2305 lex
1675 2256 1781 2318 est,
1806 2250 1907 2322 qui

258 2338 395 2395 facit
421 2342 631 2410 sponte
671 2355 797 2409 quae
828 2337 974 2408 legis
998 2343 1159 2396 sunt.
1193 2344 1250 2394 et
1278 2339 1337 2393 in
1395 2341 1569 2395 corde
1615 2358 1722 2395 suo
1770 2341 1911 2395 scri-

260 2433 424 2500 ptum
439 2425 749 2498 opuslegis
762 2426 1037 2482 ostendit.
1059 2427 1250 2482 Habes
1269 2444 1394 2499 quae
1414 2429 1565 2484 bona
1580 2428 1726 2498 legis
1739 2434 1908 2498 sunt;

260 2533 380 2588 quae
410 2521 607 2571 tamen
640 2531 754 2570 non
779 2514 969 2570 solum
995 2516 1144 2585 scire
1163 2516 1248 2571 vel
1273 2517 1475 2572 audire
1496 2518 1905 2589 perfunctorie,

262 2604 355 2660 sed
378 2604 555 2660 etiam
577 2604 766 2660 facere
786 2605 1092 2661 debemus.
1117 2606 1243 2661 Non
1264 2606 1421 2662 enim
1444 2607 1740 2663 auditores
1763 2607 1908 2680 legis

260 2692 397 2765 justi
412 2693 718 2764 suntapud
738 2693 943 2759 Deum,
960 2694 1062 2749 sed
1082 2695 1330 2750 factores
1346 2694 1493 2768 legis
1496 2697 1838 2767 justiﬁcabu
1849 2716 1908 2752 n-

267 2786 355 2838 tur
381 2781 554 2853 (Rom.
588 2799 647 2846 ιι,
681 2782 790 2851 l3).
825 2782 1155 2854 Cognovisti
1187 2784 1361 2839 etiam
1395 2786 1549 2848 434
1580 2802 1706 2856 quae
1754 2787 1909 2843 mala

271 2876 416 2928 sunt.
448 2870 704 2927 Primum
726 2876 937 2927 natura
956 2872 1087 2945 ipsa
1106 2873 1243 2928 boni
1265 2873 1454 2945 operis
1484 2875 1767 2947 magistra
1795 2881 1903 2932 est.

269 2962 383 3016 Scis
414 2977 527 3016 non
557 2961 900 3026 furandum,
934 2965 992 3017 et
1019 2978 1253 3018 servum
1284 2966 1451 3018 tuum
1485 2964 1534 3019 si
1559 2964 1779 3020 furtum
1803 2966 1906 3021 tibi

272 3050 475 3117 iecerit,
507 3050 816 3117 verberas;
850 3055 907 3105 et
936 3051 983 3105 si
1026 3052 1158 3123 quis
1188 3052 1260 3107 ad
1294 3069 1531 3108 uxorem
1565 3058 1724 3109 tuam
1777 3056 1908 3112 affe-

274 3138 516 3204 ctaverit,
550 3138 1021 3209 persequendum
1054 3143 1246 3210 putas.
1282 3142 1442 3206 Quod
1486 3157 1622 3212 ergo
1669 3142 1728 3197 in
1775 3143 1906 3198 aliis

274 3227 656 3299 reprehendis,
688 3226 815 3297 ipse
844 3227 1166 3283 committis
1186 3228 1214 3282 ‘I
1244 3229 1351 3295 Qui
1376 3230 1653 3301 praedicas
1677 3248 1789 3286 non
1815 3233 1903 3286 fu-

273 3316 527 3379 randum,
576 3314 837 3370 iuraris?
894 3316 1001 3381 Qui
1059 3316 1207 3372 dicis
1266 3335 1381 3373 non
1430 3318 1901 3387 adulterandum,

271 3403 551 3459 adulteras
570 3403 599 3458 ?
621 3407 830 3459 Secuta
858 3408 946 3460 est
974 3405 1153 3459 etiam
1186 3404 1277 3461 lex
1307 3422 1433 3477 quze
1467 3407 1601 3462 data
1658 3414 1748 3463 est
1804 3426 1905 3479 per

270 3491 509 3565 Moysen.
564 3493 672 3547 Per
719 3491 905 3563 legem
953 3498 1151 3549 autem
1219 3494 1438 3567 agnitio
1494 3497 1735 3566 peccati.
1797 3501 1899 3553 Ac-

267 3581 455 3652 cepisti
484 3579 660 3636 etiam
692 3581 832 3652 quid
862 3582 1207 3647 declinares,
1244 3587 1299 3638 et
1318 3600 1381 3638 ea
1404 3584 1531 3655 agis
1553 3601 1679 3655 quae
1705 3587 1900 3657 probi-

264 3669 373 3725 bita
401 3670 750 3742 cognoscis?
783 3671 894 3726 Lex
924 3676 1119 3727 autem
1155 3671 1297 3744 quid
1331 3678 1625 3743 operatur,
1674 3674 1789 3729 nisi
1837 3681 1902 3731 ut

263 3758 443 3814 omnis
469 3760 727 3815 mundus
755 3760 920 3815 ﬁeret
948 3760 1224 3817 subditus
1254 3762 1369 3816 Deo
1394 3779 1407 3827 ;
1458 3762 1597 3833 quia
1640 3779 1755 3818 non
1804 3780 1897 3818 so-

260 3845 374 3903 lum
398 3848 632 3903 Hebraeo
656 3847 773 3904 lata
793 3853 901 3915 est,
924 3866 1123 3905 verum
1146 3850 1322 3906 etiam
1348 3851 1629 3906 advenam
1648 3853 1897 3922 vocavit,

261 3952 377 4008 qua:
424 3953 542 3991 non
588 3936 837 3992 exclusit
888 3938 1269 4010 proselytum.
1320 3939 1431 3994 Sed
1492 3940 1632 4011 quia
1688 3940 1779 3996 lex
1833 3960 1898 3998 os

263 4026 521 4080 omnium
577 4025 765 4096 potuit
818 4027 1140 4093 obstruere,
1200 4044 1318 4082 non
1377 4028 1571 4098 potuit
1634 4034 1891 4085 mentem

257 4118 595 4180 convertere,
654 4115 781 4171 ideo
841 4115 1117 4172 ultimum
1187 4116 1513 4172 remedium
1584 4123 1890 4189 postremae

256 4201 405 4259 illius
433 4201 683 4259 civitatis
713 4204 1055 4273 debebatur,
1089 4206 1149 4260 in
1208 4221 1324 4277 quo
1383 4210 1538 4261 esset
1595 4206 1887 4281 refugium

255 4289 534 4359 salutare;
566 4295 632 4347 ut
663 4309 820 4348 mors
850 4293 1135 4365 principis
1176 4294 1546 4349 sacerdotum
1600 4296 1671 4350 ab
1725 4298 1886 4352 omni

260 4395 354 4435 nos
383 4381 587 4437 mortis
610 4379 884 4438 liberaret
916 4382 1246 4449 formidine,
1271 4387 1448 4455 atque
1469 4389 1705 4439 exueret
1727 4390 1885 4441 metu

259 4469 450 4536 (νέφει.
480 4471 626 4542 Aug.
661 4469 700 4523 Ι.
732 4487 808 4537 ιν,
844 4471 995 4527 Cant.
1026 4472 1164 4527 duas
1193 4474 1350 4543 epist.
1375 4473 1592 4541 Pelag.,
1621 4489 1747 4546 cap.
1778 4476 1885 4542 11).

324 4557 405 4611 16.
437 4557 573 4622 Quis
605 4557 700 4614 ille
729 4564 836 4625 est,
870 4560 981 4616 nisi
1025 4561 1096 4615 de
1146 4577 1261 4631 quo
1308 4560 1525 4615 lectum
1570 4566 1658 4616 est
1687 4580 1698 4616 :
1752 4563 1891 4620 Ecce
1922 4573 1969 4636 1)

265 4645 443 4716 Agnus
471 4647 596 4714 Dei,
627 4664 756 4704 ecce
786 4650 886 4721 qui
919 4649 1075 4705 tollit
1120 4653 1424 4721 peccatum
1476 4650 1682 4704 mundi
1732 4650 1892 4719 (Joan

266 4747 300 4795 ι,
327 4735 516 4805 29).....
550 4737 731 4801 Quem
762 4739 1068 4811 proposuit
1096 4740 1250 4795 Deus
1300 4738 1738 4810 propitiatorem
1791 4758 1893 4812 per

267 4818 418 4878 ﬁdem
443 4826 498 4880 in
529 4827 813 4898 sanguine
844 4828 1034 4901 ipsips
1074 4828 1146 4882 ad
1194 4827 1593 4883 ostensionem
1643 4829 1883 4898 iustitia":

266 4923 369 4965 suae
396 4915 560 4982 (Rom.
594 4932 679 4982 ιιι,
710 4918 821 4989 25).
854 4918 1063 4990 Accipe
1113 4921 1306 4973 autem
1360 4916 1499 4989 quia
1548 4917 1671 4986 ipse
1728 4919 1888 4991 prin-

265 5013 384 5071 ceps
411 5008 495 5059 est
522 5007 889 5062 sacerdotum
930 5023 1203 5079 magnus.
1258 5006 1425 5061 Pater
1464 5006 1690 5077 juravit
1721 5009 1791 5063 ed
1823 5024 1888 5063 eo

264 5085 476 5148 dicens:
506 5094 591 5149 Tu
620 5110 682 5150 es
712 5097 984 5152 sacerdos
1015 5096 1073 5151 in
1106 5099 1389 5150 aeternum
1419 5095 1594 5165 (Psat.
1648 5113 1758 5165 eix,
1810 5096 1886 5165 Δ).

323 5232 427 5308 (ιθ
455 5236 584 5290 Edit
633 5240 770 5299 vet.,
804 5237 859 5291 id
887 5242 991 5300 est.
1019 5238 1173 5293 debet
1226 5240 1279 5292 te
1329 5235 1621 5308 adducere,
1690 5254 1885 5308 provo-

257 5317 370 5430 (ἐξνεί
390 5304 572 5372 Rom.,
603 5308 659 5363 id
700 5317 794 5376 est,
854 5314 1105 5381 provocat
1160 5318 1230 5364 te.
1288 5307 1429 5363 Mss.
1491 5325 1643 5372 vero,
1690 5304 1770 5363 'ut
1828 5310 1886 5365 in

308 5392 341 5428 x
372 5394 422 5430 υ.

255 5380 422 5430 textu.

321 5449 427 5519 (15)
452 5448 614 5505 Rom.
643 5450 781 5506 edit.
815 5457 947 5519 post
976 5453 1221 5508 verbum
1249 5452 1487 5516 decebat,
1520 5466 1588 5505 ex
1607 5449 1886 5505 Sallustio

256 5517 462 5595 addidit
488 5523 649 5595 capit,
684 5517 837 5595 quod
872 5541 1061 5595 neque
1092 5524 1149 5578 in
1186 5540 1353 5590 mss.,
1401 5539 1589 5593 neque
1638 5522 1696 5577 in
1745 5524 1885 5578 edit.

254 5588 354 5666 vel.
383 5588 573 5647 Ambr.
609 5588 912 5666 reperitur.
949 5588 1226 5652 Eamdem
1260 5588 1396 5651 ante
1425 5588 1885 5666 vocem.natura-

259 5658 412 5733 Iibus,
442 5658 715 5736 praemisit
746 5669 1139 5741 negationem,
1172 5684 1304 5723 non.
1356 5665 1524 5723 Male.
1578 5665 1679 5721 Hic
1729 5666 1885 5723 enim

2023 556 2388 626 peccato,hic
2418 562 2612 612 autem
2645 558 3158 628 impraevaricabile
3189 560 3366 616 habet
3386 564 3666 633 sacerdo-

2021 646 2170 699 tium
2197 662 2210 699 :
2244 662 2448 700 omnes
2479 650 2588 702 sub
2622 651 2826 713 morte,
2860 647 2954 702 hic
2975 654 3168 703 autem
3194 665 3427 722 semper
3445 652 3662 721 vivens;

2022 736 2302 806 quoniam
2343 734 2443 805 qui
2464 735 2686 789 salvare
2708 735 2853 790 alios
2877 741 3084 807 potest,
3110 737 3235 809 ipse
3258 740 3443 810 perire
3471 759 3663 813 quem-

2021 824 2336 878 admodum
2363 824 2606 894 posset‘?
2638 824 2795 879 Talis
2825 826 3002 887 enim,
3039 827 3250 897 inquit,
3285 830 3455 885 nobis
3500 832 3664 887 doce-

2021 913 2121 967 bat
2148 915 2327 983 (Hebr.
2360 930 2457 979 vn,
2517 913 2627 979 26).
2689 914 2865 968 Recta
2921 915 3189 971 elocutio.
3247 918 3547 990 Siquidem
3609 928 3668 977 et

2021 1002 2174 1072 apud
2205 1018 2304 1056 eos
2334 1002 2431 1073 qui
2481 1003 2791 1056 verborum
2846 1008 2901 1057 et
2931 1004 3324 1061 elocutionum
3368 1009 3663 1066 delectum

2020 1090 2372 1157 habuerunt,
2406 1091 2740 1158 hujusmodi
2788 1093 3101 1157 invenitur,
3152 1095 3380 1151 dicente
3428 1098 3661 1169 aliquo:

2022 1180 2235 1234 Locum
2283 1180 2583 1235 editiorem
2645 1198 2823 1252 quam
2878 1182 3197 1238 victoribus
3253 1186 3495 1241 decebat
3550 1190 3664 1259 (15)

2019 1268 2280 1335 (Sallust.
2314 1268 2352 1323 1.
2378 1287 2393 1324 ι
2419 1272 2606 1339 Ilist.).
2631 1270 2792 1336 Quod
2815 1270 2944 1325 ideo
2984 1288 3099 1327 non
3126 1275 3396 1344 praeterii,
3420 1284 3479 1331 ut
3523 1276 3668 1333 scia-

2019 1373 2152 1412 mus
2182 1358 2321 1428 quia
2348 1359 2659 1429 Apostolus
2686 1360 3051 1415 naturalibus
3083 1362 3270 1417 maeis
3319 1380 3493 1434 quam
3541 1366 3665 1421 vul-

2017 1448 2189 1518 gatis,
2240 1452 2342 1502 aut
2397 1449 2718 1502 secundum
2782 1453 2965 1503 artem
3027 1451 3210 1503 utitur
3242 1454 3450 1507 verbis.
3510 1454 3667 1511 Talis

2019 1552 2175 1607 ergo,
2217 1536 2429 1607 inquit,
2489 1537 2659 1591 nobis
2719 1537 2960 1592 decebat
3018 1541 3310 1612 princeps,
3371 1546 3662 1615 sacerdos,

2016 1625 2239 1695 justus,
2273 1629 2532 1688 sanctus,
2556 1626 3299 1696 innocens.immaculatus,
3326 1638 3666 1705 segregatus

2018 1730 2051 1767 a
2104 1713 2532 1784 peccatoribus,
2581 1720 2639 1768 et
2676 1715 2956 1771 excelsior
3005 1717 3163 1772 caelis
3213 1720 3402 1774 factus
3461 1723 3663 1795 (ibid.).

2019 1800 2134 1855 Hoc
2163 1807 2252 1856 est
2280 1801 2459 1872 igitur
2482 1803 2760 1871 Verbum,
2808 1805 2961 1875 quod
3004 1822 3183 1876 supra
3231 1807 3502 1864 habitans
3532 1810 3665 1864 illu-

2018 1890 2205 1944 minat
2233 1890 2447 1945 omnia.
2485 1891 2643 1945 Unde
2674 1898 2730 1946 et
2761 1898 2972 1948 unctus
3006 1895 3346 1950 naturaliter
3384 1897 3598 1969 legitur
3635 1917 3669 1955 a

2018 1979 2133 2033 Deo
2165 1980 2329 2034 Patre
2349 1981 2484 2047 (Act.
2510 1998 2584 2046 ιν,
2617 1983 2738 2051 27);
2766 1981 2904 2052 quia
2931 1982 3127 2039 lumen
3152 1990 3242 2040 est
3264 2003 3485 2055 verum,
3511 1990 3666 2060 quod

2017 2066 2311 2122 illuminat
2372 2080 2606 2124 omnem
2664 2070 2960 2127 hominem
3015 2074 3343 2131 venientem
3391 2077 3449 2131 in
3512 2077 3667 2135 hunc

2018 2156 2327 2213 mundum.
2371 2158 2487 2212 Hoc
2518 2164 2607 2213 est
2633 2161 2872 2216 verbum
2904 2163 3025 2227 Dei,
3052 2164 3109 2218 in
3135 2181 3248 2235 quo
3274 2168 3665 2239 estmagnum

2019 2245 2428 2310 sacerdotium,
2463 2247 2631 2317 cujus
2696 2249 2920 2320 Moyses
2978 2252 3355 2321 (Exod.xx1x,
3400 2258 3549 2327 5-7.)
3605 2257 3664 2312 in

2018 2333 2114 2387 illo
2174 2334 2516 2390 vestimento
2566 2337 2847 2408 principis
2903 2341 3269 2397 sacerdotum
3318 2343 3667 2402 indumenta

2018 2423 2295 2477 describit
2362 2423 2775 2497 intelligibilia,
2834 2429 2989 2498 quod
3046 2430 3257 2486 virtute
3315 2449 3423 2487 sua
3475 2434 3665 2491 induit

2019 2512 2329 2577 mundum,
2353 2517 2411 2577 et
2430 2517 2707 2583 tanquam
2733 2532 2798 2569 eo
2818 2517 3068 2571 amictus
3091 2519 3270 2591 fulget
3290 2521 3344 2575 in
3366 2524 3660 2579 omnibus.

2018 2601 2216 2655 Induit
2246 2602 2401 2656 enim
2434 2602 2841 2675 cogitationem
2876 2607 3105 2677 generis
3137 2607 3379 2665 humani
3414 2613 3529 2683 (16)
3564 2630 3664 2685 per

2018 2688 2197 2758 hujus
2255 2692 2512 2762 corporis
2567 2692 3023 2763 susceptionem,
3085 2700 3143 2750 et
3210 2696 3658 2756 inenarrabilem

2018 2778 2385 2846 charitatem,
2412 2779 2728 2835 infundens
2760 2797 2822 2835 se
2853 2782 3125 2838 omnibus
3160 2784 3365 2856 spiritu
3399 2792 3455 2842 et
3483 2789 3662 2859 pleni-

2015 2869 2220 2925 tudine
2246 2868 2567 2923 divinitatis
2588 2885 2729 2935 suaz,
2760 2870 2831 2924 de
2870 2872 3039 2941 cujus
3067 2871 3428 2943 plenitudine
3454 2893 3658 2933 omnes

2017 2958 2388 3029 accepimus;
2423 2963 2488 3012 ut
2518 2957 2776 3012 sciamus
2824 2960 3353 3029 supereminentem
3404 2964 3658 3021 scientiae

2017 3046 2357 3102 cbaritatem
2379 3046 2682 3112 Cbristi,et
2699 3046 3054 3119 impleamur
3075 3049 3135 3103 in
3158 3067 3389 3106 omnem
3416 3052 3661 3123 plenitu-

2015 3134 2211 3190 dinem
2247 3135 2367 3191 Dei.
2400 3136 2585 3207 Caput
2614 3138 2703 3191 est
2739 3138 2894 3191 enim
2944 3138 3208 3193 omnium
3254 3139 3539 3212 Christus,
3589 3160 3657 3199 ex

2017 3241 2132 3296 quo
2163 3228 2351 3279 totum
2383 3240 2593 3295 corpus
2626 3225 3271 3296 producitur,etmutua
3302 3230 3410 3284 sibi
3444 3247 3655 3287 conne-

2012 3315 2180 3369 xione
2213 3312 2607 3385 coniungitur,
2643 3313 3069 3370 incrementum
3097 3317 3185 3371 sui
3221 3317 3277 3371 in
3326 3318 3655 3375 aedificatio-

2013 3419 2145 3457 nem
2178 3402 2480 3457 charitatis
2519 3402 2830 3475 accipiens.
2882 3404 2998 3459 Hoc
3038 3409 3126 3459 est
3171 3406 3351 3477 igitur
3399 3407 3653 3464 Verbum

2013 3492 2164 3548 425
2198 3493 2352 3563 quod
2386 3492 2800 3561 supereminet.
2836 3494 2986 3564 quod
3024 3494 3205 3567 Moysi
3238 3496 3295 3549 in
3322 3496 3479 3552 illius
3510 3514 3654 3553 arcae

2009 3580 2329 3636 testimonii
2360 3581 2741 3636 aediﬁcatione
2779 3582 2956 3636 dicit:
3005 3584 3291 3640 Immittes
3345 3584 3402 3640 i'n
3459 3604 3651 3642 arcam

2008 3668 2348 3723 testimonia
2366 3684 2749 3738 quaecumque
2775 3669 2925 3723 dabo
2956 3670 3080 3737 tibi,
3110 3678 3167 3726 et
3207 3674 3381 3729 facies
3413 3674 3650 3746 imposi-

2005 3757 2224 3812 tionem
2247 3756 2624 3828 propitiatorii
2649 3758 3259 3831 (ond.xxv,16,t7).Et
3282 3760 3433 3817 infra
3459 3780 3469 3818 :
3500 3788 3526 3814 ‹‹
3547 3766 3656 3819 Im-

2008 3863 2188 3918 pones
2219 3844 2683 3917 prepitiatorium
2738 3862 2915 3916 super
2944 3864 3136 3903 arcam
3170 3850 3422 3921 desuper
3459 3860 3516 3907 et
3550 3853 3653 3908 im-

2010 3936 2204 3989 mittes
2231 3934 2563 3988 testimonia
2596 3950 2722 4004 quae
2753 3934 2903 3989 dabo
2928 3952 2940 3999 ;
2974 3940 3031 3990 et
3061 3936 3423 3992 innotescam
3453 3939 3649 3996 tibiin-

2006 4024 2101 4088 de,
2133 4028 2190 4077 et
2211 4021 2417 4091 loquar
2437 4022 2542 4077 tibi
2566 4023 2818 4092 desuper
2836 4024 3241 4095 (Ibid.22),hoc
3264 4030 3370 4089 est,
3396 4026 3528 4082 inde
3551 4029 3649 4085 ubi

2006 4129 2071 4166 su
2083 4129 2182 4182 per
2193 4110 2365 4166 caelos
2378 4112 2593 4178 est,ubi
2608 4113 2759 4184 apud
2782 4112 3007 4167 Patrem
3023 4113 3274 4179 est,inde
3298 4116 3400 4169 tibi
3424 4116 3647 4189 loquar.

2643 4201 2873 4257 CAPUT
2914 4201 3005 4256 IV.

2004 4290 2143 4359 Quid
2180 4291 2249 4346 sit
2276 4291 2464 4359 fugere
2492 4291 2776 4354 arculum,
2811 4307 2935 4345 cum
2960 4292 3340 4348 exhortatione
3385 4295 3454 4349 ad
3502 4295 3650 4352 illud

2072 4365 2290 4433 ejusque
2356 4364 2738 4429 contagiouem
2809 4363 3150 4432 fugiendam.
3221 4366 3426 4429 Γιηιηη
3492 4368 3651 4422 illam

2070 4434 2365 4510 gloriosam
2392 4450 2505 4487 esse
2532 4450 2655 4487 cum
2693 4434 3061 4510 plurimorum
3098 4437 3325 4510 Ptlh‘mtt
3382 4440 3651 4510 exemplis

2071 4504 2389 4577 ostenditur,
2452 4513 2567 4558 tum
2637 4506 2912 4577 praecipue
2976 4507 3153 4560 sancti
3219 4511 3409 4563 Iacob.
3479 4504 3651 4577 Quam

2070 4577 2306 4652 [miniter
2332 4576 2430 4652 itii
2446 4577 2660 4629 cesserit
2688 4578 2765 4629 ita
2793 4575 3040 4652 fugisse:
3077 4586 3129 4631 et
3175 4597 3273 4633 cur
3329 4582 3475 4652 apud
3497 4575 3649 4637 “eum

2070 4646 2257 4703 Laban
2288 4646 2430 4700 nihil
2458 4663 2620 4701 suum
2648 4649 2895 4718 reperire
2920 4652 3188 4719 potuerit.

2078 4740 2157 4791 17.
2194 4736 2556 4790 Accedamus
2591 4737 2806 4807 itaque,
2842 4737 2973 4793 ﬁdei
3016 4740 3293 4812 sullragio
3317 4741 3567 4806 subnixi,
3593 4745 3648 4795 et

1999 4828 2127 4897 ejus
2161 4824 2388 4895 remigii
2450 4823 2755 4892 sublevati,
2819 4827 2890 4880 ad
2949 4826 3109 4882 illam
3168 4830 3364 4883 sedem
3422 4829 3643 4899 gratim,

2000 4916 2287 4987 fugientes
2338 4914 2445 4969 hoc
2477 4913 2756 4970 saeculum
2807 4920 2863 4971 et
2894 4919 3021 4988 ejus
3070 4918 3493 4989 contagionem.
3530 4916 3645 4971 Iloc

1998 5011 2086 5059 est
2117 5008 2309 5059 autem
2339 5004 2857 5076 fugere,abstinere
2886 5024 2917 5060 a
2948 5007 3223 5077 peccatis,
3255 5006 3326 5059 ad
3372 5004 3644 5061 similitu-

1998 5094 2195 5149 dinem
2219 5099 2275 5149 et
2296 5094 2611 5167 imaginem
2637 5094 2731 5149 Dei
2754 5094 3001 5149 formam
3025 5094 3303 5148 virtutum
3321 5110 3642 5165 assumere,

1998 5235 2141 5290 nihil
2175 5235 2338 5308 aliud
2366 5237 2729 5300 Ambrosius,
2765 5253 2938 5307 quam
2964 5236 3218 5291 ostendit
3239 5236 3495 5308 Apostoli
3518 5255 3642 5294 ver-

1998 5310 2090 5371 ba,
2125 5309 2277 5362 vobis
2308 5307 2547 5371 decebat,
2581 5308 2788 5362 vitiosa
2817 5308 3051 5377 quidem
3088 5324 3198 5361 non
3240 5307 3387 5374 esse,
3418 5314 3480 5364 ut
3518 5310 3643 5365 Sal-

1998 5380 2320 5453 lustianum
2352 5378 2679 5448 exemplum
2713 5378 2916 5453 prohat
2946 5394 2957 5432 :
2993 5379 3092 5432 sed
3126 5380 3412 5435 naturalia
3444 5381 3523 5453 (id
3557 5388 3646 5439 est

1998 5451 2309 5527 simplicia)
2341 5450 2790 5527 eta‘commnni
2843 5465 2948 5527 usu
3005 5450 3645 5527 grammaticorumque

1998 5519 2322 5579 canonibus
2355 5519 2659 5591 paululum
2697 5526 2936 5574 remota.

2071 5596 2177 5666 (16)
2209 5592 2685 5666 Quidamumss,
2705 5593 3089 5666 cognitionem
3119 5599 3334 5664 generis
3390 5597 3639 5653 humani.

1998 5661 2374 5725 Commodius
2411 5661 2506 5717 alii
2540 5669 2595 5718 et
2624 5661 2796 5732 edit.,
2822 5661 3217 5738 cognationem,
3259 5673 3370 5725 etc.
