4012 6192
475 294 591 363 607

1936 294 2001 360 S.
2047 294 2423 364 AMBROSII

3684 310 3773 375 608

422 422 427 425 ⁷
473 429 779 488 extendere
808 424 962 487 vires
992 429 1226 488 nostras
1250 428 1324 487 ad
1350 426 1738 489 imitationem
1767 428 1870 487 Dei
1901 446 2114 489 secun-
2143 440 2199 506 Α
2228 433 2352 491 haec
2382 432 2521 509 fuga
2549 435 2639 515 est
2666 431 2865 509 fugere
2892 448 2928 493 α
2956 430 3105 493 facie
3126 433 3451 509 peeoati.8ic
3477 437 3606 513 fugit
3625 441 3773 515 Jacob,

471 522 610 598 dum
640 536 978 576 mensuram
1005 524 1216 577 nostra
1237 519 1664 594 possibilitatis.
1687 520 1790 576 Vir
1810 519 1967 578 enim
1992 539 2117 595 per-

471 611 658 665 fectus
681 609 874 682 imago
897 614 954 665 et
974 608 1156 680 gloria
1174 614 1263 666 est
1285 609 1404 666 Dei.
1424 610 1588 667 Unde
1609 615 1665 667 et
1684 610 1968 667 Dominus
1994 611 2075 668 ait
2097 630 2111 668 :

472 722 498 749 ‹‹
532 697 775 755 Perfecti
805 702 1008 766 estote,
1041 697 1193 754 sicut
1224 703 1281 755 et
1309 699 1480 755 Pater
1507 703 1699 755 vester
1727 699 1828 772 qui
1859 698 1920 756 in
1954 699 2114 757 ccelis

470 792 581 855 est,
605 787 897 861 perfectus
926 790 1015 843 est
1045 787 1250 859 (Matth.
1282 805 1338 857 v,
1374 790 1484 860 48).
1511 788 1629 844 Hoc
1674 791 1764 844 est
1811 788 1993 861 igitur
2034 788 2111 844 si-

470 877 669 933 milem
700 892 826 932 esse
851 876 971 943 Dei,
1000 875 1216 932 habere
1254 877 1576 948 justitiam,
1628 877 1841 933 habere
1881 877 2114 950 sapien-

468 967 633 1035 tiam,
659 969 717 1020 et
743 964 803 1018 in
835 964 1048 1020 virtute
1080 980 1208 1021 esse
1239 966 1561 1038 perfectum
1593 966 1689 1034 (De
1717 968 1919 1022 Paenit.
1973 966 2110 1022 dist.

465 1058 522 1120 2,
554 1070 679 1125 cap.
705 1052 995 1124 Similem).
1029 1054 1183 1109 Deus
1229 1049 1386 1110 enim
1435 1059 1524 1111 est
1570 1055 1695 1110 sine
1738 1057 1994 1126 peccato.
2048 1055 2116 1110 Et

465 1142 595 1198 ideo
627 1142 727 1214 qui
757 1146 1062 1214 peccatum
1110 1143 1278 1216 fugit,
1341 1144 1412 1199 ad
1468 1144 1787 1217 imaginem
1844 1147 1929 1200 est
1989 1143 2111 1200 Dei.

465 1232 591 1288 Non
623 1235 711 1288 est
740 1231 919 1304 igitur
948 1233 1193 1289 dubium
1227 1234 1383 1306 quod
1416 1234 1465 1289 is
1496 1233 1651 1306 quia
1676 1237 1911 1305 peccato
1934 1233 2114 1289 absti-

465 1325 582 1391 net,
618 1320 787 1393 fugit.
820 1321 983 1377 Unde
1011 1321 1322 1394 Apostolus
1371 1321 1607 1377 clamat.
1672 1321 1875 1395 Fugite
1933 1320 2114 1377 forni-

463 1410 827 1480 cationem(1
856 1409 976 1465 Cor.
1010 1426 1086 1480 iv,
1132 1410 1244 1483 18).
1294 1411 1732 1483 Persequuntur
1797 1411 1953 1467 enim
2005 1427 2112 1467 nos

461 1504 833 1572 peccatorum
861 1498 1165 1567 illecebrae,
1198 1499 1576 1572 persequitur
1621 1499 1842 1555 libido:
1886 1500 1988 1556 sed
2047 1504 2112 1555 tu

462 1589 596 1661 fuge
629 1592 910 1660 tanquam
945 1587 1227 1644 furiosam
1258 1588 1581 1655 dominam,
1622 1605 1752 1660 quae
1782 1588 1833 1643 si
1855 1603 2113 1660 compre-

458 1677 751 1748 henderit,
809 1694 915 1733 nec
972 1677 1065 1732 die
1123 1694 1229 1733 nec
1286 1681 1452 1733 nocte
1518 1678 1879 1750 requiescere
1945 1676 2108 1746 sinit,

459 1765 731 1836 exagitat,
790 1764 929 1831 urit,
988 1765 1267 1822 incendit.
1328 1766 1486 1838 Fuge
1544 1764 1870 1834 avaritiam,
1935 1781 2004 1821 ne
2054 1769 2110 1822 te

461 1855 707 1910 interius
746 1853 1221 1926 comprehendat.
1257 1855 1412 1927 Fuge
1462 1854 1765 1926 invidiam,
1816 1871 1944 1928 quis
1993 1870 2109 1910 non

462 1942 654 2000 solum
686 1942 928 2010 alienos,
984 1960 1186 1999 verum
1250 1943 1433 2000 multo
1494 1943 1683 2017 magis
1741 1959 1877 2000 eum
1934 1959 2110 2016 quem

460 2033 806 2106 possederit,
839 2032 1094 2089 lacerare
1122 2033 1424 2090 consuevit
1454 2034 1587 2105 (i7(.
1621 2035 1778 2107 Fuge
1807 2033 2110 2104 perfidiam

458 2138 530 2178 ne
558 2124 616 2177 te
645 2121 771 2177 suis
799 2121 1053 2177 involvat
1081 2122 1326 2178 retibus.
1355 2122 1518 2178 Unde
1549 2126 1606 2179 et
1662 2121 1946 2177 Dominus
1995 2121 2104 2177 ait:

453 2210 602 2266 Cum
661 2213 857 2266 autem
914 2214 1342 2282 persequentur
1397 2227 1498 2267 vos
1557 2209 1617 2266 in
1675 2210 1905 2267 civitate
1970 2208 2104 2279 ista,

457 2299 639 2373 fugite
672 2300 731 2355 in
763 2298 959 2355 aliam.
992 2299 1154 2363 Quod
1178 2300 1227 2355 si
1275 2300 1335 2356 in
1366 2299 1482 2356 alia
1512 2303 1936 2374 persequentur
1981 2315 2103 2368 vos,

456 2388 518 2444 in
550 2387 725 2443 aliam
758 2388 958 2461 fugite.
994 2390 1175 2444 Amen
1207 2388 1337 2444 dico
1366 2389 1551 2458 vobis,
1584 2406 1702 2445 non
1731 2403 2104 2445 consumma-

458 2476 599 2532 bitis
630 2475 889 2531 civitates
930 2475 1131 2542 Israel,
1164 2477 1349 2533 donec
1377 2477 1572 2534 veniat
1620 2476 1804 2533 Filius
1846 2474 2105 2532 hominis

454 2564 670 2635 (Matth.
692 2558 753 2634 Vx,
785 2565 897 2637 23).
930 2564 1179 2635 Etenim,
1216 2565 1483 2640 quamvis
1514 2569 1750 2639 propter
1795 2564 2102 2621 infirmita-

454 2657 574 2710 tem
605 2654 798 2709 carnis
828 2654 1029 2726 fugam
1063 2654 1231 2711 nobis
1263 2656 1510 2711 suadere
1559 2655 1826 2711 videatur
1853 2670 1865 2710 :
1904 2657 2101 2709 tamen

454 2741 667 2799 melius
694 2741 862 2815 fugit,
896 2744 995 2815 qui
1027 2743 1177 2815 fugit
1232 2743 1565 2800 illecebram
1619 2742 1994 2811 saecularem;
2037 2746 2103 2798 ut

455 2848 571 2888 non
600 2835 867 2887 teneatur
896 2832 1231 2888 divitiarum
1262 2848 1504 2888 suarum
1535 2831 1950 2899 sollicitudine,
1981 2847 2098 2888 non

453 2919 716 2977 thesauri
747 2919 1259 2992 contemplatione,
1291 2937 1408 2976 non
1437 2920 1565 2976 vitae
1592 2920 1765 2977 istius
1814 2919 2098 2993 cupidita-

456 3012 514 3064 te
539 3026 552 3076 ;
588 3007 688 3063 sed
710 3006 929 3063 directa
951 3008 1133 3063 animi
1158 3008 1481 3065 intentione
1502 3009 1734 3066 festinet
1759 3009 1830 3065 ad
1852 3008 2097 3081 gloriam

458 3096 560 3153 Dei
590 3095 861 3163 omlestis,
891 3100 1160 3170 properet
1191 3098 1261 3153 ad
1285 3113 1581 3168 coronam,
1604 3114 1710 3154 nec
1729 3102 2096 3155 terrenorum

456 3186 722 3243 contuitu
753 3202 787 3241 a
815 3185 903 3242 sui
937 3186 1195 3258 corporis
1223 3186 1495 3259 passione
1525 3191 1841 3243 revocetur.

527 3274 615 3329 18.
651 3278 808 3346 Fuga
835 3289 970 3346 ergo
1002 3291 1163 3329 mors
1207 3278 1296 3330 est
1340 3274 1431 3331 vel
1483 3274 1774 3332 celebrata
1817 3275 1953 3348 (18),
2008 3273 2097 3333 vel

456 3363 825 3420 adumbrata.
853 3364 1007 3420 420
1037 3364 1108 3419 Et
1140 3363 1283 3420 forte
1312 3363 1440 3420 illas
1467 3364 1741 3437 exprimit
1770 3364 1977 3440 refugii
2015 3365 2094 3421 le-

456 3451 649 3524 gitimi
680 3451 978 3520 civitates;
1009 3457 1072 3507 ut
1100 3453 1508 3526 confugiamus
1548 3455 1619 3510 ad
1657 3453 1942 3511 virtutum
1978 3454 2096 3511 cul-

457 3541 639 3607 mina,
671 3556 820 3612 quas
842 3558 946 3613 pro
977 3541 1230 3614 praemiis
1278 3542 1430 3599 bono
1461 3541 1772 3600 feneratori
1804 3544 1944 3600 alibi
1975 3543 2099 3607 dis~

454 3634 663 3704 pensat
720 3629 954 3686 dicens:
1027 3630 1173 3696 Quia
1236 3630 1297 3686 in
1359 3632 1588 3689 modico
1655 3632 1843 3688 ﬁdelis
1909 3631 2093 3700 fuisti,

451 3720 566 3776 eris
597 3722 943 3792 potestatem
972 3718 1197 3775 habens
1228 3737 1407 3794 super
1433 3721 1633 3777 decem
1659 3721 1920 3777 civitates
1942 3721 2093 3793 (Luc.

450 3826 566 3877 xxx,
600 3809 708 3880 17).
733 3809 859 3864 Lex
880 3813 1046 3865 vetus
1079 3809 1237 3865 novit
1267 3810 1528 3867 civitates
1559 3810 1671 3883 (19)
1703 3810 1803 3866 sed
1835 3811 1976 3882 quia
2012 3810 2093 3867 le-

451 3915 584 3973 gem
615 3897 899 3970 implevit,
956 3898 1057 3971 qui
1094 3899 1286 3972 potuit
1340 3899 1564 3956 dicere:
1624 3900 1750 3958 Non
1794 3899 1923 3955 veni
1972 3897 2094 3956 sol-

448 4003 579 4043 vere
608 3986 815 4059 legem,
851 3987 952 4043 sed
982 3987 1224 4059 implere
1254 3988 1460 4060 (Matth.
1510 4006 1565 4043 v.
1628 3989 1738 4060 17),
1788 3988 2092 4061 perfectio-

448 4092 572 4132 rem
597 4091 909 4131 numerum
940 4075 1429 4132 remunerationis
1459 4076 1742 4151 indulget.

518 4165 607 4219 19.
640 4165 759 4220 Non
794 4181 931 4237 ergo
963 4165 1382 4221 erubescamus
1406 4165 1622 4239 fugere.
1653 4165 1920 4223 Gloriosa
1934 4165 2091 4223 enim

518 4272 631 4343 (l7)
662 4272 806 4340 Fuge
832 4271 1101 4328 invidiam
1136 4314 1148 4327 .
1188 4314 1201 4326 .
1237 4315 1250 4328 .
1289 4314 1300 4325 .
1338 4315 1350 4326 .
1399 4272 1644 4329 lacerare
1685 4274 1980 4329 consuevit.
2021 4273 2093 4330 Et

448 4347 583 4467 post
611 4359 815 4413 pauca,
868 4343 1015 4411 Quod
1054 4344 1111 4428 si
1168 4345 1224 4399 in
1277 4343 1460 4400 alia...
1519 4346 1735 4415 fugite:
1793 4345 1851 4399 in
1900 4346 2091 4402 omni-

489 4429 558 4466 us
589 4412 735 4467 Gali.
770 4430 912 4467 mss.
946 4416 1330 4467 dealderatur.

489 4429 558 4466 us
589 4412 735 4467 Gali.
770 4430 912 4469 mss.
946 4415 1330 4471 desideratur.

520 4484 631 4552 (18)
663 4483 799 4539 Mors
834 4525 846 4537 .
883 4528 896 4540 .
932 4527 944 4540 .
983 4529 995 4541 .
1032 4528 1044 4541 .
1079 4487 1364 4551 celebrata,
1396 4486 1454 4542 id
1515 4490 1622 4554 est,
1679 4485 1965 4543 naturalis
2022 4504 2088 4543 ac

445 4548 578 4608 vere
608 4548 944 4626 _'_oppetita:
1015 4574 1159 4613 mors
1224 4548 1418 4614 autem
1486 4548 1815 4614 adumbrata
1880 4548 2173 4614 dicitur!)

447 4624 1041 4702 mortificatio:in_ac
1087 4627 1263 4702 enim
1291 4632 1380 4702 est
1423 4630 1632 4702 animae
1680 4645 1739 4685 se
1785 4646 1819 4684 a
1872 4645 2092 4702 corpore

443 4698 758 4768 separantis
784 4698 1083 4779 speculum,
1119 4704 1183 4754 ut
1207 4698 1309 4781 lib:
1340 4699 1405 4755 de
1431 4701 1580 4757 Bono
1625 4702 1818 4756 mortis
1859 4698 1987 4773 cap.
2038 4703 2095 4773 4,

448 4785 612 4824 num.
646 4769 731 4826 14.
764 4766 1024 4826 loquitur
1042 4770 1406 4826 Ambrosius.

448 4785 612 4824 num.
646 4785 731 4826 14.
766 4785 1024 4826 ιοαιιιιιιῐ·
1042 4785 1406 4826 Αωοῐιοειιιε.

516 4785 612 4823 im.
646 4784 731 4837 is,
766 4784 1024 4839 loquitur
1042 4784 1406 4826 Ambrosius.

516 4841 630 4912 (l9)
666 4840 752 4916 lta
780 4840 905 4916 Vat.
939 4842 1065 4897 cod.
1084 4843 1170 4916 AAt
1200 4841 1507 4898 duodecim
1536 4842 1743 4916 nostri,
1771 4845 1883 4916 Lex
1929 4847 2095 4916 quin-

444 4914 725 4986 queuovit
755 4913 1021 4986 civitates.
1065 4914 1246 4986 Quem
1296 4929 1551 4986 errorem
1600 4913 1737 4986 hinc
1784 4913 2093 4986 irrepsisse

445 4982 889 5071 crediderimus,
921 4985 1062 5066 quia
1087 4983 1298 5071 dictio,
1333 4987 1503 5052 vetus,
1532 4985 1591 5039 in
1613 4982 1969 5071 quibusdam
1992 5004 2096 5071 per

442 5052 698 5129 litteram
734 5058 800 5110 V.
834 5052 1241 5129 designatasit,
1275 5072 1452 5129 quam
1481 5072 1583 5129 pro
1613 5052 1751 5129 nota
1776 5052 2096 5129 numerica

444 5124 806 5199 reliquorum
837 5124 1039 5183 scribae
1066 5124 1435 5199 acceperunt.
1481 5124 1945 5199 Desiderabatur
1999 5147 2096 5185 au-

441 5199 560 5270 tem
590 5196 683 5251 hic
700 5203 904 5270 _lextus
934 5199 993 5254 in
1027 5204 1146 5255 ant.
1181 5196 1319 5254 edit.
1373 5215 1571 5270 quem,
1598 5198 1657 5253 in
1698 5199 1874 5270 Rom.
1932 5200 2094 5270 legas

444 5264 554 5337 hoc
586 5268 778 5337 modo,
813 5274 925 5326 Lex
947 5272 1098 5327 novit
1124 5287 1222 5327 sex
1259 5264 1522 5326 civitates.
1555 5269 1667 5326 Sed
1693 5269 1753 5324 in
1783 5271 1911 5327 cod.
1962 5264 2090 5328 Vat.

442 5335 949 5423 habetur‘uctusmt
975 5358 1073 5398 sex
1099 5342 1883 5423 ommittitur,quam_tamen
1896 5358 2094 5400 vocem

446 5407 805 5487 subin‘telligi
836 5407 1901 5487 ex,superioribusquiv'isjntelligat.

518 5479 779 5559 (.20)‘Ho_é
813 5479 1057 5559 petitum
1088 5490 1177 5541 est
1206 5503 1274 5540 ex
1320 5479 1421 5540 lib.
1477 5483 1623 5540 Phil.
1686 5484 1761 5542 De
1786 5479 2091 5556 'Profugis,

449 5549 548 5603 ubi
588 5550 689 5631 ‘sic
750 5549 948 5631 habes,
998 5564 1161 5631 copia;
1195 5564 1246 5612 δέ
1304 5563 1459 5631 ὄνρμα
1542 5563 1768 5631 Diremit).
1815 5563 1865 5613 ἐν
1923 5549 2094 5631 ’χᾷησξ

447 5631 550 5690 μοῖς
581 5627 765 5691 ᾇδετπιι.
824 5624 983 5681 Idem
1055 5624 1207 5682 i-nl'ra
1282 5624 1485 5682 eodem
1561 5625 1710 5685 libro
1726 5624 1748 5684 τε
1807 5640 1895 5686 ⁸·ον
1927 5624 2095 5689 {lc-adn

448 5698 710 5766 ὠνόμασαν
768 5701 811 5753 oi
866 5706 1103 5783 χρησμρί.
1186 5698 1269 5753 Ex
1356 5698 1571 5771 quibus
1655 5704 1814 5774 patet
1893 5717 2093 5761 sacras

2140 1812 2187 1878 B

2131 3181 2174 3249 C

2214 527 2411 580 matre
2436 512 2740 581 suadente.
2771 522 2926 581 Dixit
2974 523 3137 583 enim
3154 524 3445 586 'Rebecca:
3475 552 3502 580 «
3524 512 3777 606 [hient-gens

2222 611 2358 685 fuge
2387 613 2445 668 in
2487 612 2998 695 MesOpotamiam)
3049 613 3355 683 Gemxxvn,
3399 618 3650 690 43).»Sic
3674 622 3781 696 fugit

2220 705 2279 757 et
2305 702 2532 775 Moyses
2562 719 2598 758 a
2626 701 2775 758 facie
2802 702 2958 775 regis
2988 702 3231 770 Pharao,
3265 720 3335 760 ne
3364 704 3518 762 illum
3537 706 3650 763 aula
3665 711 3781 782 regia

2221 790 2644 864 coinquinaret,
2669 806 2742 847 ne
2769 789 3022 848 irretiret
3052 792 3328 864 potentia.
3361 793 3599 867 Denique
3623 798 3783 869 pretio-

2222 879 2347 935 sius
2373 879 2602 953 IEgypti
2629 870 2848 936 divitiis
2877 879 3187 936 mstimavit
3213 882 3571 953 opprobrium
3606 884 3781 940 Christi.

2223 966 2318 1023 Sic
2330 968 2498 1041 fugit
2527 968 2705 1025 etiam
2752 967 2932 1025 David
2963 985 2998 1024 a
3027 967 3172 1025 facie
3231 969 3382 1042 regis
3432 971 3579 1040 Saul,
3607 989 3637 1027 a
3680 974 3785 1030 facie

2220 1056 2562 1113 Abessalon.
2620 1056 2881 1129 Denique
2938 1057 3170 1131 fugiens
3222 1058 3463 1115 addebat
3502 1060 3788 1117 incrementa

2222 1145 2476 1218 pietatis,
2508 1146 2609 1219 qui
2637 1149 2695 1202 et
2741 1146 3077 1203 insidiatori
3129 1147 3404 1220 pepercit,
3454 1152 3508 1204 et
3552 1150 3789 1221 parricida

2221 1234 2469 1291 salutem
2498 1234 2741 1308 rogavit.
2768 1232 2863 1292 Sic
2908 1236 3060 1309 fugit
3091 1239 3149 1292 et
3194 1236 3441 1309 populus
3488 1237 3789 1295 Hebraeorum

2222 1327 2287 1379 ut
2316 1324 2462 1381 fides
2490 1325 2619 1395 ejus
2639 1326 2697 1379 et
2723 1323 2843 1380 vita
2870 1323 3027 1381 inter
3055 1324 3267 1381 ﬂuctus
3290 1325 3398 1381 sibi
3422 1326 3645 1401 aperiret
3658 1328 3789 1383 viam.

2219 1412 2378 1487 Fuga
2406 1406 2508 1468 illa
2532 1416 2660 1468 erat
2688 1415 2907 1468 trames
2937 1411 3304 1480 innocentiae,
3339 1413 3557 1470 virtutis
3583 1416 3677 1484 vis,
3704 1415 3793 1487 pie-

2217 1490 2358 1558 tatis
2387 1501 2735 1574 assumptio.
2767 1500 2967 1558 Audeo
2994 1500 3208 1568 dicere,
3258 1502 3343 1558 sic
3389 1502 3532 1575 fugit
3571 1506 3622 1559 et
3660 1503 3793 1559 Jonas

2216 1587 2279 1644 in
2309 1588 2553 1645 Tharsis
2581 1602 2699 1645 non
2728 1587 2989 1660 corporis
3027 1588 3188 1662 fuga,
3240 1589 3343 1645 sed
3395 1590 3596 1647 mentis
3640 1604 3793 1647 ascen-

2217 1677 2398 1743 sione,
2428 1677 2531 1750 qui
2561 1692 2749 1751 usque
2769 1677 2841 1733 ad
2863 1668 3091 1734 Christi
3106 1678 3373 1735 ascendit
3393 1679 3792 1746 similitudinem,

2217 1771 2285 1824 ut
2312 1767 2477 1824 ﬁeret
2503 1770 2678 1840 typus
2705 1756 2941 1822 Christi.
2992 1765 3156 1822 Sicut
3209 1766 3369 1822 enim
3416 1767 3520 1824 fuit
3565 1768 3717 1824 Jonas
3752 1770 3795 1824 in

2219 1860 2419 1913 ventre
2445 1855 2556 1913 ceti
2584 1854 2773 1911 tribus
2794 1850 3004 1911 diebus
3025 1857 3092 1912 .et
3103 1854 3296 1913 tribus
3319 1856 3592 1925 noctibus,
3612 1856 3684 1913 sic
3698 1857 3793 1922 erit,

2218 1944 2430 2017 inquit,
2461 1949 2520 2001 et
2551 1941 2731 2000 Filius
2786 1942 3046 1999 hominis
3105 1943 3168 2000 in
3225 1945 3400 2001 corde
3453 1949 3606 2002 terrai
3650 1945 3795 2001 tribus

2216 2034 2446 2103 diebus,
2477 2038 2535 2090 et
2565 2033 2756 2090 tribus
2796 2032 3068 2090 noctibus
3121 2032 3331 2106 (Matth.
3360 2035 3722 2105 x11,li0).Nam
3758 2034 3793 2090 si

2216 2123 2301 2180 sic
2332 2140 2448 2180 non
2476 2121 2744 2196 fugisset,
2776 2136 3083 2194 nunquam
3112 2122 3184 2179 de
3205 2127 3405 2180 ventre
3433 2124 3536 2181 ceti
3565 2127 3697 2180 esset
3718 2139 3794 2178 au-

2216 2211 2397 2268 ditus.

2282 2302 2373 2356 20.
2403 2301 2517 2358 Sed
2550 2300 2601 2358 si
2633 2299 2890 2368 dubitas,
2918 2298 3125 2357 doceat
3152 2301 3209 2357 te
3239 2301 3496 2358 Rebecca
3521 2315 3675 2374 quam
3695 2299 3795 2356 bea-
3934 2314 3941 2383 ξ

2211 2393 2273 2447 ta
2303 2390 2381 2447 sit
2410 2390 2549 2464 fuga
2578 2405 2755 2463 quam
2786 2389 3047 2462 suscepit
3084 2389 3289 2446 Jacob.
3344 2390 3535 2447 Suasit
3576 2389 3792 2445 Rebecca.

2212 2468 2283 2536 Et
2303 2480 2500 2554 «fuge,
2524 2479 2742 2557 inquit,
2762 2477 2824 2535 in
2849 2478 3338 2552 Mesopotamiam
3359 2479 3509 2549 (Gen.
3540 2476 3794 2548 xxvn,t2):
3936 2512 3941 2557 έ

2210 2571 2374 2625 Isaac
2402 2568 2544 2626 dicit
2572 2584 2586 2624 :
2618 2589 2648 2619 »
2668 2555 2926 2641 surgens
2957 2567 3105 2623 vade
3132 2566 3194 2624 in
3246 2567 3714 2640 Mesopotamiam,
3752 2565 3794 2619 in
3934 2560 3941 2641 ζ

2208 2657 2452 2714 domum
2483 2653 2726 2714 Bathuel
2755 2655 2909 2730 (Gen.
2936 2670 3135 2725 xxvm,
3166 2657 3247 2729 2).
3284 2657 3348 2714 In
3374 2655 3593 2730 hymnis
3610 2654 3684 2710 vel
3702 2669 3794 2710 ora-

2207 2746 2360 2805 culis
2389 2746 2500 2819 (20)
2530 2763 2565 2803 a
2590 2744 2886 2820 plerisque
2930 2747 3022 2817 (ut
3066 2748 3200 2802 ante
3249 2763 3359 2803 nos
3416 2745 3673 2819 scriptum
3711 2742 3793 2811 est)

2207 2836 2451 2894 Bathuel
2478 2824 2768 2909 sapientia
2813 2822 3046 2902 dicitur,
3100 2834 3601 2909 interpretratione
3640 2834 3792 2888 autem

2208 2925 2434 2997 Latina,
2466 2912 2589 2981 filia
2620 2923 3138 2998 Deisigniﬂcatur.
3184 2925 3255 2980 In
3287 2925 3522 2981 domum
3568 2937 3684 2995 ergo
3726 2935 3795 2975 sa-

2205 3013 2435 3086 pientiae
2492 3013 2751 3070 mittitur
2803 3000 3007 3081 Jacob,
3063 3015 3122 3069 et
3187 3013 3449 3086 accipere
3509 3010 3796 3068 admonetur

2205 3118 2446 3160 uxorem
2496 3118 2532 3158 a
2572 3101 2810 3158 filiabus
2863 3101 3083 3169 Laban,
3116 3101 3218 3174 qui
3254 3101 3481 3159 habitat
3505 3100 3563 3157 in
3593 3095 3794 3161 Chai-ris,

2211 3193 2368 3265 quod
2399 3191 2693 3266 significat
2720 3204 3017 3259 cavernas,
3049 3190 3111 3247 in
3142 3190 3368 3263 quibus
3387 3189 3598 3264 species
3614 3191 3799 3243 estsan-

2208 3296 2404 3349 suum,
2438 3279 2540 3354 qui
2564 3282 2705 3337 sunt
2731 3283 3018 3359 tanquam
3050 3279 3111 3335 in
3140 3279 3411 3337 cavernis
3457 3275 3706 3351 corporis,
3749 3275 3797 3328 ut

2203 3370 2365 3428 visus
2389 3370 2451 3427 in
2474 3369 2687 3439 oculis,
2719 3368 2957 3427 auditus
2982 3369 3043 3425 in
3073 3368 3346 3440 auribus,
3379 3369 3636 3426 odoratus
3656 3365 3706 3419 in
3723 3377 3797 3417 na-

2204 3459 2388 3526 ribus,
2447 3459 2508 3515 in
2562 3474 2665 3515 ore
2719 3473 2913 3532 sapor.
2971 3458 3081 3523 Qui
3137 3457 3304 3515 enim
3372 3455 3667 3514 delectatur
3716 3451 3800 3506 hoc

2204 3549 2447 3617 mundo,
2472 3551 2530 3604 et
2555 3538 2840 3627 tripudiat
2866 3546 2929 3604 in
2974 3546 3379 3620 voluptatibus
3426 3543 3676 3616 corporis,
3719 3538 3799 3595 ob-

2205 3636 2414 3693 noxius
2442 3640 2534 3694 est
2563 3650 2843 3693 sensuum
2873 3635 3277 3709 paseionibus,
3310 3640 3487 3709 atque
3515 3634 3571 3690 in
3600 3630 3682 3689 bis
3716 3626 3795 3683 ha-

2205 3724 2355 3781 bitat
2377 3727 2435 3781 et
2462 3723 2808 3781 diversatur.
2840 3722 3005 3780 Unde
3032 3722 3089 3780 ei
3119 3723 3266 3779 dicit
3297 3724 3549 3780 Rebecca
3576 3717 3802 3776 habitan-

2200 3815 2345 3871 dum
2376 3826 2593 3886 paucos
2622 3812 2747 3869 dies
2776 3826 2914 3869 cum
2943 3811 3066 3881 illo,
3097 3828 3218 3870 non
3251 3812 3435 3870 multo
3463 3815 3801 3882 temporeznc

2202 3901 2495 3976 corporeis
2524 3900 2816 3958 coloretur
2841 3900 3267 3974 voluptatibus,
3292 3906 3351 3959 et
3372 3899 3561 3958 saeculi
3581 3894 3800 3969 capiatur

2201 3990 2510 4048 illecebris.
2696 4031 2699 4034 ‹

2240 4153 2245 4159 _
2270 4080 2359 4135 21.
2386 4077 2705 4135 Persuadet
2721 4080 2918 4135 autem
2941 4077 3305 4147 habitare,ut
3323 4078 3509 4135 discat
3527 4069 3800 4159 studiosius

2200 4158 2521 4241 disciplinis
2533 4164 2767 4223 virtutis
2781 4166 3115 4241 senstiin
3125 4167 3231 4241 ),et
3241 4167 3401 4225 velut
3411 4166 3554 4224 situs
3564 4158 3804 4237 quosdam

2200 4272 2532 4349 Scripturas
2563 4273 2639 4349 ab
2666 4270 2973 4349 Ambrosip
3003 4272 3271 4349 Philonis
3302 4273 3629 4349 imitatione
3656 4264 3804 4349 dictag

2199 4336 2443 4403 oracula.
2478 4344 2641 4423 Quod
2672 4344 2871 4423 autem
2904 4336 3003 4403 ait.
3038 4345 3103 4401 In
3159 4347 3406 4423 hymnis,
3439 4342 3524 4400 vel
3737 4337 3806 4423 egi

2198 4422 2387 4491 atque
2402 4408 2656 4491 oraculis
2681 4417 3047 4491 ;.utrumque
3093 4408 3253 4473 enim
3285 4408 3510 4491 χρηὶτμρς
3556 4408 3803 4491 interdum

2199 4443 2375 4489 atque
2402 4443 2655 4479 οηιῦιιιιδ
2681 4443 3047 4488 puerumque
3093 4443 3253 4473 UHH‘U
3559 4443 3803 4469 luscum-nu

2199 4489 2529 4562 significat:
2568 4486 2661 4553 vel
2719 4487 2922 4562 referri
2968 4491 3171 4560 potest
3228 4443 3322 4562 ad?
3371 4487 3803 4562 verbumjtg‘rgi.

2199 4547 2453 4635 munitur:
2476 4547 3137 4635 Caeteitpmbympérum
3155 4557 3587 4635 nomineetiam
3608 4547 3801 4635 Davidi-

2201 4648 2300 4688 cos
2330 4630 2592 4707 psalmos
2620 4619 3178 4707 significari_(_iocent
3206 4634 3267 4688 et
3295 4628 3461 4707 Philo
3491 4629 3626 4701 ipse,
3655 4626 3704 4679 et
3725 4619 3804 4707 Ill:

2203 4687 2488 4776 terpietes
2506 4702 2586 4776 (ad
2616 4687 2744 4776 cap.
2774 4716 2907 4758 xxv:
2936 4701 3143 4760 Matth.
3177 4687 3331 4759 vers.
3363 4701 3452 4769 30,
3506 4687 3714 4767 nenipe,
3756 4687 3806 4742 Et

2202 4773 2596 4848 ὴνώωορίσιο
2616 4773 2904 4848 εωῖινιιης.
2934 4777 3051 4848 01°-

2270 4844 2516 4928 ,(21)Si9
2557 4860 2703 4928 mea.
2751 4831 3013 4928 melioris
3067 4851 3236 4928 uolat,
3294 4843 3527 4928 quibus,
3562 4831 3806 4928 accedunt

2203 4912 2386 4975 etiam
2408 4912 2680 4977 nonnulli
2711 4916 3084 4988 recentiores,
3117 4912 3237 4988 nisi
3264 4912 3423 4988 quod
3452 4912 3643 4985 legunt
3670 4943 3722 4988 τ’.
3750 4938 3801 4988 τί

2203 4974 2531 5063 uirtutisque
2555 5002 2793 5063 sensum.
2837 4982 2967 5045 Vat.
3019 4974 3082 5044 et
3122 4974 3300 5063 qolb.‘
3343 4974 3540 5063 unus:
3577 4974 3804 5063 studius}:

2203 5047 2517 5132 disciplinae
2537 5048 2771 5132 virtutes
2805 5072 3088 5132 sensuum.
3150 5056 3277 5114 Non
3340 5047 3530 5127 inepte
3560 5047 3803 5132 _quid.¢§¥}1_.

2204 5116 2353 5203 naui
2399 5116 2641 5203 etninfs
2669 5146 2795 5203 cap.
2856 5147 2979 5203 seq.
3013 5129 3216 5203 _Jacob
3275 5116 3489 5185 amatdr
3539 5116 3804 5203 diieigtisf

2204 5187 2509 5275 apellatur.
2542 5201 2691 5273 Edit.
2723 5187 2838 5275 vet.
2870 5187 2959 5275 ab‘
2975 5201 3063 5275 eis
3096 5187 3218 5258 hoc
3266 5203 3497 5275 tantum
3544 5187 3804 5275 receiiugf.

2248 5267 2360 5331 uod
2393 5267 2611 5330 habent
2654 5272 2979 5329 studiosius.
3030 5272 3199 5329 Rom.
3249 5270 3523 5342 denique,
3577 5267 3802 5342 80.9153;

2252 5345 2420 5419 beod-
2453 5345 2644 5428 Prisc
2668 5360 2895 5428 manu.
2930 5330 3804 5428 audiosuadiwii’li’iﬂifi‘ffﬁ

2202 5408 2473 5473 sensum-
2502 5408 2727 5487 Ibidem
2762 5408 3149 5487 _edit.'Rom.,
3209 5412 3360 5482 Quis,
3394 5408 3482 5487 Vat
3524 5410 3624 5487 qu};
3670 5408 3804 5487 αξξα

2202 5496 2418 5547 creatus
2444 5478 2537 5557 sit.
2563 5486 2688 5564 Vet,
2713 5485 2888 5564 __'Qt_iid
2929 5527 2946 5564 ._
2983 5482 3001 5543 .
3047 5528 3081 5564 ._
3108 5478 3399 5564 creatum
3427 5482 3496 5537 sit
3517 5478 3545 5534 τ’
3558 5478 3677 5564 ita
3689 5479 3804 5564 £113-

2204 5575 2308 5616 nes
2331 5550 2477 5632 mss.
2509 5548 3009 5632 exceptigltemig.
3033 5562 3092 5614 et
3112 5555 3337 5632 Theod.
3364 5548 3614 5611 secunda
3632 5552 3801 5601 manu.

2203 5630 2579 5706 quibabent,
2608 5629 2756 5702 Quid
2789 5670 2801 5686 .
2849 5671 2863 5686 .
2908 5672 2923 5687 .
2961 5629 2981 5686 ζ
3021 5636 3237 5689 creatus
3264 5629 3359 5684 sit.

3926 1302 3933 1317 ιι

3934 1438 3935 1451 ι

3926 1476 3935 1501 ιζ
