4012 6192
189 339 302 413 609

1386 337 1619 406 LIBER
1661 340 1764 405 DE
1813 344 2016 408 FUGA
2068 340 2390 407 S/ECULI.

3474 341 3593 405 61.0

188 474 385 533 carnis
412 476 589 546 atque
617 470 903 548 regiones,
955 478 1021 533 ut
1065 490 1128 541 se
1156 479 1489 549 cognoscat,
1521 480 1579 533 et
1615 476 1837 534 noverit
1865 479 1920 545 Α
1950 477 2209 533 invenire
2242 477 2431 550 potuit
2460 477 2520 532 in
2569 474 2863 532 soliditate
2909 473 3162 541 virtutis,
3198 476 3461 532 ubertate
3492 493 3593 532 sa-

185 562 616 621 vehementiam
647 564 861 632 carnis,
884 563 1027 637 quid
1056 568 1116 622 et
1143 582 1260 638 qua
1289 582 1466 622 causa
1493 565 1642 623 421
1678 583 1836 623 crea-

183 656 280 709 tus
326 652 426 720 sit,
494 656 550 709 et
612 653 1113 726 quemadmodum
1181 653 1588 727 unusquisque
1626 670 1837 711 sensus

189 746 491 817 operetur.
525 764 552 793 ‹‹
585 740 694 808 Qui
738 742 969 811 viderit,
1000 741 1218 816 inquit,
1248 741 1555 801 mulierem
1604 745 1679 801 ad
1707 761 1840 802 con-

184 831 614 905 cupiscendum
663 848 792 888 eam
824 831 1031 904 (Matth.
1082 850 1137 901 v,
1166 831 1278 905 28).
1314 854 1345 885 »
1392 832 1540 891 Male
1568 832 1654 890 sic
1681 834 1839 889 videt

178 920 409 978 oculus.
431 920 641 977 Videat
669 936 807 994 ergo
837 920 1065 989 oculus,
1098 924 1158 977 et
1185 920 1468 995 fungatur
1496 938 1603 979 suo
1634 939 1836 981 mune-

179 1026 261 1077 re,
296 1025 415 1066 non
464 1007 724 1065 lubricia
772 1009 987 1066 mentis
1032 1008 1281 1084 imperio
1330 1010 1619 1084 dirigatur
1647 1012 1719 1068 ad
1751 1009 1834 1068 la-

178 1115 381 1171 psum,
431 1101 499 1155 ut
544 1097 752 1154 vitium
803 1098 1015 1155 referat
1060 1116 1165 1172 pro
1212 1097 1424 1158 ofﬁcio.
1473 1100 1652 1157 Breve
1698 1116 1835 1174 ergo

176 1190 416 1261 tempus
465 1186 540 1243 ad
589 1186 1026 1261 cognoscendos
1055 1204 1288 1258 sensus,
1316 1186 1406 1244 vel
1438 1187 1635 1261 potius
1663 1205 1835 1262 expe-

181 1277 421 1333 riendos
468 1274 666 1343 datur,
695 1280 752 1333 et
803 1276 1051 1333 fortasse
1098 1272 1406 1335 tenerioris
1432 1272 1835 1334 adolescentia

181 1365 374 1438 prima
421 1364 695 1421 exordia:
749 1364 1071 1438 statimque
1117 1368 1440 1433 revocatur,
1490 1381 1563 1422 ne
1611 1364 1836 1422 diutius

181 1455 394 1511 titubet
420 1453 484 1510 in
512 1452 783 1523 lubricio,
815 1458 873 1511 et
901 1453 1140 1511 dividua
1168 1452 1424 1529 quadam
1453 1453 1837 1511 inundatione

180 1543 444 1617 corporis
471 1543 655 1616 hujus
685 1547 743 1599 et
771 1542 971 1601 saculi
995 1547 1336 1618 mergantur
1355 1542 1538 1599 animi
1558 1541 1837 1598 interiora

181 1632 606 1707 vestigia.Cum
637 1635 834 1689 autem
862 1632 952 1689 vel
982 1637 1253 1706 expertus
1285 1631 1476 1701 fuerit,
1500 1630 1587 1688 vel
1611 1632 1839 1688 steterit

187 1723 247 1778 in
268 1719 536 1777 instabili
567 1724 625 1777 et
651 1718 873 1778 incerto
903 1725 1077 1796 atque
1097 1720 1341 1778 humido
1361 1720 1507 1791 solo,
1538 1724 1840 1777 revocatur

185 1828 218 1868 ιι
260 1815 455 1867 matre
503 1809 784 1883 patientia
829 1809 916 1867 vel
963 1810 1414 1885 perseverantia,
1474 1826 1603 1884 qua
1648 1808 1835 1864 dicit:

187 1923 213 1950 «ι
236 1899 470 1955 Mittam
492 1899 565 1956 ad
586 1904 727 1967 te,et
745 1915 1039 1957 accersam
1052 1904 1110 1956 te
1131 1899 1269 1956 inde
1290 1897 1442 1972 (Gen.
1464 1896 1743 1970 xxvn,45)
1768 1914 1781 1954 :
1808 1917 1837 1947 »

191 1993 253 2044 ut
280 1990 338 2045 et
360 1986 481 2045 illic
502 1985 560 2045 in
583 1988 810 2046 lubrico
842 1993 1037 2047 tutum
1069 1992 1304 2062 portum
1326 1987 1590 2046 invenias
1610 1986 1838 2060 sapien-

186 2078 301 2147 tia,
333 2093 467 2150 qua
513 2080 571 2134 te
618 2094 734 2134 non
785 2075 941 2138 sinat
984 2082 1271 2151 tanquam
1301 2077 1361 2133 in
1392 2077 1697 2149 naufragio
1726 2075 1839 2132 ﬁu-

187 2171 409 2238 ctuare,
459 2169 518 2222 et
561 2182 833 2224 reversus
860 2181 1231 2240 perseverare
1277 2165 1431 2223 circa
1482 2165 1581 2223 Dei
1612 2165 1841 2222 noveris

187 2253 437 2321 cultum,
469 2257 528 2311 et
556 2254 639 2311 sis
687 2255 750 2311 in
782 2258 1133 2313 conventum
1180 2254 1468 2328 gentium,
1500 2253 1841 2327 signiﬁcans

187 2345 311 2415 ejus
350 2341 469 2400 ﬁde
498 2340 819 2400 Ecclesiam
840 2343 1104 2417 gentium
1133 2343 1628 2417 congregandam.

256 2434 347 2487 22.
382 2432 488 2488 His
516 2432 699 2506 igitur
728 2432 1022 2506 patientia
1053 2436 1111 2490 et
1137 2432 1584 2505 perseverantia
1612 2431 1840 2488 instru-

189 2525 317 2577 ctus
347 2519 681 2593 disciplinis
711 2519 864 2593 (Gen.
893 2539 1046 2589 xxxx,
1092 2521 1307 2594 23-28),
1338 2521 1638 2594 profectus
1665 2519 1843 2577 Jacob

202 2609 468 2683 copulam
500 2608 610 2667 sibi
640 2610 953 2683 acquisivit
990 2610 1061 2668 de
1091 2609 1378 2683 sapientia
1405 2614 1675 2667 consorte
1705 2627 1843 2683 pro-

205 2698 372 2770 positi
402 2698 539 2772 (22),
570 2698 830 2772 opimam
861 2699 994 2756 dote
1021 2699 1369 2772 prudentia,
1403 2715 1539 2756 cum
1569 2715 1688 2772 qua
1716 2699 1845 2758 vita

210 2791 466 2860 tempora
492 2788 619 2845 sine
649 2786 771 2845 ulla
791 2788 1111 2846 otfensione
1155 2791 1600 2846 transcurreret.
1633 2788 1847 2845 Addito

211 2874 379 2947 igitur
421 2875 700 2933 thesauro
747 2876 1066 2949 sapientia,
1113 2873 1408 2934 variarum
1475 2876 1588 2933 sibi
1652 2876 1846 2933 ovium

218 2963 461 3023 instituit
478 2980 715 3039 gregem
741 2983 753 3022 :
786 2966 888 3022 sed
919 2954 1089 3022 illum
1112 2963 1542 3034 rationabilem,
1563 2965 1849 3023 virtutum

220 3052 595 3125 plurimarum
615 3051 953 3112 diversitate
973 3052 1316 3128 fulgentem.
1347 3053 1511 3112 Unde
1540 3058 1595 3111 et
1619 3055 1850 3126 jactan-

219 3141 349 3198 tiam
395 3142 591 3200 carnis
635 3143 765 3215 ejus
812 3141 1035 3212 recidit,
1068 3144 1226 3216 quod
1281 3142 1575 3217 signiﬁcat
1610 3143 1851 3202 femoris

1947 566 2198 638 pientia,
2251 564 2667 639 intelligentia,
2708 563 2953 636 justitia
3003 564 3163 638 (23)?
3193 564 3322 637 Ipse
3352 564 3589 621 dixisti:

1949 676 1977 706 ι(
2007 654 2272 720 Domine,
2303 655 2518 711 Plenus
2549 671 2682 711 sum
2713 655 2843 725 (lsa.
2879 672 2919 719 ι,
2953 654 3078 725 11);
3117 678 3137 706 ι
3176 653 3302 727 ipse
3354 654 3549 709 dixisti
3577 672 3590 709 :

1947 766 1975 795 «
2010 743 2174 799 Mitte
2206 761 2450 799 manum
2479 748 2642 799 tuam
2675 743 2731 797 in
2764 743 2917 798 latus
2950 760 3172 814 meum,
3231 748 3289 799 et
3317 742 3437 799 noli
3467 760 3596 799 esse

1944 831 2305 904 incredulus,
2328 833 2429 889 sed
2455 832 2641 888 ﬁdelis
2664 834 2843 903 (Joan.
2868 851 2963 899 xx,
2987 833 3098 904 27).
3117 854 3144 882 ι)
3169 833 3327 889 Misit
3350 850 3594 889 manum

1946 920 2048 993 qui
2071 938 2185 977 non
2218 921 2511 989 credebat,
2545 926 2601 977 et
2631 922 2944 977 Dominum
2978 927 3030 978 te
3057 927 3114 977 et
3144 923 3327 978 Deum
3359 922 3592 994 reperit.

1944 1009 2071 1067 Non
2101 1026 2237 1083 ergo
2266 1013 2330 1066 tu
2360 1026 2599 1078 vacuus,
2635 1011 2735 1065 sed
2768 1009 2866 1064 ille
2898 1026 3082 1066 cacus
3131 1015 3188 1066 ct
3216 1010 3409 1067 inanis
3435 1012 3597 1083 prin-

1944 1115 2083 1171 ceps
2130 1098 2305 1155 istius
2354 1099 2580 1166 mundi,
2632 1099 2733 1170 qui
2786 1099 2972 1154 nescit
3017 1100 3129 1155 nisi
3184 1117 3294 1155 sua
3340 1116 3596 1171 cernere,

1946 1186 2133 1243 nescit
2178 1186 2291 1243 nisi
2341 1205 2450 1244 sua
2495 1188 2753 1244 invenire
2796 1206 2808 1243 :
2861 1204 2929 1244 ea
2976 1205 3103 1260 qua
3170 1188 3385 1245 Christi
3437 1194 3596 1258 sunt,

1944 1275 2131 1332 nescit
2156 1292 2495 1348 agnoscere.

2012 1365 2169 1422 428
2220 1365 2313 1421 24.
2361 1369 2479 1421 Aut
2527 1365 2577 1421 si
2626 1365 2710 1421 sic
2779 1366 3277 1438 quemadmodum
3334 1365 3601 1439 plerique

1945 1452 2198 1510 habent:
2234 1476 2261 1504 «
2294 1453 2419 1510 Non
2452 1454 2706 1510 inveniet
2737 1456 2796 1509 in
2829 1471 2921 1510 me
2944 1455 3113 1522 nihil,
3140 1477 3168 1505 »
3201 1454 3313 1512 hoc
3343 1460 3451 1525 est,
3486 1473 3600 1512 non

1946 1542 2200 1599 inveniet
2219 1542 2281 1614 in
2306 1560 2398 1599 me
2420 1542 2730 1608 malitiam,
2756 1544 2895 1616 quia
2915 1543 3141 1601 malitia
3162 1544 3311 1600 nihil
3333 1549 3425 1601 est
3446 1561 3459 1601 :
3484 1562 3601 1602 non

1946 1630 2200 1686 inveniet
2249 1634 2569 1700 mortuum,
2623 1633 2763 1704 quia
2825 1636 3096 1689 mortuus
3146 1651 3261 1690 non
3324 1637 3433 1690 est.
3487 1634 3601 1692 Sed

1948 1719 2239 1791 quomodo
2270 1720 2329 1776 in
2361 1737 2427 1776 eo
2461 1725 2758 1776 mortuum
2816 1723 3065 1794 reperiat
3113 1723 3249 1796 (24),
3283 1722 3382 1796 qui
3410 1723 3600 1781 viviﬁ-

1950 1812 2043 1864 cat
2072 1813 2354 1876 mortuos,
2405 1812 2462 1865 et
2504 1815 2672 1865 vocat
2701 1827 2767 1865 ea
2816 1828 2945 1882 qua
2976 1829 3091 1867 non
3122 1816 3284 1879 sunt,
3316 1817 3598 1886 tanquam

1947 1913 2017 1954 ea
2043 1913 2171 1969 qua
2202 1897 2388 1955 sunt?
2441 1898 2567 1954 Non
2616 1899 2888 1968 inveniet,
2942 1899 3153 1973 inquit,
3200 1906 3506 1975 peccatum
3538 1903 3599 1958 in

1950 2003 2064 2056 me,
2098 1986 2199 2059 qui
2233 1986 2440 2043 mundi
2490 1994 2791 2060 peccatum
2841 1988 3077 2046 abstuli.
3110 1990 3412 2055 Quomodo
3442 1993 3599 2049 enim

1952 2074 2096 2130 nihil
2147 2075 2346 2145 habet,
2399 2076 2499 2147 qui
2532 2078 2731 2132 omnia
2760 2077 2987 2134 habet?
3018 2079 3103 2147 Et,
3137 2081 3293 2152 quod
3325 2080 3458 2153 plus
3489 2086 3597 2149 est,

1951 2163 2151 2220 omnia
2201 2164 2398 2232 habet,
2451 2182 2577 2237 qua
2625 2170 2798 2221 Pater
2845 2167 3044 2233 habet,
3096 2168 3249 2225 sicut
3297 2170 3421 2242 ipse
3470 2170 3598 2227 ait:

1953 2274 1979 2302 «
2008 2252 2219 2309 Omnia
2242 2270 2369 2325 qua
2395 2254 2564 2310 Pater
2580 2254 2913 2322 habet,mea
2936 2261 3077 2311 sunt
3096 2259 3272 2327 (Joan.
3297 2274 3412 2330 xvr,
3435 2260 3546 2329 15).
3573 2280 3603 2307 ››

2610 2343 2846 2399 CAPUT
2877 2345 2942 2399 ν.

1954 2430 2063 2486 Cur
2090 2431 2219 2486 hinc
2268 2432 2458 2502 fugere
2487 2431 2795 2505 debeamus,
2827 2442 2882 2489 et
2922 2435 3180 2505 quomodo
3209 2440 3453 2493 transire
3480 2453 3605 2494 cum

2025 2507 2225 2580 Moyse,
2281 2507 2342 2556 ut
2407 2503 3349 2580 videamus(Dequealceamenla
3406 2509 3605 2580 pedum

2023 2575 2286 2647 solventes
2313 2590 2332 2626 :
2364 2574 2624 2644 quomodo
2672 2577 2841 2630 etiam
2870 2577 3185 2647 relinquere
3215 2574 3470 2635 umbram
3500 2582 3602 2635 hu-

2017 2646 2113 2722 jus
2150 2647 2299 2711 vitae,
2323 2648 2401 2722 _et
2452 2660 2578 2699 cum
2604 2650 2790 2722 saneto
2836 2646 3041 2722 David,
3076 2650 3270 2722 si_non
3302 2658 3364 2705 ul
3391 2653 3602 2722 aquila,

2026 2716 2219 2771 saltem
2272 2718 2335 2770 ut
2367 2731 2610 2788 passer:
2667 2718 2719 2772 si
2772 2733 2883 2773 non
2935 2718 3005 2772 ad
3057 2720 3269 2788 cwlum,
3309 2716 3506 2777 saltem
3535 2720 3606 2776 ad

2025 2790 2235 2842 montes
2262 2786 2495 2842 evolare.

2026 2877 2116 2929 25.
2150 2874 2468 2948 Fugiamus
2498 2892 2633 2949 ergo
2667 2876 2824 2945 hinc,
2858 2877 2959 2933 ubi
2986 2878 3132 2934 nihil
3156 2883 3263 2947 est,
3298 2880 3398 2936 ubi
3430 2881 3605 2937 inane

1958 2969 2047 3020 est
2067 2980 2239 3019 omne
2262 2963 2417 3035 quod
2441 2965 2821 3039 magniﬁcum
2853 2970 3094 3039 putatur
3113 2983 3262 3036 esse,
3289 2969 3389 3024 ubi
3413 2974 3470 3025 et
3500 2971 3605 3042 qui

1960 3068 2021 3109 se
2050 3057 2219 3125 putat
2265 3052 2404 3125 quid
2436 3071 2585 3120 esse,
2620 3053 2765 3109 nihil
2795 3059 2904 3122 est,
2954 3059 3012 3111 et
3056 3056 3294 3111 omnino
3343 3075 3459 3114 non
3491 3065 3602 3128 est,

1961 3165 1989 3193 ‹‹
2021 3141 2176 3210 Vidi,
2203 3141 2418 3215 inquit,
2452 3143 2702 3215 impium
2724 3144 3219 3217 superexaltatum
3243 3152 3299 3202 et
3318 3146 3606 3204 elevatum

221 3234 412 3304 stupor
458 3230 613 3302 (Gen.
646 3213 823 3300 xxxu,
853 3232 967 3303 25),
1001 3213 1163 3288 salva
1195 3213 1852 3305 sacri‘interpretatione
1882 3213 1925 3280 (ἶ
1962 3230 2116 3287 ultra
2147 3213 2350 3287 cedros
2410 3213 2635 3299 Libani,
2691 3239 2747 3289 et
2776 3213 3038 3303 transivi,
3088 3240 3146 3291 et
3175 3251 3309 3291 acce
3338 3253 3453 3293 non
3484 3243 3609 3293 erat

222 3320 487 3393 mysterii.
538 3319 642 3377 His
689 3337 825 3393 ergo
854 3320 1171 3377 virtutibus
1198 3319 1379 3377 veluti
1409 3320 1689 3395 gradibus
1720 3320 1848 3395 qui-

218 3407 453 3465 busdam
483 3424 650 3465 mens
698 3409 829 3481 ejus
877 3406 1141 3465 ascendit
1168 3407 1229 3465 in
1261 3407 1495 3476 calum,
1536 3413 1594 3465 et
1622 3408 1724 3465 Dei
1754 3426 1849 3466 se-

220 3502 361 3563 creta
390 3495 679 3571 cognovit,
730 3502 787 3553 et
818 3498 1201 3555 conﬁrmatus
1248 3500 1338 3552 est
1365 3500 1423 3553 et
1461 3496 1752 3570 repletus;
1786 3504 1852 3555 ut

215 3585 396 3644 Laban
417 3590 693 3644 scrutans
713 3586 954 3643 domum
975 3587 1104 3659 ejus
1126 3584 1273 3643 nihil
1300 3586 1455 3658 apud
1487 3601 1620 3643 eum
1653 3587 1847 3658 inane,

215 3672 351 3731 nihil
398 3691 648 3732 vacuum
697 3674 995 3747 reperiret,
1047 3674 1210 3733 nulla
1256 3673 1592 3742 simulacra,
1625 3676 1849 3732 nullam

214 3763 456 3837 efﬁgiem
480 3763 775 3821 vanitatis.
808 3763 936 3820 Non
967 3762 1123 3821 enim
1155 3763 1311 3836 apud
1332 3778 1468 3819 eum
1489 3768 1615 3820 erat
1633 3764 1848 3836 imago,

213 3853 306 3908 sed
328 3852 581 3910 veritas:
616 3869 731 3909 non
762 3851 986 3926 efﬁgies
1015 3850 1280 3926 ignavia,
1313 3852 1416 3908 sed
1448 3852 1637 3908 solida
1666 3852 1851 3909 forma

206 3940 441 4010 justitia
490 3945 546 3998 et
591 3958 735 3998 vera
780 3940 1016 3998 virtutis
1083 3940 1378 4015 expressio
1442 3940 1849 4014 iutelligibilis.

213 4029 407 4102 Itaque
426 4029 623 4085 Laban
654 4032 1057 4102 perscrutatus
1085 4033 1175 4086 est
1205 4028 1446 4087 domum
1465 4031 1595 4104 ejus
1616 4031 1850 4104 spirita-

211 4116 342 4187 lem,
374 4122 432 4174 et
461 4135 575 4174 non
624 4117 846 4175 invenit
891 4118 1136 4191 effigies.
1188 4116 1365 4177 Plena
1394 4119 1550 4177 enim
1583 4123 1706 4177 erat
1734 4137 1851 4178 non

215 4206 551 4279 ﬁgurarum,
583 4208 683 4264 sed
714 4207 1102 4281 negotiorum.

276 4295 364 4350 23.
398 4294 687 4353 Potuisset
716 4300 911 4353 autem
943 4296 1202 4354 invenire
1249 4296 1633 4355 fundamenta
1667 4298 1851 4355 virtu-

214 4384 333 4437 tum
362 4387 420 4438 et
448 4382 726 4453 culmina,
760 4385 875 4442 nisi
906 4385 1226 4444 cacitatem
1272 4387 1488 4456 cordis,
1535 4391 1592 4443 et
1620 4388 1851 4460 perﬁda

218 4471 420 4528 mentis
450 4470 758 4546 caliginem
781 4471 1109 4531 detulisset.
1145 4474 1403 4549 Denique
1423 4491 1492 4531 ea
1516 4474 1854 4549 improbita-

218 4558 287 4614 tis
305 4560 553 4618 cacitate
582 4561 793 4619 suffusi
824 4567 1086 4622 mentem
1134 4563 1469 4631 Sodomita,
1501 4563 1719 4621 ostium
1750 4581 1851 4621 ne-

224 4662 503 4721 quaquam
570 4652 759 4708 sancti
826 4652 934 4708 Lot
981 4651 1240 4709 invenire
1286 4656 1622 4726 potuerunt.
1691 4652 1852 4711 Unde

224 4736 364 4793 enim
395 4755 563 4796 mens
592 4739 779 4813 impia
820 4740 1018 4798 videre
1046 4741 1239 4814 potuit
1257 4740 1366 4798 viri
1397 4740 1587 4798 sancti
1615 4741 1702 4799 vel
1733 4743 1852 4799 exi-

224 4826 337 4880 tum
356 4826 442 4883 vel
464 4828 795 4903 ingressum
819 4830 847 4886 ?
868 4829 999 4903 Ipse
1018 4846 1255 4904 quoque
1275 4829 1561 4887 Dominus
1584 4830 1644 4886 in
1667 4832 1852 4889 Evan-

223 4912 359 4984 gelio
387 4916 503 4974 ait:
539 4940 567 4969 ‹‹
596 4917 766 4975 Venit
794 4919 951 4975 enim
999 4917 1271 4992 princeps
1317 4918 1524 4976 mundi
1562 4920 1763 4992 huius,
1796 4926 1855 4979 et

222 5000 274 5055 in
321 5020 407 5062 me
452 5005 674 5062 invenit
719 5006 867 5065 nihil
916 5008 1091 5078 (Joan.
1142 5025 1258 5076 xrv,
1309 5008 1485 5078 30).»
1553 5011 1852 5076 Quomodo

222 5090 355 5148 nihil
384 5094 643 5153 invenire
674 5096 865 5169 potuit
892 5097 953 5153 in
982 5114 1069 5167 eo,
1104 5097 1165 5153 in
1188 5113 1305 5169 q-uo
1327 5095 1628 5169 plenitudo
1644 5099 1853 5155 divini-

219 5181 347 5237 tatis
364 5181 689 5251 habitabat,
721 5189 780 5242 et
809 5184 1181 5242 inhabitabat
1209 5183 1607 5257 corporaliter,
1638 5187 1710 5243 de
1738 5204 1852 5260 quo

217 5267 392 5329 virtus
420 5272 636 5346 exibat,
683 5276 742 5331 et
785 5274 1033 5331 sanabat
1075 5273 1328 5332 omnes?
1374 5274 1676 5340 Quomodo
1704 5275 1853 5332 nihil

280 5412 397 5494 (22)
420 5413 581 5494 Edit._
622 5432 755 5494 cum
789 5416 1009 5494 paucis
1058 5430 1229 5494 mss.
1256 5415 1448 5489 iisque
1513 5418 1854 5494 recentioris

216 5484 427 5561 avitae
440 5486 743 5561 _sapientia
769 5484 946 5561 domo,
986 5490 1291 5561 consortem
1313 5484 1601 5561 propositi.

278 5555 393 5637 (23)
429 5555 531 5637 _It_a'
573 5574 714 5637 mss.
768 5555 1011 5637 ferehad
1060 5576 1249 5617 unum
1274 5575 1289 5615 :
1313 5555 1513 5633 'pa'uci
1559 5562 1755 5618 tamen
1786 5578 1854 5619 ac

215 5624 1007 5707 edit.,gut_e_grita¢e,juuaie,
1084 5701 1117 5707 __
1465 5706 1469 5707 ν
1608 5702 1613 5705 ι

280 5700 391 5775 (211)
421 5699 575 5761 Edit.
608 5699 770 5763 cuni'
794 5700 1216 5764 recentioribus
1254 5700 1481 5784 aliquot
1529 5702 1699 5777 mea,
1728 5708 1852 5766 eum

1958 3320 2128 3393 (Psal.
2160 3337 2353 3391 xxxvx,
2386 3321 2497 3393 35).
2533 3344 2562 3372 »
2598 3321 2663 3376 Et
2692 3326 2754 3377 tu
2789 3323 2970 3378 transi
3005 3323 3159 3379 sicut
3186 3324 3387 3393 David,
3419 3326 3605 3382 transi

1958 3410 2111 3466 sicut
2129 3410 2320 3465 bonus
2343 3414 2639 3480 servus,ut
2658 3410 2890 3467 dicatur
2907 3412 3012 3467 tibi
3040 3429 3053 3468 :
3087 3434 3115 3463 «
3149 3413 3515 3482 Transi,recu
3526 3432 3607 3471 m-

1958 3498 2028 3554 be
2058 3498 2208 3570 (Luc.
2239 3514 2376 3564 xvn,
2424 3499 2500 3569 7).
2539 3521 2559 3546 υ
2596 3498 2805 3555 Transi
2836 3500 2987 3555 sicut
3018 3500 3265 3573 Moyses,
3315 3508 3379 3559 ut
3403 3504 3606 3562 videas

1960 3585 2143 3641 Deum
2191 3585 2509 3653 Abraham,
2560 3586 2739 3654 Isaac,
2773 3591 2830 3642 ct
2856 3587 3054 3656 Jacob,
3106 3596 3162 3645 et
3190 3590 3385 3649 videas
3414 3592 3603 3649 visum

1962 3690 2242 3746 magnum
2291 3674 2423 3746 (25).
2478 3674 2595 3730 Ηοο
2641 3680 2730 3730 est
2777 3676 2968 3731 visum
3017 3694 3321 3750 magnum,
3389 3682 3490 3737 sed
3554 3682 3605 3738 si

1958 3762 2152 3819 videre
2195 3762 2305 3828 vis,
2353 3760 2512 3818 solve
2559 3761 3023 3820 calceamentum
3071 3767 3287 3837 pedum
3344 3773 3605 3839 tuorum,

1960 3850 2116 3907 solve
2147 3866 2320 3906 omne
2349 3850 2648 3907 vinculum
2679 3851 3027 3923 iniquitatis,
3059 3853 3215 3911 solve
3236 3856 3470 3929 cingula
3499 3876 3604 3913 sa-

1960 3940 2101 4010 culi,
2133 3939 2461 4013 relinquere
2491 3940 2954 3998 calceamentum
2985 3942 3139 4015 quod
3165 3948 3460 4000 terrenum
3494 3950 3601 4002 est.

1962 4030 2095 4085 Ideo
2141 4029 2312 4085 Jesus
2363 4030 2490 4087 sine
2557 4023 2971 4102 calceamento,
3039 4048 3180 4088 auro
3246 4038 3302 4088 et
3364 4039 3603 4106 argento

1962 4116 2256 4190 apostolos
2287 4118 2619 4189 destinavit,
2670 4136 2742 4175 ne
2790 4136 2991 4176 secum
3021 4123 3254 4176 terrena
3282 4125 3601 4193 portarent.

1960 4206 2067 4271 Qui
2090 4206 2246 4263 enim
2268 4208 2491 4264 bonum
2512 4208 2863 4280 quarit,non
2884 4209 2943 4264 in
2966 4208 3377 4279 calceamento,
3411 4211 3511 4266 sed
3545 4210 3604 4266 in

1960 4297 2177 4369 pedum
2197 4295 2502 4353 velocitate
2517 4302 2573 4354 et
2585 4298 2788 4354 decore
2802 4297 3331 4364 laudatur,dicente
3352 4299 3608 4372 Scriptu-

1960 4400 2026 4440 ra
2049 4400 2061 4440 :
2088 4406 2117 4435 «
2140 4384 2325 4448 Quam
2348 4384 2595 4456 speciosi
2636 4385 2811 4456 pedes
2833 4384 3356 4457 evangelizantium
3379 4403 3602 4459 pacem,

1960 4471 2462 4544 evangelizantum
2484 4473 2768 4545 bona(Isa,
2793 4491 2887 4541 LII,
2912 4473 3042 4545 7)!»
3066 4474 3383 4549 Solveergo
3396 4476 3607 4535 calcea-

1882 4587 1928 4654 ι)
1960 4566 2225 4654 mentum
2248 4561 2811 4654 pedum-tuorummt
2831 4563 3077 4635 speciosi
3099 4563 3216 4654 sint
3234 4566 3305 4621 ad
3323 4566 3603 4640 evangeli-

1961 4652 2233 4707 zandum.
2257 4650 2424 4706 Solve
2446 4651 2588 4708 dixit
2610 4652 2801 4722 (Exod,
2827 4669 2906 4718 ιιι,
2930 4654 3008 4724 5),
3033 4670 3149 4709 non
3169 4653 3308 4728 liga.
3333 4655 3517 4722 Solve,
3542 4660 3606 4710 ut

1959 4744 2311 4805 transeas,et
2328 4738 2499 4795 illum
2520 4756 2696 4812 quem
2714 4741 3090 4798 mirabarisin
3104 4747 3319 4799 terram
3332 4743 3601 4814 impium,

1962 4828 2109 4885 nihil
2140 4828 2255 4885 illic
2285 4845 2433 4898 esse,
2467 4829 2613 4885 nihil
2652 4846 2823 4902 posse
2854 4831 3127 4903 reperias.
3163 4834 3370 4889 Transi
3402 4832 3603 4902 igitur,

1962 4917 2071 4972 hoc
2089 4921 2194 4985 est,
2229 4917 2361 4990 fuge
2384 4918 2453 4973 de
2474 4918 2666 4989 terris,
2700 4919 2799 4975 ubi
2832 4920 3055 4975 malitia
3077 4926 3186 4988 est,
3218 4919 3317 4975 ubi
3339 4919 3600 4988 avaritia,

1962 5006 2093 5061 Ideo
2125 5004 2264 5060 dicit
2293 5006 2397 5060 tibi
2434 5006 2607 5062 David
2634 5025 2647 5063 :
2683 5031 2708 5058 ‹‹
2743 5008 2979 5064 Declina
3010 5025 3043 5062 a
3091 5007 3265 5076 malo,
3298 5011 3353 5062 et
3384 5007 3471 5062 fac
3501 5008 3603 5064 ho-

1963 5110 2107 5150 num
2138 5094 2305 5165 (Psal.
2340 5111 2538 5163 xxxnl,
2589 5097 2695 5169 15).
2730 5119 2759 5147 ››
2807 5097 3110 5152 Declinare
3151 5096 3348 5168 fugere
3377 5099 3467 5151 est
3496 5097 3606 5152 uti-

1963 5198 2095 5254 que.
2130 5181 2349 5239 Malum
2398 5189 2594 5241 autem
2643 5185 2701 5239 in
2734 5183 2925 5251 terris,
2976 5186 3195 5239 bonum
3227 5183 3285 5237 in
3317 5182 3460 5239 coelo
3492 5188 3600 5239 est.

1963 5270 2125 5328 Unde
2156 5275 2213 5328 et
2241 5271 2503 5330 addidit:
2537 5296 2566 5325 «
2598 5273 2833 5346 Inquire
2863 5288 3086 5345 pacem,
3120 5276 3175 5327 et
3204 5287 3446 5344 sequere
3474 5288 3605 5329 eam

1960 5418 2240 5473 mortuum
2268 5416 2554 5471 inveniret.

2033 5486 2146 5560 (25)
2175 5485 2301 5541 Vet.
2335 5486 2472 5560 edit.
2499 5502 2565 5541 ac
2586 5501 2730 5541 mss.
2754 5485 2890 5553 duo,
2923 5485 3105 5560 videas
3126 5488 3302 5542 visum
3321 5502 3601 5560 magnum.

1963 5556 2067 5634 Sed
2093 5556 2162 5624 si,
2195 5562 2318 5634 etc;
2335 5556 2527 5634 Ptomﬂ
2639 5599 2653 5612 .
2676 5573 2965 5634 magnum,
2999 5558 3098 5615 hoc
3124 5561 3222 5625 est,
3255 5556 3432 5615 visuni
3458 5577 3605 5634 mys-

1957 5631 2248 5759 ἲἰἔιιῗινιιηη
2281 5627 2384 5687 Sed
2433 5629 2502 5700 si,
2534 5631 2644 5687 etc.
2676 5627 2817 5689 Mss.
2867 5646 3082 5707 magno
3140 5647 3408 5704 numero,
3441 5627 3604 5691 ut'in

2017 5719 2055 5759 ι
2082 5718 2139 5759 ιι.

2017 5718 2117 5761 χιιι
2126 5744 2139 5763 ο
