4122 6146
505 281 617 341 6H

1966 276 2028 335 s.
2079 271 2450 336 AMBROSII
3426 365 3431 371 t
3756 278 3849 342 6e

502 412 706 482 (Ibid)
740 433 767 459 ››
803 411 914 463 Pax
944 409 1002 463 in
1033 408 1177 463 coelo
1209 414 1314 464 est.
1348 408 1607 479 Denique
1629 407 1698 461 de
1740 406 1881 463 ccclo
1911 407 2151 462 veniens
2186 419 2230 473 Α
2336 412 2425 462 28.
2462 408 2568 462 Sed
2606 410 2851 462 fortasse
2883 405 3081 461 dicas:
3133 406 3431 471 Quomodo
3482 422 3607 479 ergo
3634 408 3717 464 hic
3742 412 3854 469 dicit

500 500 674 555 dicit:
730 521 755 547 «
812 498 1017 552 Pacem
1072 514 1262 553 meam
1312 497 1383 552 do
1432 497 1616 565 vobis,
1652 513 1852 568 pacem
1888 495 2154 567 relinquo

497 589 663 644 vobis
694 586 873 659 (Joan.
907 604 1022 653 xxv,
1057 587 1165 657 27).
1204 607 1230 634 »
1264 585 1408 657 Ergo
1457 586 1595 657 quia
1645 585 1921 657 fugienda
1968 589 2025 640 et
2055 585 2154 639 de-

501 677 779 733 clinanda
809 681 951 732 sunt
973 675 1129 731 mala
1155 693 1167 729 :
1203 674 1357 728 mala
1387 680 1583 729 autem
1634 674 1693 729 in
1718 675 1909 740 terris,
1944 674 2002 728 in
2034 680 2153 727 ter-

499 766 580 823 ris
627 766 973 839 iniquitates
1017 783 1029 819 :
1084 764 1382 835 fugiamus
1429 770 1680 821 terrena.
1732 779 1804 818 ne
1853 779 1961 818 nos
1990 779 2154 817 com-

498 855 863 927 prehendant
936 852 1298 923 iniquitates,
1388 869 1515 923 quae
1609 851 1788 906 etiam
1879 855 2151 906 sanctum

497 942 1071 1013 comprehenderunt
1092 940 1295 1007 David,
1322 940 1476 995 sicut
1494 939 1620 1011 ipse
1642 944 1890 995 testatur
1910 940 2109 995 dicens
2136 956 2147 993 :

502 1053 523 1079 «ι
557 1030 1141 1100 Comprehenderunt
1189 1045 1283 1083 me
1331 1028 1674 1100 iniquitates
1724 1046 1883 1091 meae,
1933 1033 1989 1082 et
2037 1045 2149 1083 non

496 1118 659 1190 potui
706 1123 772 1173 ut
801 1118 1053 1172 viderem
1105 1119 1274 1188 (Psal.
1307 1135 1495 1184 xxxrx,
1550 1119 1674 1185 t3):
1715 1139 1741 1165 ››
1774 1134 1838 1173 eo
1870 1118 2021 1189 quod
2057 1119 2152 1171 fu-

495 1222 591 1261 mo
642 1206 971 1278 iniquitatis
1022 1206 1228 1261 oculus
1280 1208 1487 1261 animos
1540 1211 1806 1271 ca‘catur,
1858 1223 1929 1261 ne
1959 1207 2150 1260 videat

493 1312 620 1366 quas
669 1302 810 1350 sunt
857 1296 1072 1350 lucida.
1126 1296 1217 1348 Sic
1267 1312 1403 1363 ergo
1453 1300 1505 1348 et
1540 1295 1735 1349 Lahan
1789 1296 1937 1348 bona
1969 1294 2148 1348 Jacob

492 1384 684 1438 videre
708 1401 820 1439 non
856 1385 1066 1456 potuit,
1093 1390 1147 1437 et
1172 1384 1443 1455 princeps
1465 1384 1644 1453 hujus
1669 1384 1870 1437 mundi
1898 1382 2143 1453 gloriam

424 1530 425 1537 η
500 1471 737 1529 Christi.

558 1562 648 1615 26.
682 1561 793 1616 Sed
844 1561 989 1615 forte
1040 1562 1200 1615 dicas
1230 1580 1240 1614 :
1276 1562 1393 1615 Cur
1423 1560 1602 1632 igitur
1630 1561 1809 1615 Jacob
1843 1560 1914 1614 ad
1950 1561 2143 1614 Laban

492 1649 715 1704 missus
763 1654 874 1715 est,
926 1650 973 1703 si
1027 1650 1223 1704 Laban
1274 1648 1797 1720 reprehensibilis?
1828 1648 1883 1703 Si
1934 1666 2144 1702 nomen

492 1739 954 1805 consideremus,
1007 1738 1295 1793 candidus
1344 1738 1560 1792 dicitur
1588 1738 1788 1792 Latine
1828 1738 1959 1806 (26).
1998 1738 2144 1805 Ergo

492 1827 565 1881 ad
615 1826 1016 1897 splendidiora
1054 1827 1299 1894 jubetur
1344 1827 1536 1898 egredi
1584 1827 1780 1881 Jacob.
1848 1826 1957 1880 Sed
2008 1826 2145 1898 quia

493 1915 646 1971 429
678 1914 931 1969 carnalis
953 1919 1095 1979 erat,
1119 1915 1333 1970 melius
1356 1914 1741 1987 intelligimus
1790 1914 2144 1986 splendidio-

490 2020 557 2058 ra
586 2004 715 2058 vitze
746 2004 946 2075 hujus.
981 2004 1153 2069 Quasi
1209 2005 1466 2058 nondum
1521 2004 1808 2075 perfectus
1853 2004 2037 2074 primo
2069 2004 2141 2058 ad

490 2108 624 2147 eum
646 2093 826 2156 vadit,
852 2093 1005 2163 apud
1037 2109 1210 2162 quem
1245 2093 1312 2147 ad
1350 2092 1551 2147 horam
1577 2091 1891 2146 exsultaret
1920 2092 1979 2145 in
2016 2091 2141 2147 luce

492 2181 641 2250 ejus.
703 2180 879 2235 Filios
936 2186 1130 2234 autem
1190 2180 1502 2235 deteriores
1559 2181 1830 2247 habebat,
1892 2181 1947 2234 id
2030 2186 2136 2248 est,

488 2269 852 2324 tolerabilius
886 2286 1118 2333 nomen,
1157 2287 1333 2341 quam
1366 2287 1558 2341 opera.
1598 2270 1660 2323 Et
1689 2270 1816 2324 ideo
1849 2278 1906 2323 et
1938 2270 2139 2323 matris

491 2358 754 2423 consilio,
789 2363 845 2412 et
875 2358 1069 2412 divino
1104 2358 1360 2421 oraculo,
1393 2364 1449 2412 et
1496 2359 1683 2429 ipsius
1707 2359 1884 2414 Jacob
1918 2364 2140 2413 amato-

492 2445 572 2501 ris
603 2445 927 2517 disciplima
957 2445 1258 2501 voluntate
1289 2446 1402 2501 cito
1436 2447 1723 2502 deseritur
1762 2464 1828 2501 ac
1858 2446 2139 2519 relinqui-

494 2539 609 2588 tur.

559 2624 647 2677 27.
683 2624 1005 2679 Abscondit
1054 2629 1249 2679 autem
1302 2624 1620 2679 simulacra
1667 2630 1871 2679 sancta
1902 2624 2135 2691 Rachel,

491 2710 547 2765 id
572 2716 678 2775 est,
731 2712 1005 2779 Ecclesia,
1060 2712 1143 2767 vel
1194 2713 1526 2783 prudentia,
1559 2714 1698 2783 quia
1726 2713 1982 2767 Ecclesia
2012 2712 2138 2766 ina-

492 2817 594 2855 nes
625 2801 806 2865 ideas,
859 2807 914 2856 et
945 2818 1123 2856 vanas
1174 2803 1357 2855 nescit
1394 2801 1842 2856 simulacrorum
1878 2802 2133 2871 figuras:

496 2888 596 2942 sed
627 2905 821 2943 veram
856 2889 1014 2943 novit
1039 2889 1344 2944 Trinitatis
1402 2890 1816 2944 substantiam.
1877 2890 2137 2960 Denique

493 2976 763 3029 umbram
788 2975 1055 3041 abolevit,
1089 2976 1459 3047 splendorem
1491 2976 1686 3049 gloriae
1719 2977 2133 3032 manifestavit.

492 3062 917 3136 Relinquamus
947 3082 1085 3135 ergo
1109 3066 1405 3133 umbram,
1441 3066 1538 3138 qui
1572 3065 1749 3121 solem
1777 3066 2132 3137 quaerimus:

489 3154 830 3208 deseramus
888 3153 1139 3222 fumum,
1175 3155 1275 3225 qui
1320 3154 1519 3210 lumen
1551 3156 1878 3227 sequimur.
1914 3156 2133 3212 Fumus

486 3241 770 3313 iniquitas
817 3247 943 3298 est:
969 3242 1104 3314 quia
1134 3243 1286 3298 sicut
1316 3244 1513 3299 fumus
1545 3244 1749 3312 oculis,
1800 3245 1881 3299 sic
1915 3246 2133 3317 iniqui-

488 3336 636 3385 tates
668 3331 969 3386 utentibus
1028 3349 1095 3386 ea
1151 3331 1287 3387 vita.
1351 3332 1568 3389 Umbra
1614 3333 1732 3389 vita
1763 3339 1889 3388 est:
1926 3335 2135 3389 umbra

487 3419 644 3474 enim
678 3419 786 3490 (‘27)
835 3424 924 3475 est
975 3425 1174 3474 nostra
1222 3419 1342 3474 haec
1371 3422 1490 3475 vita
1531 3422 1588 3476 in
1624 3425 1793 3487 terra,
1829 3422 1979 3476 sicut
2024 3423 2134 3478 Job

489 3506 634 3563 dixit
664 3506 778 3577 (Job
809 3524 930 3576 vzu,
962 3508 1037 3578 9).
1072 3508 1216 3573 Quid
1271 3508 1511 3581 insuper
1559 3508 1651 3565 hic
1701 3510 1813 3565 nisi
1865 3511 2130 3566 tentatio-

491 3596 640 3652 nes?
671 3596 851 3651 Omne
884 3604 1115 3667 tempus
1148 3597 1205 3651 in
1257 3597 1670 3659 sollicitudine,
1703 3600 1898 3654 omnis
1927 3600 2045 3654 vita
2076 3599 2132 3654 in

490 3685 795 3740 molestiis.
832 3707 859 3736 «
894 3686 955 3739 In
988 3686 1197 3753 medio,
1229 3686 1445 3757 inquit,
1478 3688 1822 3758 laqueorum
1867 3688 2131 3743 ambula-

491 3774 815 3844 mus(Erclt'.
841 3790 915 3839 IX,
939 3774 1049 3843 20).
1088 3796 1113 3820 ι)
1146 3774 1215 3828 Et
1246 3773 1397 3829 alius
1428 3774 1485 3828 in
1509 3775 1601 3829 via
1623 3791 1740 3845 qua
1768 3775 2129 3843 ambulabat,

489 3867 752 3917 extentos
781 3862 891 3916 sibi
926 3864 1024 3916 sed
1083 3862 1458 3917 absconditos
1509 3862 1750 3934 laqueos
1782 3864 2135 3934 querebatur

488 3951 658 4018 (Psal.
719 3967 866 4015 cxu,
925 3952 1002 4020 4),
1062 3967 1132 4005 ne
1163 3951 1563 4023 deprehensus
1612 3953 1858 4008 caderet.
1892 3952 2134 4008 Volebat

488 4040 685 4112 fugere
715 4041 869 4095 sicut
899 4056 1133 4110 passer:
1169 4040 1270 4094 sed
1322 4040 1514 4095 adhuc
1563 4038 1806 4111 laqueus
1848 4041 2131 4097 contritus

489 4147 601 4183 non
657 4135 797 4183 erat.
859 4152 885 4179 ‹‹
947 4129 1143 4194 Periit,
1202 4129 1409 4200 inquit,
1473 4130 1671 4200 fugaa
1720 4146 1812 4185 me
1843 4130 2043 4200 (112221.).
2102 4154 2130 4181 »

487 4218 765 4273 Gravatas
813 4217 1065 4272 habebat
1111 4234 1333 4289 pennas
1372 4234 1476 4289 per
1534 4218 1695 4273 illam
1760 4223 2131 4276 tenebrosam

487 4323 699 4377 aquam
731 4306 790 4360 in
840 4306 1099 4362 nubibus
1147 4307 1319 4367 aeris,
1369 4312 1427 4361 et
1474 4307 1719 4363 fortasse
1748 4307 1974 4362 evolare
2014 4326 2129 4364 non

487 4399 732 4466 poterat.
786 4394 1039 4466 Denique
1083 4395 1217 4450 illas
1266 4411 1486 4465 pennas
1519 4396 1814 4467 quaerebat
1846 4397 2127 4468 accipere,

2265 497 2462 569 fugam
2513 513 2547 550 a
2605 512 2665 551 se
2722 495 2983 567 periisse,
3018 494 3115 567 qui
3175 511 3354 565 supra
3411 494 3673 553 dixerat:
3731 521 3756 549 ‹‹
3801 501 3845 555 si

2266 602 2575 657 sumpsero
2600 601 2823 657 pennas
2871 600 3034 638 meas
3064 588 3196 639 ante
3228 583 3415 640 lucem
3439 584 3602 655 (Psal.
3632 602 3855 659 cxxxvm,

2266 674 2369 742 9)?
2402 696 2431 723 «
2461 672 2759 745 Numquid
2784 672 3140 728 contrarium
3166 673 3300 727 est?
3332 673 3513 728 Absit.
3545 674 3713 731 Multa
3732 677 3859 733 enim

2257 762 2555 833 justorum
2582 761 2920 816 certamina.
2951 760 3249 832 Numquid
3276 763 3451 817 semel
3479 761 3683 818 athleta
3707 764 3859 821 lucta-

2266 857 2364 907 tur
2382 851 2410 905 ?
2458 851 2695 916 Quoties
2743 854 2877 922 post
2905 866 3151 905 coronas
3183 849 3401 905 multas
3421 850 3665 907 vincitur
3688 852 3742 908 in
3770 853 3861 911 alio

2262 939 2619 995 certamine!
2672 939 2910 1004 Quoties
2958 939 3058 1010 qui
3126 955 3276 1009 saepe
3326 939 3558 1005 vicerat,
3605 941 3859 997 interdum

2262 1029 2532 1093 ﬂuctuat,
2583 1032 2638 1082 et
2684 1027 2908 1083 incerto
2938 1027 3151 1083 haeret!
3189 1028 3259 1083 Et
3289 1045 3439 1098 saepe
3467 1029 3532 1083 fit
3561 1033 3622 1083 ut
3648 1029 3861 1086 fortibus

2264 1116 2428 1171 fortis
2452 1116 2883 1187 congrediatur,
2916 1117 3256 1188 majoraque
3277 1117 3541 1171 oriantur
3561 1119 3860 1185 certamina,

2262 1205 2360 1259 ubi
2404 1206 2627 1276 majora
2658 1204 2869 1259 virium
2898 1205 3269 1261 documenta.
3302 1207 3450 1277 Ergo
3473 1206 3641 1261 David
3676 1207 3762 1262 ubi
3789 1208 3862 1262 fu-

2261 1310 2394 1366 gam
2429 1294 2744 1365 quaerebat,
2808 1298 2870 1347 ut
2927 1294 3193 1349 evaderet
3250 1294 3664 1360 adversarium,
3694 1301 3743 1352 et
3768 1313 3863 1351 non

2260 1382 2592 1436 inveniebat
2616 1399 2837 1452 pennas
2862 1382 3265 1453 suas,ancipiti
3288 1382 3603 1438 fluctuabat
3632 1384 3865 1439 certami-

2258 1487 2348 1525 ne.
2384 1470 2686 1541 Siquidem
2720 1470 2816 1523 ubi
2868 1469 2925 1524 in
2959 1476 3241 1541 potestate
3284 1470 3458 1525 habet
3489 1488 3699 1542 pennas
3726 1489 3860 1539 suas,

2258 1558 2465 1613 titulus
2496 1557 2707 1629 psalmi
2744 1578 2771 1606 ‹‹
2804 1558 2860 1611 in
2913 1560 3088 1613 ﬁnem
3124 1580 3150 1607 ››
3183 1563 3273 1613 est
3322 1559 3491 1628 (Psal.
3521 1563 3789 1632 CXXXVIII),
3818 1560 3863 1615 id

2255 1653 2345 1702 est
2374 1648 2443 1701 ad
2476 1646 2889 1718 perfectionem
2945 1650 3000 1701 et
3029 1646 3594 1703 consummationem
3624 1649 3862 1704 victoria.

2176 1775 2221 1838 Β
2256 1736 2519 1806 Denique
2550 1735 2715 1806 quasi
2742 1735 2924 1789 victor
2944 1735 3124 1791 dicit:
3161 1757 3188 1783 «
3219 1736 3485 1800 Domine,
3519 1737 3762 1808 probasti
3789 1753 3864 1792 me

2254 1831 2309 1881 et
2340 1823 2661 1897 cognovisti
2708 1839 2838 1878 me:
2871 1828 2932 1877 tu
2986 1824 3303 1896 cognovisti
3335 1825 3651 1881 sessionem
3681 1843 3863 1893 meam,

2252 1919 2309 1969 et
2339 1913 2820 1968 resurrectionem
2856 1929 3045 1968 meam
3079 1914 3235 1983 (Ibid.
3289 1914 3342 1981 4,
3370 1916 3451 1981 2).
3485 1937 3512 1963 »
3567 1915 3755 1970 Merito
3782 1915 3866 1969 ha-

2253 2002 2427 2057 bebat
2458 2001 2791 2055 facultatem
2842 2000 3096 2067 volandi,
3138 2001 3236 2073 qui
3268 2018 3497 2073 pennas
3527 2004 3864 2059 resurrectio-

2252 2091 2345 2145 nis
2395 2093 2712 2159 acceperat.
2766 2089 2868 2143 HIC
2917 2094 3112 2144 autem
3161 2089 3348 2145 adhuc
3388 2091 3449 2146 in
3484 2091 3751 2164 spelunca
3776 2095 3865 2156 est,

2252 2178 2310 2232 id
2343 2183 2430 2233 est
2464 2179 2517 2232 in
2552 2195 2742 2242 carne,
2796 2178 2853 2231 in
2887 2183 3053 2233 antro
3106 2180 3361 2251 quodam
3412 2181 3588 2238 istius
3617 2179 3864 2252 corporis,

2252 2285 2383 2323 cum
2420 2284 2550 2337 rege
2598 2266 2732 2323 Saul
2786 2267 2905 2320 filio
2956 2268 3204 2331 duritia},
3236 2272 3293 2324 et
3324 2269 3708 2343 intelligibilis
3734 2268 3867 2323 illius

2252 2356 2533 2428 principis
2556 2359 2837 2427 potestate
2870 2356 3207 2423 decernens,
3241 2358 3339 2428 qui
3377 2375 3496 2413 non
3518 2359 3757 2423 videtur,
3784 2356 3865 2413 sed

2251 2444 2614 2517 intelligitur.
2667 2444 2829 2500 Unde
2877 2450 2934 2499 et
2983 2444 3197 2516 psalmi
3246 2446 3481 2515 titulus,
3512 2446 3865 2503 intellectus»

2250 2538 2338 2589 est
2368 2533 2538 2604 (Psal.
2594 2551 2704 2599 Liv,
2756 2533 2828 2603 1),
2881 2550 3054 2604 quem
3104 2539 3298 2590 tamen
3340 2535 3535 2599 David
3585 2536 3793 2608 positus
3820 2534 3865 2588 in

2250 2638 2423 2677 carne
2497 2620 2839 2676 conclusit:
2897 2623 2997 2676 sed
3057 2627 3122 2677 ut
3195 2623 3576 2680 concluderet
3648 2622 3870 2696 rogando

2250 2709 2480 2764 meruit.
2516 2710 2779 2780 Denique
2812 2727 2845 2765 a
2875 2727 3011 2771 voce
3044 2712 3397 2782 precationis
3424 2714 3615 2785 coepit.

2316 2799 2406 2852 29.
2440 2798 2603 2852 Adde
2633 2797 2800 2863 illud,
2835 2800 2990 2869 quod
3024 2798 3120 2854 ille
3174 2816 3242 2854 ex
3292 2817 3552 2872 persona
3584 2798 3868 2857 Salvatoris

2248 2886 2510 2957 psalmus
2543 2886 2755 2942 dicitur
2778 2904 2790 2951 ;
2814 2886 2924 2942 iste
2945 2904 3012 2941 ex
3036 2904 3283 2959 persona
3307 2890 3617 2963 David,qui
3651 2890 3708 2944 in
3735 2887 3866 2944 480

2247 2980 2529 3047 potestate
2577 2992 2691 3030 non
2743 2975 2997 3031 habebat
3045 2976 3369 3043 victoriam,
3408 2981 3513 3035 sed
3568 2977 3873 3050 sperabata

2245 3065 2510 3131 Christo;
2562 3071 2619 3119 et
2667 3064 2792 3136 ipse
2840 3069 3036 3120 tamen
3096 3072 3482 3139 posteaquam
3525 3065 3788 3140 expandit
3812 3063 3869 3118 ad

2165 3140 2207 3205 C
2244 3155 2428 3209 Deum
2459 3170 2671 3209 manus
2703 3171 2862 3219 suas,
2894 3158 3176 3226 tanquam
3228 3172 3460 3226 pennas
3505 3156 3707 3214 animae
3751 3169 3874 3220 suae,

2244 3247 2299 3297 et
2331 3243 2591 3314 confugit
2622 3243 2693 3297 ad
2724 3243 3062 3308 Dominum,
3117 3249 3172 3298 et
3203 3243 3465 3316 Spiritus
3504 3245 3689 3301 sancti
3720 3242 3876 3298 dedu-

2242 3332 2487 3386 ctionem
2525 3332 2807 3402 poposcit,
2842 3347 2958 3402 quo
2990 3337 3366 3404 cognosceret
3398 3334 3556 3390 viam
3588 3350 3687 3407 per
3715 3345 3871 3404 quam

2242 3423 2440 3491 posset
2467 3420 2802 3487 ascendere,
2835 3419 3106 3475 inclinari
3132 3420 3273 3475 vidit
3303 3422 3510 3488 caelos,
3538 3428 3604 3477 ut
3627 3421 3870 3477 Christus

2243 3508 2637 3570 descenderet,
2670 3513 2727 3562 et
2756 3508 2981 3577 rogavit
3030 3513 3094 3563 ut
3124 3525 3256 3563 eum
3291 3508 3517 3566 levaret
3555 3526 3730 3565 manu
3758 3522 3870 3563 sua.

2242 3603 2359 3652 Aut
2392 3599 2537 3651 forte
2586 3598 2716 3651 ideo
2764 3613 2988 3668 pennas
3036 3614 3174 3653 suas
3213 3600 3339 3668 jam
3393 3617 3514 3655 non
3580 3597 3876 3671 quaerebat,

2243 3687 2381 3758 quia
2428 3686 2736 3757 perfectior
2787 3686 2974 3741 factus
3031 3703 3273 3741 manum
3321 3688 3544 3743 Christi
3603 3686 3875 3743 desidera-

2243 3776 2361 3831 bat.

2311 3866 2399 3920 30.
2433 3864 2538 3928 Qui
2570 3863 2693 3918 vult
2722 3864 2903 3935 igitur
2923 3881 3101 3920 manu
3126 3864 3335 3919 Christi
3372 3866 3579 3928 levari,
3614 3869 3742 3919 ante
3771 3861 3878 3933 ipse

2242 3954 2445 4019 evolet,
2498 3953 2709 4007 habeat
2757 3969 2979 4024 pennas
3029 3971 3186 4009 suas.
3238 3954 3345 4020 Qui
3403 3956 3559 4026 tugit
3601 3950 3879 4011 saeculum,

2240 4058 2463 4112 pennas
2509 4041 2755 4107 habeat;
2790 4045 2847 4096 et
2888 4041 2935 4096 si
2971 4059 3109 4097 suas
3140 4060 3254 4098 non
3286 4042 3471 4099 habet
3501 4048 3603 4114 (ne
3634 4043 3773 4097 forte
3800 4035 3882 4091 ille

2241 4130 2403 4186 solus
2452 4130 2663 4185 habeat
2708 4146 2847 4185 suas
2896 4131 3009 4203 (28)
3042 4131 3141 4203 qui
3190 4135 3551 4203 potestatem
3601 4132 3775 4188 habet
3799 4142 3883 4180 v0-

2242 4218 2423 4286 landi)
2456 4219 2504 4274 si
2535 4235 2692 4285 suas,
2727 4219 2992 4290 inquam,
3026 4237 3141 4275 non
3166 4219 3450 4289 habet,ab
3473 4237 3544 4276 eo
3575 4218 3674 4292 qui
3707 4215 3881 4271 habet.

2240 4307 2506 4379 accipiat.
2542 4307 2649 4372 Qui
2700 4306 2851 4379 fugit
2898 4324 3033 4381 ergo
3084 4307 3389 4371 saeculum.
3425 4309 3631 4365 volat:
3662 4331 3689 4356 ‹‹
3742 4305 3886 4365 Ecce,

2240 4396 2451 4468 inquit,
2499 4394 2764 4468 elongavi
2814 4396 3064 4467 fugiens,
3117 4401 3173 4451 et
3219 4398 3413 4453 mansi
3472 4398 3533 4452 in
3593 4391 3889 4452 solitudine

486 4487 553 4538 ut
583 4483 834 4538 evolaret
888 4483 1405 4555 et_requiesceret.
1467 4485 1621 4539 sicut
1679 4485 1965 4557 scriptum
2001 4494 2128 4542 est:
2167 4506 2211 4569 Ι)
2243 4485 2413 4555 (Psal.
2448 4502 2533 4538 Liv
2563 4486 2637 4555 8).
2674 4506 2702 4535 ››
2735 4483 2991 4540 Evolavit
3023 4501 3158 4558 ergo
3207 4486 3390 4541 David
3450 4487 3616 4541 sicut
3656 4479 3889 4556 nyctico-

487 4595 513 4621 ‹‹
550 4571 690 4637 Quis
724 4571 883 4628 dabit
915 4571 1057 4626 mihi
1091 4588 1314 4643 pennas
1348 4572 1500 4627 sicut.
1552 4572 1857 4637 columbae,
1889 4580 1945 4629 et
1974 4576 2132 4631 vola-

486 4660 580 4727 bo,
611 4665 667 4715 et
699 4660 1061 4732 requiescam
1097 4661 1265 4729 (Psal.
1302 4677 1407 4725 LIV,
1439 4662 1543 4731 7)?
1574 4684 1600 4710 ‹‹
1651 4662 1754 4717 Ubi
1787 4663 1943 4717 enim
1976 4665 2130 4719 vola-

484 4754 604 4814 tus,
656 4749 735 4803 ibi
768 4749 1019 4820 requies.
1054 4747 1314 4819 Denique
1344 4747 1481 4803 alibi
1515 4749 1689 4805 dicit:
1727 4774 1752 4799 ‹‹
1786 4752 1839 4805 Si
1875 4752 2130 4808 dormia-

484 4837 560 4893 tis
592 4836 743 4893 inter
773 4838 998 4892 medios
1029 4834 1234 4901 cleros,
1295 4853 1495 4908 pennae
1535 4837 1814 4894 columba:
1846 4840 2129 4913 deargen-

485 4930 618 4981 tataa
653 4928 822 4997 (Psal.
860 4943 1028 4993 van,
1068 4927 1173 4997 tit).
1210 4948 1237 4974 »

547 5163 652 5221 (27)
740 5162 849 5210 Τόδ⁹
931 5160 1080 5217 ἐστὶν,
1146 5159 1209 5218 εἰς
1269 5158 1352 5217 τᾶς
1428 5162 1514 5208 τοῦ

486 5238 702 5304 ᾳφίξετάι
730 5255 741 5267 ·
774 5240 948 5298 λευκὸς
975 5241 1070 5304 γὰρ
1102 5240 1451 5304 ἑρμηννέυεται
1480 5240 1658 5289 Λάὸαν.
1710 5232 1869 5287 Philo
1929 5233 2029 5288 lib.
2071 5234 2136 5290 de

486 5302 763 5375 Profugis,
824 5302 1064 5375 quicum
1124 5302 1337 5358 multos
1379 5303 1558 5373 hujus
1632 5307 1915 5359 tractatus
1973 5305 2133 5360 locos

487 5372 750 5445 conferre
780 5372 963 5445 operae
997 5376 1245 5444 pretium
1281 5379 1387 5428 est.

558 5441 669 5511 (27)
702 5441 838 5499 Mss:
876 5441 1297 5515 propemodum
1351 5462 1554 5501 omnes
1586 5446 1670 5503 sic
1712 5445 1944 5501 habent.
1982 5448 2132 5501 Edit.

487 5514 680 5595 autem
737 5522 901 5595 veta“
929 5514 1205 5573 utentibus
1264 5532 1339 5595 ea,
1382 5519 1577 5595 umbra
1608 5526 1687 5574 est
1745 5521 1890 5595 citae.
1938 5519 2138 5595 Umbra

484 5584 647 5653 enim,
698 5587 805 5644 etc.
860 5584 1026 5643 Rom.
1078 5603 1234 5656 vero,
1282 5590 1562 5648 utentibus
1609 5606 1695 5649 ea.
1747 5591 1943 5650 Umbra
1971 5592 2138 5653 etiam

1609 5159 1709 5223 βίον
1787 5161 2134 5225 λαμπρότητας

2244 4590 2344 4627 rax
2371 4574 2428 4626 in
2462 4572 2780 4639 domicilio,
2816 4573 2968 4629 sicut
3016 4591 3221 4647 passer
3258 4574 3594 4647 singularis
3626 4574 3686 4628 in
3713 4572 3888 4626 domo.

2243 4661 2303 4716 Si
2336 4665 2529 4716 autem
2561 4662 2629 4716 ad
2659 4661 2957 4716 Christum
2990 4662 3227 4730 referas,
3260 4661 3522 4718 evolavit
3553 4663 3615 4717 in
3650 4654 3892 4731 corporis

2244 4749 2532 4821 passione,
2567 4753 2631 4803 ut
2660 4750 2769 4805 sub
2801 4750 3010 4805 umbra
3039 4749 3265 4805 alarum
3288 4767 3547 4806 suarum
3585 4742 3896 4823 protegeret

2243 4838 2493 4909 populos
2515 4837 2842 4892 nationum.
2876 4838 3133 4894 Evolavit
3157 4839 3492 4899 divinitate,
3530 4836 3755 4894 mansit
3781 4844 3895 4887 cor-

2244 4945 2402 4999 pore,
2435 4932 2610 4997 atque
2662 4927 2945 4983 habitavit
2972 4928 3033 4982 in
3060 4930 3325 4993 deserto;
3359 4933 3432 4983 ut
3466 4928 3673 4999 plures
3706 4920 3894 4978 tierent

2243 5019 2482 5071 deserta
2514 5015 2637 5081 ﬁlii,
2677 5032 2856 5087 quam
2888 5017 3017 5087 ejus
3050 5034 3173 5089 quae
3215 5016 3479 5071 habebat
3509 5016 3728 5070 virum.
3762 5002 3893 5065 Illud

2242 5163 2319 5215 est
2351 5167 2533 5213 nostra
2566 5159 2683 5215 haec
2712 5162 2845 5225 vita,
2876 5164 2984 5215 etc.
3446 5212 3453 5219 .

2316 5232 2426 5357 E28)
2460 5231 2608 5285 Edit.
2646 5236 2755 5285 vet.
2791 5235 2865 5312 .et
2917 5232 3184 5314 qua‘dam
3234 5231 3449 5296 Paris.,
3484 5229 3588 5284 ille
3624 5224 3770 5322 ξοὶυξ
3798 5229 3891 5299 νζθη

2351 5311 2438 5357 eat
2466 5318 2613 5357 suas.
2674 5301 2880 5357 Melius
2939 5303 3064 5357 alia:
3123 5320 3255 5357 cum
3290 5318 3443 5357 mss.
3478 5297 3779 5355 omnibus.
3811 5287 3891 5357 1114}

2244 5287 2438 5357 haheat
2466 5318 2613 5357 suas.
2674 5301 2880 5357 Melius
2934 5287 3064 5358 alia:
3123 5320 3255 5358 cum
3290 5287 3448 5357 mss:
3478 5297 3779 5371 omnibus3
3811 5287 3895 5366 ille}

2243 5375 2389 5429 solus
2436 5374 2634 5429 habeat
2679 5390 2843 5437 suas;
2888 5375 3122 5430 videtur
3173 5374 3324 5431 enim
3362 5389 3473 5437 per
3503 5371 3634 5425 hmo
3663 5364 3893 5420 indicari

2247 5445 2437 5529 solum
2471 5445 2769 5529 Christum
2803 5447 3070 5529 preprias
3101 5462 3323 5517 pennas
3369 5439 3599 5529 habere
3624 5439 3892 5529 :jcazlgffg

2246 5522 2445 5590 autem
2462 5515 2701 5590 alienis
2755 5507 2985 5590 pennis,
3039 5507 3146 5574 hoc
3194 5524 3302 5587 est,
3348 5519 3597 5588 accepto
3629 5507 3892 5567 divini“!s

2249 5587 2514 5651 subsidio
2544 5587 2826 5664 indigere.
