4012 6192
216 385 323 444 613

1405 384 1637 447 LIBER
1681 382 1782 447 DE
1832 384 2040 450 FUGA
2086 384 2409 448 SECULI.

3492 387 3610 448 6H

214 532 341 589 ergo
379 531 593 588 corpus
642 527 982 587 sequamur,
1044 519 1109 572 ut
1166 532 1272 573 nos
1306 532 1705 590 resurgamus.
1740 518 1844 574 Ubi
1877 521 1925 586 Α
1960 523 2083 574 cata
2116 517 2486 573 redimuntur
2512 535 2533 581 ;
2565 518 2663 573 sed
2699 516 2752 571 in
2786 518 2942 573 bona
2971 517 3087 573 vita
3126 518 3355 574 Domini
3424 521 3614 594 gratia

214 603 357 661 enim
391 621 625 677 corpus,
657 603 736 659 ibi
770 608 827 660 et
857 604 1087 677 aquilas.

276 694 362 749 31.
392 694 501 758 Qui
533 711 649 750 non
691 698 881 766 potest
911 698 975 749 ut
1034 694 1232 767 aquila
1259 693 1471 764 volare,
1531 695 1730 751 volitet
1785 700 1851 750 ut

209 799 423 856 passer.
457 783 563 847 Qui
594 799 709 838 non
740 788 931 855 potest
953 783 1023 838 ad
1058 782 1267 838 coelum
1315 783 1529 854 volare,
1578 783 1733 841 volet
1776 785 1848 840 ad

209 876 456 939 montes,
478 871 662 944 fugiat
690 876 824 928 ante
844 871 1157 942 vallestria,
1183 889 1311 945 quae
1337 873 1449 930 cito
1471 891 1854 947 corrumpun-

207 965 298 1017 tur
343 961 611 1027 humore,
644 965 702 1016 et
732 961 802 1016 ad
854 965 1081 1017 montes
1132 965 1414 1019 transeat.
1446 963 1738 1019 Transivit
1780 963 1852 1019 ad

207 1054 466 1106 montem
486 1054 664 1123 Segor
693 1066 875 1123 nepos
907 1050 1170 1120 Abrahae,
1200 1055 1257 1107 et
1286 1051 1482 1108 salvus
1515 1054 1703 1109 factus
1731 1057 1850 1108 est:

206 1156 328 1212 quae
360 1143 559 1195 autem
591 1155 706 1194 non
738 1139 929 1211 potuit
978 1141 1294 1196 ascendere
1343 1141 1554 1197 affectu
1602 1140 1854 1197 femineo

203 1226 506 1295 reclinata,
539 1227 789 1284 salutem
820 1228 1035 1285 amisit.
1070 1251 1099 1280 «
1131 1228 1611 1303 Appropinquate
1642 1230 1856 1286 monti-

200 1317 312 1373 bus
342 1316 458 1389 (‘29)
499 1316 751 1385 aeternis,
805 1338 834 1366 »
880 1316 1357 1373 Dominusdicit
1404 1334 1508 1391 per
1553 1318 1853 1376 Michzeam

199 1404 587 1478 prophetam:
622 1428 649 1455 ‹‹
683 1404 915 1477 Surgite
944 1405 1102 1476 hinc,
1136 1405 1275 1479 quia
1303 1422 1419 1462 non
1450 1413 1541 1463 est
1568 1406 1731 1463 vobis
1762 1406 1857 1462 hic

199 1493 587 1565 refrigeratio.
618 1497 864 1566 Propter
891 1494 1232 1566 spurcitiam
1264 1495 1519 1567 corrupti
1551 1496 1692 1551 estis
1724 1513 1855 1552 cor-

198 1582 496 1653 ruptione,
546 1582 1011 1653 persecutionem
1063 1582 1224 1656 passi
1273 1584 1419 1641 estis
1458 1585 1637 1657 (Mich.
1690 1602 1751 1652 ιι,
1799 1585 1855 1652 9,

202 1672 311 1743 10).
348 1692 377 1720 ››
412 1671 479 1725 Et
506 1670 790 1726 Dominus
823 1670 961 1727 dicit
990 1689 1003 1725 :
1028 1694 1056 1721 ‹‹
1077 1672 1242 1729 'I‘unc
1273 1673 1370 1745 qui
1405 1673 1460 1727 in
1493 1673 1697 1729 Judzea
1718 1680 1856 1729 sunt

197 1759 429 1833 fugient
459 1758 530 1814 ad
565 1762 793 1814 montes
824 1761 955 1831 (Luc
980 1777 1094 1828 xxx,
1125 1761 1240 1833 2i),
1279 1785 1300 1813 ι
1341 1760 1437 1816 ubi
1470 1779 1640 1817 mons
1691 1762 1850 1829 Sion,

198 1856 253 1904 et
284 1847 492 1904 civitas
523 1848 684 1920 pacis
735 1848 1064 1904 Jerusalem
1114 1865 1231 1905 non
1284 1851 1531 1906 terrenis
1579 1852 1679 1907 sed
1713 1852 1856 1907 vivis
1889 1881 1935 1945 Β

199 1941 543 1993 constructa
570 1935 889 2009 lapidibus,
923 1941 979 1992 et
1008 1938 1208 1995 decem
1259 1938 1444 1995 millia
1492 1940 1855 2013 angelorum,

200 2025 638 2098 primitivorum
718 2025 999 2093 Ecclesia,
1102 2028 1492 2099 perfectorum
1576 2028 1856 2101 spiritus,

194 2116 499 2186 justorum
530 2114 707 2180 Deus,
742 2115 840 2187 qui
874 2115 931 2170 in
967 2117 1254 2189 sanguine
1284 2133 1390 2173 suo
1434 2116 1645 2173 melius
1696 2118 1856 2174 locu-

200 2208 301 2259 tus
324 2211 413 2259 est
437 2219 614 2275 quam
632 2202 790 2259 Abel.
813 2203 914 2259 llle
934 2204 1091 2260 enim
1113 2205 1425 2261 vindictam
1448 2205 1742 2275 clamavit,
1766 2206 1859 2261 hic

201 2291 634 2365 indulgentiam
662 2311 675 2348 :
708 2292 806 2347 ille
836 2298 1138 2364 peccatum
1178 2293 1375 2350 fratris
1405 2296 1719 2365 accusavit,
1766 2296 1860 2350 hic

204 2386 513 2452 peccatum
572 2382 778 2436 mundi
826 2382 1089 2438 remisit:
1150 2382 1246 2439 ille
1305 2383 1561 2456 prodidit
1615 2384 1859 2450 crimen,

202 2471 300 2527 hic
348 2472 489 2527 texit
537 2472 863 2527 secundum
914 2472 1067 2544 quod
1122 2472 1404 2545 scriptum
1453 2479 1584 2530 est:
1636 2498 1662 2524 ‹‹
1701 2474 1863 2530 Beati

201 2577 457 2634 quorum
489 2564 643 2617 tecta
672 2566 811 2616 sunt
840 2565 1079 2633 peccata
1098 2562 1271 2634 (Psal.
1295 2577 1448 2633 xxxt,
1480 2562 1554 2635 l).
1589 2586 1609 2612 ι

827 2712 1062 2769 CAPUT
1099 2714 1192 2770 Vl.

198 2818 351 2886 Quia
378 2819 595 2874 ratione
637 2820 735 2890 qui
785 2819 913 2893 uelit
944 2821 1180 2893 fugere,_
1202 2836 1327 2876 eum
1373 2822 1863 2893 velociterfugere

268 2894 558 2974 oporteat:
600 2906 706 2974 quo
750 2892 918 2974 eam
953 2891 1280 2974 fugiendum
1320 2895 1438 2974 fit;
1487 2897 1541 2948 et
1587 2891 1681 2949 ad'
1722 2891 1861 2965 quod

272 2962 482 3016 bonum
519 2962 738 3016 animas
768 2966 984 3017 nostras
1012 2965 1219 3034 erigere
1246 2963 1556 3019 debeamus.

271 3095 368 3150 32.
400 3094 508 3150 Sed
542 3094 643 3167 qui
678 3094 826 3168 fugit
852 3093 1124 3151 velociter
1154 3096 1357 3168 fugiat,
1383 3113 1454 3153 ne
1476 3097 1860 3170 comprehen-

202 3183 419 3238 datur:
454 3182 727 3239 velociter
772 3183 1137 3255 depraedetur
1179 3184 1335 3240 hunc
1388 3186 1674 3241 mundum
1724 3186 1855 3259 (30),

204 3276 272 3326 ut
320 3272 596 3328 Hebraeus
649 3272 978 3345 Egyptum.
1030 3272 1137 3337 Qui
1180 3273 1447 3344 parturit,
1509 3275 1695 3346 pariat
1715 3293 1735 3337 ,·
1787 3293 1859 3331 ne

208 3364 420 3416 onusto
448 3365 506 3415 et
553 3361 862 3433 degravato
914 3359 1326 3432 iniquitatibus
1386 3364 1602 3419 mentis
1671 3368 1856 3430 utero,

212 3449 405 3521 fugere
434 3465 550 3505 non
581 3449 794 3522 possit:
829 3453 886 3505 et
934 3450 1119 3521 fugiat
1167 3468 1282 3507 non
1322 3451 1494 3523 quasi
1540 3451 1856 3508 laetantem

217 3537 422 3608 ferens,
451 3539 552 3594 sed
602 3537 770 3610 quasi
820 3539 1153 3611 expeditu'n
1189 3556 1202 3594 :
1236 3555 1351 3594 non
1402 3540 1708 3612 parvulum
1759 3557 1856 3614 ge-

220 3629 397 3695 stans,
421 3628 519 3683 sed
558 3627 877 3699 perfectum
922 3628 979 3682 in
1013 3628 1244 3684 Christo
1286 3627 1563 3685 exhibens
1603 3646 1616 3685 :
1670 3630 1857 3701 fugiat

222 3732 331 3771 non
362 3716 529 3789 quasi
563 3716 806 3773 feriatus
839 3716 893 3771 in
929 3717 1195 3785 sabbato,
1230 3717 1330 3773 sed
1382 3719 1527 3774 43]
1576 3723 1858 3790 tanquam

224 3806 512 3876 cperarius
542 3806 600 3861 in
636 3806 904 3878 negotio:
939 3823 1043 3862 nec
1074 3810 1354 3879 tanquam
1401 3807 1617 3863 sterilis
1669 3808 1727 3862 in
1760 3808 1859 3862 fri-

225 3909 370 3965 gore,
408 3896 510 3951 sed
558 3900 839 3967 tanquam
893 3895 1125 3967 opimus
1172 3895 1232 3950 in
1278 3912 1488 3951 messe.
1524 3896 1655 3952 Ideo
1703 3897 1860 3953 enim

226 3982 433 4039 dictum
458 3989 583 4041 est:
625 4006 651 4037 ι
681 3984 850 4039 Orate
882 4001 953 4039 ne
1002 3984 1105 4039 ﬁat
1150 3984 1288 4058 fuga
1315 3992 1508 4041 vestra
1543 3985 1736 4042 hieme
1774 3985 1860 4042 vel

229 4068 464 4127 Sabbato
496 4072 706 4141 (Matth.
739 4089 892 4138 xx1v,
926 4072 1037 4143 20).
1073 4094 1100 4121 »
1131 4071 1292 4146 Fuga
1321 4090 1458 4147 ergo
1489 4073 1610 4130 haec
1661 4074 1859 4131 fecun-

229 4158 293 4213 da
317 4160 587 4217 virtutum
623 4166 732 4228 est,
771 4178 884 4217 non
914 4161 1083 4226 effeta
1122 4162 1488 4218 meritorum.
1532 4164 1693 4237 Fuga
1739 4164 1863 4220 haec

230 4249 395 4305 nescit
423 4250 609 4323 frigus
638 4250 888 4319 timoris,
921 4255 1237 4307 tremorem
1269 4253 1495 4320 mortis,
1519 4254 1863 4310 contractio-

233 4350 349 4393 nem
389 4338 824 4406 sollicitudinis,
875 4338 1281 4396 dissolutionis
1336 4340 1545 4410 otium,
1610 4341 1860 4398 lascivia:

235 4422 407 4498 ibi-ias,
456 4432 748 4499 torporem
798 4427 1205 4485 lentitudinis:
1259 4430 1357 4485 sed
1413 4429 1541 4485 vitae
1606 4428 1860 4487 caelestis

235 4515 455 4586 requirit
478 4517 800 4590 impigrum
829 4516 1132 4587 viatorem,
1166 4518 1329 4590 regni
1361 4518 1679 4590 superioris
1696 4536 1853 4575 com-

1956 606 2484 678 comprehenditur.
2526 606 2941 662 Renuntiatum
2976 613 3084 676 est,
3120 609 3329 681 inquit,
3364 610 3609 679 tibi,ho-

1957 713 2073 767 mo,
2102 696 2243 768 quid
2268 695 2345 751 sit
2374 697 2611 764 bonum,
2646 701 2747 750 aut
2779 697 2916 769 quid
2951 697 3238 754 Dominus
3272 700 3530 771 requirat
3580 718 3614 755 a

1955 788 2031 840 te.
2062 784 2209 848 Quid
2237 783 2416 850 aliud,
2451 783 2562 839 nisi
2590 788 2653 839 ut
2694 785 2872 840 facias
2902 785 3215 856 justitiam,
3277 793 3334 843 et
3391 788 3604 861 diligas

1960 872 2420 928 misericordiam
2448 876 2504 927 et
2529 878 2766 945 paratus
2798 874 2880 929 sis
2915 873 2997 929 ire
3028 892 3162 930 cum
3195 876 3440 933 Domino
3496 878 3613 935 Deo

1959 962 2061 1013 tuo
2081 958 2110 1014 ?
2139 958 2287 1013 Dicit
2309 958 2415 1013 tibi
2448 975 2584 1032 ergo
2615 960 3013 1032 Evangelium,
3048 986 3074 1011 ‹‹
3111 964 3364 1035 Surgite,
3406 982 3610 1023 eamus

1961 1046 2099 1103 hinc
2130 1048 2308 1120 (Joan.
2338 1065 2453 1116 xw,
2488 1049 2598 1120 31).
2631 1070 2658 1098 ››
2696 1048 2845 1104 Dicit
2874 1050 2975 1105 tibi
3009 1051 3118 1119 lex,
3163 1076 3189 1101 ‹‹
3229 1057 3363 1108 Post
3415 1054 3615 1109 Domi-

1963 1153 2107 1192 num
2139 1137 2323 1192 Deum
2366 1142 2533 1192 tuum
2567 1136 2900 1193 ambulabis
2933 1138 3105 1209 (Deut.
3140 1158 3260 1209 xm,
3297 1142 3419 1213 1).»
3452 1143 3614 1198 Didi-

1964 1224 2092 1279 cisti
2161 1226 2451 1297 quomodo
2492 1226 2625 1282 hinc
2666 1226 2875 1298 fugias,
2927 1229 3067 1298 quid
3121 1231 3414 1286 moraris?
3466 1232 3618 1287 Dicit

1964 1312 2067 1369 tibi
2124 1314 2500 1387 Evangelium
2562 1316 2795 1381 iterum,
2847 1316 3204 1389 «Progenies
3256 1319 3612 1390 viperarum,

1966 1403 2098 1475 quis
2156 1404 2317 1458 vobis
2371 1404 2793 1459 demonstravit
2853 1406 3051 1477 fugere
3113 1407 3184 1461 ab
3231 1407 3319 1462 ira
3375 1414 3620 1464 ventura

1966 1491 2172 1563 (.ilatlh,
2209 1492 2409 1563 111,7)?
2436 1515 2462 1541 ››
2498 1494 2567 1547 Et
2596 1492 2733 1547 dicit
2765 1494 2870 1547 huc
2906 1493 3021 1549 illis
3056 1496 3152 1567 qui
3187 1496 3493 1553 veniebant
3548 1500 3618 1553 ad

1966 1580 2329 1653 baptismum
2363 1581 2735 1653 poenitentiae.

2037 1670 2130 1724 34.
2166 1670 2315 1742 Ergo
2348 1670 2688 1742 pcenitentia
2724 1672 2859 1744 fuga
2889 1678 2978 1727 est
3011 1674 3162 1729 bona
3195 1693 3207 1729 :
3269 1677 3457 1748 gratia
3517 1678 3619 1734 Dei

1967 1758 2103 1830 fuga
2129 1762 2215 1814 est
2244 1754 2415 1827 bona,
2458 1759 2518 1814 in
2563 1776 2737 1831 quam
2785 1766 2869 1815 cst
2923 1764 3250 1834 nasumptio
3302 1765 3618 1838 fugientis;

1966 1848 2259 1903 desertum
2293 1847 2429 1920 fuga
2458 1851 2546 1902 est
2577 1848 2748 1915 bona,
2790 1850 2860 1905 ad
2903 1851 3053 1921 quod
3113 1851 3260 1923 fugit
3292 1852 3464 1921 Elias,
3501 1854 3617 1909 Eli-

1967 1953 2141 2003 szeus,
2172 1936 2431 1991 Joannes
2462 1936 2741 2009 Baptista.
2778 1938 2947 2011 Fugit
2970 1938 3122 1996 Elias
3138 1939 3440 1999 mulierem
3455 1943 3620 2000 Jeza-

1968 2024 2084 2094 bel,
2113 2025 2167 2080 id
2204 2029 2291 2081 est
2320 2025 2663 2081 effusionem
2690 2026 2983 2095 vanitatis,
3008 2035 3064 2083 et
3094 2030 3243 2102 fugit
3263 2032 3333 2086 ad
3362 2037 3621 2089 montem

1968 2114 2137 2179 Oreb,
2175 2115 2328 2186 quod
2361 2115 2655 2186 significat
2687 2117 3132 2173 exsiccationem
3167 2137 3181 2187 ;
3218 2123 3279 2174 ut
3308 2120 3626 2177 siccaretur

1968 2203 2026 2257 in
2059 2219 2125 2258 eo
2144 2201 2400 2257 carnalis
2430 2204 2780 2275 profluvium
2816 2206 3109 2273 \‘tlullalls,
3143 2213 3200 2263 et
3248 2215 3621 2282 cognosceret

1970 2290 2201 2362 plenius
2234 2291 2437 2349 Deum.
2474 2293 2607 2346 Erat
2637 2292 2792 2348 enim
2818 2286 2914 2348 'ad
2964 2301 3277 2353 torrentem
3338 2298 3623 2366 Chorrad,

1971 2380 2123 2452 quod
2157 2384 2247 2435 est
2275 2380 2550 2451 cognitio,
2585 2382 2684 2436 ubi
2747 2383 3172 2440 abundantiam
3234 2387 3620 2458 profluentem

1969 2468 2177 2524 divinae
2209 2469 2557 2541 cognitionis
2595 2470 2876 2539 hauriret,
2922 2473 2999 2527 ita
3051 2474 3278 2546 fugiens
3319 2475 3621 2546 saeculum,

1972 2563 2036 2612 ut
2067 2574 2172 2613 nec
2194 2558 2391 2612 cibum
2423 2560 2681 2630 corporis
2713 2559 2892 2630 hujus
2924 2563 3272 2632 exquireret,
3300 2564 3413 2619 nisi
3447 2582 3623 2637 quem

1971 2664 2104 2703 aves
2134 2648 2481 2703 detulissent
2522 2648 2849 2715 ministrae;
2915 2667 3254 2721 quanquam
3304 2669 3438 2708 esca
3494 2655 3624 2724 ejus

1971 2735 2316 2808 plerumque
2333 2742 2563 2791 terrena
2593 2753 2706 2792 non
2732 2738 2923 2793 fuerit.
2947 2738 3206 2810 Denique
3233 2740 3624 2813 quadraginta

1969 2823 2177 2881 diebus
2209 2824 2267 2881 in
2299 2824 2509 2880 virtute
2540 2842 2682 2881 escae
2717 2843 2893 2897 quam
2937 2829 3623 2899 acceperat,ambulavit.

1970 2913 2181 2985 Utique
2212 2931 2325 2968 non
2358 2912 2664 2970 mulierem
2690 2915 2949 2986 fugiebat
2969 2916 3251 2988 propheta
3271 2922 3491 2987 tantus,
3517 2919 3617 2975 sed

1970 3003 2268 3059 saeculum.
2300 3008 2386 3057 An
2420 3009 2666 3059 mortem
2698 3002 2960 3071 timebat,
2992 3004 3091 3077 qui
3124 3022 3185 3061 se
3218 3006 3507 3063 obtulerat
3541 3024 3627 3063 re-

1970 3092 2244 3165 quirenti,
2277 3096 2333 3147 et
2364 3092 2463 3164 qui
2514 3092 2744 3147 dicebat
2801 3093 2872 3147 ad
2942 3093 3281 3160 Dominum,
3350 3097 3624 3169 «Recipe
3707 3112 3718 3120 '

1971 3180 2228 3236 animam
2261 3198 2450 3237 meam
2483 3182 2588 3253 (III
2615 3184 2740 3251 Reg.
2775 3200 2890 3251 xxx,
2935 3183 2997 3254 '),
3030 3206 3048 3231 ο
3088 3184 3323 3240 tmdium
3366 3186 3491 3240 vitae
3551 3186 3623 3242 is~

1971 3270 2087 3326 tius
2117 3270 2440 3336 sustinens,
2473 3286 2587 3325 non
2622 3270 2999 3343 cupiditatem
3025 3272 3052 3325 ‘?
3082 3272 3193 3327 Sed
3220 3272 3500 3346 fugiebat,
3527 3293 3627 3329 sa:-

1968 3358 2223 3415 cularem
2287 3358 2640 3427 illecebram,
2696 3364 2751 3415 et
2800 3360 3260 3416 conversationis
3310 3360 3622 3419 maculosa:
3692 3394 3695 3397 <

1968 3448 2396 3521 contagionem,
2430 3452 2489 3503 et
2519 3448 2708 3521 impio:
2741 3466 2807 3505 ac
2852 3450 3328 3522 prevaricatricis
3366 3453 3621 3509 nationis

1969 3537 2294 3609 sacrilegia.

2040 3626 2128 3681 35.
2163 3625 2436 3681 Salomon
2469 3625 2779 3698 quoqueiu
2812 3627 3076 3684 mulieris
3098 3628 3257 3685 illius
3285 3632 3475 3702 specie
3499 3648 3621 3687 cor-

1969 3714 2258 3788 ruptelam
2291 3714 2485 3770 saeculi
2517 3715 2696 3785 hujus
2718 3716 3050 3787 exponit,'ct
3080 3719 3438 3775 meretricius
3471 3726 3623 3776 artes

1969 3804 2346 3860 declinandas
2376 3804 2577 3860 edocet
2607 3804 2787 3874 (Prov.
2823 3822 2920 3873 vn,
2966 3806 3141 3877 5-27).
3176 3806 3305 3861 Haec
3362 3813 3454 3864 est
3493 3827 3622 3863 mu-

1971 3892 2078 3948 lier
2104 3892 2292 3948 aliena
2316 3898 2370 3948 et
2403 3892 2732 3961 fornicaria,
2767 3912 2801 3948 a
2832 3910 2949 3965 qua
2989 3899 3042 3948 te
3070 3899 3134 3948 ut
3163 3897 3483 3964 custodias,
3519 3897 3618 3951 ad-

1969 3981 2254 4037 hortatur.
2290 3982 2369 4036 Ne
2409 3981 2664 4037 declines
2695 3983 2765 4037 ad
2797 3983 2918 4036 vias
2948 3982 3142 4038 sznculi
3177 4000 3274 4038 cor
3303 3988 3493 4052 tuum,
3520 3986 3618 4040 sed

1970 4070 2217 4127 colloces
2250 4070 2392 4126 illud
2424 4071 2482 4125 in
2508 4088 2684 4126 manu
2713 4071 2958 4139 Domini,
2986 4071 3044 4126 in
3067 4088 3181 4144 qua
3207 4077 3293 4128 est
3325 4090 3420 4128 cor
3446 4074 3618 4145 regis.

1971 4159 2077 4223 Qui
2109 4159 2264 4215 enim
2292 4177 2352 4215 se
2385 4161 2578 4232 ipsum
2606 4159 2770 4232 regit,
2795 4161 2948 4232 quod
2973 4159 3159 4233 pluris
3183 4166 3270 4217 est
3293 4178 3469 4233 quam
3493 4162 3624 4219 aliis

1969 4248 2280 4320 imperare,
2311 4266 2410 4304 cor
2439 4251 2566 4320 ejus
2597 4248 2657 4303 in
2693 4266 2869 4304 manu
2902 4249 3002 4304 Dei
3042 4256 3149 4317 est,
3184 4254 3241 4306 et
3295 4268 3409 4322 quo
3468 4251 3622 4307 Deus

1967 4336 2115 4406 vult,
2146 4338 2423 4393 convertit
2456 4336 2620 4393 illud.
2681 4338 2805 4393 Non
2864 4338 3079 4392 mirum
3132 4340 3181 4394 si
3240 4340 3522 4396 convertit
3562 4340 3620 4396 in
3721 4408 3733 4417 ν

1968 4426 2212 4493 bonum,
2245 4426 2344 4497 qui
2381 4427 2644 4497 perfecta:
2676 4426 2951 4481 bonitatis
2983 4433 3092 4481 est.
3128 4429 3190 4483 In
3247 4447 3423 4484 manu
3486 4446 3623 4503 ergo

1968 4514 2069 4570 Dei
2097 4515 2304 4581 simus,
2333 4519 2395 4569 ut
2423 4515 2644 4569 bonum
2669 4531 3021 4586 quaeramus,
3050 4517 3201 4573 432
3228 4516 3371 4573 illud
3396 4518 3617 4575 bonum

233 4604 514 4671 petitorem
542 4608 871 4674 strenuum,
905 4606 1141 4663 divitem
1164 4606 1612 4680 agricolam,qui
1641 4608 1867 4665 fructus
1897 4613 1944 4678 1)
1972 4602 2416 4677 incorruptibile
2448 4608 2621 4675 atque
2666 4603 3163 4675 incommutabile,
3196 4606 3267 4661 de
3319 4624 3432 4678 quo
3482 4607 3624 4662 dicit

233 4705 348 4748 suos
376 4698 566 4767 cogat,
599 4699 657 4751 et
686 4695 943 4768 cogendo
983 4694 1239 4767 diripiat.

285 4781 365 4837 33.
398 4784 546 4849 Quid
581 4784 740 4840 enim
773 4783 930 4840 aliud
964 4801 995 4839 a
1027 4788 1104 4851 te,
1136 4802 1169 4840 o
1198 4784 1396 4854 homo,
1422 4786 1719 4857 quaeritur,
1746 4786 1861 4843 nisi

230 4873 281 4924 ut
297 4871 501 4927 timeas
531 4872 869 4941 Dominum,
894 4872 1159 4945 requiras
1188 4890 1344 4942 eum,
1370 4878 1503 4946 post
1519 4873 1713 4947 ipsum
1734 4893 1858 4931 am-

228 4953 396 5027 bules,
430 4960 895 5031 comprehendas
928 4959 1053 5015 vias
1110 4962 1239 5032 ejus
1292 4961 1465 5033 (Deut.
1516 4979 1571 5029 x,
1621 4964 1756 5035 i2)?
1795 4964 1857 5020 In

229 5058 344 5114 quo,
376 5045 591 5120 inquit,
624 5048 1117 5120 comprehendam
1135 5048 1450 5105 Dominum
1471 5050 1499 5093 ε)
1514 5050 1573 5106 Si
1595 5067 1858 5123 compre-

229 5129 459 5191 hendam
481 5153 619 5192 eum
650 5137 711 5192 in
740 5137 1098 5194 holocaustis
1117 5137 1146 5192 ?
1172 5137 1296 5193 Non
1326 5138 1388 5193 in
1419 5139 1618 5195 decem
1672 5139 1856 5195 milli-

230 5220 322 5278 bus
369 5224 692 5296 haadorum,
744 5243 859 5283 non
901 5227 958 5283 in
990 5226 1255 5283 millibus
1309 5226 1581 5295 arietum,
1625 5245 1740 5285 non
1796 5229 1856 5285 in

231 5308 493 5372 fructibus
522 5315 843 5389 impietatis
874 5315 1281 5374 reconciliatur
1304 5316 1610 5389 Dominus,
1642 5323 1701 5374 et
1729 5335 1858 5390 pec-

288 5472 402 5550 (29)_
435 5476 651 5533 Omnes
708 5477 872 5544 edit.,
926 5478 1505 5550 Appropinquantibus
1558 5479 1852 5548 montibus,

234 5546 318 5599 etc.
369 5546 587 5621 anes
644 5565 816 5616 mss.,
856 5546 1066 5605 saltem
1109 5546 1353 5616 'Gallic.,
1392 5546 1856 5621 Appropinquate

234 5619 499 5696 ulantibus,
550 5623 686 5688 etc.,
746 5637 957 5693 nempe
1013 5621 1366 5696 secundumg
1391 5619 1723 5696 LX_X,_'qui‘
1762 5622 1855 5696 sic

236 5681 451 5763 habent,
485 5681 725 5768 ’ἐγγίσαίη
808 5681 970 5773 ὄρεξιν
1051 5699 1273 5765 αἰωνίοις.
1332 5691 1498 5762 Quod
1539 5681 1642 5754 'in‘
1711 5694 1850 5756 Odit.

1972 4698 2153 4748 Amos
2185 4693 2500 4765 propheta:
2536 4688 2894 4764 «'Exquirite
2928 4694 3146 4750 bonum
3180 4688 3391 4752 etnon
3451 4696 3617 4751 mali-

1968 4798 2175 4855 gnum,
2210 4786 2272 4836 ut
2320 4781 2527 4837 vivatis
2561 4798 2574 4837 :
2609 4786 2666 4837 et
2717 4783 2801 4838 sic
2831 4784 2941 4838 erit
2988 4784 3289 4840 vobiscum
3338 4784 3619 4839 Dominus

1967 4871 2122 4927 Deus
2154 4871 2522 4943 omnipotens
2549 4873 2729 4943 (Amos
2757 4890 2811 4939 v,
2843 4873 2950 4943 14).
2989 4898 3014 4922 υ
3044 4873 3342 4936 Quomodo
3367 4871 3613 4925 dixistis:

1968 4960 2111 5015 Odio
2144 4959 2459 5015 habuimus
2491 4960 2666 5029 mala,
2699 4965 2755 5016 et
2777 4961 3087 5017 dileximus
3119 4962 3319 5016 bona?
3348 4959 3452 5014 Ubi
3480 4976 3615 5031 ergo

1966 5050 2156 5105 bonus
2186 5049 2361 5115 Deus,
2395 5050 2475 5104 ibi
2507 5050 2659 5105 bona
2689 5055 2843 5117 sunt,
2879 5068 3004 5122 qua)
3038 5049 3384 5104 desideravit
3422 5048 3616 5104 videre

1966 5137 2168 5206 David,
2201 5143 2257 5193 et
2286 5139 2549 5195 visurum
2577 5157 2640 5195 se
2670 5139 2932 5207 credidit,
2967 5138 3255 5208 sicutipse
3279 5138 3396 5191 ait:
3432 5162 3458 5187 (ι
3481 5140 3614 5193 Cre-

1965 5229 2039 5284 do
2070 5229 2262 5284 videre
2300 5228 2453 5284 bona
2482 5228 2714 5283 Domini
2749 5229 2808 5281 in
2857 5232 3010 5282 terra
3066 5224 3377 5282 viventium
3441 5227 3611 5298 (Psal.

1964 5335 2116 5387 xxvn,
2154 5318 2261 5390 13).
2297 5317 2401 5374 Illa
2427 5318 2583 5374 enim
2614 5316 2766 5371 bona
2786 5323 2919 5371 sunt
2944 5332 3071 5386 qua:
3098 5319 3333 5371 manent
3361 5332 3612 5388 semper.

1963 5477 2199 5534 vulgata
2230 5494 2343 5532 non
2378 5476 2688 5531 invenitur.

2036 5544 2149 5679 (ibi)
2184 5552 2311 5604 Vat.
2346 5548 2473 5630 cod.
2525 5547 2785 5603 velociter
2821 5544 3270 5618 deprehendetur,
3319 5550 3434 5637 nisi
3470 5548 3614 5605 hunc

2036 5639 2057 5678 κ
2136 5636 2231 5678 um
2254 5620 2550 5679 relinquat.

1961 5620 2231 5679 mundum
2254 5620 2550 5693 relinquat.
