4122 6146
505 242 624 302 615

1971 235 2035 294 s.
2080 229 2455 295 AMBROSII
2532 190 2534 192 V

3738 247 3831 310 616

506 388 632 444 qua:
673 386 787 424 non
834 371 1060 440 queunt
1096 365 1378 439 temporis
1433 364 1523 420 vel
1583 365 1766 422 aetatis
1827 365 2148 422 mutatione
2182 369 2232 433 Α
2261 365 2377 420 vita
2408 367 2712 435 maturior,
2748 366 2903 422 488
2935 364 3123 438 gratia
3152 362 3398 439 plenior,
3444 370 3714 441 prudentia
3749 378 3834 434 cir-

505 474 735 516 corrum
743 475 819 529 p1.
858 487 862 492 ~

574 549 662 603 36.
697 546 758 601 In
790 543 908 600 illis
935 545 1105 600 bonis
1137 547 1224 599 est
1253 544 1352 614 qui
1386 544 1570 599 Deum
1601 543 1932 616 quaesiverit
1961 548 2016 598 et
2062 544 2151 597 in-

500 635 740 691 venerit.
776 633 885 690 Ubi
917 634 1071 689 enim
1098 650 1196 688 cor
1210 632 1486 700 hominis,
1510 633 1589 688 ibi
1622 637 1676 687 et
1697 633 2006 688 thesaurus
2028 633 2153 703 ejus

501 731 610 782 est.
647 725 770 781 Non
802 725 958 779 enim
992 722 1137 778 solet
1169 723 1390 777 bonum
1442 722 1645 776 datum
1701 721 2153 793 deprecantibus

501 815 783 872 Dominus
809 813 1112 884 denegare.
1151 811 1296 882 Ergo
1329 810 1467 882 quia
1499 813 1688 866 bonus
1727 811 2012 866 Dominus
2041 813 2148 876 est,

499 910 557 960 et
577 901 825 958 maxime
855 901 1286 956 sustinentibus
1317 917 1378 955 se
1412 900 1601 955 bonus
1631 904 1738 970 est,
1790 899 1905 971 ipsi
1958 899 2150 954 adhae-

497 1008 753 1055 reamus,
788 1007 920 1045 cum
953 990 1078 1061 ipso
1112 989 1299 1045 simus
1351 992 1473 1044 tota
1519 989 1718 1044 anima
1761 992 1981 1054 nostra,
2030 990 2150 1042 toto
2186 1030 2189 1031 ν

497 1082 688 1147 corde,
721 1083 842 1134 tota
872 1079 1084 1133 virtute
1110 1097 1122 1146 ;
1157 1082 1220 1133 ut
1250 1078 1437 1132 simus
1466 1077 1526 1133 in
1557 1076 1780 1133 lumine
1808 1078 1958 1148 ejus,
1977 1080 2034 1131 et
2060 1076 2150 1130 vi-

494 1171 739 1230 deamus
762 1169 887 1238 ejus
918 1167 1251 1240 gloriam,et
1274 1166 1678 1222 delectationis
1703 1182 1968 1238 supernas
1992 1164 2148 1220 frua-

497 1276 632 1314 mur
656 1258 862 1332 gratia.
899 1257 982 1311 Ad
1025 1255 1169 1311 illud
1204 1255 1382 1328 igitur
1412 1257 1632 1311 bonum
1665 1255 1960 1326 erigamus
2018 1252 2148 1309 ani-

497 1365 646 1416 mos,
680 1352 736 1402 et
764 1346 823 1402 in
855 1346 952 1402 illo
985 1345 1192 1414 simus,
1224 1349 1398 1416 atque
1445 1345 1502 1400 in
1536 1344 1634 1400 illo
1691 1343 1975 1410 vivamus,
2035 1341 2147 1412 ipsi

497 1437 920 1503 adhmreamus,
953 1436 1108 1506 quod
1156 1439 1245 1489 est
1296 1452 1475 1505 supra
1525 1450 1757 1489 omnem
1788 1438 2066 1497 mentem,
2099 1435 2154 1486 et

497 1543 731 1584 omnem
755 1525 1306 1590 considerationem,
1330 1528 1384 1578 et
1409 1539 1549 1595 pace
1575 1523 1756 1577 utitur
1781 1525 2062 1594 perpetua
2083 1537 2149 1576 ac

495 1615 939 1688 tranquillitate.
955 1614 1068 1668 Pax
1101 1616 1294 1667 autem
1328 1629 1505 1683 supra
1527 1628 1761 1667 omnem
1783 1614 2040 1665 mentem
2061 1613 2149 1665 est

495 1711 551 1761 et
581 1721 761 1776 supra
790 1721 1021 1760 omnem
1057 1719 1317 1757 sensum.
1351 1702 1468 1757 Hoc
1500 1707 1589 1757 est
1619 1701 1837 1756 bonum
1861 1701 2013 1772 quod
2049 1715 2144 1772 pe-
2177 1725 2226 1790 Β

497 1797 688 1849 netrat
717 1792 934 1859 omnia,
967 1795 1021 1845 et
1051 1807 1255 1846 omnes
1297 1791 1354 1844 in
1388 1791 1514 1863 ipso
1558 1789 1828 1854 vivimus,
1875 1793 2046 1860 atque
2077 1804 2145 1843 ex

497 1885 622 1955 ipso
655 1881 978 1954 pendemus
1007 1898 1019 1946 ;
1044 1879 1237 1951 ipsum
1263 1883 1456 1934 autem
1479 1895 1658 1957 supra
1689 1895 1749 1933 se
1778 1877 1924 1932 nihil
1945 1877 2142 1943 habet,

496 1971 596 2028 sed
629 1976 717 2026 est
758 1970 1062 2036 divinum;
1121 1985 1291 2023 nemo
1351 1967 1505 2022 enim
1569 1969 1778 2036 bonus,
1812 1966 1924 2021 nisi
1985 1982 2140 2021 uuus

494 2061 667 2117 Deus.
703 2058 864 2125 Quod
914 2074 1048 2129 ergo
1083 2059 1323 2122 bonum,
1362 2056 1658 2118 divinum;
1692 2060 1749 2110 et
1781 2054 1934 2127 quod
1991 2053 2142 2109 divi-

496 2165 660 2213 num,
693 2149 933 2203 bonum.
971 2147 1037 2200 Et
1062 2146 1188 2201 ideo
1220 2145 1450 2211 die-itur,
1488 2169 1514 2192 «
1565 2144 1870 2216 Aperiente
1916 2146 1973 2198 te
2018 2159 2139 2198 ma-

497 2255 659 2304 num,
690 2236 1090 2308 implebantur
1107 2234 1302 2289 omnia
1334 2233 1591 2288 bonitate
1622 2234 1792 2304 (Psat.
1827 2249 1941 2286 cm.
1972 2232 2083 2303 28).
2113 2255 2133 2283 υ

495 2328 600 2382 Per
625 2326 944 2382 bonitatem
976 2325 1132 2379 enim
1167 2323 1266 2377 Dei
1301 2322 1469 2377 nobis
1503 2321 1776 2376 universa
1799 2321 2141 2375 tribuuntur

495 2417 699 2472 merito
731 2415 903 2483 bona,
937 2413 1152 2485 quibus
1183 2411 1326 2467 nihil
1360 2411 1679 2466 admistum
1701 2415 1790 2466 est
1821 2409 1980 2466 mali.
2008 2410 2140 2466 Haec

492 2507 643 2561 bona
674 2502 960 2576 promitlit
990 2501 1287 2572 Scriptura
1337 2499 1610 2555 ﬁdelibus
1654 2498 1880 2554 dicens:
1916 2523 1942 2548 «
2003 2501 2136 2564 Quae

491 2595 643 2650 bona
672 2597 811 2648 sunt
855 2595 1020 2646 terrae
1071 2588 1501 2645 manducabitis
1533 2588 1657 2659 (Isa.
1705 2606 1743 2653 1,
1780 2588 1885 2659 19).
1923 2611 1949 2636 υ
1996 2588 2136 2642 Boni

490 2698 624 2754 ergo
653 2681 815 2736 illius
846 2677 1069 2735 similes
1099 2679 1309 2743 simus,
1335 2683 1398 2733 ut
1428 2695 1554 2749 qum
1583 2678 1736 2732 bona
1765 2681 1904 2732 sunt
1952 2676 2137 2748 adipi—

491 2788 743 2826 scamur.
776 2770 1002 2824 Bonum
1031 2768 1184 2839 quod
1225 2771 1313 2822 est
1342 2767 1466 2822 sine
1525 2767 1850 2837 iniquitate,
1909 2769 1966 2821 et
2013 2765 2139 2820 sine

489 2859 642 2926 dolo,
675 2863 730 2914 et
762 2858 886 2913 sine
924 2855 1256 2929 asperitate,
1289 2871 1421 2910 cum
1452 2855 1658 2927 gratia,
1717 2871 1850 2909 cum
1901 2854 2136 2926 pietate,

490 2963 622 3002 cum
648 2947 1000 3011 sinceritate,
1034 2951 1090 2999 et
1121 2943 1538 3010 benevolentia,
1572 2942 1876 3010 charitate,
1900 2948 1956 2997 et
1967 2941 2138 3013 justi-

488 3035 589 3090 tia.
625 3035 822 3107 Itaque
853 3050 1058 3089 omnes
1089 3033 1333 3088 virtutes
1364 3031 1594 3087 bonitas
1624 3036 1904 3103 tauquam
1949 3036 2135 3088 mater

489 3092 745 3180 fecunda
766 3121 1159 3196 amplectitur.
1745 3092 1761 3103 ⁸
2162 3092 2204 3160 C

1116 3209 1352 3266 CAPUT
1385 3210 1500 3264 VII.

487 3304 783 3358 Maximam
811 3318 922 3358 esse
948 3317 1169 3356 causam
1199 3315 1370 3371 quare
1392 3301 1522 3353 hinc
1539 3300 1838 3371 fugiamus,
1870 3315 1993 3353 cum
2015 3299 2132 3355 haec

554 3377 785 3446 propria
824 3375 895 3446 sit
914 3373 1143 3427 malitiae
1181 3369 1365 3446 sedes:
1401 3388 1465 3424 ac
1495 3369 1780 3446 item_qu.id
1807 3371 1883 3424 sit
1919 3375 2128 3446 iugere.

559 3441 825 3500 Maiitiam
859 3445 950 3498 hic
976 3461 1089 3498 non
1120 3445 1369 3508 interire,
1402 3447 1451 3496 et
1479 3458 1584 3513 qua
1614 3441 1678 3496 de
1697 3457 1881 3513 causa,
1915 3442 1990 3495 De
2018 3457 2131 3496 ser-

553 3520 732 3587 pentis
761 3517 1126 3578 damnatione,
1161 3514 1354 3585 quidve
1369 3531 1413 3587 _a
1455 3511 1723 3587 sententia
1750 3515 1808 3567 in
1858 3511 2132 3568 hominem

558 3584 670 3642 lata
717 3587 954 3657 cii/lerat.
989 3584 1193 3654 Quibus
1223 3585 1424 3640 accedit
1455 3584 1691 3654 ejusdem
1719 3587 2009 3641 sententiae
2036 3600 2130 3639 ex-

553 3661 752 3730 positio

556 3749 644 3802 37.
705 3749 808 3802 Est
838 3747 1019 3820 igitur
1067 3763 1180 3801 non
1216 3744 1528 3801 mediocris
1560 3744 1855 3800 causacu‘r
1878 3744 2012 3798 hinc
2038 3745 2130 3799 fu-

485 3854 618 3910 gere
640 3837 978 3902 debeamus,
1005 3841 1070 3890 ut
1092 3835 1499 3908 perveniamus
1521 3850 1554 3888 a
1575 3831 1745 3888 malis
1769 3833 1837 3887 ad
1863 3833 2034 3900 bona,
2060 3834 2132 3888 ab

485 3927 719 3982 incertis
752 3925 824 3980 ad
855 3925 1050 3981 ﬁdelia
1069 3930 1124 3980 et
1153 3924 1325 3996 plena
1352 3922 1632 3987 veritatis,
1665 3939 1698 3977 a
1741 3925 1925 3978 morte
1955 3923 2025 3978 ad
2056 3923 2134 3978 vi-

485 4021 624 4070 tam.
662 4015 792 4086 Ipse
825 4030 1058 4085 quoque
1089 4013 1370 4069 Dominus
1401 4012 1647 4067 dicendo
1674 4029 1686 4079 ;
1725 4029 1746 4060 α
1771 4011 1943 4068 Posui
2002 4016 2134 4068 ante

487 4111 541 4159 te
573 4104 792 4159 bonum
833 4107 889 4157 et
937 4102 1180 4167 malum,
1211 4101 1390 4155 vitam
1431 4104 1487 4156 et
1518 4105 1763 4156 mortem
1794 4102 1968 4170 (Deut.
2001 4119 2132 4170 xxx,

488 4193 597 4265 15),
626 4215 654 4241 »
681 4191 1105 4248 demonstravit
1131 4191 1270 4263 quia
1301 4190 1517 4245 bonum
1547 4189 1665 4246 vita
1693 4194 1802 4259 est,
1837 4192 1938 4246 sed
1970 4197 2131 4248 ister-

488 4298 580 4336 na.
614 4281 672 4335 Si
704 4281 826 4336 haec
857 4280 1012 4336 enim
1048 4279 1296 4335 obnoxia
1343 4277 1554 4334 saeculo
1601 4283 1773 4350 atque
1805 4281 1932 4351 ejus
1963 4280 2135 4336 mali-

488 4369 720 4441 gnitati,
753 4369 954 4440 utique
987 4368 1086 4424 illa
1117 4373 1205 4424 est
1235 4361 1408 4434 bona,
1434 4384 1560 4440 quae
1591 4383 1706 4422 non
1739 4369 2137 4441 corrumpitur

2265 454 2676 526 cumspectior.

2332 543 2420 598 38.
2456 543 2573 600 Hoc
2603 548 2692 599 est
2721 545 2878 601 enim
2908 545 3132 617 fugere;
3164 545 3311 601 scire
3341 562 3452 618 quo
3481 549 3684 618 tendas,
3720 553 3841 610 able-

2261 649 2394 688 vare
2421 649 2483 688 se
2514 650 2547 687 a
2575 633 2806 704 seculo,
2839 633 3108 690 ablsvare
3137 651 3200 690 se
3228 651 3262 690 a
3301 651 3531 708 corpore
3559 655 3656 705 ;ne
3673 639 3842 700 iterum

2262 721 2480 777 frustra
2509 738 2570 777 se
2603 722 2816 795 aliquis
2838 722 3100 790 extollat,
3130 727 3186 779 et
3215 723 3449 780 inflatus
3486 731 3660 783 mente
3693 732 3845 788 carnis

2261 827 2382 866 suae
2413 828 2527 866 non
2559 814 2754 867 teneat
2782 816 2982 885 caput,
3021 815 3079 867 et
3109 811 3336 873 dicatur
3364 814 3434 868 de
3469 814 3585 870 bis:
3643 836 3662 865 ι
3700 817 3845 891 Fuge-

2262 903 2400 954 runt
2429 904 2485 955 et
2517 917 2630 956 non
2663 899 2932 956 viderunt
2960 900 3096 973 (Job.
3130 917 3209 969 ιχ,
3239 903 3350 970 25).
3379 903 3487 959 Sed
3516 902 3619 959 hoc
3637 909 3715 961 est
3730 906 3848 980 fuge-

2261 1005 2322 1044 re
2351 988 2509 1057 hinc,
2544 989 2691 1045 mori
2721 988 3028 1047 elementis
3059 990 3232 1046 istius
3279 991 3504 1060 mundi,
3549 993 3851 1051 abscondere

2258 1076 2435 1132 vitam
2468 1077 2524 1133 in
2558 1077 2698 1148 Deo,
2729 1077 3024 1136 declinare
3054 1079 3480 1152 corruptiones,
3509 1099 3618 1137 non
3648 1084 3853 1139 adtami-

2259 1180 2399 1222 nare
2429 1166 2800 1238 cupiditates,
2833 1167 3056 1225 nescire
3084 1185 3211 1240 quae
3243 1172 3384 1224 sunt
3438 1169 3636 1225 mundi
3689 1171 3853 1244 istius,

2262 1254 2362 1326 qui
2393 1255 2563 1311 nobis
2593 1255 2784 1312 varios
2815 1255 3005 1329 gignit
3033 1255 3284 1324 dolores,
3345 1257 3600 1316 exinanit
3646 1275 3762 1314 cum
3788 1277 3857 1316 re-

2260 1343 2519 1416 pleverit,
2555 1360 2690 1400 cum
2721 1343 3120 1412 exinaniverit,
3155 1345 3357 1417 replet.
3417 1349 3487 1402 Et
3537 1346 3650 1402 haec
3698 1348 3857 1403 omnia

2261 1431 2459 1488 inania
2487 1437 2543 1487 et
2571 1449 2773 1502 vacua,
2805 1433 2865 1490 in
2897 1434 3113 1506 quibus
3147 1434 3346 1490 nullus
3390 1433 3612 1492 solidus
3639 1440 3720 1492 est
3767 1435 3859 1491 fru-

2260 1525 2411 1577 ctus.
2446 1521 2713 1579 Mortuus
2743 1528 2833 1579 est
2863 1523 3044 1591 dives,
3087 1528 3143 1579 et
3171 1523 3318 1579 nihil
3376 1523 3572 1592 habet,
3623 1525 3748 1596 quia
3771 1541 3862 1580 non

2260 1609 2426 1668 estin
2459 1610 2640 1667 Deum
2667 1613 2825 1668 dives
2853 1630 2865 1668 :
2899 1616 2955 1667 et
2984 1612 3111 1669 ideo
3144 1613 3454 1684 insipiens,
3488 1613 3624 1685 quia
3673 1612 3862 1685 sapien-

2259 1699 2340 1754 tia
2370 1698 2602 1755 cultura
2631 1704 2717 1756 est
2749 1700 2869 1767 Dei,
2903 1701 3197 1757 abstinere
3227 1705 3423 1757 autem
3457 1719 3490 1757 a
3518 1700 3683 1757 malis
3726 1699 3866 1757 disci-

2258 1787 2417 1860 plina
2446 1792 2558 1844 est.

2325 1877 2414 1932 39.
2448 1877 2588 1941 Quis
2606 1893 2742 1950 ergo
2771 1894 2884 1934 non
2910 1879 3096 1951 fugiat
3118 1878 3351 1934 malitias
3371 1877 3596 1947 locum,
3616 1879 3871 1934 ofﬁcinam

2253 1965 2669 2038 improbitatis,
2705 1984 2834 2040 quae
2889 1967 3128 2024 interire
3161 1969 3385 2025 nesciat
3415 1968 3444 2024 *ἶ
3475 1967 3725 2040 Denique
3775 1983 3870 2022 non

2254 2055 2439 2110 otiose
2471 2055 2708 2127 signum
2741 2057 2999 2127 positum
3033 2062 3122 2113 est
3151 2075 3332 2131 supra
3348 2057 3516 2126 Cain,
3542 2057 3746 2129 nequis
3763 2071 3872 2112 eum

2253 2143 2564 2207 occideret,
2601 2148 2664 2198 ut
2692 2142 3127 2217 significaretur
3156 2147 3308 2218 quod
3347 2163 3468 2202 non
3510 2147 3872 2217 exstinguatur

2251 2236 2309 2286 et
2339 2231 2636 2287 auferatur
2658 2250 2690 2289 a
2719 2234 2890 2289 terris
2918 2234 3164 2290 malitia.
3197 2235 3474 2292 Timebat
3502 2235 3640 2292 Cain
3678 2251 3741 2290 ne
3798 2250 3873 2289 oc-

2251 2319 2558 2389 cideretur,
2592 2321 2732 2393 quia
2755 2321 2954 2395 fugere
2986 2323 3302 2379 nesciebat.
3363 2327 3629 2397 Augetur
3676 2323 3810 2379 enim
3831 2328 3875 2376 et

2250 2407 2586 2465 cumulatur
2614 2409 2741 2482 ipso
2774 2427 2886 2466 usu
2915 2411 3168 2480 malitia,
3193 2417 3249 2468 et
3277 2417 3374 2469 est
3405 2413 3539 2469 sine
3571 2410 3878 2468 moderatio-

2250 2513 2342 2568 ne,
2378 2498 2504 2554 sine
2530 2498 2665 2570 fine,
2699 2497 2829 2555 dolo
2851 2505 2908 2555 et
2961 2501 3164 2557 fraude
3194 2503 3548 2568 decernens,
3583 2518 3703 2574 quis
3739 2499 3874 2555 factis

2249 2581 2373 2642 suis
2403 2587 2669 2658 proditur
2692 2592 2748 2644 et
2778 2589 3066 2662 sanguine
3113 2595 3593 2663 peremptorum,
3655 2590 3796 2647 sicut
3835 2590 3881 2643 et

2247 2675 2386 2730 Cain
2409 2675 2674 2746 proditus
2707 2681 2813 2733 est.
2846 2677 3127 2735 Versatur
3155 2679 3356 2751 itaque
3379 2680 3442 2735 in
3470 2679 3643 2735 terris
3669 2676 3878 2742 malitia,

2248 2768 2421 2835 atque
2451 2764 2586 2821 istic
2613 2771 2768 2822 errat
2797 2767 2934 2838 (32),
2957 2771 3016 2823 et
3043 2768 3173 2824 ideo
3213 2785 3510 2841 rogamus
3552 2768 3881 2825 voluntatem

2246 2852 2348 2908 Dei
2379 2853 2504 2908 fieri
2537 2853 2596 2909 in
2622 2855 2799 2910 terris
2829 2855 2982 2912 sicut
3012 2860 3068 2912 et
3097 2857 3156 2912 in
3187 2857 3354 2915 ccslis
3401 2858 3617 2930 (Matth.
3671 2873 3740 2922 vn,
3791 2853 3881 2924 10),

2247 2946 2313 2997 ut
2342 2945 2398 2996 et
2419 2941 2512 2996 hic
2566 2942 2644 2998 sit
2694 2942 3047 3002 innocentia.
3110 2946 3311 3018 Itaque
3365 2945 3605 3002 malitia
3637 2942 3884 3018 quoniam

2246 3028 2365 3084 illic
2388 3030 2514 3100 jam
2545 3029 2741 3086 locum
2773 3048 2889 3088 non
2927 3032 3122 3104 habet,
3159 3034 3249 3088 hic
3298 3035 3548 3102 circuit,
3599 3034 3691 3090 hic
3731 3030 3886 3094 saevit,

2244 3134 2487 3190 seseque
2516 3119 2788 3188 effundit,
2826 3138 2940 3177 non
2974 3124 3272 3179 mundano
3304 3122 3414 3179 illo
3449 3140 3651 3180 mersa
3678 3120 3888 3188 diluvio,

2243 3224 2356 3262 non
2389 3207 2769 3265 Sodomitano
2801 3215 3006 3267 exusta
3036 3211 3329 3268 incendio.
3369 3213 3645 3284 Denique
3683 3209 3892 3284 gravius

2243 3300 2442 3368 postea
2481 3296 2540 3352 in
2590 3298 2922 3355 seminariis
2959 3299 3295 3372 pullulavit,
3366 3319 3569 3374 usque
3617 3302 3676 3356 in
3718 3300 3891 3371 ipsum

2242 3385 2620 3457 parricidales
2648 3404 2714 3443 ac
2737 3387 3050 3462 sacrilegas
3071 3389 3348 3462 injiciens
3373 3408 3603 3447 manus
3624 3390 3894 3445 universo-

2241 3491 2371 3529 rum
2395 3478 2690 3531 auctorem
2724 3476 2950 3534 salutis.
2978 3478 3094 3535 Lex
3123 3479 3347 3535 factum
3373 3481 3653 3550 damnat,
3677 3493 3785 3533 non
3805 3490 3892 3529 au-

2245 3566 2355 3623 fert
2387 3567 2696 3624 malitiam.
2731 3567 2860 3639 Ipse
2891 3567 3176 3624 Dominus
3205 3567 3390 3625 Jesus
3418 3573 3736 3642 peccatum
3767 3567 3902 3621 dam-
4065 3577 4067 3634 ι

2244 3661 2424 3729 navit,
2455 3662 2753 3716 auctorem
2784 3656 2912 3727 ejus
2947 3656 3195 3724 distulit,
3251 3662 3322 3713 ut
3357 3663 3528 3714 esset
3589 3674 3693 3729 per
3745 3666 3900 3726 quem

2235 3750 2383 3820 justi
2414 3748 2822 3821 probarentur.
2876 3745 3105 3800 Etenim
3144 3746 3281 3818 quia
3327 3746 3576 3803 malum
3614 3752 3762 3801 Deus
3807 3755 3906 3796 non

2251 3839 2403 3906 fecit,
2438 3839 2540 3894 sed
2571 3834 2834 3908 nequitia
2863 3833 3078 3890 diaboli
3110 3834 3390 3902 inseruit,
3417 3837 3745 3892 vindictam
3775 3833 3908 3888 Deus

2243 3925 2471 3982 distulit
2495 3943 2507 3981 :
2531 3925 2607 3981 ut:
2635 3925 2706 3980 ab
2730 3923 2875 3996 ipsis
2897 3940 3045 3996 quos
3073 3924 3415 3996 deceperat,
3444 3925 3731 3982 diabolus
3748 3922 3917 3978 vince-

2243 4014 2601 4083 retur(Gonf.
2635 4013 2694 4069 S.
2720 4018 2870 4085 Aug.
2903 4011 3004 4068 lib.
3029 4030 3087 4067 1v
3120 4013 3326 4069 Contra
3357 4014 3512 4071 duas
3537 4017 3699 4087 epist.
3721 4011 3916 4078 Pelag.,
4066 4015 4067 4060 ἢ

2243 4121 2292 4159 c.
2329 4104 2438 4177 11).
3067 4095 3080 4112 ’

2314 4193 2404 4249 10.
2430 4194 2783 4249 Exercentur
2812 4207 2948 4264 ergo
2981 4191 3227 4264 decepti,
3272 4196 3347 4247 ut
3382 4198 3447 4249 et
3479 4193 3753 4266 pretium
3775 4188 3922 4244 luant

2245 4281 2569 4349 facilitatis,
2602 4285 2660 4337 et
2707 4284 2950 4337 sumant
2995 4280 3193 4337 studia
3237 4281 3529 4351 virtutis,
3583 4277 3925 4338 industriam

2243 4371 2550 4428 cautionis.
2585 4369 2747 4426 Unde
2787 4369 2905 4424 ait:
2941 4393 2968 4419 «
2993 4369 3189 4425 Estote
3237 4372 3444 4427 astuti
3502 4373 3669 4428 sicut
3708 4382 3925 4440 serpen-

487 4461 542 4512 et
572 4462 854 4523 mutatur,
891 4475 1014 4527 quae
1039 4457 1199 4512 nullo
1231 4456 1367 4511 vitio
1399 4457 1733 4527 degenerat,
1765 4475 1891 4528 quae
1929 4458 2142 4516 virtute
2171 4465 2216 4530 D
2247 4465 2335 4517 tes
2367 4457 2773 4531 (Matth.x,16).
2809 4481 2836 4507 ››
2869 4457 3056 4522 Quare
3078 4459 3228 4514 sicut
3258 4460 3650 4532 serpentes?
3673 4459 3745 4516 Ut
3766 4463 3820 4514 et
3848 4451 3930 4510 ille

487 4546 830 4618 acquiritur.
864 4546 1182 4616 Fugiamus
1214 4561 1349 4616 ergo
1384 4543 1672 4600 malitiam
1705 4545 1901 4600 saeculi
1935 4547 2136 4618 hujus,

486 4637 543 4691 in
577 4653 692 4708 quo
724 4635 835 4706 ipsi
869 4633 1004 4700 dies,
1067 4635 1260 4706 inquit
1316 4633 1530 4705 (Ephes.
1567 4651 1622 4701 v,
1660 4635 1768 4702 16),
1802 4636 1943 4691 mali
1970 4643 2135 4707 sunt;

486 4730 543 4781 et
573 4725 870 4798 fugiamus
903 4723 1169 4794 impigre.
1195 4723 1442 4794 Ideoque
1467 4723 1644 4779 Isaias
1675 4723 1921 4780 clamat:
1959 4729 2140 4782 «Con-

484 4814 756 4870 valescite
790 4829 1004 4868 manus
1036 4812 1315 4878 remissae,
1350 4817 1406 4866 et
1454 4827 1644 4883 genua
1676 4813 1967 4869 dissoluta
2010 4818 2135 4880 (lsa.

485 4921 650 4971 xxxv,
683 4906 761 4974 3),
800 4926 826 4952 ››
860 4903 916 4956 id
951 4907 1061 4968 est,
1095 4919 1208 4958 non
1241 4901 1523 4973 corporis,
1556 4903 1656 4956 sed
1690 4903 1894 4957 animm
1925 4921 2138 4976 genua,

485 4991 889 5059 convalescite,
924 4997 989 5046 ut
1017 4991 1302 5046 directum
1345 4990 1415 5045 ad
1450 4990 1576 5046 caeli
1607 4990 1896 5047 altissima
1926 4995 2140 5048 mentis

485 5082 795 5156 vestigium
830 5082 1016 5154 possit
1048 5079 1256 5147 attolli,
1290 5084 1354 5135 ut
1384 5080 1460 5135 sit
1489 5080 1702 5135 ductus
1735 5079 1977 5136 solidior
2003 5082 2137 5154 (31),

556 5261 843 5332 (31)7Mss.
881 5265 1128 5332 septem,
1161 5260 1346 5316 doctus
1376 5259 1621 5332 solidior.
1655 5257 1850 5332 Quod
1879 5257 2025 5332 forte
2079 5261 2143 5314 ut

485 5331 864 5384 cmendarcnt
895 5330 1030 5385 odit.
1083 5348 1412 5403 rcposuere,
1470 5331 1721 5403 Vdortrina
1773 5330 2017 5403 solidior.
2073 5333 2143 5403 At

487 5415 633 5472 mss.
667 5417 764 5454 sex
797 5403 1059 5470 li-guunt,
1106 5402 1297 5456 dant-us
1338 5402 1587 5469 solidior,
1631 5419 1761 5472 quae
1792 5419 1922 5455 vero.
1971 5402 2142 5456 lectio

483 5471 657 5594 QOllIS
691 5472 933 5595 vildetur.
979 5474 1114 5532 Tros
1160 5480 1356 5528 tamen
1408 5471 1661 5545 habent,
1699 5481 1850 5528 actus
1892 5474 2138 5530 solidior.

484 5577 504 5595 μ
539 5557 610 5595 on
645 5558 738 5595 ma
765 5557 814 5595 e.

483 5557 610 5601 δοῖ]
645 5557 814 5598 male.

2247 4549 2529 4622 spoliatur
2557 4565 2687 4616 suo,
2720 4551 2775 4602 et
2817 4547 2918 4618 qui
2969 4545 3116 4603 alios
3161 4563 3390 4604 exuere
3444 4549 3671 4619 voluit,
3721 4547 3933 4603 amittat

2249 4655 2374 4710 quis
2403 4642 2544 4693 sunt
2575 4636 2784 4709 ipsius,
2821 4652 2938 4692 non
2975 4651 3221 4703 venena,
3250 4637 3366 4691 sed
3426 4639 3660 4694 merita
3709 4640 3932 4692 natura.

2249 4727 2511 4799 Denique
2542 4725 2813 4797 dejicitur
2842 4723 2939 4780 ille
2959 4740 3092 4779 cum
3125 4728 3189 4799 tu
3219 4727 3621 4784 ascenderis.
3657 4725 3937 4796 Scriptum

2250 4820 2338 4871 est
2373 4815 2530 4871 enim
2561 4832 2573 4869 :
2610 4838 2636 4864 «
2670 4812 2957 4869 Videbam
2989 4813 3267 4869 Satanam
3306 4815 3486 4870 sicut
3508 4815 3725 4890 fulgur
3744 4813 3938 4870 cadeu-

2249 4909 2367 4959 tem
2400 4905 2470 4960 de
2496 4903 2636 4959 caelo
2668 4904 2820 4975 (Lac.
2851 4919 2907 4968 v,
2942 4903 3049 4973 18).
3085 4923 3113 4952 »
3145 4901 3272 4957 Non
3314 4903 3567 4978 fulgur,
3603 4905 3821 4977 inquit,
3853 4897 3940 4955 sed

2252 4994 2404 5049 sicut
2433 4991 2650 5064 fulgur,
2683 4992 2824 5063 quia
2853 5006 3028 5047 suum
3058 4990 3257 5047 lumen
3297 4994 3556 5063 amisit,
3593 4994 3758 5067 quod
3780 4989 3938 5047 habe-

2253 5083 2351 5138 bat
2389 5085 2703 5153 antequam
2728 5079 2835 5136 tibi
2863 5085 3034 5136 tuum
3065 5079 3264 5136 lumen
3300 5081 3504 5140 vellet
3537 5085 3801 5141 auferre.
3847 5078 3942 5132 Ve-

2325 5260 2438 5345 (32)
2495 5259 2636 5345 Mss.
2694 5259 2890 5345 plures
2949 5262 3142 5345 atque“
3173 5258 3329 5345 edit.
3384 5267 3545 5345 vet..,
3599 5273 3769 5345 atque
3790 5258 3944 5345 “istic

2252 5329 2401 5395 erat;
2431 5332 2582 5402 quod
2617 5329 2751 5386 cum
2779 5329 3073 5386 videretur
3116 5329 3448 5402 frigidum,
3487 5329 3554 5391 in
3603 5329 3746 5391 edit.
3790 5333 3940 5387 Rom.

2255 5409 2579 5458 resecatum
2607 5407 2712 5457 est.
2746 5405 2817 5458 At
2841 5419 3032 5458 veram
3069 5402 3397 5459 lectionem
3428 5406 3617 5464 nobis
3641 5404 3944 5464 exhibuere

2254 5475 2481 5530 codices
2512 5472 2792 5545 Ebrulph.
2825 5491 2891 5530 ac
2920 5474 3137 5530 Theod.
3174 5473 3350 5545 [diem
3391 5479 3568 5537 enim
3604 5485 3698 5536 est
3725 5478 3846 5534 istic
3873 5489 3943 5530 er-

2253 5554 2359 5616 rat,
2393 5550 2568 5625 atque
2590 5543 2722 5604 istic
2750 5549 2995 5621 vagatur
3019 5560 3084 5603 ac
3107 5560 3167 5602 se
3205 5543 3548 5607 diffundit.
