4122 6146
270 333 375 394 61⁸7

1450 329 1680 392 LIBER
1727 330 1828 391 DE
1873 319 2092 396 FUGA
2138 338 2459 401 SECULI.

3569 345 3691 408 618

269 482 390 524 rum
419 467 562 524 forte
594 467 748 523 dicas
778 464 915 537 quia
941 467 1001 520 et
1028 465 1098 521 de
1130 463 1427 552 Salvatore
1458 462 1732 552 legimus,
1759 464 1899 535 quia
1931 467 1982 533 Α
2017 483 2165 540 quos
2195 470 2408 526 creavit
2438 468 2598 525 ﬁlios
2639 470 2697 522 et
2748 469 3034 544 suscepit,
3086 475 3184 530 sed
3238 475 3427 534 multo
3475 479 3687 552 magis,

275 579 297 607 α
331 557 477 614 sicut
503 555 696 629 fulgur
716 569 1027 611 coruscans
1058 555 1128 609 de
1160 553 1268 609 sub
1300 551 1513 609 cmlo...
1564 551 1644 608 ita
1691 552 1802 607 erit
1829 555 1887 607 et

267 644 543 702 adventus
574 643 693 700 Filii
722 643 975 700 hominis
1007 643 1161 714 (Luc.
1194 657 1331 709 xvn,
1352 641 1468 712 24).
1497 662 1524 690 »
1544 639 1696 697 Bene
1717 644 1773 696 et
1793 639 1890 696 hic

265 733 410 791 sicut
439 732 649 806 fulgur,
681 732 815 804 quia
843 747 1024 804 supra
1051 731 1268 806 fulgur.
1303 730 1566 803 Denique
1594 729 1790 804 fulgur
1817 730 1891 785 de

263 823 369 878 sub
395 821 540 878 ccelo
564 839 576 876 :
604 821 794 876 lumen
828 825 1021 876 autem
1054 835 1256 876 verum
1289 833 1471 892 supra
1489 818 1718 874 coelum.
1745 819 1892 892 Ergo

258 915 492 967 Satanas
521 909 670 966 sicut
699 907 917 980 fulgur,
951 908 1093 982 quia
1123 907 1320 964 amisit
1340 906 1451 963 hoc
1473 907 1626 979 quod
1649 906 1888 963 habuit:

254 1005 321 1056 tu
349 1004 536 1056 autem
567 997 832 1069 recepisti
864 999 1018 1070 quod
1051 997 1352 1053 amiseras.

328 1089 405 1144 lii.
435 1087 561 1143 Non
594 1085 744 1142 enim
773 1086 855 1142 ita
884 1085 1039 1142 circa
1068 1085 1232 1141 illum
1266 1085 1417 1141 sicut
1449 1085 1599 1142 circa
1621 1088 1676 1140 te
1697 1083 1894 1140 soluta

255 1181 344 1234 est
369 1173 670 1232 sententia.
700 1174 848 1229 Nam
880 1174 1094 1231 Christi
1126 1173 1314 1246 gratia
1357 1190 1486 1246 quae
1534 1177 1590 1229 te
1634 1172 1889 1237 resolvit,

255 1264 412 1322 illum
443 1262 730 1319 astrinxit.
763 1261 958 1319 Manet
989 1262 1143 1319 enim
1177 1262 1511 1318 maledictio
1565 1263 1784 1318 directa
1828 1262 1890 1317 in

254 1355 572 1426 serpentem
605 1355 838 1423 propter
865 1355 1032 1407 tuam
1065 1351 1486 1424 deeeptionem.
1519 1351 1612 1407 Sic
1632 1350 1789 1406 enim
1811 1350 1893 1406 di-

251 1447 403 1501 ctum
432 1444 522 1497 est
551 1440 623 1496 ad
655 1455 786 1496 eum
811 1455 824 1495 :
851 1461 878 1490 «
905 1438 1248 1496 Maledictus
1265 1443 1327 1496 tu
1348 1441 1419 1496 ab
1437 1440 1712 1496 omnibus
1735 1440 1892 1496 484
1951 1444 1978 1453 ’

251 1530 552 1605 pecoribus
581 1532 748 1584 terrae
777 1526 931 1598 (Gen.
968 1545 1050 1596 ιιι,
1085 1529 1194 1600 14).
1218 1551 1247 1578 ››
1269 1528 1545 1584 Omnium
1564 1529 1720 1584 enim
1741 1544 1894 1584 com-

250 1619 440 1676 munis
471 1617 743 1673 inimicus
775 1620 882 1684 est,
912 1616 1012 1689 qui
1038 1617 1147 1672 fuit
1167 1616 1355 1673 hostis
1376 1618 1684 1684 honorum,
1710 1622 1766 1671 et
1787 1633 1893 1690 pro

248 1710 324 1765 iis
351 1708 662 1763 damnatur
693 1722 837 1777 quos
870 1705 1062 1761 adhuc
1084 1722 1198 1760 non
1223 1704 1469 1773 laeserat,
1494 1707 1772 1777 quoniam
1793 1705 1893 1777 qui

2005 559 2159 628 quod
2191 558 2251 614 in
2285 563 2483 615 ventre
2517 574 2631 614 suo
2661 557 2824 612 verbi
2853 561 3244 620 seminarium
3268 582 3385 621 non
3409 566 3686 631 habebat,

2006 646 2141 701 Ideo
2181 652 2441 704 ventrem
2492 662 2679 703 suum
2729 645 2893 716 dicit,
2944 651 3112 722 quasi
3159 654 3679 726 pretiosissimum.

2006 733 2300 791 Pretiosus
2330 737 2491 792 enim
2526 734 2752 790 mentis
2780 740 2982 795 uterus
3014 746 3122 809 est,
3174 743 3234 798 in
3266 759 3382 816 quo
3432 743 3688 800 fecunda

2006 838 2173 896 seges
2200 825 2593 880 consiliorum
2615 824 2773 879 verbi
2799 829 3022 885 semine
3039 829 3330 902 pullulare
3357 833 3683 902 consuevit,

2007 915 2063 966 et
2091 913 2218 968 vitae
2249 915 2432 970 totius
2462 912 2668 969 solent
2699 918 2871 985 atque
2899 917 3187 977 virtutum
3224 935 3289 977 ac
3339 921 3681 994 disciplina-

2005 1017 2137 1056 rum
2172 1003 2436 1074 quaedam
2472 1001 2754 1058 membra
2785 1004 3042 1063 formari.

2079 1091 2165 1145 143.
2227 1091 2335 1146 Sed
2395 1096 2462 1146 ut
2525 1095 2899 1149 revertamur
2946 1098 3016 1152 ad
3078 1099 3468 1172 propositum,
3522 1099 3679 1169 quod

2007 1177 2293 1234 malitiam
2327 1179 2486 1236 Deus
2541 1178 2982 1252 reprimendum
3034 1187 3264 1243 interim
3310 1188 3444 1260 (33),
3496 1201 3678 1258 quam

2008 1265 2350 1324 abolendam
2383 1267 2707 1340 putaverit,
2739 1269 2819 1325 ait
2849 1273 2922 1328 ad
2962 1281 3330 1347 serpentem:
3385 1298 3412 1326 ‹‹
3445 1275 3515 1331 Et
3561 1274 3674 1329 ini-

2007 1355 2256 1412 micitias
2287 1373 2508 1428 ponam
2543 1356 2704 1412 inter
2735 1361 2789 1413 te
2821 1364 2877 1416 et
2906 1361 3057 1418 inter
3097 1362 3423 1434 mulierem,
3473 1367 3532 1419 et
3581 1380 3673 1420 se-

2007 1460 2138 1500 men
2170 1449 2339 1500 tuum
2371 1447 2429 1501 et
2459 1461 2674 1501 semen
2704 1447 2992 1508 mulieris.
3023 1451 3153 1523 Ipsa
3182 1452 3287 1508 tibi
3339 1451 3673 1510 observabit

2006 1536 2200 1604 caput,
2231 1539 2289 1588 et
2311 1537 2371 1587 tu
2406 1532 2576 1589 illius
2611 1534 2951 1593 ealcaneum
2993 1539 3146 1611 (Gen.
3196 1556 3279 1608 ιιι,
3331 1540 3439 1612 15).
3475 1561 3502 1590 n
3557 1538 3668 1596 Ubi

2006 1619 2326 1676 inimicitia;
2357 1625 2523 1688 sunt,
2559 1622 2640 1677 ibi
2673 1623 2969 1682 discordia
2994 1631 3083 1683 est
3127 1628 3492 1701 nocendique
3544 1630 3670 1683 stu-

2007 1707 2208 1763 dium:
2247 1708 2343 1764 ubi
2377 1711 2630 1766 nocendi
2666 1712 2952 1780 studium,
3000 1715 3082 1769 ibi
3129 1703 3356 1771 malitia
3409 1714 3667 1788 ponitur.

245 1797 536 1855 hominem
568 1793 735 1859 laesit,
767 1793 859 1849 cui
891 1793 995 1849 illa
1026 1794 1226 1850 omnia
1258 1794 1523 1866 subjecta
1553 1800 1711 1863 sunt,
1744 1793 1897 1850 laesit
1926 1833 1971 1874 η
2006 1797 2154 1870 Ergo
2185 1797 2479 1853 discordia
2511 1798 2668 1854 inter
2705 1807 3036 1874 serpentem
3086 1808 3143 1859 et
3191 1803 3498 1859 mulierem
3549 1803 3670 1859 dis-

243 1887 455 1945 omnia.
482 1884 864 1940 Communem
883 1883 1101 1939 etenim
1123 1883 1310 1956 legem
1336 1882 1529 1950 solvit,
1553 1900 1670 1955 qua
1691 1887 1748 1939 et
1763 1882 1889 1956 ipse

241 1971 461 2033 homini
491 1987 626 2030 cum
658 1971 878 2028 caeteris
921 1971 1197 2028 subditus
1245 1977 1353 2028 est.
1407 1972 1537 2028 Ideo
1587 1973 1888 2028 communi

240 2064 374 2122 odio
411 2061 674 2117 omnium
719 2062 893 2132 atque
940 2060 1332 2116 exsecratione
1382 2059 1711 2117 maledictio
1760 2063 1887 2132 ejus

237 2155 526 2211 oneratur.
561 2148 757 2206 Genus
789 2152 984 2204 autem
1009 2149 1404 2205 damnationis
1437 2164 1553 2204 non
1577 2166 1758 2217 mors,
1785 2150 1885 2205 sed

236 2258 407 2316 paena
463 2239 741 2295 diuturna
797 2241 923 2294 est:
987 2239 1236 2308 «Super
1290 2243 1519 2310 pectus,
1582 2260 1609 2286 »
1669 2237 1884 2310 inquit,

236 2354 265 2384 ‹‹
303 2335 467 2388 tuum
497 2332 555 2384 et
580 2330 841 2384 ventrem
884 2325 1213 2383 ambulabis
1261 2327 1447 2398 (lbid.)
1479 2349 1508 2376 ››
1559 2327 1884 2382 Premenda

232 2422 389 2480 enim
420 2418 529 2474 fuit
557 2416 729 2473 noxia
759 2413 1140 2483 conscientia,
1173 2419 1228 2470 et
1257 2415 1608 2488 proterenda
1638 2414 1880 2481 malitia,

232 2507 788 2580 fraudulentumque
845 2509 1133 2560 secretum
1181 2507 1464 2577 tanquam
1516 2521 1548 2560 a
1591 2504 1692 2560 Dei
1734 2505 1882 2560 facie

228 2597 609 2672 relegandum
633 2611 646 2649 :
673 2592 852 2650 simul
877 2593 1207 2649 ostenditur
1227 2595 1380 2665 quod
1404 2597 1636 2649 terrena
1656 2593 1883 2648 malitia

225 2691 329 2756 sit,
361 2702 484 2760 que
514 2685 574 2740 in
605 2687 824 2740 terram
857 2687 1140 2738 recurvet.
1176 2681 1436 2754 Denique
1463 2682 1720 2737 addidit:
1769 2701 1794 2734 α
1816 2685 1883 2737 Et

223 2787 442 2836 terram
473 2773 609 2831 edes
641 2787 849 2829 omnes
879 2771 1006 2827 dies
1034 2771 1162 2826 vitae
1189 2776 1300 2826 tuae
1332 2771 1536 2842 (Ibid).
1574 2794 1600 2821 ››

297 2868 383 2921 42.
417 2862 674 2920 Deseribi
702 2860 945 2934 quidem
977 2858 1070 2916 his
1087 2863 1298 2915 natura
1319 2862 1608 2933 serpentis
1626 2859 1877 2928 videtur,

219 2955 328 3013 sed
357 2953 545 3026 magis
577 2967 749 3008 omne
770 2967 877 3005 vas
901 2947 1136 3004 malitia
1159 2949 1532 3017 describitur,
1556 2949 1749 3005 omnis
1768 2965 1884 3004 ser-

219 3060 370 3119 pens
400 3040 814 3116 improbitatis,
851 3037 951 3110 qui
980 3039 1042 3092 in
1067 3041 1327 3093 ventrem
1360 3053 1421 3093 se
1452 3038 1672 3110 dejieit,
1706 3041 1881 3110 atque

216 3136 378 3191 intra
401 3149 463 3188 se
493 3145 784 3187 venenum
817 3143 994 3183 suum
1025 3124 1264 3195 claudit,
1299 3131 1356 3181 et
1382 3126 1542 3182 intus
1564 3127 1621 3182 in
1647 3132 1877 3199 pectore

2007 1887 2214 1941 eordiae
2246 1885 2472 1942 malitia
2507 1889 2731 1944 subest.
2765 1890 2892 1946 Non
2926 1894 3017 1947 est
3065 1907 3201 1964 ergo
3253 1890 3488 1948 sublata
3537 1907 3662 1948 ma-

2002 1974 2149 2029 litia.
2178 1974 2441 2046 Denique
2473 1981 2774 2033 servatum
2807 1982 2898 2035 est
2927 1981 3204 2052 serpenti,
3239 1983 3305 2035 ut
3328 1977 3662 2036 ealcaneum

2001 2063 2265 2119 mulieris
2296 2067 2353 2119 et
2383 2065 2633 2122 seminis
2677 2069 2804 2139 ejus
2853 2069 3140 2138 observet,
3193 2085 3306 2141 quo
3355 2074 3559 2126 noceat
3606 2072 3664 2125 et

1995 2167 2286 2208 venenum
2318 2169 2497 2209 suum
2533 2153 2823 2212 infundat.
2857 2157 2982 2215 Non
3017 2173 3154 2231 ergo
3187 2156 3560 2213 ambulemus
3589 2156 3651 2213 in

1994 2241 2262 2308 terrenis,
2323 2246 2380 2297 et
2436 2260 2680 2316 serpens
2738 2246 2908 2302 nobis
2969 2262 3173 2302 nocere
3231 2262 3348 2301 non
3411 2245 3651 2318 poterit.

1992 2331 2306 2386 Sumamus
2350 2333 2756 2406 evangelicum
2805 2335 3268 2391 calceamentum
3317 2351 3433 2406 quo
3479 2347 3651 2390 vene-

1989 2435 2134 2474 num
2163 2421 2454 2491 serpentis
2484 2422 2832 2492 excluditur,
2861 2440 3095 2480 morsus
3139 2424 3267 2492 ejus
3316 2422 3644 2492 hebetatur,

1990 2504 2056 2563 u't
2086 2509 2274 2564 simus
2303 2507 2542 2566 calceati
2578 2513 2753 2583 pedes
2785 2513 2841 2566 in
2877 2509 3274 2582 Evangelium.
3308 2511 3379 2565 Et
3398 2510 3646 2567 fortasse

1988 2598 2119 2652 ideo
2152 2597 2381 2669 Moyses
2425 2601 2576 2658 435
2615 2602 2860 2672 jubetur
2909 2601 3129 2657 solvere
3181 2599 3644 2656 calceamentum

1990 2686 2204 2759 pedum
2239 2703 2504 2757 suorum,
2542 2695 2604 2745 ut
2638 2694 2899 2746 sumeret
2945 2687 3408 2745 calceamentum
3456 2687 3646 2743 Evan-

1989 2772 2164 2846 gelii;
2198 2773 2285 2829 vel
2319 2776 2460 2846 quia
2491 2795 2605 2834 non
2639 2779 2842 2853 Moysi,
2875 2778 2934 2833 id
2990 2780 3101 2843 est,
3156 2793 3270 2832 non
3317 2775 3641 2849 prophetis,

1990 2863 2090 2919 sed
2123 2861 2405 2934 apostolis
2448 2869 2783 2939 praedicatio
2831 2863 3128 2938 Evangelii
3177 2863 3515 2920 debebatur.
3567 2863 3647 2920 Ea

1991 2955 2079 3008 est
2109 2968 2286 3023 quam
2320 2970 2501 3026 supra
2530 2957 2807 3022 diximus,
2841 2956 2998 3012 dicta
3027 2954 3086 3008 in
3135 2956 3461 3024 serpentem
3511 2969 3646 3009 sen-

1988 3040 2192 3097 tentia.
2228 3041 2290 3096 In
2322 3041 2620 3101 hominem
2660 3063 2893 3119 quoque
2922 3041 3257 3114 cujusmodi
3286 3041 3507 3098 directa
3547 3041 3644 3113 sit,

1990 3129 2448 3187 consideremus.

215 3240 332 3280 suo
361 3221 557 3290 volvit,
591 3217 1046 3292 cogitationibus
1085 3216 1211 3271 suis
1257 3215 1540 3284 lubricus,
1593 3219 1650 3271 et
1700 3227 1878 3286 super
1905 3200 1948 3267 C
2059 3220 2147 3274 44.
2191 3217 2536 3278 Maledictus
2582 3223 2680 3279 ille
2723 3225 2824 3297 qui
2879 3224 3082 3279 auctor
3128 3222 3217 3274 est
3265 3217 3486 3290 culpae:
3540 3219 3641 3275 sed

215 3311 457 3368 fraudes
485 3325 628 3365 suas
648 3304 985 3372 ambulans,
1011 3304 1134 3360 suis
1157 3304 1306 3360 dolis
1323 3321 1385 3360 se
1401 3305 1526 3378 ipse
1543 3303 1875 3377 implicans,

214 3415 464 3458 movens
495 3413 727 3470 semper
753 3399 931 3466 atque
960 3393 1260 3466 exagitans
1303 3410 1412 3448 sua
1465 3407 1690 3448 venena
1743 3408 1877 3447 cum

214 3489 461 3562 cogitat,
493 3489 758 3542 ventrem
790 3497 1044 3556 quoque,
1078 3481 1189 3537 hoc
1210 3486 1317 3549 est,
1345 3481 1726 3538 seminarium
1753 3497 1880 3536 cor-

212 3580 317 3637 dis
346 3577 441 3634 sui
470 3579 795 3649 proterens.
830 3571 995 3628 Unde
1023 3571 1267 3644 pulchre
1298 3572 1475 3627 David
1508 3571 1628 3627 ait:
1662 3595 1688 3621 «
1722 3570 1878 3626 Alie-

213 3669 347 3726 nati
379 3670 519 3723 sunt
546 3667 883 3739 peccatores
914 3662 986 3717 ab
1014 3665 1198 3728 utero,
1233 3664 1574 3717 erraverunt
1605 3679 1636 3715 a
1660 3665 1877 3730 ventre,

209 3755 404 3815 locuti
437 3763 571 3811 sunt
597 3753 767 3810 falsa.
803 3752 988 3807 Furor
1016 3749 1132 3806 illis
1166 3751 1486 3806 secundum
1540 3750 1879 3805 similitudi-

213 3861 357 3904 nem
393 3843 703 3917 serpentis,
738 3842 893 3897 sicut
924 3839 1146 3912 aspidis
1178 3839 1370 3895 surdae
1421 3843 1476 3895 et
1522 3839 1880 3897 obstruentis

210 3951 398 3994 aures
433 3949 588 4000 suas,
622 3947 751 4005 quae
776 3946 891 3986 non
921 3928 1190 3984 exaudiet
1208 3945 1404 3983 vocem
1425 3927 1879 4000 incantantium,

211 4030 275 4082 et
307 4022 577 4086 venefici,
611 4037 745 4077 cum
779 4019 1117 4074 incantatur
1146 4034 1178 4072 a
1207 4019 1468 4089 sapiente
1525 4017 1694 4087 (Psal.
1748 4034 1878 4087 Lvn,

210 4115 360 4184 4-8).
402 4135 433 4161 ››
463 4111 700 4183 Propter
727 4109 838 4164 hoc
867 4107 1041 4163 etiam
1072 4105 1217 4161 illud
1254 4105 1494 4179 pulchre
1525 4106 1747 4161 dictum
1799 4108 1880 4162 vi-

213 4206 425 4267 detur,
460 4200 611 4271 quod
643 4199 704 4254 in
735 4196 886 4254 libro
918 4195 1275 4272 prophetico.
1306 4195 1595 4268 legimus:
1651 4218 1679 4246 «
1731 4197 1882 4252 Ven-

214 4299 383 4348 trem
419 4305 615 4346 meum
649 4287 836 4355 doleo,
871 4289 1130 4342 ventrem
1154 4301 1350 4341 meum
1375 4285 1540 4341 doleo
1563 4286 1778 4357 (Jerem.
1803 4303 1880 4340 iv.

213 4382 340 4452 19),
379 4402 410 4428 ››
444 4378 583 4450 quia
611 4377 690 4433 ibi
723 4381 812 4432 est
842 4374 1085 4444 malitia,
1120 4375 1220 4432 ubi
1251 4375 1423 4430 debet
1454 4390 1582 4430 esse
1611 4374 1885 4432 innocen-

210 4471 338 4526 tia:
374 4472 438 4524 et
468 4465 611 4522 illud
642 4465 774 4538 plus
806 4463 1050 4533 laborat,
1085 4463 1240 4537 quod
1273 4464 1330 4519 in
1363 4463 1532 4520 nobis
1562 4464 1732 4520 debet
1756 4481 1885 4520 esse

1989 3324 2105 3362 non
2137 3307 2483 3365 maledictus
2516 3316 2607 3367 est
2635 3313 2744 3369 iste
2775 3312 2876 3385 qui
2909 3310 3101 3366 aliena
3129 3307 3334 3364 fraude
3363 3308 3642 3382 deceptus

1989 3399 2114 3464 est;
2173 3400 2369 3452 tamen
2423 3400 2562 3471 quia
2617 3419 2728 3457 non
2790 3399 3043 3458 servavit
3109 3397 3449 3453 mandatum
3515 3397 3640 3467 Dei,

1989 3500 2235 3558 operum
2293 3502 2538 3542 suorum
2597 3487 2793 3545 labore
2869 3488 3204 3544 damnatur.
3275 3485 3644 3544 Maledieitur

1991 3590 2132 3630 sane
2156 3578 2310 3628 terra
2340 3574 2489 3646 (Gen.
2525 3591 2608 3645 III,
2645 3579 2756 3646 17),
2788 3579 2887 3633 sed
2937 3575 2998 3630 in
3050 3575 3325 3646 operibus
3381 3581 3642 3648 peccato-

1991 3664 2108 3730 ris;
2143 3667 2197 3717 et
2247 3663 2635 3733 maledicitur,
2687 3667 2870 3721 donec
2925 3661 3252 3718 resolvatur
3290 3665 3349 3719 in
3401 3670 3640 3724 terram.

1989 3754 2124 3808 Ideo
2155 3767 2290 3823 ergo
2322 3753 2579 3824 suscepit
2617 3754 2791 3810 Jesus
2841 3767 3098 3818 carnem,
3151 3756 3216 3805 ut
3264 3753 3641 3812 maledictum

1992 3840 2184 3898 carnis
2214 3841 2550 3912 peccatricis
2583 3842 2874 3908 aboleret;
2910 3845 2968 3895 et
2995 3840 3183 3894 factus
3213 3846 3303 3896 est
3331 3860 3434 3913 pro
3473 3843 3642 3900 nobis

1992 3929 2392 3998 maledictum,
2431 3935 2495 3986 ut
2522 3931 2849 3987 benedictio
2896 3928 3232 3986 absorberet
3279 3929 3639 3986 maledictio-

1992 4036 2148 4086 nem,
2181 4017 2486 4090 integritas
2517 4025 2844 4092 peccatum,
2878 4015 3244 4090 indulgentia
3264 4021 3637 4088 sententiam,

1992 4111 2109 4165 vita
2139 4113 2407 4164 mortem.
2443 4109 2717 4181 Suscepit
2745 4109 2901 4164 enim
2933 4111 2988 4163 et
3018 4110 3288 4175 mortem,
3324 4113 3388 4162 ut
3431 4107 3639 4181 imple-

1993 4202 2153 4254 retur
2202 4196 2512 4265 sententia,
2564 4198 2876 4254 satisﬁcret
2919 4195 3214 4266 iudicato:
3268 4195 3639 4254 Maledictum

1994 4286 2185 4344 carnis
2240 4285 2349 4357 (34)
2408 4287 2748 4358 peccatricis
2799 4301 2986 4356 usque
3037 4283 3106 4338 ad
3158 4289 3430 4340 mortem.
3483 4284 3640 4340 Nihil

1994 4391 2129 4448 ergo
2161 4376 2377 4430 factum
2418 4379 2507 4430 est
2555 4379 2757 4430 contra
2807 4372 3157 4429 sententiam
3205 4372 3327 4438 Dei,
3380 4389 3514 4429 cum
3565 4373 3645 4430 sit

1994 4464 2199 4522 divinae
2258 4462 2512 4519 conditio
2579 4463 2821 4536 impleta
2877 4459 3198 4518 sententiae.
3269 4461 3642 4520 Maledictum

211 4553 655 4628 tranquillius:
691 4557 865 4626 atque
896 4553 953 4608 id
985 4554 1256 4623 nequitiae
1289 4552 1548 4625 vestigiis
1583 4552 1883 4624 proculca-
1915 4571 1962 4635 Ι)
1994 4555 2149 4610 enim
2181 4568 2368 4623 usque
2398 4552 2469 4606 ad
2501 4556 2771 4622 mortem,
2807 4554 2939 4623 post
2972 4552 3222 4604 mortem
3272 4555 3469 4606 autem
3516 4567 3645 4624 gra-

209 4656 346 4715 uat,
381 4642 725 4700 stimulatur
745 4641 1066 4714 unguibus,
1098 4658 1371 4714 processu
1397 4642 1652 4714 quodam
1675 4642 1888 4714 impro-

208 4733 440 4794 bitatis
470 4733 949 4803 incrementoque
980 4732 1330 4800 concutitur,
1362 4731 1461 4786 ubi
1502 4735 1591 4787 est
1634 4729 1888 4804 genitale

209 4821 626 4882 seminarium
661 4821 1017 4894 posteritatis
1066 4825 1314 4876 aeternae.
1362 4819 1608 4875 Videtur
1647 4819 1886 4892 quidem

208 4916 342 4970 hoc
378 4911 457 4967 ad
491 4909 549 4965 id
581 4926 707 4966 esse
739 4910 1125 4978 referendum,
1180 4910 1333 4981 quod
1387 4908 1620 4965 dolebat
1667 4909 1889 4982 perisse

289 5090 432 5163 (33)
502 5088 715 5145 Omnes
781 5089 940 5163 edit.,
1007 5089 1358 5160 interimque.
1429 5089 1757 5163 Perperam,
1828 5091 1893 5163 ut

203 5159 504 5239 patct'ex
535 5164 652 5216 toto
701 5161 907 5239 capitis
939 5159 1450 5239 .contextuihvera
1496 5159 1676 5233 igitur
1723 5159 1891 5239 lectio

199 5230 450 5294 nostra
481 5248 548 5305 ex
577 5249 718 5288 mss.
751 5230 861 5288 Sed
895 5231 987 5305 hic
1021 5231 1411 5305 atquegalibii
1437 5230 1552 5288 non
1601 5247 1716 5305 uno
1739 5230 1891 5305 __l_oco_

195 5302 621 5386 subintellige
644 5301 1171 5386 magis._vce_l_potizis.
1205 5303 1284 5360 De
1302 5303 1651 5386 cujusmodi
1703 5301 1893 5386 ellipsi

195 5374 490 5447 consule
523 5372 611 5429 Fr.
643 5372 858 5430 Sanctii
911 5372 1254 5440 Minervam,
1302 5372 1409 5430 lib.
1455 5391 1529 5447 ιν,
1582 5390 1713 5447 pag.
1765 5372 1891 5447 37].

293 5449 431 5521 (34)
462 5446 679 5502 Omnes
710 5447 870 5521 edit.,
907 5448 1194 5521 satisﬁeret
1217 5447 1471 5521 judicatq
1512 5444 1609 5517 per
1645 5444 1895 5521 includi-

188 5516 378 5581 στύγη
411 5516 626 5586 earn-is,
662 5522 768 5574 etc.
820 5517 960 5574 Mss.
1007 5516 1272 5591 aliquot,
1301 5516 1588 5591 satis/ierat
1625 5516 1894 5587 judicato,

1995 4643 2094 4698 tia.
2129 4641 2339 4696 Mortui
2372 4655 2508 4711 ergo
2541 4639 2752 4694 saeculo
2781 4657 3009 4706 sumus,
3043 4638 3180 4710 quid
3229 4640 3422 4696 adhuc
3461 4657 3644 4696 saecu—

1997 4731 2052 4788 lo
2084 4728 2492 4787 decernimus?
2523 4729 2736 4784 mortui
2770 4745 2978 4785 sumus
3028 4744 3160 4783 cum
3206 4728 3456 4797 Christo,
3503 4727 3643 4798 quid

1997 4820 2186 4878 adhuc
2214 4818 2340 4872 vitae
2371 4816 2552 4888 hujus
2584 4823 2752 4874 actus
2798 4815 3200 4889 requirimus?
3247 4817 3487 4872 Mortem
3531 4814 3644 4887 (35)

1998 4908 2209 4966 Christi
2242 4907 2304 4962 in
2361 4922 2600 4979 corpore
2659 4910 2860 4962 nostro
2918 4905 3407 4973 circumferimus,
3468 4907 3534 4958 ut
3588 4905 3647 4958 et

2000 5089 2157 5144 hunc
2187 5103 2314 5142 esse
2347 5103 2624 5142 sensum:
2660 5088 2724 5140 ut
2754 5084 3060 5140 satisﬁeret
3081 5082 3343 5154 judicato
3387 5081 3505 5154 sive
3547 5081 3644 5152 ju-

2002 5160 2151 5230 dicio
2181 5158 2260 5212 illi
2295 5177 2308 5226 ;
2341 5175 2570 5230 nempe,
2604 5155 3006 5230 maledictum,
3038 5151 3144 5209 etc.
3171 5153 3273 5208 Ubi
3299 5169 3412 5207 non
3435 5151 3644 5230 obsona

2003 5248 2063 5287 re
2094 5225 2374 5286 alluditur
2414 5225 2498 5284 ad'
2544 5227 2890 5284 sententiam
2951 5225 3090 5280 Gen.
3126 5241 3208 5288 III,
3240 5241 3408 5279 versu
3468 5225 3533 5278 17
3590 5229 3648 5278 et

2002 5320 2125 5374 seq.
2159 5302 2360 5374 latam,
2397 5318 2512 5374 qua
2545 5301 2716 5374 homo
2746 5297 3044 5374 laboribus
3077 5296 3154 5374 ad
3181 5301 3425 5374 mortem
3446 5309 3648 5374 usque

2046 5365 2299 5446 erpetuis
2349 5365 2706 5437 addicitur;
2779 5372 2843 5421 ut
2921 5367 3321 5421 antecedentia
3405 5365 3648 5439 planum

2030 5449 2547 5586 utiétlﬁgtﬁldit..._qui
2575 5508 2760 5586 ari/mc
2808 5509 3004 5586 saeculo
3059 5509 3410 5586 deseruimus,
3461 5508 3655 5586 mortui

189 5577 815 5651 erratedicium'camis
843 5577 1135 5646 sustinens.
1167 5577 1276 5644 Alii
1315 5577 1519 5660 majori
1559 5577 1812 5660 numero
1844 5577 1901 5642 et
2007 5577 2195 5644 minus
2224 5601 2348 5660 cum
2384 5577 2613 5660 Chi-isto,
2641 5577 3052 5660 quz?“adhuc.._.._
3103 5582 3462 5660 requiringus.
3511 5581 3656 5660 Mor:-

189 5663 618 5740 antiquitate,
651 5666 715 5720 ut
742 5663 802 5720 in
831 5666 1014 5721 textu.
1047 5661 1190 5737 Ejus
1221 5659 1416 5720 autem
1458 5659 1570 5718 loci
1617 5663 1898 5739 putamus

571 5792 834 5859 Persea.
879 5789 1044 5859 XIV.

2011 5661 2121 5718 tem
2145 5657 2294 5718 enim
2323 5659 2430 5714 etc.
2459 5651 2600 5714 Mss.
2634 5647 2866 5732 partim,
2922 5652 3053 5731 quid
3108 5647 3287 5714 adhuc
3345 5650 3410 5712 de
3467 5648 3664 5714 seculo

3261 5783 3346 5866 90.
