4122 6146
465 223 588 282 61-9

1923 225 1988 286 S.
2034 221 2412 286 AMBROSII

3703 229 3796 293 ϐω

466 354 586 411 vita
615 353 826 409 Christi
854 352 914 407 in
947 353 1118 409 nobis
1164 353 1585 412 manifestatur.
1640 355 1764 411 Non
1810 371 1945 428 ergo
1984 356 2112 427 jam
2140 356 2198 422 Α
2229 368 2573 412 maneamus
2601 353 2661 409 in
2708 354 2970 411 veritate.
3013 352 3072 409 Si
3118 366 3459 410 maneamus
3500 352 3555 409 in
3597 354 3800 424 Christo.

448 444 729 497 nostram
760 439 920 496 illam
951 440 1154 509 vitam,
1198 443 1296 499 sed
1347 442 1560 498 Christi
1607 443 1789 501 vitam
1839 443 2109 513 vivimus,

464 529 642 585 vitam
673 528 1037 599 innocentiae,
1081 530 1259 586 vitam
1309 531 1689 599 castimoniae,
1741 533 1921 589 vitam
1971 531 2113 587 sim-

467 616 743 691 plicitatis
774 618 1159 690 omniumque
1197 619 1505 676 virtutum.
1556 622 1700 678 Cum
1748 620 1979 679 Christo
2027 636 2114 676 re-

468 707 853 777 surreximus,
887 708 946 764 in
979 707 1106 780 ipso
1135 709 1423 777 vivamus,
1457 710 1516 765 in
1547 710 1674 783 ipso
1698 710 2115 775 ascendamus;

471 801 538 853 ut
566 812 805 869 serpens
836 795 1172 852 calcaneum
1206 800 1475 854 nostrum
1521 800 1676 872 quod
1723 798 2007 865 vulneret,
2055 797 2117 852 in

473 886 643 942 terris
674 884 925 957 reperire
956 902 1072 940 non
1104 886 1307 958 possit.

1087 991 1318 1047 CAPUT
1362 994 1504 1049 VIII.

474 1079 740 1154 Quomodo
772 1080 899 1135 licet
929 1080 1016 1135 hic
1046 1083 1384 1154 retineamur
1411 1099 1651 1154 corpore,
1706 1091 1887 1139 tamen
1933 1084 2119 1137 animo

540 1152 750 1222 fulgere
787 1154 1074 1222 possimus,
1124 1153 1282 1223 atque
1327 1154 1459 1209 adeo
1500 1152 1830 1210 debeamus:
1882 1170 1951 1209 ne
1994 1170 2121 1209 eum

536 1225 902 1297 praetereunte
930 1222 1114 1291 ﬁgura
1143 1222 1308 1295 hujus
1339 1225 1535 1297 mundi
1563 1243 1726 1297 opera
1755 1230 1943 1281 nostra
1994 1240 2117 1297 nos-

542 1309 644 1364 que
674 1295 784 1364 ipsi
808 1297 1199 1365 praetereamus
1224 1312 1237 1349 :
1272 1296 1412 1367 quod
1440 1313 1509 1352 ne
1538 1295 1838 1368 contingat,
1860 1295 2122 1351 mandata

545 1368 646 1420 Dei
660 1380 786 1439 non
810 1374 1223 1439 praetereamus,
1267 1369 1413 1439 sicut
1442 1383 1540 1423 nec
1586 1369 1759 1424 ullius
1811 1368 2123 1439 disciplinae

535 1438 878 1509 profectum;
924 1436 1378 1507 quemadmodum
1430 1440 1617 1509 plures
1647 1456 1676 1494 e
1724 1436 2121 1495 sanetis'vete-

544 1508 701 1563 ribus
728 1509 920 1576 fecisse
949 1516 1285 1578 compertum
1312 1513 1408 1563 est.

545 1597 631 1650 45.
666 1595 985 1667 Fugiamus
1037 1594 1193 1650 hinc.
1252 1600 1423 1652 Potes
1481 1597 1675 1653 animo
1734 1598 1952 1669 fugere,
2012 1595 2121 1652 etsi

476 1684 746 1739 retineris
778 1700 1036 1755 corpore.
1072 1684 1239 1739 Potes
1271 1688 1328 1739 et
1358 1685 1450 1741 hic
1499 1703 1645 1755 esse,
1699 1691 1755 1741 et
1803 1686 2006 1742 adesse
2048 1685 2120 1740 ad

480 1772 822 1838 Dominum,
857 1771 904 1827 si
927 1770 1011 1825 illi
1059 1772 1350 1828 adhaereat
1371 1773 2124 1846 animatua,sipostipsum

477 1858 929 1931 cogitationibus
980 1860 1099 1916 tuis
1142 1861 1431 1928 ambules,
1484 1863 1531 1917 si
1582 1864 1715 1933 ﬁde,
1766 1879 1880 1917 non
1937 1861 2127 1934 specie

475 1948 601 2004 vias
634 1949 761 2019 ejus
820 1948 1109 2019 sequaris,
1151 1949 1198 2004 si
1260 1951 1331 2005 ad
1391 1950 1585 2022 ipsum
1644 1950 1968 2023 confugias.
2030 1950 2127 2005 Est

477 2037 633 2093 enim
667 2037 961 2109 refugium
992 2040 1049 2092 et
1096 2037 1303 2105 virtus,
1359 2040 1453 2094 cui
1503 2039 1645 2094 dicit
1690 2039 1909 2095 David:
1962 2061 1990 2089 ‹‹
2039 2039 2124 2093 Ad

479 2130 535 2182 te
560 2125 819 2197 confugi,
853 2129 911 2181 et
940 2142 1056 2181 non
1089 2142 1222 2181 sum
1253 2128 1531 2199 deceptus
1563 2129 1734 2200 (Psal.
1770 2145 1954 2195 LXXVI,
1986 2127 2061 2199 3).
2092 2150 2120 2178 »

477 2216 627 2289 Ergo
658 2214 795 2287 quia
833 2215 988 2271 Deus
1039 2216 1354 2289 refugium,
1416 2217 1568 2273 Deus
1622 2221 1818 2272 autem
1874 2217 1934 2272 in
1982 2215 2124 2272 cmlo

479 2308 537 2361 et
565 2321 745 2377 supra
774 2303 949 2360 caelos
975 2320 987 2359 :
1033 2305 1236 2376 utique
1267 2306 1422 2362 436
1453 2305 1589 2360 hinc
1637 2305 1737 2360 illo
1784 2305 2125 2378 confugien-

480 2395 623 2449 dum
654 2397 761 2461 est,
796 2393 894 2448 ubi
944 2411 1075 2465 pax,
1127 2394 1226 2448 ubi
1276 2394 1506 2465 requies
1555 2395 1626 2450 ab
1675 2394 1971 2466 operibus,
2026 2393 2127 2449 ubi

480 2482 787 2555 epulemdr
850 2482 1173 2537 Sabhatum
1238 2499 1521 2555 magnum
1591 2484 1723 2555 (46),
1786 2482 1938 2538 sicut
1983 2482 2130 2538 dixit

479 2573 747 2644 Moyses:
804 2594 829 2620 ‹‹
890 2572 959 2626 Et
1015 2575 1188 2626 erunt
1244 2572 1490 2627 sabbata
1548 2576 1711 2628 terrae
1766 2571 1931 2628 vobis
1984 2588 2127 2627 esca:

479 2660 668 2733 (Leuit.
700 2678 828 2727 xxv,
860 2662 915 2731 5,
946 2660 1019 2731 6).
1059 2683 1080 2710 ι
1131 2659 1533 2731 Epulatorium
1583 2660 1740 2715 enim
1786 2664 1842 2715 et
1888 2658 2128 2732 plenum

470 2749 865 2821 jucunditatis
895 2752 951 2804 et
996 2747 1438 2820 tranquillitatis
1492 2754 1600 2817 est,
1658 2749 2019 2821 requiescere
2067 2749 2126 2803 in

479 2838 729 2904 Christo,
763 2840 819 2891 et
867 2837 994 2906 ejus
1053 2835 1498 2893 delectationem
1553 2835 1766 2891 videre.
1827 2837 1934 2901 Qui
1992 2851 2128 2908 ergo

479 2924 851 2997 confugimus
887 2924 958 2979 ad
1010 2924 1215 2994 Deum,
1266 2925 1338 2980 ad
1389 2925 1674 2980 mundum
1726 2923 2131 2981 revertemur?

479 3012 587 3075 Qui
616 3018 852 3085 peccato
896 3011 1113 3068 mortui
1173 3029 1405 3079 sumus,
1467 3018 1706 3084 peccata
1753 3012 2130 3085 repetemus?

2224 460 2570 501 maneamus
2601 443 2660 499 in
2694 443 2952 513 veritate,
2985 445 3042 499 et
3072 458 3208 498 cum
3256 457 3321 498 eo
3370 442 3722 515 manebimus,
3759 454 3807 506 et

2226 549 2343 588 non
2373 531 2823 605 praeteribimus,
2853 531 2957 587 sed
2988 530 3290 587 dicemus:
3326 552 3354 581 κ
3384 529 3686 590 Benedictio
3714 535 3809 592 Do-

2227 622 2371 676 mini
2402 638 2579 694 super
2604 637 2727 689 vos,
2759 618 3166 676 benediximus
3194 618 3360 675 vobis
3389 618 3448 674 in
3477 621 3689 680 nomine
3723 628 3810 682 Do-

2227 709 2373 765 mini
2413 710 2582 782 (Psal.
2641 726 2871 776 cxxvm,
2928 708 3006 781 8).
3038 729 3067 759 »
3126 707 3236 773 Qui
3286 706 3443 763 enim
3495 714 3815 782 praetereunt,

2228 815 2343 854 non
2377 802 2627 871 possunt
2655 798 2867 864 dicere,
2901 795 3041 869 quia
3070 813 3188 853 non
3215 796 3482 852 dixerunt
3517 803 3818 870 praetereun-

2227 891 2315 943 tes
2376 887 2582 943 viam:
2638 910 2667 937 ‹‹
2734 886 3062 943 Benedictio
3129 884 3363 941 Domini
3419 902 3589 958 super
3644 904 3751 958 vos,
3800 912 3823 940 κ

2228 976 2727 1048 quemadmodum
2758 975 2903 1030 dixit
2944 973 3250 1046 Propheta.
3284 973 3483 1046 Itaque
3518 974 3565 1031 si
3592 975 3824 1034 volumus

2229 1081 2344 1121 non
2403 1065 2695 1136 praeterire
2752 1080 2929 1136 opera
2997 1067 3218 1130 nostra,
3278 1079 3393 1118 non
3463 1067 3830 1135 praetereamus

2230 1154 2507 1209 mandata
2541 1154 2661 1219 Dei,
2702 1170 2818 1209 non
2878 1155 3292 1225 pratereamus
3346 1152 3667 1223 requirendi
3715 1152 3829 1210 Jesu

2228 1242 2461 1298 Domini
2493 1241 2885 1315 diligentiam,
2913 1241 3212 1298 emerendi
3252 1240 3381 1311 ejus
3428 1241 3685 1311 gratiam.
3728 1241 3834 1300 Non

2229 1330 2539 1402 praeterivit
2567 1346 2700 1385 eum
2726 1328 2830 1385 illa
2859 1327 3073 1385 mulier
3100 1345 3226 1400 quae
3268 1344 3457 1399 usque
3502 1327 3561 1382 in
3602 1328 3836 1385 Pharisei

2232 1406 2471 1474 domum
2507 1418 2792 1489 ingressa,
2828 1419 2886 1472 in
2922 1434 3039 1490 qua
3067 1416 3335 1473 Christus
3374 1416 3750 1489 recumbebat,
3789 1417 3839 1474 in

2233 1507 2410 1578 pedes
2442 1508 2569 1577 ejus
2601 1506 2935 1578 superfudit
2965 1509 3354 1578 unguentum.

2304 1596 2391 1649 47.
2435 1595 2561 1650 Non
2618 1598 3031 1667 praetereamus
3079 1592 3401 1666 disciplinae
3452 1593 3693 1665 alicujus
3734 1610 3840 1667 pro-

2238 1685 2478 1750 fectum,
2529 1683 2682 1738 sicut
2737 1683 2912 1738 etiam
2968 1682 3185 1753 Josepb
3244 1680 3705 1739 adolescentulus
3752 1699 3846 1738 non

2235 1771 2582 1842 praeterivit:
2616 1771 2755 1842 quia
2787 1771 2995 1827 fratres
3025 1786 3163 1827 suos
3195 1769 3552 1843 requirebat,
3580 1774 3634 1826 et
3652 1770 3718 1826 ad
3736 1785 3845 1825 eum

2235 1860 2550 1916 festinabat
2582 1859 2794 1927 locum,
2829 1859 2886 1915 in
2919 1876 3034 1930 quo
3065 1859 3385 1931 pascebant
3423 1875 3597 1927 oves;
3645 1864 3697 1914 et
3741 1875 3851 1914 cum

2235 1947 2605 2020 cognovisset
2661 1948 2801 2020 quia
2831 1948 2889 2002 in
2947 1947 3217 2003 Dothaim
3277 1952 3439 2017 sunt,
3500 1947 3736 2020 perrexit
3779 1962 3848 2002 eo.

2236 2036 2613 2109 Signiﬁcatur
2642 2042 2837 2092 autem
2870 2034 2970 2091 illo
2993 2036 3164 2092 verbo
3184 2035 3463 2091 Dothaim
3488 2034 3738 2092 defectus
3755 2035 3856 2090 ido-

2237 2142 2405 2191 neus,
2449 2125 2507 2180 id
2557 2129 2667 2193 est,
2714 2141 2997 2181 vanarum
3045 2124 3394 2197 opinionum
3445 2124 3717 2193 defectus,
3762 2139 3856 2179 non

2239 2213 2573 2280 mediocris,
2607 2214 2708 2269 sed
2739 2213 3031 2285 perfectus
3061 2216 3118 2268 et
3147 2211 3381 2285 plenus,
3430 2212 3495 2268 in
3547 2228 3659 2285 quo
3702 2210 3860 2284 profe-

2237 2306 2366 2357 ctus
2398 2305 2487 2357 est
2517 2301 2747 2357 animae.
2780 2302 3023 2372 Sapiens
3052 2300 3209 2359 enim
3240 2302 3485 2372 quando
3518 2299 3726 2357 minuit
3750 2300 3859 2372 (37),

2237 2389 2416 2444 addit.
2452 2389 2743 2445 Deﬁciunt
2789 2389 2947 2445 enim
3004 2388 3311 2446 saeculares
3375 2389 3705 2462 opiniones,
3758 2404 3863 2461 quae

2240 2476 2587 2532 mulieribus
2637 2477 2887 2533 inﬁrmis
2943 2481 3381 2549 comparantur.
3444 2478 3612 2534 Unde
3656 2476 3863 2551 pulchre

2239 2582 2353 2637 quo
2385 2566 2791 2621 ostenderetur
2820 2569 2962 2621 Sara
2990 2565 3063 2620 ad
3104 2566 3442 2637 profectum
3490 2566 3715 2622 venisse
3758 2563 3866 2637 (ﬂ),

2239 2657 2304 2709 ut
2333 2658 2637 2726 generaret
2665 2653 2849 2709 risum
2883 2658 2938 2709 et
2967 2653 3230 2709 laetitiam
3258 2672 3270 2709 :
3309 2677 3341 2706 ‹‹
3384 2654 3757 2721 Defecerunt,
3798 2653 3870 2707 in-

2238 2742 2384 2815 quit,
2418 2744 2570 2798 Saraa
2598 2742 2720 2799 ﬁeri
2752 2741 3061 2798 muliebria
3086 2741 3238 2813 (Gen.
3285 2759 3460 2815 xvm,
3518 2744 3633 2816 14).
3669 2766 3694 2794 »ι
3740 2742 3875 2797 Bona

2237 2847 2373 2903 ergo
2404 2830 2647 2887 defectio
2679 2830 3090 2903 cupiditatum,
3125 2831 3379 2888 defectio
3414 2831 3714 2899 vanitatis,
3762 2828 3878 2903 quia

2236 2920 2498 2975 veritatis
2531 2920 2776 2991 adjectio
2815 2924 2923 2975 est.
2962 2919 3121 2976 Unde
3152 2924 3209 2976 et
3238 2924 3497 2978 sanctus
3550 2920 3728 2978 David
3773 2918 3875 2975 ait:

2241 3030 2270 3058 «
2302 3008 2518 3065 Defecit
2547 3008 2607 3063 in
2637 3007 2894 3064 salutare
2922 3012 3093 3066 tuum
3127 3008 3328 3066 anima
3359 3027 3502 3066 mea
3520 3010 3693 3081 (Psal.
3716 3023 3882 3073 cxvm,

480 3084 1064 3166 Quirenuntiavimus
1081 3099 1294 3157 saeculo
1309 3101 1676 3172 etusuiejus,
1696 3084 1908 3158 iterum
1929 3101 1989 3155 in
2008 3100 2130 3158 luto
2159 3084 2202 3151 C
2238 3097 2351 3169 81).
2384 3120 2413 3148 ››
2447 3097 2713 3153 Paritura
2742 3096 2957 3153 etenim
2988 3103 3113 3153 erat
3139 3115 3270 3170 quae
3300 3102 3705 3165 concesserat,
3726 3110 3883 3168 eoque

480 3191 609 3262 ejus
638 3190 1031 3247 haerebimus?

552 3279 640 3334 46.
701 3278 1019 3351 Fugiamus
1072 3277 1230 3345 hinc,
1293 3278 1431 3349 quia
1485 3282 1718 3351 tempus
1783 3279 1953 3335 breve
2017 3282 2126 3334 est.

480 3367 631 3423 Audi
663 3367 956 3438 quomodo
990 3366 1212 3438 fugias:
1252 3387 1280 3416 ‹‹
1312 3368 1380 3421 Et
1409 3366 1507 3439 qui
1540 3366 1759 3423 habent
1789 3383 2016 3432 uxores,
2050 3368 2132 3423 ita

483 3456 603 3512 sint
633 3473 698 3511 ac
730 3456 777 3511 si
810 3473 924 3511 non
957 3454 1247 3523 habeant;
1282 3459 1339 3510 et
1368 3456 1465 3527 qui
1499 3456 1660 3527 ﬂent,
1692 3460 1973 3527 tanquam
2014 3472 2130 3511 non

481 3546 726 3624 flentes;
760 3547 816 3600 et
846 3543 946 3616 qui
976 3545 1253 3617 gaudent,
1286 3548 1570 3616 tanquam
1611 3562 1725 3601 non
1771 3545 2126 3617 gaudentes;

480 3637 539 3690 et
563 3634 664 3706 qui
704 3637 924 3701 emunt,
966 3638 1248 3705 tanquam
1301 3650 1414 3689 non
1461 3632 1870 3705 possidentes;
1923 3637 1981 3688 et
2029 3633 2128 3705 qui

479 3723 590 3779 hoc
619 3724 841 3779 mundo
872 3727 1135 3791 utuntur,
1166 3728 1452 3794 tanquam
1499 3738 1615 3777 non
1666 3725 1926 3776 utantur.
1978 3720 2129 3775 Prae-

482 3813 616 3868 terit
645 3812 803 3868 enim
833 3812 1023 3884 figura
1052 3811 1234 3883 hujus
1264 3810 1471 3865 mundi
1503 3811 1551 3881 (I
1579 3809 1699 3864 Cor.
1728 3826 1825 3877 vu,
1876 3809 2065 3881 29-3l)
2097 3830 2125 3860 »

479 3902 605 3958 Non
651 3917 788 3974 ergo
845 3917 979 3955 cum
1035 3903 1419 3971 praetereunte
1466 3899 1656 3970 ﬁgura
1704 3898 1907 3952 mundi
1955 3914 2132 3970 opera

481 3994 680 4049 nostra
707 3992 1069 4064 praetereant,
1098 4004 1170 4044 ne
1200 3988 1376 4043 etiam
1407 3986 1519 4059 ipsi
1546 3989 1981 4059 praetereamus,
2026 3988 2127 4043 sed

479 4117 775 4180 cernimus,
808 4114 866 4168 id
897 4115 1005 4177 est,
1046 4113 1118 4167 de
1171 4112 1346 4166 rebus
1396 4109 1772 4166 saecularibus
1830 4112 2127 4167 contendi-

484 4202 652 4241 mus:
707 4184 1105 4265 partimnquid
1159 4183 1341 4238 adimo
1395 4183 1590 4237 sarculo
1646 4182 2009 4250 decernimus,
2070 4183 2127 4238 id

483 4263 590 4323 est,
624 4255 833 4312 saeculo
866 4255 1209 4310 militamus.

555 4329 665 4398 (36)
697 4329 834 4382 Mss.
867 4327 1084 4398 Theod.
1118 4330 1174 4381 et
1211 4324 1392 4390 Valc.,
1432 4326 1531 4380 Ubi
1587 4324 1872 4394 epulemur
1926 4324 2127 4398 Sueba-

485 4395 601 4451 tum
629 4395 763 4468 ejus,
795 4399 999 4452 scilicet
1027 4397 1261 4468 Christi,
1280 4404 1331 4450 et
1354 4399 1605 4468 {minium
1638 4397 1934 4468 virtutum:
1990 4395 2131 4450 Sab-

487 4465 674 4523 balum
703 4484 985 4538 magnum,
1018 4473 1127 4523 etc.
1160 4466 1303 4521 Vide
1354 4465 1651 4522 Philonem
1709 4466 1810 4522 lib.
1872 4466 1937 4521 de
1993 4468 2126 4523 Pro-

510 4557 654 4595 τισῑδ.

482 4543 668 4683 milia?)
691 4610 927 4683 Sapiens
956 4610 1104 4683 enim
1134 4608 1348 4679 quando
1403 4610 1625 4683 minuit,
1654 4606 1886 4683 supple
1908 4678 1920 4683 _
1940 4624 2029 4683 seL
2070 4608 2129 4663 id

557 4625 927 4683 (an-sapiens
956 4626 1104 4663 enim
1134 4625 1348 4679 quanao
1403 4625 1625 4671 mznuu,
1679 4625 1886 4734 SUFEIB
1940 4625 2016 4670 se.
2070 4625 2128 4663 ια

484 4688 592 4749 est,
626 4682 861 4755 quando
893 4679 1198 4746 minuitur,
1233 4695 1301 4733 ex
1329 4679 1531 4733 eodem
1565 4677 1710 4733 Phil.
1768 4680 1782 4733 i
1835 4721 1845 4731 .
1887 4678 1950 4735 de
1995 4681 2128 4734 Pro-

481 4756 668 4827 fugis:
733 4761 767 4827 ὁ⁸
801 4824 811 4827 _
842 4761 917 4827 se,
950 4761 1093 4827 σᾳςρὸς
1163 4759 1245 4827 uagi
1288 4756 1556 4827 ’.ἐκλείπων
1627 4758 1930 4827 προστίθεται
2005 4761 2132 4806 κατὰ

482 4819 682 4895 Μῶσῆν,
715 4824 815 4880 ubi
847 4819 1128 4880 alluditur
1155 4821 1228 4876 ad
1281 4819 1422 4877 Gen.
1482 4838 1610 4885 xxv,
1670 4819 1724 4890 8,
1782 4832 1865 4878 καὶ
1893 4829 2130 4878 ἐκλείπων

486 4906 854 4970 ..ηπροσξτέΘ-η,
883 4899 992 4950 etc.

554 4961 665 5041 (38)
694 4961 987 5024 Mss.'non
1023 4964 1213 5041 pauci
1259 4977 1365 5017 nec
1425 4961 1713 5018 inferioris
1766 4966 1933 5032 nota),
1992 4964 2129 5019 Sara

483 5039 1133 5115 adiperfeetuntpenisse,
1167 5039 1277 5089 etc.
1304 5105 1338 5115 Α
1387 5104 1420 5115 η
1742 5104 1753 5115 ο
1796 5105 1806 5115 .
2000 5104 2014 5115 _
2073 5104 2083 5115 .

552 5104 789 5182 (39)'Sic
819 5110 1100 5182 edit._vet.
1135 5123 1267 5160 cum
1299 5104 1447 5161 Gall.
1491 5120 1663 5182 mss._
1695 5104 1810 5182 nisi
1860 5104 2018 5182 quod
2069 5104 2127 5182 in

484 5177 837 5251 quibusdam
870 5179 1103 5248 legitur,
1138 5194 1295 5248 quem
1333 5179 1665 5251 concesserat
1702 5177 1776 5239 ei,
1819 5178 1870 5230 et
1914 5178 2129 5247 promi-

480 5249 646 5306 serat.
681 5253 846 5308 Rom.
881 5251 1018 5307 edit.
1047 5267 1179 5304 cum
1212 5266 1327 5304 uno
1358 5251 1482 5302 Vat.
1530 5249 1654 5301 cod.
1706 5262 1825 5317 qua:
1873 5263 2128 5318 concepe-

484 5325 591 5387 rat,
616 5331 674 5375 ut
702 5325 1048 5392 promiserat,
1077 5326 1184 5377 etc.
1434 5321 1445 5327 “

557 5392 669 5461 (40)
704 5391 867 5448 Rom.
903 5393 1038 5448 edit.
1097 5391 1243 5456 sola,
1293 5397 1420 5461 ante
1467 5392 1840 5461 exspectatum
1882 5393 2126 5459 partum,

482 5460 697 5538 ingenii
749 5464 1023 5538 celeritate
1084 5467 1280 5538 fetum.
1346 5460 1506 5538 Aliae,
1563 5460 1704 5538 qute
1766 5468 2132 5533 exspectatum

481 5532 792 5609 ingenium,
851 5531 1120 5597 celeritate
1174 5539 1371 5607 partus
1424 5536 1539 5609 feta
1594 5531 1736 5594 Mss.
1789 5531 1948 5607 vero,
2005 5539 2131 5594 ante

2241 3190 2298 3242 et
2327 3185 2677 3258 promiserat
2706 3185 2860 3241 Deus
2892 3186 3004 3257 (39)
3034 3204 3047 3255 ;
3081 3187 3353 3259 paritura
3384 3187 3679 3254 laetitiam,
3720 3190 3774 3242 et
3811 3199 3890 3241 se-

2240 3273 2426 3329 briam
2459 3272 2619 3329 illam
2644 3274 3039 3345 jucunditatis
3070 3274 3425 3331 ebrietatem
3453 3294 3468 3345 ;
3494 3276 3763 3349 paritura
3776 3277 3890 3329 ante

2239 3366 2657 3435 exspectatum,
2688 3361 2906 3434 ingenii
2939 3361 3231 3418 celeritate
3258 3365 3423 3421 487
3464 3368 3675 3436 partus
3698 3359 3893 3432 (40,13-

2241 3457 2332 3507 cta
2359 3450 2675 3523 sapientiae.
2710 3450 2973 3522 Denique
3003 3454 3060 3506 et
3090 3451 3160 3506 de
3190 3450 3328 3507 aliis
3365 3452 3642 3509 Hebraeis
3663 3446 3894 3506 mulieri.

2240 3539 2351 3596 bus
2380 3539 2584 3605 habes,
2617 3539 2756 3611 quia
2786 3540 3031 3595 Hebraea:
3064 3539 3227 3611 prius
3259 3541 3543 3612 pariunt,
3600 3556 3778 3613 quam
3815 3552 3897 3592 ve-

2240 3628 2406 3683 niant
2434 3628 2775 3684 obstetrices
2806 3627 2998 3699 (Exod.
3030 3646 3072 3697 ι,
3102 3627 3188 3694 19)
3214 3646 3227 3697 ;
3257 3644 3329 3685 eo
3364 3631 3536 3702 quod
3569 3629 3777 3685 anima:
3812 3628 3897 3697 ju-

2240 3721 2464 3772 storum
2499 3733 2612 3773 non
2647 3721 2985 3788 exspectent
3013 3720 3168 3773 artes
3197 3721 3255 3773 et
3284 3718 3661 3792 disciplinas
3690 3718 3903 3791 propter

2240 3805 2642 3861 inventionum
2709 3820 2943 3877 genera,
3017 3821 3121 3861 nec
3178 3807 3507 3878 requirant
3581 3806 3904 3879 adjumenta

2240 3893 2587 3968 generandi:
2617 3893 2717 3948 sed
2751 3897 2960 3965 sponte
3013 3898 3216 3966 partus
3269 3912 3432 3952 suos
3496 3896 3775 3966 fundant,
3827 3906 3909 3949 ex-

2240 3982 2775 4055 spectationemque
2807 3982 3184 4054 praeveniant.

2240 4106 2834 4182 exspectatum._Pauci
2873 4112 3003 4182 ante
3056 4111 3406 4182 exspectavit
3471 4111 3700 4182 ingenii
3758 4110 3919 4182 (unus

2240 4176 2492 4252 ingenui)
2574 4179 2854 4252 celeritate
2937 4176 3225 4252 (nonnulli
3318 4176 3691 4252 celebritate)

2239 4245 2629 4325 (unus‘partu,
2663 4249 2843 4320 aliqui
2889 4245 3134 4322 partum)
3184 4251 3512 4325 [εἰαλεΠί
3577 4245 3779 4325 fetum,
3832 4245 3920 4305 alii

2237 4320 2457 4392 facta).'
2505 4320 2663 4375 Hanc
2751 4336 2920 4391 porro
2993 4320 3220 4376 tantam
3302 4320 3771 4381 diversitatem'
3821 4335 3923 4376 non

2240 4393 2475 4467 aliunde
2502 4393 2818 4463 profectam
2852 4407 3068 4467 remur,
3107 4408 3289 4464 quam
3348 4410 3430 4450 ex
3482 4412 3558 4467 eo
3613 4394 3775 4467 quod
3797 4405 3921 4467 __non

2160 4451 2206 4515 D
2235 4451 2522 4535 viderent‘
2567 4467 2693 4518 ante
2758 4451 3144 4535 exspectatum:
3206 4480 3339 4535 quo
3428 4451 3721 4523 redditur
3795 4459 3926 4519 illud

2240 4534 2490 4603 Philoni,
2549 4541 2693 4596 ὥςᾶν
2721 4541 2961 4606 ἀχρόνως,
3020 4534 3241 4589 referri
3274 4552 3414 4592 non
3479 4539 3563 4593 ad
3625 4541 3691 4593 in
3731 4538 3925 4596 enim,

2241 4611 2342 4661 aut
2369 4609 2607 4663 partum.
2666 4559 2787 4659 se({
2797 4605 2868 4659 ad
2923 4613 3132 4663 tempus
3190 4607 3362 4663 quod
3430 4555 3925 4663 subinwfligitur.

2241 4611 2347 4680 aut
2366 4609 2616 4680 parturn,
2666 4605 2869 4680 sedad
2923 4613 3132 4677 tempus
3190 4607 3362 4677 quod
3430 4605 3926 4680 subintelligitur,

2240 4682 2305 4732 ut
2333 4674 2393 4732 in
2423 4676 2523 4731 illo
2552 4675 2710 4747 Virg.
2744 4691 2801 4729 IV
2832 4674 3021 4747 Georg.

2362 4784 2497 4834 Ante
2528 4784 2891 4845 exspectatum
2919 4781 3107 4845 positis
3137 4784 3238 4832 stat
3269 4782 3337 4832 in
3374 4786 3592 4836 ordine
3635 4785 3825 4836 castris

2238 4888 2458 4945 Deinde
2488 4888 2644 4959 quod
2678 4886 2877 4942 minus
2907 4887 3299 4962 adverterent,
3342 4892 3527 4948 unde
3575 4909 3754 4948 voces
3799 4903 3933 4962 par-

2241 4965 2346 5028 tus,
2381 4965 2437 5014 et
2465 4958 2612 5030 facta
2638 4962 2998 5030 regerentur,
3030 4958 3509 5030 substituerunt
3557 4979 3769 5019 earum
3799 4958 3932 5030 'loco

2275 5027 3098 5108 artum'acfetafEsthautem
3154 5028 3407 5108 ellipsis
3478 5032 3831 5108 supplenda
3880 5027 3934 5083 in

2284 5119 2397 5157 unc
2418 5101 2697 5176 modum,
2732 5102 3106 5176 pa_r_i_tura._..._.
3152 5105 3366 5173 partus
3422 5108 3535 5176 qui
3567 5101 3725 5162 sunt
3778 5107 3936 5175 facta,

2240 5179 2348 5229 etc.
2417 5172 2632 5247 Eodem
2700 5170 2927 5247 recidit
2970 5172 3019 5247 si
3060 5170 3248 5247 ‘legas
3325 5170 3588 5243 partum
3660 5181 3721 5232 et
3749 5170 3932 5247 fetum.

2238 5242 2511 5310 Quamvis
2538 5259 2653 5321 non
2680 5257 2885 5321 eamus
2914 5242 3445 5321 inficias‘sens'Um
3483 5242 3789 5321 aliquem,
3831 5258 3937 5301 ser-

2237 5321 2537 5397 vata‘voce
2564 5317 2693 5396 feta,
2719 5313 3049 5397 elici‘posse
3073 5316 3222 5397 ξέερ
3247 5323 3512 5397 nostro,
3542 5313 3935 5397 praeterquam

2237 5384 2613 5521 ﬁgoiiitnagis
2645 5384 2929 5445 naturalis
2960 5390 3070 5456 est,
3096 5384 3260 5443 Philo
3317 5384 3565 5449 etiam-
3586 5384 3939 5466 suffragatur

2260 5475 2338 5520 ID.
2375 5475 2470 5519 Cll}.
