4012 6192
253 341 374 404 621
1458 349 1691 410 LIBER
1735 348 1836 408 DE

2070 367 2090 408 ι
2136 350 2459 414 SECULI.
3539 353 3654 414 622

335 479 422 532 48.
457 479 572 534 Nec
605 478 800 535 minus
830 478 1080 553 impiger
1131 481 1201 536 ad
1249 480 1685 546 inveniendum,
1728 497 1905 552 quam
1935 484 1989 548 Α
2022 488 2085 538 ut
2113 484 2476 556 adjungcrct,
2509 484 2789 556 exigebat.
2824 486 3147 544 Celeritatis
3176 502 3408 559 quoque
3455 487 3656 543 admo-

251 567 329 623 ad
359 568 797 640 exsequendum
846 569 1046 636 Jacob,
1080 568 1173 624 cui
1223 586 1356 625 cum
1407 574 1594 624 mater
1645 569 1906 636 dixisset,
2020 577 2138 639 net,
2173 572 2269 644 qui
2301 574 2381 627 ait
2414 592 2425 629 :
2461 599 2486 622 ‹‹
2521 575 2668 646 Cape
2700 592 2897 631 arcum
2929 582 2984 632 et
3031 577 3305 650 sagittam
3338 575 3498 648 (Ibid.
3533 575 3607 646 3).
3631 598 3658 624 »

249 659 319 711 ut
373 656 614 712 inferret
674 657 826 728 patri
872 673 1058 726 escas,
1091 658 1500 714 deﬁnitionum
1547 673 1760 729 genera
1798 657 1909 728 (il)
2018 660 2252 732 Accepit
2279 665 2474 718 tamen
2521 669 2578 718 et
2625 663 2937 735 diligentiae
2977 667 3254 731 fructum,
3289 664 3387 736 qui
3428 664 3664 736 agnovit

244 745 588 817 suppetisse
639 745 935 802 cernimus
984 747 1141 819 (Gen.
1189 765 1363 815 xxvn,
1413 747 1490 818 9).
1532 747 1679 801 Nam
1711 750 1768 801 et
1798 746 1909 801 cito
2020 749 2291 822 superius
2321 751 2474 806 438
2514 767 2641 806 esse
2669 752 2885 824 ingenii
2916 771 3154 810 munus.

238 833 496 900 invenit,
531 839 587 889 et
616 833 986 890 inventorum
1018 852 1261 891 suorum
1294 841 1590 890 auctorem
1633 833 1909 890 testiﬁca-
2089 839 2180 892 51.
2213 839 2326 893 Nec
2376 839 2666 894 immerito
2710 841 3060 897 domesticos
3109 842 3268 897 cibos
3307 839 3516 896 detulit
3561 839 3663 911 qui

237 926 348 978 tus
383 927 473 979 est
509 923 714 990 Deum,
751 923 809 978 in
841 941 957 995 quo
1006 929 1064 981 et
1114 923 1428 997 diligentiae
1462 923 1675 995 palma,
1709 927 1766 978 et
1816 923 1910 977 in-
2020 927 2089 981 de
2122 927 2459 983 domesticis
2491 928 2732 983 seminis
2764 929 2852 984 sui
2885 930 3182 1001 sapientia
3213 929 3324 986 sibi
3356 928 3666 1000 acquisivit

236 1012 410 1083 genii
441 1011 808 1084 signiﬁcatur
838 1014 1095 1069 ubertas.
1151 1014 1345 1068 Prima
1374 1029 1511 1083 ergo
1553 1011 1816 1067 deﬁnitio
1849 1011 1910 1065 in
2021 1013 2312 1086 copulam.
2347 1015 2506 1070 Bona
2535 1020 2731 1071 autem
2763 1017 3065 1089 diligentia
3095 1035 3230 1073 cum
3270 1016 3574 1088 sapientia,
3607 1022 3666 1072 et

237 1101 592 1156 inventione
647 1119 659 1156 :
714 1101 868 1172 quod
921 1102 1229 1168 invenitur,
1277 1101 1553 1172 quaeritur
1604 1117 1617 1155 :
1669 1104 1724 1155 et
1755 1100 1910 1170 quod
2017 1101 2272 1158 inventio
2303 1120 2434 1159 cum
2466 1105 2699 1175 ingenio
2731 1106 3001 1162 naturali.
3048 1106 3308 1177 Denique
3337 1105 3560 1160 habens
3601 1103 3662 1158 in

237 1189 558 1261 quaeritur,
592 1190 873 1262 temporis
919 1194 1010 1246 est
1061 1207 1072 1244 :
1122 1190 1275 1261 quod
1329 1190 1612 1260 temporis
1655 1192 1763 1254 est,
1796 1188 1909 1242 uti-
2018 1197 2294 1263 promptu
2325 1193 2620 1265 sapientiae
2651 1194 2920 1266 copulam
2963 1199 3204 1250 sanctus
3252 1195 3432 1258 Isaac,
3464 1194 3663 1249 deam-

237 1295 366 1350 que
425 1278 743 1350 diligentize
794 1282 902 1333 est.
950 1279 1111 1344 Quod
1159 1282 1354 1334 autem
1413 1277 1687 1349 praivenit
1735 1294 1908 1332 usum
2018 1280 2259 1334 bulabat
2287 1281 2342 1335 in
2376 1297 2601 1354 campo,
2627 1283 2743 1338 imo
2775 1283 3308 1339 abalienabatur.Et
3337 1298 3443 1336 nos
3475 1280 3664 1352 primo

235 1367 565 1438 temporis,
595 1366 750 1422 Deus
781 1366 1216 1433 infundit,Deus
1248 1367 1350 1422 dat
1383 1384 1396 1421 :
1430 1367 1582 1438 quod
1607 1366 1761 1421 Deus
1787 1365 1906 1432 dat,
2017 1369 2312 1440 sapientiae
2343 1369 2703 1441 copulemur,
2737 1375 2795 1426 et
2825 1372 2909 1426 sic
2947 1389 3220 1427 exeamus
3270 1371 3329 1425 in
3385 1384 3662 1441 campum
3761 1363 3764 1366 ’

233 1462 501 1524 naturae,
535 1472 648 1511 non
682 1455 997 1527 diligentia
1027 1460 1135 1511 est.
1174 1455 1480 1528 Ingenium
1515 1456 1691 1527 igitur
1730 1454 1908 1509 divini
2019 1473 2271 1528 qnwrere
2321 1463 2377 1512 et
2424 1458 2679 1514 invenire
2738 1459 3058 1530 cupientes.
3110 1459 3274 1514 Multi
3331 1457 3487 1514 enim
3539 1457 3666 1512 sine

233 1551 332 1601 est
405 1544 686 1610 muneris,
749 1545 902 1614 quod
954 1549 1147 1599 autem
1208 1544 1388 1598 divini
1457 1544 1739 1610 muneris,
1802 1542 1909 1598 hoc
2019 1546 2306 1618 sapientia
2356 1545 2506 1602 male
2567 1553 2852 1618 quaerunt.
2887 1550 2955 1603 Et
3000 1549 3129 1603 ideo
3177 1548 3315 1603 Cain
3363 1545 3502 1618 quia
3548 1561 3663 1600 non

236 1638 502 1688 naturae.
539 1631 841 1704 Ingenium
890 1649 1027 1705 ergo
1077 1638 1296 1688 naturai
1343 1638 1450 1698 est,
1483 1631 1735 1688 inventio
1779 1631 1908 1686 dili-
2019 1639 2318 1704 acceperat
2348 1652 2381 1690 a
2412 1639 2520 1690 Deo
2571 1637 2962 1707 prudentiam,
2996 1637 3147 1692 male
3195 1635 3482 1708 quaesivit,
3515 1633 3667 1690 male

231 1722 463 1794 gentize
499 1738 512 1777 ε
548 1721 689 1776 illud
724 1721 850 1776 sine
884 1729 1158 1793 tempore,
1194 1721 1303 1776 hoc
1358 1721 1580 1793 indiget
1627 1727 1906 1792 tempore.
2018 1723 2192 1777 exivit
2239 1723 2295 1776 in
2341 1739 2647 1794 campum;
2682 1725 2825 1778 Abel
2879 1726 3046 1794 bene,
3082 1725 3182 1797 qui
3230 1725 3548 1796 perfectum
3579 1739 3667 1777 sa-

231 1812 507 1881 ldeoque
539 1808 680 1864 illud
714 1810 772 1864 in
805 1813 1065 1880 tempore
1096 1815 1305 1881 praesto
1336 1815 1448 1877 est,
1479 1810 1588 1864 hoc
1627 1810 1684 1863 in
1717 1810 1909 1881 spatio
1939 1848 1987 1912 B
2019 1810 2218 1865 crillcii
2277 1827 2495 1866 munus
2541 1812 2822 1882 implevit.
2879 1813 3096 1867 Bonum
3154 1813 3308 1866 enim
3369 1809 3666 1882 sapientia

228 1899 542 1972 temporis
574 1897 959 1970 investigatur
991 1915 1004 1952 :
1040 1897 1185 1952 illud
1215 1915 1397 1969 supra
1443 1914 1570 1962 nos,
1622 1897 1730 1952 hoc
1779 1914 1909 1953 vero
1942 1897 1987 1912 ³¹
2020 1899 2396 1966 sacriﬁcium,
2428 1901 2581 1954 bona
2611 1905 2700 1955 est
2729 1901 2921 1956 hostia
2968 1902 3112 1956 fides
3143 1905 3198 1956 et
3226 1899 3420 1955 omnis
3458 1898 3664 1953 virtus.

234 1989 319 2045 ad
361 2004 477 2043 nos
510 1986 775 2042 refertur.
2021 1989 2280 2059 Denique
2312 1989 2600 2059 sapientia
2650 1989 2942 2045 interfecit
2988 2007 3127 2046 suas
3179 1989 3423 2056 hostias,
3452 1991 3510 2043 et
3558 1985 3668 2041 mi-

314 2075 421 2130 49.
478 2074 768 2139 Quaarenti
825 2073 1008 2146 igitur
1067 2076 1217 2146 patri
1288 2075 1485 2131 cibum
1543 2075 1702 2131 verbi
1772 2077 1909 2145 (non
2021 2078 2172 2133 scuit
2204 2077 2261 2131 in
2286 2082 2567 2132 craterem
2597 2079 2799 2133 vinum
2832 2079 3105 2134 suum.Et
3131 2079 3259 2134 ideo
3291 2083 3358 2133 ut
3386 2075 3667 2148 insipien-

231 2165 416 2222 enim
449 2164 512 2218 in
540 2162 663 2218 solo
709 2178 857 2235 pane
901 2162 1042 2218 vivit
1069 2163 1288 2231 homo,
1321 2165 1420 2219 sed
1463 2164 1519 2218 in
1554 2164 1713 2218 omni
1739 2164 1911 2220 verbo
2021 2166 2181 2222 tibus
2228 2165 2548 2237 gentilibus
2599 2172 2801 2237 potum
2855 2168 2989 2222 ﬁdei
3037 2169 3220 2234 daret,
3265 2167 3339 2222 ad
3386 2170 3667 2221 craterem

231 2255 346 2310 Dei
389 2270 406 2308 :
443 2251 621 2308 talem
669 2252 866 2307 cibum
917 2253 1214 2323 quarebat
1262 2253 1442 2318 Isaac,
1493 2251 1669 2307 talem
1716 2253 1910 2306 cibum
2023 2272 2198 2309 suum
2230 2255 2561 2309 convocavit
2590 2272 2710 2320 eos,
2743 2256 2942 2311 dicens
2977 2273 2988 2311 :
3027 2277 3053 2305 ‹‹
3087 2255 3192 2322 Qui
3223 2259 3312 2310 est
3361 2253 3669 2326 insipiens,

230 2342 560 2399 esuriebat
588 2341 792 2396 Petrus
825 2342 964 2413 (Act.
997 2358 1054 2408 x,
1087 2341 1298 2410 ili-22),
1330 2341 1563 2412 quando
1611 2341 1753 2395 vidit
1791 2357 1910 2395 cre-
2023 2343 2271 2398 divertat
2301 2343 2368 2397 ad
2422 2360 2513 2397 me
2545 2345 2722 2413 (Prov.
2759 2362 2834 2406 ix.
2865 2346 2941 2416 4).
2977 2368 3004 2393 ››
3037 2346 3106 2400 Et
3135 2343 3443 2417 egentibus
3491 2357 3670 2398 sensu

230 2430 440 2487 dituri
494 2428 732 2502 gentilis
776 2428 977 2501 populi
1027 2429 1324 2501 mysteria)
1357 2431 1508 2484 Esau
1555 2434 1763 2501 przesto
1797 2445 1913 2483 non
2025 2432 2169 2486 dixit
2201 2447 2212 2484 :
2247 2455 2274 2479 ‹‹
2307 2431 2509 2486 Venite
2540 2437 2593 2486 et
2625 2433 2776 2488 edite
2808 2434 2878 2488 de
2909 2433 3057 2488 meis
3089 2434 3360 2504 panibus,
3393 2435 3450 2486 et
3490 2429 3671 2486 bibite

234 2520 470 2576 habuit
499 2519 696 2574 cibum
728 2518 1009 2590 spiritalis
1055 2523 1110 2574 et
1157 2517 1460 2573 velocioris
1492 2519 1730 2589 ingenii.
1763 2518 1914 2572 Dum
2026 2523 2225 2575 vinum
2272 2520 2427 2590 quod
2477 2519 2686 2575 miscui
2738 2521 2901 2576 vobis
2933 2521 3090 2592 (Ibid.
3124 2523 3202 2590 5).
3237 2543 3265 2571 ››
3297 2520 3377 2575 De
3405 2520 3516 2575 hoc
3545 2535 3670 2574 cra-

239 2613 362 2666 iste
391 2611 644 2663 venatur
693 2612 751 2662 et
798 2607 1025 2679 quierit,
1054 2612 1111 2662 et
1142 2607 1474 2678 praedurum
1526 2613 1697 2678 atque
1751 2623 1915 2678 agre-
2025 2617 2144 2664 tere
2175 2609 2335 2663 Plato
2365 2607 2423 2662 in
2457 2625 2594 2663 suos
2626 2609 2804 2664 libros
2838 2611 3307 2664 transferendum
3338 2607 3582 2679 putavit,
3598 2609 3672 2663 ad

234 2704 409 2755 stem
454 2711 786 2752 sermonem
838 2711 1150 2768 suggerere
1199 2701 1385 2766 parat,
1420 2697 1695 2767 przevenit
1737 2695 1914 2750 Jacob
2027 2699 2198 2768 cujus
2255 2701 2454 2768 potum
2516 2698 2772 2752 evocavit
2819 2696 3046 2752 animas
3092 2715 3103 2751 :
3147 2696 3248 2752 sed
3298 2712 3398 2751 eas
3443 2693 3674 2765 explere

235 2786 434 2843 celeri
464 2784 818 2850 inventione,
850 2789 907 2839 et
953 2784 1106 2852 miti,
1135 2788 1191 2839 et
1245 2801 1422 2856 prope
1472 2783 1792 2839 domestica
1829 2799 1914 2837 re-
2027 2785 2291 2851 nescivit,
2327 2785 2425 2855 qui
2457 2789 2656 2855 potum
2701 2802 2817 2840 non
2870 2785 3026 2851 fidei,
3058 2785 3161 2840 sed
3213 2783 3468 2855 perﬁdiae
3500 2781 3671 2837 mini-

238 2874 584 2949 sponsione
631 2889 807 2928 suave
866 2873 1110 2928 verbum
1169 2871 1536 2938 ministrans,
1601 2889 1715 2943 quo
1783 2887 1917 2927 cum
2029 2875 2275 2930 strabat.

236 2963 550 3022 mulceret
586 2978 652 3016 ac
683 2961 1013 3016 delectaret.
1067 2960 1230 3016 Unde
1281 2961 1528 3016 miratus
1579 2965 1745 3032 pater
1792 2961 1916 3016 ait:
2665 2962 2895 3018 CAPUT
2937 2961 3026 3017 IX.

245 3075 270 3103 ι
307 3051 474 3120 Quid
509 3055 599 3105 est
639 3049 770 3115 hoc,
805 3050 958 3122 quod
1009 3053 1129 3104 tam
1181 3049 1293 3103 cito
1341 3048 1631 3118 invenisti,
1679 3048 1759 3103 ﬁli
1793 3049 1919 3103 mi?
2035 3054 2189 3122 Urget
2221 3059 2280 3104 ut
2309 3051 2438 3104 hinc
2473 3051 2773 3122 fugiamus,
2805 3053 2946 3106 sicut
2975 3051 3122 3120 [agit
3174 3049 3341 3122 luco];
3373 3049 3440 3103 de
3465 3049 3672 3120 patria,

244 3138 594 3213 Respondit
622 3120 862 3194 Jacobi:
914 3137 1075 3204 Quod
1137 3136 1376 3191 tradidit
1425 3137 1710 3192 Dominus
1766 3136 1920 3192 Deus
1962 3208 1991 3213 _
2101 3120 3677 3213 (litsiegeferviucgtgfofitfig,nggiqvgdggfégqg.{313?

245 3190 589 3240 ”“¹”ὀ-””
851 3190 860 3192 -
926 3190 1028 3204 γ-
1057 3190 1074 3191 ἡ
1305 3190 1322 3191 Si
1367 3190 1373 3191 ⁷
1427 3190 1452 3191 ί
1652 3190 1702 3236 Γ
1769 3190 1772 3191 ⁷
2102 3211 2125 3247 5
2221 3195 2430 3246 nimam
2458 3209 2616 3246 suam
2647 3209 2798 3247 erem
2841 3190 2890 3247 10'
2922 3190 3133 3247 Suarum
3220 3209 3248 3247 e
3293 3190 3464 3245 undat
3511 3206 3540 3244 0
3579 3205 3676 3244 or-

237 3239 407 3334 antis.
450 3246 514 3326 Ψ
806 3225 1488 3334 (afﬁni?
1525 3227 1917 3334 Tiphy]???
1951 3208 1993 3273 Ο
2105 3210 2480 3334 ιὲΐῗιρειοτηοάο
2512 3265 2717 3318 Paulus
2749 3196 3223 3334 etpLotsfugerinal;
3248 3192 3320 3318 ge
3344 3262 3497 3316 nobis
3524 3207 3679 3334 «ἕτηὴ

241 3319 454 3376 ﬁnitio
485 3318 545 3372 in
577 3315 1032 3406 interrogatione
1081 3321 1190 3406 est,
1234 3315 1493 3370 secunda
1522 3315 1580 3369 in
1614 3331 1912 3406 reSponso.
2830 3305 3675 3406 :2,;,2;1;’,3,;."Livium,"un

245 3409 446 3466 Plena
473 3406 654 3479 igitur
684 3405 882 3460 omnia
911 3404 1205 3475 reperiens
1236 3408 1401 3476 pater
1448 3421 1574 3475 quae
1623 3410 1788 3458 erant
1828 3403 1916 3459 vel
2095 3403 2341 3461 summus
2390 3405 2634 3479 sacerdos
2679 3403 2956 3462 moriatur
2984 3425 3001 3462 :
3033 3423 3158 3461 cum
3187 3421 3290 3476 quo
3320 3413 3371 3460 et
3398 3407 3548 3459 vetus
3579 3404 3673 3458 ho-
3759 3403 3770 3410 ί

245 3477 522 3570 ingenii,
547 3493 634 3550 vel
665 3493 1002 3565 diligentiae,
1035 3492 1392 3548 deﬁnitionis
1413 3493 1919 3548 consummatione
2098 3494 2183 3532 mo
2211 3486 2392 3532 "0‘13"
2421 3477 2575 3531 debet
2605 3480 2766 3532 Πιονί-

249 3583 582 3649 conclusit,
617 3582 818 3637 dicens
853 3599 864 3636 :
899 3603 929 3631 (ι
963 3582 1101 3636 Ecce
1134 3581 1278 3636 odor
1322 3579 1426 3634 ﬁlii
1478 3581 1589 3635 mei
1641 3589 1919 3652 tanquam
2098 3585 2186 3637 52.
2234 3579 2552 3652 Fugiamus
2605 3598 2740 3653 ergo
2792 3582 2929 3638 hinc
2977 3583 3128 3639 sicut
3176 3581 3326 3653 fugit
3374 3582 3445 3637 de
3493 3579 3682 3652 patria

249 3677 406 3732 odor
468 3671 592 3744 agri
643 3671 816 3742 pleni,
853 3686 1028 3742 quem
1083 3669 1377 3726 benedixit
1422 3669 1705 3727 Dominus
1762 3669 1918 3737 (Ibid.
2033 3677 2273 3727 sanctus
2303 3669 2501 3724 Jacob.
2553 3669 2783 3724 Sciebat
2829 3672 2984 3725 enim
3032 3687 3228 3726 veram
3270 3669 3520 3741 patriam
3550 3684 3681 3724 esse

251 3766 372 3834 27).
447 3785 476 3811 ››
534 3761 684 3832 Ager
732 3759 888 3814 enim
939 3763 995 3813 et
1047 3757 1312 3813 naturale
1369 3757 1543 3812 habet
1609 3757 1922 3812 fertilitatis
2035 3760 2414 3831 superiorem.
2451 3758 2767 3828 Fugiamus
2800 3759 2952 3814 sicut
2981 3760 3129 3814 cervi
3163 3759 3236 3814 ad
3267 3759 3456 3812 fontes
3503 3773 3685 3826 aqua-

253 3851 600 3925 ingenium,
659 3852 716 3904 et
789 3845 1031 3902 culturae
1102 3845 1467 3917 diligentiam
1520 3845 1922 3916 temporalem,
2035 3864 2167 3903 rum
2203 3864 2214 3900 :
2253 3863 2400 3919 quos
2443 3846 2676 3901 sitiebat
2705 3846 2906 3913 David,
2939 3846 3097 3901 sitiat
3127 3849 3184 3900 et
3212 3845 3409 3900 anima
3466 3848 3684 3899 nostra.

257 3941 601 4010 meritoque
633 3937 688 3992 in
729 3953 796 3992 eo
846 3939 936 3992 est
987 3935 1308 4007 plenitudo,
1341 3934 1434 3990 cui
1471 3939 1782 4006 utrumque
1811 3951 1924 3990 non
2035 3936 2176 4001 Quis
2233 3938 2322 3991 est
2371 3935 2465 3989 ille
2514 3935 2680 3990 fons?
2726 3935 2880 3990 Audi
2930 3934 3218 3989 dicentem
3269 3949 3282 3987 :
3343 3931 3688 3995 «Quoniam

262 4033 461 4086 deest.
496 4025 685 4082 Simul
711 4041 844 4081 cum
875 4023 1166 4079 addiderit
1198 4040 1246 4078 :«
1280 4023 1462 4085 Quem
1495 4023 1788 4078 benedixit
1818 4023 1926 4077 Do-
2039 4025 2191 4096 apud
2227 4027 2281 4078 te
2313 4026 2400 4078 est
2430 4023 2558 4078 fons
2587 4024 2718 4079 vitae
2747 4023 2919 4091 (Psal.
2954 4040 3084 4090 xxv,
3121 4023 3226 4092 10).
3264 4042 3292 4069 ››
3348 4019 3493 4075 Huic
3541 4017 3689 4074 fonti

265 4121 503 4183 minus,
541 4137 569 4163 »
598 4113 828 4170 videtur
875 4117 1098 4168 naturae
1147 4111 1394 4183 gratiam
1446 4109 1770 4183 praetulisse
1807 4110 1928 4166 cul-
2040 4113 2194 4168 dicat
2223 4112 2422 4167 anima
2455 4130 2467 4167 :
2507 4132 2528 4159 ι‹
2563 4113 2804 4177 Quando
2833 4111 3062 4166 veniam
3094 4115 3151 4165 et
3181 4109 3394 4181 parebo
3425 4113 3558 4162 ante
3606 4107 3689 4163 fa-

265 4207 456 4264 tionis
501 4203 706 4259 labori.
737 4203 804 4257 Et
832 4200 1198 4256 conﬁrmavit
1227 4200 1378 4255 Esau
1405 4199 1606 4254 dicens
1639 4217 1652 4254 :
1687 4223 1714 4250 «
1765 4201 1932 4256 Juste
2041 4201 2188 4257 ciem
2219 4205 2382 4255 tuam
2415 4201 2584 4271 (Psal.
2617 4218 2728 4267 xu,
2761 4200 2854 4271 3)?
2889 4223 2916 4248 ››
2949 4199 3100 4254 Fons
3131 4197 3288 4252 enim
3338 4196 3492 4252 Deus
3539 4198 3629 4251 est
3676 4213 3689 4251 :

263 4299 553 4354 vocatum
606 4296 696 4347 est
753 4307 965 4345 nomen
1031 4288 1192 4344 illius
1266 4288 1464 4344 Jacob.
1528 4287 1935 4360 Supplantavit
2043 4290 2143 4345 sed
2175 4288 2273 4360 qui
2309 4288 2464 4342 hunc
2503 4288 2721 4342 fontem
2756 4288 3067 4352 desiderat,
3101 4284 3361 4340 effundat
3409 4299 3588 4355 super
3633 4299 3695 4340 se

267 4385 434 4441 enim
489 4382 617 4452 jam
679 4396 771 4435 me
825 4378 936 4446 bis,
987 4383 1044 4433 et
1101 4377 1490 4450 primogenita
1537 4393 1668 4432 mea
1714 4377 1938 4450 accepit
2045 4378 2300 4432 animam
2334 4392 2532 4441 suam;
2569 4381 2633 4430 ut
2664 4375 2807 4429 nihil
2840 4374 3097 4446 passioni
3144 4373 3337 4429 carnis
3369 4373 3482 4444 (42)
3513 4369 3698 4427 relin-

273 4473 437 4540 (lb-id.
476 4470 592 4534 36).
640 4491 667 4516 ››
2046 4470 2208 4540 quat,
2242 4465 2342 4520 sed
2374 4464 2592 4536 ubique
2624 4464 2821 4518 anima
2853 4463 3195 4535 superfluat.

280 4537 286 4546 ‘
343 4563 445 4618 50.
482 4559 594 4614 Sed
629 4557 772 4612 forte
804 4556 966 4612 dicas
1019 4574 1031 4610 :
1086 4556 1146 4609 In
1201 4571 1316 4625 quo
1375 4570 1599 4609 moram
1645 4554 1795 4621 fecit,
1839 4553 1940 4625 qui
1975 4574 2020 4638 Β
2064 4537 2080 4540 ἠ
2122 4556 2211 4610 53.
2245 4553 2491 4608 Pulchre
2539 4569 2666 4607 eam
2716 4552 2921 4607 effudit
2970 4553 3261 4621 Susanna,
3295 4555 3360 4606 ut
3388 4567 3699 4622 evaporare

281 4654 351 4707 ad
398 4646 778 4705 venationem
812 4662 844 4700 a
880 4649 1043 4717 patre
1078 4644 1298 4699 missus
1330 4647 1417 4698 est
1433 4642 1460 4696 ‘?
1492 4641 1601 4696 Sed
1644 4642 1947 4698 considera
2052 4646 2111 4701 in
2142 4661 2269 4699 eam
2302 4659 2416 4696 non
2449 4645 2688 4713 possent
2718 4641 2988 4696 incendia
3014 4640 3293 4712 corporis,
3337 4639 3542 4694 mortis
3585 4640 3698 4693 for-

283 4740 429 4812 quia
463 4740 519 4792 et
561 4740 724 4807 pater
755 4732 1172 4806 pronuntiavit,
1229 4732 1367 4803 quia
1417 4735 1682 4803 paratum
1735 4730 1945 4786 habere
2055 4731 2460 4798 midines,vita3
2490 4730 3062 4801 cupiditates.Elfusa
3090 4746 3266 4812 super
3293 4729 3481 4800 ipsam
3505 4727 3702 4780 anima

286 4809 405 4884 non
464 4827 682 4897 posset,
735 4823 889 4894 quod
938 4820 1285 4893 spiritaliter
1331 4820 1672 4892 petebatur;
1723 4824 1780 4874 et
1817 4819 1946 4875 ideo
2056 4838 2228 4878 omne
2285 4819 2551 4875 restinxit
2578 4820 2813 4875 carnale
2858 4809 3238 4885 desidet-itm,
3272 4814 3546 4872 saeculare
3577 4819 3699 4869 stu-

288 4917 435 4988 quia
475 4911 782 4968 deﬁciebat
827 4910 1083 4983 ingenio,
1114 4908 1201 4965 vel
1251 4907 1566 4980 diligentiae
1615 4907 1948 4963 subsidium
2057 4911 2240 4966 dium.
2295 4911 2429 4974 Quae
2460 4908 2636 4963 etiam
2676 4906 3144 4979 prodigiosorum
3193 4919 3400 4960 senum
3431 4906 3487 4957 et
3515 4901 3704 4973 impu-

361 5030 482 5103 (41)
513 5027 586 5084 Ut
615 5027 778 5103 locus
828 5026 942 5103 hic,
973 5025 1192 5103 alioqui
1244 5025 1386 5103 satis
1436 5025 1742 5103 obscurus,
1776 5023 1950 5103 intel-
2059 5025 2237 5103 ﬁnem
2269 5040 2368 5103 seu
2403 5021 2803 5103 deﬁnitionem
2834 5021 2892 5075 in
2926 5021 3043 5103 ﬁlio
3078 5019 3273 5103 .J‘acob‘
3309 5016 3703 5103 depre‘hende:

295 5087 543 5175 ligatur,
617 5087 1036 5175 advertendum
1084 5087 1267 5175 _hanc
1321 5095 1632 5175 _Ambrosii
1695 5087 1949 5175 mentem
2060 5097 2135 5175 rit
2164 5098 2404 5175 sanctus
2437 5094 2618 5175 lsaac,
2653 5093 2869 5165 optime
2899 5091 3191 5172 colligitur
3218 5087 3589 5175 illum’rebnus
3631 5087 3705 5143 ad

296 5159 449 5237 esse,
485 5159 770 5228 nimirum
802 5174 867 5224 ut
897 5169 1166 5224 ostendat
1215 5168 1271 5221 in
1311 5166 1489 5222 Jacob
1522 5183 1754 5222 omnem
1787 5167 1949 5221 bona:
2062 5170 2275 5224 bonam
2309 5159 3469 5237 disciplinam-necessariis__instructum
3501 5159 3704 5237 fuisse.

299 5231 630 5315 disciplinae
670 5239 1282 5315 profectum_reperi_ri,
1317 5239 1470 5308 quod
1521 5237 1601 5292 ita
1644 5238 1876 5315 conﬁcit
1913 5255 1947 5315 _:
2062 5241 2179 5295 Hoc
2210 5254 2378 5310 porro
2409 5231 2583 5315 caput
2605 5237 2718 5290 fere
2749 5240 2928 5289 totum
2963 5249 3030 5287 ex
3061 5231 3159 5285 lib.
3214 5231 3278 5286 de
3322 5232 3575 5302 Pro/agis
3606 5231 3706 5285 de-

300 5310 599 5386 Quidquid
634 5310 706 5368 ad
729 5313 962 5386 bonam
985 5310 1356 5386 disCiplinam
1378 5310 1786 5386 necessarium
1841 5312 1950 5386 est,
2063 5316 2367 5386 sumptum
2393 5313 2501 5386 est.
2651 5375 2688 5386 Η

302 5372 541 5443 duobus
573 5384 740 5457 quasi
773 5383 1082 5457 limitibus,
1117 5372 1264 5452 quas
1294 5380 1663 5457 definitiones
1695 5385 1862 5457 vocat
1899 5372 1954 5457 et
2136 5372 2263 5457 (42)
2285 5385 2367 5457 Ita
2399 5379 2564 5457 Rom.
2593 5375 2736 5457 edit.
2772 5391 2845 5457 ac.
2868 5389 3023 5457 unus
3054 5373 3180 5456 cod.
3209 5373 3335 5456 Vat.
3373 5372 3532 5457 Alter
3572 5387 3708 5427 vero

302 5457 471 5514 Philo
521 5445 680 5528 ὄρὸυς,
716 5445 1277 5528 contineturia'tque
1323 5450 1952 5528 inclu_d_itur,_in_genio
2064 5445 2198 5528 cum
2233 5445 2465 5528 duobus
2506 5446 2732 5528 Gallic”
2763 5445 2907 5528 nihil
2944 5447 3304 5528 possessionis
3350 5446 3529 5528 carni,
3583 5459 3708 5528 quae

306 5462 471 5514 Philo
521 5464 680 5528 ὄρους,
726 5462 1054 5510 continetur
1104 5462 1277 5524 atque
1323 5462 1666 5520 includitur,
1719 5467 1952 5522 ingenio
2064 5469 2198 5507 cum
2233 5462 2465 5506 duonus
2506 5462 2732 5528 unum”
2763 5462 3304 5570 nmudmissezsszoms
3350 5462 3529 5509 carni,
3583 5462 3706 5524 qua:

306 5530 530 5586 scilicet
579 5526 1025 5599 achdiligentia;
1065 5525 1361 5596 ingenium
1395 5523 1638 5599 quidem
1681 5522 1955 5599 DeiLmu-
2065 5524 2232 5579 lectio
2265 5521 2503 5599 minime
2534 5517 2818 5599 displicet.
2852 5517 2922 5598 se
3013 5515 3223 5588 reliqm
3274 5533 3417 5575 mss.
3469 5521 3524 5572 et
3566 5515 3706 5578 edit.

310 5618 422 5658 nus
475 5601 583 5666 est,
636 5590 940 5671 diligevntia
983 5590 1365 5652 v'ero'nostro
1397 5590 1582 5671 labori
1624 5591 1951 5671 tribuitur:
2067 5599 2209 5665 ant.,
2241 5592 2384 5653 nihil
2409 5590 2960 5665 possessionicarnis.

310 5688 447 5734 cum
504 5663 642 5745 ergo
705 5663 862 5730 hunc
930 5673 1246 5742 utrumque
1302 5666 1567 5746 perfectae
1635 5663 1955 5742 disciplina
