4012 6192
394 278 511 338 623

1854 280 1919 340 S.
1968 277 2033 338 Al

2148 279 2341 340 ROSII
3625 283 3714 344 621

393 407 674 464 dentium
686 407 1162 480 presbyterorum
1184 408 1374 480 potuit
1405 410 1798 479 (43)i1ammas
1828 409 2036 464 restin-
2066 412 2122 476 Α
2221 411 2309 464 56.
2346 411 2495 467 Bene
2525 409 2701 482 fugis,
2734 410 2783 466 si
2816 424 2915 465 cor
2940 412 3110 465 tuum
3137 425 3253 465 non
3283 407 3524 466 imitetur
3561 427 3719 484 pecca-

389 511 587 570 guere,
646 496 760 553 nisi
807 497 869 552 in
917 495 1011 553 his
1057 496 1258 553 libinis
1306 497 1655 569 proﬂuvium
1713 499 2033 553 redundas-

388 589 494 642 set.
526 573 572 640 Ᾱ
601 585 820 658 quibus
867 603 1001 642 cum
1049 587 1451 642 intenderetur
1497 586 1813 653 calumnia,
1846 587 1894 642 si
1941 604 2032 642 as-

386 689 598 732 sensus
627 679 941 749 negaretur
968 675 1278 740 adulterio,
1313 674 1600 748 ingemuit
1639 677 1930 740 Susanna,
1980 680 2036 730 et

387 763 533 824 dixit
565 779 579 821 :
615 785 644 816 ι(
674 765 972 838 Angustias
1014 763 1159 819 mihi
1210 765 1428 820 adsunt
1475 765 1754 837 undique.
1787 765 1847 820 Si
1877 765 2032 820 enim

384 852 496 910 hoc
523 854 732 919 fecero,
766 857 951 908 morte
981 857 1198 909 aeterna
1227 853 1428 925 peribo
1461 869 1474 910 :
1509 854 1600 909 sin
1651 857 1866 920 autem,
1918 871 2032 908 non

385 941 660 1014 effugiam
691 957 903 998 manus
931 946 1158 998 vestras
1207 943 1364 1010 (Dan.
1414 959 1533 1009 xm,
1582 944 1695 1014 22).
1751 965 1778 989 ν»
1826 942 2035 998 Melius

383 1033 580 1086 tamen
602 1029 889 1102 judicavit
918 1031 1137 1086 crimen
1169 1032 1369 1104 fugere
1409 1032 1621 1104 potius,
1657 1048 1831 1103 quam
1884 1031 2033 1103 peri-

387 1117 606 1175 culum.
639 1119 794 1176 489
826 1119 1075 1176 Ploravit
1121 1120 1319 1192 itaque
1367 1137 1502 1176 cum
1535 1121 1755 1176 crimen
1799 1121 1849 1176 ei
1881 1121 2033 1190 obji-

387 1211 616 1265 ceretur
664 1223 678 1262 :
727 1207 973 1281 ploravit
1027 1225 1161 1264 cum
1215 1209 1327 1264 sibi
1378 1210 1449 1264 de
1496 1210 1710 1281 pudica
1765 1213 1821 1264 et
1876 1213 2037 1264 casta

389 1295 634 1352 adulteri
674 1297 968 1367 judicium
1024 1298 1414 1365 vindicarent;
1467 1315 1581 1353 non
1631 1302 1878 1354 mortem
1936 1299 2033 1353 de-

385 1384 643 1456 plorans,
675 1387 775 1442 sed
825 1387 1112 1442 castitatis
1160 1386 1541 1442 calumniam.
1587 1387 1905 1459 Religionis
1947 1387 2032 1440 in-

378 1474 598 1545 juriam
626 1474 891 1546 ploravit,
946 1479 1003 1530 et
1049 1475 1256 1530 effudit
1304 1492 1480 1548 super
1527 1492 1588 1531 se
1637 1493 1750 1530 non
1801 1491 2033 1546 corpus,

384 1564 485 1618 sed
517 1563 799 1619 animam.
833 1564 1149 1620 Eﬂ'udisset
1180 1563 1334 1619 enim
1369 1581 1598 1636 corpus,
1621 1564 1669 1620 si
1698 1562 2032 1619 carnalibus

384 1651 793 1722 acquievisset.
855 1652 1114 1723 Denique
1179 1668 1311 1707 cum
1375 1657 1560 1708 morte
1632 1653 2030 1715 damnaretur,

383 1738 748 1805 exclamavit,
794 1741 964 1811 quasi
1003 1741 1187 1812 judex
1235 1757 1488 1809 reorum,
1543 1740 1761 1796 arbitra
1810 1739 2034 1794 calum-

382 1826 710 1895 niantium;
766 1832 825 1884 et
871 1828 1198 1884 innocentis
1257 1829 1622 1885 conscientiae
1687 1828 2031 1884 auctoritate

381 1915 638 1972 divinam
687 1916 799 1972 sibi
842 1916 901 1972 in
926 1917 1220 1988 judicium
1272 1917 1572 1973 accersivit
1618 1917 2030 1988 cognitionem,

384 2021 500 2061 non
530 2005 742 2062 timore
773 2006 979 2061 mortis
1012 2007 1254 2078 percita,
1295 2009 1397 2061 sed
1448 2006 1746 2077 arguentis
1775 2021 2031 2060 censurae

383 2096 668 2166 potestate
692 2093 967 2166 praecelsa
996 2096 1129 2166 (44).
1163 2096 1434 2150 Susanna
1481 2110 1616 2165 ergo
1666 2094 1814 2165 fugit
1853 2109 2031 2147 saecu-

383 2181 509 2238 lum
553 2188 612 2238 et
656 2199 720 2238 se
766 2187 877 2238 Deo
926 2183 1194 2248 credidit,
1226 2184 1297 2239 ad
1350 2182 1511 2238 illam
1557 2198 1748 2237 arcem
1779 2182 2032 2237 civitatis

384 2275 609 2327 aeterne
638 2271 888 2344 mgiens,
909 2289 1037 2344 quae
1067 2275 1255 2327 totum
1289 2273 1574 2327 mundum
1607 2271 2031 2343 complectitur,

385 2360 664 2433 quoniam
695 2360 852 2417 intra
887 2363 1065 2417 Deum
1103 2365 1242 2416 sunt
1268 2362 1467 2416 omnia
1496 2363 1628 2434 (45).

451 2450 544 2505 54.
579 2449 748 2522 Fugit
793 2455 849 2506 et
878 2450 1093 2505 Paulus
1142 2453 1208 2504 ut
1255 2450 1522 2505 evaderet
1569 2466 1672 2522 per
1718 2449 2028 2504 fenestram

383 2539 442 2594 in
475 2543 674 2612 sporta
703 2539 1018 2604 demissus,
1065 2544 1330 2610 spartum
1376 2539 1532 2594 enim
1579 2539 1789 2610 triplex
1836 2537 2032 2608 rumpi

382 2643 498 2684 non
528 2643 700 2700 posse
731 2633 966 2684 noverat
999 2645 1011 2682 :
1047 2627 1149 2682 sed
1198 2627 1366 2700 fugit,
1401 2632 1466 2682 ut
1518 2627 1894 2699 Evangelium
1930 2627 2036 2682 Do-

380 2707 527 2773 mini
571 2721 694 2774 toto
741 2718 879 2773 orbe
927 2715 1298 2788 praedicaret;
1332 2720 1388 2771 et
1438 2715 1568 2770 ideo
1599 2716 1657 2770 in
1690 2715 2032 2786 paradisum

381 2809 585 2878 raptus
614 2809 724 2860 est.
758 2805 825 2860 Et
855 2821 961 2860 nos
992 2804 1287 2875 fugiamus
1317 2819 1421 2875 per
1449 2803 1763 2858 fenestram
1796 2803 2030 2857 audien-

382 2898 471 2950 tes
500 2896 786 2965 praecepta
815 2892 1132 2959 Domini,et
1150 2891 1277 2947 visu
1297 2891 1490 2946 sobrio
1523 2896 1698 2964 atque
1729 2890 2031 2946 oculorum

383 2981 648 3038 castitate
677 2984 998 3037 servantes.

453 3070 542 3127 55.
599 3069 914 3142 Fugiamus
970 3069 1122 3125 sicut
1187 3069 1302 3138 l.ot,
1345 3069 1726 3124 Sodomitana
1787 3067 2034 3124 crimina

2145 503 2339 554 torum
2373 499 2616 555 consilia
2655 503 2712 554 et
2749 497 3128 569 cogitationes
3159 513 3374 554 eorum.
3406 497 3541 554 Bene
3583 501 3724 574 iugis,

2145 587 2192 641 si
2225 587 2429 644 oculus
2473 593 2613 644 tuus
2658 587 2808 660 fugit
2863 586 3071 643 calices
3122 591 3179 642 et
3229 586 3472 660 phialas;
3502 605 3566 643 ne
3605 593 3728 646 440

2148 676 2243 730 fiat
2276 676 2649 742 libidinosus,
2681 677 2818 730 dum
2853 679 3115 731 moratur
3137 676 3196 731 in
3225 675 3376 732 vino.
3422 676 3557 731 Bene
3584 677 3728 750 fugis,

2143 765 2191 818 si
2224 765 2426 820 oculus
2456 770 2594 820 tuus
2633 764 2884 820 alienam
2917 764 3185 832 declinet,
3222 768 3285 819 ut
3310 762 3498 837 lingua
3534 765 3630 836 (46)
3653 771 3734 822 tua

2142 851 2444 906 veritatem
2477 852 2784 906 custodiat.
2820 851 2972 906 Bene
3002 850 3179 924 fugis,
3212 851 3262 906 si
3292 867 3396 907 non
3431 853 3732 924 respondeas

2143 939 2501 1009 imprudenti
2535 940 2606 995 ad
2638 939 3098 1011 imprudentiam
3132 938 3307 994 illius.
3341 939 3482 994 Bene
3517 941 3670 1014 fugis,
3695 942 3735 998 si

2144 1028 2375 1083 auferas
2406 1044 2676 1100 gressum
2711 1029 2926 1100 pedum
2961 1032 3199 1083 tuorum
3249 1043 3316 1082 ex
3361 1043 3451 1083 ore
3495 1028 3734 1100 insipiens

2144 1117 2311 1174 tium.
2343 1118 2464 1172 Cito
2497 1117 2651 1172 enim
2685 1117 2858 1173 malis
2891 1118 3140 1172 ducibus
3170 1120 3396 1172 erratur
3427 1136 3439 1173 :
3465 1117 3556 1173 sed
3585 1117 3627 1172 si
3665 1117 3739 1173 vis

2143 1207 2288 1261 bene
2320 1206 2538 1278 fugere,
2573 1205 2741 1278 longe
2771 1206 2861 1261 fac
2892 1205 3016 1262 vias
3044 1209 3176 1262 tuas
3208 1205 3280 1261 ab
3318 1223 3508 1262 eorum
3552 1222 3740 1262 sermo-

2144 1295 2337 1350 nibus.

2212 1430 2299 1483 57.
2336 1429 2600 1484 Mortuus
2645 1434 2733 1484 est
2778 1429 2885 1483 tibi
2935 1429 3216 1500 Princeps
3259 1427 3629 1494 sacerdotum,
3655 1427 3742 1482 tibi

2143 1517 2453 1572 crucifixus
2483 1521 2592 1581 est,
2630 1523 2691 1573 ut
2717 1517 2895 1572 clavis
2925 1519 3056 1588 ejus
3087 1517 3405 1574 adhaerens.
3436 1516 3510 1571 Te
3535 1517 3672 1571 enim
3696 1515 3744 1570 in

2140 1605 2243 1659 illa
2273 1622 2444 1660 carne
2473 1611 2529 1660 et
2558 1609 2659 1661 tua
2689 1610 2924 1678 peccata
2971 1606 3229 1678 suscepit
3275 1623 3289 1660 :
3337 1604 3503 1660 afﬁxa
3531 1609 3654 1659 sunt
3678 1602 3745 1660 illi

2144 1694 2403 1764 patibulo
2447 1699 2682 1750 tuorum
2737 1693 3079 1750 delictorum
3129 1693 3746 1766 chirographa;utjam

2063 1775 2112 1839 B
2147 1783 2363 1837 mundo
2422 1782 2568 1837 nihil
2627 1783 2864 1851 debeas,
2919 1783 3012 1838 cui
3063 1781 3244 1837 semel
3305 1781 3654 1840 renuntiasti.
3694 1781 3748 1836 Et

2147 1875 2299 1925 recte
2356 1871 2505 1925 nihil
2560 1872 2754 1934 debes,
2792 1871 2900 1932 cui,
2945 1871 3205 1943 suppetit
3251 1869 3441 1926 dicere
3488 1886 3501 1924 :
3558 1892 3584 1918 «
3633 1867 3750 1924 Mihi

2142 1961 2294 2013 enim
2325 1960 2584 2014 mundus
2615 1959 2930 2014 crucifixus
2959 1964 3067 2024 est,
3099 1963 3156 2013 et
3185 1974 3293 2031 ego
3340 1958 3553 2014 mundo
3579 1957 3747 2025 (Galat.

2145 2065 2222 2112 vi,
2276 2048 2400 2116 ii);
2437 2070 2463 2096 ››
2499 2052 2561 2101 ut
2603 2048 2728 2118 jam
2781 2049 3028 2102 mortem
3079 2062 3194 2101 non
3246 2047 3477 2115 timeas,
3525 2046 3572 2101 si
3614 2060 3753 2118 geras

2143 2137 2463 2201 Christum,
2495 2135 2552 2190 in
2587 2153 2701 2206 quo
2733 2140 2896 2208 potes
2945 2137 3134 2190 dicere
3170 2152 3181 2189 :
3216 2158 3244 2186 «
3299 2135 3406 2192 Ubi
3455 2139 3556 2201 est,
3603 2148 3750 2199 mors,

2143 2225 2385 2280 victoria
2416 2225 2556 2279 tua?
2588 2225 2692 2279 Ubi
2748 2229 2854 2291 est,
2904 2241 3084 2292 mors,
3137 2226 3382 2280 aculeus
3427 2229 3557 2279 tuus
3586 2225 3626 2294 (ι
3655 2222 3752 2278 Cor.

2142 2332 2236 2379 xv,
2269 2314 2397 2384 55)?
2428 2336 2454 2362 ››
2491 2314 2712 2368 Etenim
2748 2330 2882 2369 cum
2913 2318 3077 2369 vetus
3128 2313 3226 2370 ille
3279 2313 3454 2369 homo
3484 2317 3664 2369 noster
3689 2311 3754 2367 af-

2144 2405 2292 2458 ﬁxus
2320 2406 2409 2457 est
2438 2403 2614 2468 cruci,
2649 2403 3014 2458 destructum
3058 2407 3148 2458 est
3187 2407 3514 2475 peccatum,
3545 2401 3756 2457 obtusus

2144 2492 2402 2555 aculeus,
2424 2495 2668 2546 vacuata
2698 2491 2897 2563 culpa;
2931 2494 2996 2547 ut
3025 2490 3280 2547 ulterius
3310 2491 3524 2548 servire
3553 2488 3758 2551 ﬂagitiis

2145 2580 2504 2636 desinamus.
2539 2580 2692 2634 Abiit
2737 2580 2893 2636 enim
2941 2583 3110 2636 vetus
3152 2579 3354 2636 homo.
3389 2580 3548 2636 Nunc
3590 2582 3754 2634 autem

2137 2670 2263 2740 jam
2296 2685 2410 2724 non
2442 2674 2609 2724 vetus
2640 2669 2814 2723 homo
2846 2667 2906 2722 in
2939 2668 3154 2724 nobis:
3188 2671 3297 2726 sed
3329 2686 3475 2725 nova
3520 2672 3602 2724 est
3627 2681 3758 2722 crea-

2143 2762 2296 2822 tura,
2347 2756 2569 2812 habens
2619 2757 2675 2811 in
2729 2775 2790 2811 se
2839 2757 3296 2814 similitudinem
3347 2756 3574 2823 Christi,
3617 2754 3758 2824 cujus

2145 2846 2349 2902 mortis
2379 2845 2753 2901 similitudini
2784 2845 3110 2918 consepulti
3143 2846 3468 2919 imaginem
3509 2844 3627 2900 vitae
3654 2843 3761 2914 ejus

2143 2935 2597 3007 assumpsimus,
2631 2933 2755 2990 alas
2786 2935 2983 3007 gratiae
3013 2934 3302 3007 spiritalis
3333 2934 3671 3007 accepimus.

2210 3069 2299 3123 58.
2330 3068 2425 3124 Sic
2458 3067 2637 3140 igitur
2665 3066 2874 3135 volate,
2909 3071 2973 3123 ut
3001 3068 3236 3123 dicatur
3270 3069 3343 3124 de
3366 3068 3528 3124 vobis
3559 3085 3571 3122 :
3607 3090 3631 3117 ‹‹
3676 3063 3764 3130 Qui

383 3158 658 3232 amplius,
694 3139 872 3231 quam
920 3157 1209 3231 supplicia
1255 3157 1596 3214 formidans.
1646 3157 1826 3231 Magis
1873 3157 2028 3213 enim
2059 3139 2101 3206 (ἶ
2141 3162 2279 3212 sunt
2311 3156 2403 3211 isti
2449 3139 2548 3228 qui
2600 3163 2662 3211 ut
2712 3157 2896 3212 nubes
2946 3157 3160 3223 volant,
3197 3161 3260 3212 et:
3309 3157 3464 3213 sicut
3512 3153 3760 3212 columbis

389 3249 522 3321 pius
550 3252 702 3305 certe
733 3247 1022 3304 scelerum
1054 3247 1203 3319 fugit
1227 3247 1518 3319 contagia,
1569 3247 1670 3318 qui
1718 3247 2037 3303 Sodomitis

389 3338 632 3393 domum
689 3335 898 3392 clausit
964 3354 976 3391 :
1046 3352 1150 3392 nec
1208 3335 1550 3391 cohabitans
1611 3341 1848 3391 noverat
1899 3353 2034 3403 eos,

399 3441 650 3498 quorum
682 3425 904 3498 ﬂagitia
951 3424 1266 3492 nesciebat,
1309 3429 1364 3480 et
1410 3425 1723 3496 approbria
1771 3425 2038 3480 adversa-

395 3517 614 3571 batur:
646 3525 752 3571 nec
782 3514 1013 3587 fugiens
1061 3514 1310 3586 respexit
1357 3531 1456 3570 eos
1505 3530 1754 3586 quorum
1804 3532 2039 3570 convcr-

395 3603 652 3660 sationes
707 3619 826 3660 non
882 3603 1268 3660 desiderabat.
1313 3603 1484 3676 Fugit
1527 3619 1662 3676 ergo
1711 3603 1863 3658 sicut
1912 3605 2036 3674 Lot,

395 3692 496 3765 qui
526 3692 824 3750 renuntiat
849 3692 1027 3760 vitiis,
1050 3691 1282 3748 abdicat
1305 3709 1366 3748 se
1397 3691 1720 3747 incolarum
1752 3693 2036 3762 moribus,

394 3782 495 3854 qui
544 3785 678 3855 post
725 3797 789 3838 se
836 3797 952 3837 non
1008 3781 1266 3852 respicit,
1320 3781 1420 3852 qui
1469 3781 1829 3851 superiorem
1874 3781 2037 3838 illam

394 3869 685 3927 civitatem
713 3870 1039 3943 ingreditur
1058 3868 1298 3925 introitu
1321 3868 1741 3940 cogitationum
1772 3887 2034 3939 suarum,

398 3975 503 4017 nec
533 3959 752 4016 recedit
781 3974 849 4014 ex
879 3975 946 4014 ea
975 3959 1156 4013 donec
1203 3958 1489 4013 moriatur
1534 3957 1805 4030 princeps
1852 3976 2039 4016 sacer-

391 4049 616 4116 dotum,
639 4046 742 4120 qui
769 4046 905 4102 tulit
932 4048 1231 4119 peccatum
1263 4045 1762 4101 mundi.Mortuus
1797 4047 2034 4118 quidem

392 4137 574 4193 Semel
603 4140 693 4192 est
723 4153 736 4192 ε
772 4137 872 4192 sed
915 4135 1167 4192 moritur
1195 4135 1512 4206 unicuique
1559 4135 1660 4206 qui
1706 4135 2038 4208 baptizatur

391 4226 451 4280 in
500 4230 687 4282 morte
735 4225 980 4295 Christi;
1029 4229 1097 4280 ut
1139 4224 1608 4296 consepeliamur
1655 4241 1787 4279 cum
1834 4241 1919 4292 eo,
1980 4231 2037 4282 et

391 4328 772 4386 resurgamus
817 4331 951 4370 cum
981 4331 1066 4384 eo,
1094 4319 1148 4370 et
1178 4314 1237 4369 in
1271 4313 1520 4370 novitate
1550 4313 1678 4369 vitae
1709 4313 1868 4370 illius
1911 4331 2034 4371 am-

393 4400 686 4458 bulemus.

461 4544 575 4615 (43)
605 4543 878 4615 Quasdam
910 4543 1048 4598 edit.
1083 4547 1210 4598 tum
1259 4561 1327 4600 ex
1375 4548 1488 4599 vet.
1519 4548 1642 4599 tum
1677 4561 1744 4599 ex
1794 4551 2031 4612 recent.,

387 4613 504 4688 non
524 4613 716 4688 potuit.
750 4613 1238 4688 Male.iEst_enim
1271 4615 1480 4688 locutio
1510 4615 1937 4682 conditionalis,
1973 4622 2035 4672 ut

387 4685 649 4760 indicant
673 4687 983 4760 sequenu’a
1011 4685 1131 4750 illa,
1167 4687 1284 4741 nisi
1328 4686 1391 4740 de
1439 4686 1544 4760 hic,
1577 4691 1708 4760 etc,
1763 4688 2033 4760 idemque

385 4758 539 4815 valet
561 4755 775 4830 potuit,
795 4773 860 4812 ac
885 4755 1277 4830 sTlegeretur,
1305 4759 1582 4830 potuisset.
1617 4759 1751 4822 Quae
1784 4755 2033 4816 formula

386 4828 648 4902 probatis
677 4828 1015 4902 auctoribus
1046 4845 1159 4902 non
1193 4834 1283 4902 est
1312 4828 1611 4883 inusitata.

459 4903 572 5026 $44)
604 4901 755 4956 Edit.
786 4901 1053 4972 quaedam
1088 4900 1291 4968 Paris.,
1324 4915 1570 4956 censurae
1607 4904 1862 4971 potestate
1909 4918 2029 4972 per-

477 4987 558 5026 sa.

389 4989 451 5029 cu
459 4987 558 5027 tsa.

421 4989 570 5115 αξῗὲ)
603 5043 689 5100 Ita
719 5044 858 5100 edit.
903 5058 1108 5099 omnes
1156 5059 1289 5097 cum
1339 5042 1540 5113 paucis
1590 5059 1731 5097 mss.
1760 5049 1839 5115 ,At
1869 5043 2023 5098 Colb.

333 5138 340 5147 -
385 5114 827 5185 un’us’quom‘am
854 5117 1004 5171 intra
1054 5116 1222 5169 Deum
1268 5129 1426 5168 omne
1479 5129 1674 5170 minim.
1708 5114 1865 5168 Alter
1893 5131 2028 5170 cum

385 5185 656 5259 Iern.,...
690 5189 880 5259 o_mm'a
925 5188 1127 5259 fulgit;
1165 5185 1334 5259 iYale,
1385 5190 1443 5259 et
1481 5185 1722 5259 Theod.,
1767 5187 2029 5256 fugiunt;

385 5255 640 5326 Thuan.,
707 5257 885 5328 Prat.,
926 5255 1093 5332 'Big.,
1163 5257 1466 5331 Ebrulpb.,
1525 5255 1812 5324 Alnet.,.’..
1872 5272 2029 5314 omne

2149 3262 2278 3300 cum
2331 3243 2509 3316 pullis
2559 3245 2681 3302 suis
2730 3245 2856 3316 (Isa.
2894 3263 2982 3314 Lx,
3015 3245 3107 3315 8)?
3135 3269 3162 3296 ››
3195 3245 3273 3301 Ut
3324 3245 3547 3302 nebulae
3593 3248 3768 3300 vestras

2150 3338 2346 3389 rorent
2383 3322 2702 3404 justitiam,
2734 3341 2789 3389 et
2841 3334 3123 3390 columbae
3172 3336 3415 3406 pariant
3461 3331 3768 3405 simplicita-

2151 3430 2286 3477 tem.
2329 3424 2422 3478 Sic
2466 3423 2732 3496 navigate
2781 3423 2950 3496 quasi
2995 3424 3448 3481 transfretantes
3492 3421 3768 3486 mundum,

2150 3529 2264 3567 non
2299 3514 2855 3584 pererrantes,quasi
2888 3529 3064 3569 naves
3095 3513 3347 3570 Tharsis
3383 3531 3395 3570 :
3431 3518 3493 3569 ut
3522 3513 3588 3568 ad
3619 3507 3768 3565 intel-

2149 3601 2400 3674 ligibiles
2433 3605 2635 3673 portus
2665 3619 2904 3657 cursum
2939 3602 3230 3674 dirigatis,
3256 3607 3315 3658 et
3344 3599 3666 3658 convehatis
3693 3597 3765 3652 di-

2149 3691 2317 3746 vitias
2351 3691 2548 3745 maris.
2603 3691 2694 3745 Sic
2743 3690 3037 3759 festinare,
3091 3695 3156 3746 ut
3217 3693 3452 3747 dicatur
3482 3692 3549 3746 de
3575 3687 3766 3745 vobis:

2153 3801 2178 3828 ‹‹
2210 3781 2380 3833 Leves
2413 3777 2544 3832 facti
2576 3781 2716 3832 sunt
2765 3794 2942 3850 super
2989 3777 3218 3850 aquilas
3252 3780 3476 3851 (Thren.
3509 3794 3582 3848 Iv,
3623 3774 3719 3847 19).
3749 3793 3772 3821 ιι

2146 3868 2230 3921 Ab
2262 3867 2347 3921 ira
2378 3867 2533 3921 enim
2568 3871 2809 3921 ventura
2839 3866 3181 3939 fugiendum
3213 3869 3451 3933 videtis,
3484 3882 3651 3940 quam
3695 3862 3775 3918 de-

2147 3955 2361 4010 clinare
2419 3959 2712 4026 poterunt,
2746 3955 2845 4028 qui
2890 3973 2994 4029 per
3041 3957 3450 4028 pcenitentiam
3492 3955 3603 4012 sibi
3630 3964 3774 4026 spem

2145 4043 2458 4098 locaverint
2477 4045 2841 4109 evadendi,et
2862 4044 3363 4101 reconciliationis
3398 4047 3602 4101 futura:
3623 4042 3775 4096 ﬁdem

2145 4133 2464 4203 hauserint,
2485 4149 2587 4204 per
2615 4133 2929 4189 Dominum
2960 4138 3230 4190 nostrum
3264 4135 3472 4191 Jesum
3503 4131 3774 4189 Christum

2145 4222 2236 4277 cui
2270 4238 2516 4294 regnum
2563 4227 2651 4277 est
2698 4240 2732 4277 a
2781 4222 3030 4290 saeculis,
3062 4226 3118 4278 et
3148 4240 3334 4292 nunc,
3368 4229 3426 4280 et
3466 4235 3704 4294 semper,
3730 4219 3780 4270 et

2143 4311 2201 4365 in
2234 4311 2432 4367 omnia
2461 4310 2670 4366 saecula
2701 4311 3068 4369 sesculorum.
3102 4315 3313 4368 Amen.

2143 4543 2601 4616 confugitgFisc.
2635 4542 2954 4614 denique...
2987 4559 3146 4601 omne
3171 4545 3337 4602 habet
3367 4560 3496 4601 cum
3522 4542 3676 4616 fugit.

2215 4616 2325 4685 (46)
2358 4614 2504 4668 Edit.
2541 4630 2764 4682 omnes,
2794 4613 2845 4669 si
2891 4618 3080 4671 oculus
3128 4625 3255 4672 tuus
3305 4617 3497 4674 aliena
3523 4613 3761 4685 declinet

2215 4647 2325 4685 \‘IU/
2358 4647 2504 4668 ωυιυ.
2541 4647 2764 4682 υιμιιυῠ,
2796 4647 2842 4669 οι
2891 4647 3078 4671 υιιιιιω
3128 4647 3253 4672 ιιιαο
3305 4647 3497 4674 ιιιισιια
3543 4647 3760 4670 μονιιιιιν

2143 4689 2204 4739 ut
2251 4685 2477 4753 lingua;
2539 4685 2728 4753 Rom.,
2778 4690 2829 4741 et
2877 4686 3089 4757 lingua.
3145 4687 3290 4743 Mss.
3340 4686 3492 4743 Gali.
3553 4686 3664 4740 fere
3715 4647 3778 4734 εδ

2143 4757 2690 4829 unum...alienam,
2743 4762 2851 4811 etc.
2907 4757 3163 4829 Utraque
3213 4757 3392 4815 lectio
3445 4773 3618 4813 suum
3663 4767 3778 4809 sen-

2143 4843 2272 4909 sum
2314 4827 2526 4909 habere
2576 4832 2882 4909 pote‘st,‘gu_t
2915 4827 3263 4909 moneamur
3313 4830 3496 4909 oculo
3543 4829 3778 4909 avertero

2141 4899 2262 4980 sive
2309 4899 2383 4980 ab
2429 4898 2634 4980 alienis
2682 4899 2932 4980 divitiis,
2981 4901 3100 4980 sive
3149 4902 3223 4980 ab
3275 4898 3775 4980 aliena_conju_go.

2141 4971 2299 5024 Hanc
2325 4969 2616 5042 siquidem
2665 4971 3009 5042 Ambrosius
3057 4971 3214 5028 haud
3269 4990 3406 5030 raro
3457 4968 3781 5042 simpliciter

2139 5040 2596 5116 alicnam'dicit,
2645 5041 2888 5116 scilicet
2933 5044 3250 5116 Scriptura;
3309 5040 3778 5116 consuetudinem

2139 5113 2423 5180 imitatus,
2485 5113 2584 5168 ubi
2645 5111 2808 5184 legis,
2862 5113 3024 5168 Prov.
3063 5111 3129 5182 'v,
3190 5116 3286 5182 20,
3351 5124 3441 5184 Mt,
3499 5121 3646 5176 πολὺς
3695 5114 3778 5184 icti

2135 5195 2252 5258 πρὸς
2281 5184 2684 5260 ἀλλοτρςανε-Αά
2703 5180 2912 5257 ’ᾳυθω
2961 5180 3155 5243 locum
3213 5180 3556 5260 frequenter
3611 5184 3680 5240 ab
3721 5180 3773 5236 S.

2136 5254 2385 5329 praesule
2417 5254 2716 5313 alluditur.

1787 5541 2388 5581 η-..ο--α
