4122 6146
314 345 319 350 ,
365 303 479 370 ωε
1210 308 1313 373 na
1355 307 1601 375 meos
1646 309 1747 376 ET
1792 313 1986 382 VITA
2034 321 2314 389 nam.
2345 359 2426 374 —
2452 325 2936 395 ADMONITIO.
3679 351 3803 419 626

958 559 1078 650 IN
1141 561 1567 653 LIBROS
1628 565 1773 654 DE
1837 566 2200 664 JACOB
2261 578 2403 666 ET
2468 577 2753 670 VITA
2814 582 3186 682 BEATA

1833 721 2305 789 ADMONITIO.

1955 861 2167 877 ἡ

352 1391 788 1449 convenientem
822 1393 1213 1465 acquirerent,
1244 1396 1644 1466 aperiendum.

419 1480 782 1580 Quapropter
812 1480 1021 1584 primis
1046 1481 1194 1584 ipsis
1226 1483 1606 1584 prioris‘libri
1634 1486 1827 1584 verbis
1858 1490 2037 1584 docet
2054 1493 2126 1547 ad
2158 1493 2414 1584 fructum
2448 1496 2719 1569 aliquem
2753 1517 2820 1558 ex
2853 1506 3142 1568 institutis
3174 1515 3390 1584 quibus
3421 1519 3770 1580 imbue-ban-

351 1572 462 1634 tur,
497 1569 958 1668 percipiendum,
993 1571 1269 1626 adhibere
1299 1577 1562 1643 oportere
1593 1575 1858 1631 animum
1889 1578 2159 1647 docilem,
2193 1581 2293 1651 qui
2327 1587 2606 1639 motuum
2638 1603 2951 1658 pravorum
2978 1569 3770 1668 tumult‘usrectiewratibzis

349 1659 694 1758 tractatione
723 1657 1070 1758 corrigeret:
1105 1661 1340 1716 tametsi
1373 1661 1529 1716 enim
1559 1679 1764 1758 omnes
1795 1663 1928 1720 illos
1964 1671 2160 1722 motus
2191 1684 2278 1736 ea,
2304 1677 2770 1746 quantacunque
2798 1680 2984 1738 virtus
3015 1687 3143 1755 ejus
3173 1689 3268 1758 sit,
3301 1657 3766 1755 rasiliﬂevéi:

341 1746 456 1804 lere
478 1745 819 1848 neutiquam
850 1745 1062 1848 valent,
1095 1763 1268 1818 posse
1297 1752 1491 1848 tamen
1523 1749 1874 1848 cupiditate
1900 1755 2147 1810 resecari
2180 1760 2598 1829 temperantia,
2623 1745 2803 1832 quam
2836 1767 2992 1824 Deus
3035 1745 3224 1842 primo
3250 1745 3761 1848 parenti—,bwaanbn

344 1839 544 1937 postea
573 1833 629 1890 in
664 1832 786 1905 lege
817 1835 1167 1944 servandum
1199 1838 1516 1938 praesepit}
1552 1839 1687 1895 hinc
1719 1846 1954 1944 no‘stros
1975 1859 2189 1941 omnes
2219 1844 2423 1944 lapsus
2454 1847 2754 1907 voluntati
2789 1853 2872 1909 illi
2935 1832 3066 1928 qua:
3122 1832 3290 1934 Legi‘s

335 1924 521 1997 jussis
551 1939 752 2021 parere
781 1927 1026 2029 poterat,
1065 1941 1180 1980 non
1212 1927 1372 1981 carni
1404 1927 1574 1998 cujus
1629 1930 1912 1986 membris
1972 1931 2100 2003 ipsa
2154 1949 2256 2004 pro
2315 1933 2485 1992 libito
2518 1939 2642 1995 sive
2673 1942 2744 1995 ad
2769 1924 3068 2014 justitiam
3095 1924 3234 2005 sivev
3255 1953 3327 2007 ad
3385 1924 3761 2029 iniquita‘lzem

341 2013 628 2119 litabatur,
659 2011 1037 2119 imputandos
1070 2030 1197 2119 esse
1232 2032 1244 2070 :
1277 2016 1338 2071 Si
1366 2017 1631 2119 diabolus
1646 2020 2038 2119 ‘uolunlarium
2062 2022 2173 2076 sibi
2199 2039 2415 2078 servum
2461 2011 2818 2086 auctionatur
2866 2032 2992 2104 (lib.
3026 2053 3066 2101 ι,
3099 2053 3225 2110 cap.
3276 2040 3332 2112 3,
3386 2011 3762 2119 nutbdleid

343 2100 570 2206 thiito
599 2117 713 2199 non
773 2100 893 2206 nisi
917 2101 1292 2206 voluntariu‘m
1324 2104 1583 2206 Imilitem
1603 2105 1747 2206 ‘eligi
1779 2125 1792 2162 :
1827 2124 2120 2180 quemque
2151 2115 2344 2166 autem
2404 2116 2645 2186 propria
2675 2100 2882 2190 sponte
2923 2100 3083 2178 illius
3133 2100 3366 2184 servum
3395 2130 3520 2192 ﬁeri
3579 2100 3757 2206 quiem

336 2189 446 2246 sibi
477 2187 790 2280 Domi-num
822 2189 1180 2280 adoptasset.
1214 2191 1294 2245 Ex
1322 2191 1416 2248 his
1448 2193 1722 2263 praeclare
1753 2195 1824 2250 ob
1859 2196 2057 2253 oculos
2088 2198 2255 2269 ponit
2285 2207 2578 2270 quantum
2603 2187 2800 2278 gloriae
2832 2227 2900 2265 ac
2933 2209 3203 2270 utilitatis
3232 2217 3431 2274 redeat
3478 2187 3547 2277 ex
3575 2187 3754 2280 ie};

334 2277 411 2334 tio
443 2275 677 2344 Chrisu’
713 2278 883 2347 cujus
910 2277 1148 2347 qnidem
1179 2295 1488 2350 nunquam
1520 2298 1634 2336 non
1664 2282 1866 2338 liberti
1897 2301 2131 2352 sumus»
2167 2288 2384 2360 ίίυίΡΡθ
2414 2307 2566 2362 Quos
2597 2275 2886 2353 i—mmenso
2919 2300 3125 2357 mortis
3171 2319 3291 2358 suae
3343 2275 3546 2377 pretio

332 2367 520 2432 merit,
556 2381 622 2419 ac
652 2364 1015 2434 redimendo,
1047 2367 1389 2422 muneribus
1421 2369 1589 2439 queis
1616 2371 1840 2441 majora
1869 2372 1984 2428 alia
2013 2390 2118 2428 nec
2143 2380 2340 2445 optare
2371 2381 2561 2449 possit
2591 2384 2930 2457 quisquam,
2965 2389 3283 2446 donaverit.

399 2453 870 2558 afﬁrmat‘porro
893 2452 1090 2558 divina
1121 2453 1583 2558 inte‘rObeneﬁcia
1609 2461 2039 2558 numerandum
2097 2478 2225 2517 esse
2257 2464 2472 2537 Legem
2531 2452 2818 2541 Veterem,
2861 2452 3341 2548 quandoquidem
3374 2482 3575 2539 addita
3631 2484 3749 2558 ipsi

328 2543 513 2617 gratia
544 2541 684 2615 quid
712 2542 902 2597 eidem
929 2541 1041 2614 legi
1074 2543 1350 2637 possibile
1383 2561 1500 2599 non
1532 2551 1674 2612 erat,
1708 2548 1899 2604 effecit
1931 2567 1943 2616 ;
1978 2554 2043 2604 ut
2072 2567 2304 2622 semper
2335 2556 2406 2609 ad
2450 2574 2618 2628 opem
2651 2541 3099 2635 confugeremus
3119 2541 3529 2637 -praepotentis
3584 2541 3749 2632 illius

329 2630 669 2697 Servatoris,
701 2630 829 2686 sine
851 2647 963 2700 quo
993 2631 1065 2685 ad
1099 2631 1512 2703 perfectionem
1546 2635 1877 2692 sanctitatis
1904 2638 2204 2710 pervenire
2233 2657 2348 2695 non
2376 2641 2530 2701 licet.
2565 2650 2649 2704 Ad
2681 2630 3007 2706 extremum
3038 2630 3305 2707 hortatur
3345 2671 3419 2710 ne
3475 2630 3744 2728 unquam

325 2719 620 2793 patiamur
649 2719 938 2773 memoria
971 2717 1139 2773 nobis
1171 2720 1430 2776 excidere
1465 2738 1768 2778 summum
1801 2724 1943 2781 illud
2001 2726 2348 2784 beneficium
2412 2749 2516 2803 per
2573 2740 2729 2808 quod
2789 2738 2958 2794 nobis
3008 2739 3068 2793 in
3117 2739 3470 2811 baptismate
3508 2717 3742 2805 Cliﬁstd

325 2807 708 2866 commortuis
739 2811 796 2862 et
827 2806 1245 2863 conviviﬁcatis
1275 2815 1509 2880 peccata
1538 2811 1789 2867 dimissa
1815 2819 2012 2870 essent
2044 2832 2057 2882 ;
2104 2820 2162 2870 et
2190 2817 2378 2874 eidem
2432 2823 2551 2878 vita
2593 2806 2797 2898 gratiae
2821 2806 3213 2900 jungeremur
3266 2846 3332 2884 ac
3386 2831 3738 2896 viveremus.

323 2897 481 2954 Unde
512 2894 813 2952 concludit
846 2895 918 2949 ab
950 2911 1016 2950 eo
1047 2912 1152 2951 nos
1183 2913 1372 2968 neque
1394 2898 1654 2956 adversis
1686 2917 1876 2972 neque
1907 2905 2298 2960 incommodis
2329 2907 2467 2966 ullis
2500 2894 2757 2984 separari
2788 2894 3018 2981 debere,
3064 2930 3198 2969 cum
3223 2915 3283 2971 in
3341 2917 3504 2976 hisce
3558 2894 3738 2981 rebus

324 2987 451 3042 vita
481 2986 656 3042 istius
686 2984 938 3040 felicitas
969 2983 1161 3040 omnis
1192 2986 1382 3056 posita
1411 2987 1506 3042 sit.
2568 2983 2582 2984 ί
3669 3005 3676 3010 ·

391 3075 594 3146 Itaque
624 3078 941 3171 postquam
971 3077 1208 3170 sanctus
1238 3074 1448 3130 Doctor
1472 3075 1856 3171 iri-ejusmodi
1889 3079 2376 3150 praeceptionibus
2434 3087 2610 3157 primi
2639 3090 2816 3161 hujus
2846 3090 2981 3146 libri
3013 3106 3113 3145 sex
3141 3090 3333 3162 capita
3386 3093 3734 3171 insumpsit,

315 3161 378 3218 in
404 3162 674 3234 septimo,
708 3161 865 3216 sicut
895 3164 952 3215 et
982 3160 1039 3214 in
1073 3164 1273 3217 octavo
1305 3163 1674 3235 generalibus
1709 3167 2076 3238 argumentis
2106 3168 2470 3229 demonstrat
2500 3177 2662 3232 nulla
2689 3160 3042 3244 calamitate,
3093 3160 3253 3233 nulla
3310 3180 3548 3241 miseria
3590 3160 3732 3245 vita:

318 3249 656 3307 felicitatem
687 3247 1050 3319 interpellari
1086 3266 1098 3315 ;
1133 3250 1192 3303 in
1222 3252 1309 3304 his
1339 3253 1508 3317 enim,
1543 3253 1757 3324 inquit,
1777 3255 2092 3326 probamur,
2128 3260 2187 3312 in
2217 3259 2302 3314 his
2335 3261 2492 3318 beata
2515 3267 2628 3321 vita
2657 3271 2755 3334 est,
2787 3268 3010 3324 etiamsi
3036 3266 3226 3321 multis
3249 3270 3523 3339 periculis
3559 3276 3730 3332 inun-

319 3340 484 3396 detur
512 3337 672 3409 (Ibid.
705 3355 834 3428 cap.
867 3339 924 3428 7ἶ
955 3353 1119 3428 num.
1152 3339 1264 3406 27).
1298 3339 1426 3394 Haec
1455 3346 1651 3395 tamen
1682 3342 1741 3396 in
1773 3342 1885 3397 alio
1911 3345 2148 3416 reperiri
2183 3353 2353 3418 negat
2382 3351 2494 3406 nisi
2526 3353 2585 3408 in
2618 3355 2902 3426 sapiente,
2929 3356 3107 3425 justo,
3141 3358 3196 3410 et
3223 3337 3478 3428 perfecto
3534 3362 3724 3421 homi-

310 3444 407 3495 ne,
442 3428 536 3499 qui
565 3443 662 3482 nec
691 3424 1000 3497 dispendiis
1030 3427 1325 3495 minuitur,
1354 3443 1452 3482 nec
1479 3428 1720 3483 adversis
1738 3432 2040 3503 frangitur
2067 3433 2223 3501 (Ibid.
2251 3452 2414 3492 num.
2448 3441 2536 3501 3i)
2570 3459 2582 3508 ;
2636 3424 2769 3498 cum
2830 3424 3204 3499 beatudinem
3224 3424 3244 3428 ‘
3263 3441 3462 3504 suam,
3489 3449 3550 3508 in
3607 3469 3726 3511 una

310 3515 527 3614 summi
560 3514 720 3581 boni,
754 3514 865 3613 hpc
900 3514 1354 3614 est,‘i.psi'usmet
1383 3515 1481 3570 Dei
1513 3517 1787 3614 passione
1819 3521 2155 3614 constituat.
2189 3521 2475 3580 Caeterum
2509 3544 2543 3582 a
2571 3532 2823 3600 perfecto
2854 3531 2954 3587 illo
2996 3545 3369 3604 nequaquam
3428 3539 3605 3614 exigit
3661 3542 3724 3599 in

310 3603 566 3671 damnis,
593 3607 760 3675 putat
789 3601 850 3656 in
879 3601 1124 3668 morbis,
1147 3603 1206 3658 in
1238 3608 1421 3659 morte
1453 3604 2043 3678 consanguineorum,
2066 3609 2125 3662 in
2158 3611 2512 3681 captivitate.
2547 3616 2793 3673 stoicum
2826 3601 3253 3689 apathiam,se_d
3285 3626 3500 3685 mentis
3520 3601 3722 3704 Eque..-

305 3692 617 3761 bilitatem,
651 3708 833 3764 quam
865 3691 937 3745 ab
970 3689 1068 3745 illo
1100 3691 1248 3763 ipsio
1281 3691 1424 3748 alios
1455 3693 1648 3749 doceri
1680 3692 2044 3752 testiﬁcatur.

380 3779 485 3839 His
517 3780 836 3836 universim
869 3779 927 3835 in
958 3778 1147 3852 primo
1177 3779 1325 3836 libro
1359 3781 1712 3848 constitutis,
1745 3782 1804 3836 in
1838 3787 2094 3841 secundo
2126 3787 2329 3843 eadem
2362 3790 2750 3851 nobilissimis
2779 3793 3068 3850 clarorum
3085 3793 3341 3854 virorum
3365 3802 3466 3874 qui
3496 3805 3608 3863 sub
3627 3823 3727 3865 an-

304 3869 474 3942 tique
507 3869 716 3924 fmdere
749 3867 1408 3964 ﬂorueruntnex-emplis
1433 3869 1671 3964 proba-t1
1693 3871 1802 3925 Sed
1835 3871 2128 3944 imprimis
2160 3876 2502 3946 patriarchae
2533 3880 2715 3936 Jacob
2745 3881 2924 3939 vitam
2957 3883 3244 3960 proponit,
3297 3867 3468 3959 cuju
3521 3894 3724 3964 praeci-

309 3959 448 4034 puis
470 3957 798 4013 actionibus
828 3955 1072 4030 planum
1101 3956 1257 4024 facit,
1292 3961 1510 4028 quanta
1537 3957 1626 4013 vel
1659 3957 1716 4012 in
1749 3960 2022 4016 maximis
2049 3961 2482 4022 calamitatibus
2515 3967 2786 4024 felicitate
2815 3970 2894 4025 sit
2921 3967 3157 4040 potitus.
3186 3956 3332 4031 Cum
3364 3955 3561 4035 autem
3622 3991 3722 4036 su-

307 4047 490 4104 binde
520 4061 848 4102 sermonem
881 4061 1057 4100 suum
1089 4045 1552 4117 expositionibus
1585 4047 1655 4101 ad
1688 4063 1881 4103 mores
1914 4050 2316 4106 informandos
2349 4054 2601 4110 maxime
2632 4057 3025 4113 accomodatis
3055 4065 3344 4132 aspergat,
3369 4067 3724 4142 quandoque

308 4137 492 4193 etiam
524 4135 848 4209 digreditur
878 4139 1244 4207 argumento,
1277 4139 1340 4189 ut
1369 4135 1427 4189 in
1463 4135 1708 4207 mystico
1739 4151 1919 4192 sensu
1951 4139 2260 4211 apatietur.
2303 4142 2561 4215 Denique
2593 4163 2705 4201 non
2740 4145 2970 4201 dubitat
2999 4145 3068 4202 de
3093 4135 3404 4218 parentum
3431 4135 3720 4214 Jacob‘in

307 4241 450 4281 eum
482 4221 760 4280 charitate
792 4227 882 4278 sat
913 4221 1115 4278 multis
1147 4223 1452 4289 disserere,
1485 4227 1550 4278 ut
1581 4224 1715 4278 inde
1748 4231 2019 4296 parentes
2050 4244 2256 4284 omnes
2285 4229 2638 4303 intelligant,
2673 4235 2964 4305 quomodo
2995 4251 3135 4306 erga
3162 4234 3380 4296 liberos
3437 4243 3720 4315 aequalem

308 4312 586 4370 exhibere
610 4327 869 4368 amorem
899 4314 1074 4382 atque
1091 4311 1384 4382 justitiam
1414 4314 1740 4368 teneantur.
1774 4311 1901 4368 Alia
1931 4314 2213 4370 nonnulla
2242 4317 2505 4388 ejusdem
2552 4321 2906 4391 patriarcha:
2964 4321 3134 4390 facta,
3193 4311 3526 4398 cujusmodi
3583 4336 3722 4390 sunt

308 4418 444 4474 quas
474 4397 766 4473 contigere
796 4398 1146 4471 patriarcbis
1175 4398 1611 4468 benedicendis,
1646 4399 1881 4472 attingit
1905 4403 2162 4473 quidem,
2197 4405 2297 4459 sed
2329 4405 2532 4476 paucis
2563 4408 2800 4464 omnino
2835 4427 2847 4476 ;
2882 4409 3039 4464 haud
3071 4409 3246 4468 dubie
3271 4397 3344 4472 eo
3375 4416 3640 4487 consilio,
3655 4423 3722 4476 ut

307 4489 417 4546 illa
447 4488 574 4560 ipsa
603 4487 837 4560 proprio
867 4491 1118 4543 tractatu
1149 4487 1338 4544 fusius
1369 4488 1726 4578 uberiusque
1754 4496 2222 4578 prosequeretur.
2255 4493 2393 4549 Post
2423 4494 2543 4550 huic
2573 4496 2852 4566 subjectis
2882 4496 3067 4553 obiter
3093 4495 3310 4572 Joseph
3340 4507 3520 4578 atque
3574 4507 3716 4564 alio-

307 4594 447 4633 rum
474 4577 862 4648 quorumdam
885 4576 1188 4649 exemplis,
1217 4577 1289 4632 ad
1323 4577 1685 4633 sacerdotem
1719 4576 2075 4647 Eleazarum,
2101 4597 2166 4636 ac
2192 4586 2413 4653 septem
2445 4583 2652 4638 fratres
2684 4583 3067 4653 Macbabaeos,
3102 4576 3438 4665 eorumque
3465 4597 3713 4651 matrem

306 4664 537 4740 stylum
568 4665 865 4721 convertit.
899 4665 1002 4720 Hic
1034 4682 1175 4721 sane
1205 4666 1263 4720 in
1297 4665 1486 4721 tribus
1519 4665 1743 4721 ultimis
1775 4665 2021 4737 hujusce
2044 4668 2174 4724 libri
2215 4670 2506 4742 capitibus
2537 4675 2657 4728 toto
2688 4672 3031 4745 eloquentia
3063 4691 3182 4731 suae
3214 4664 3391 4736 cursu
3422 4679 3622 4747 fertur,
3643 4684 3708 4738 ut

304 4751 648 4810 felicitatem
681 4771 800 4826 qua
837 4752 1194 4810 nobilissimi
1226 4753 1307 4808 illi
1342 4759 1627 4826 martyres
1660 4756 1719 4809 in
1750 4754 1865 4826 lege
1894 4759 2109 4824 nutriti,
2134 4775 2236 4830 per
2253 4762 2495 4829 gratiam
2523 4764 2770 4817 coronati
2823 4762 2946 4834 (lib.
2973 4780 3034 4834 ιι,
3093 4781 3220 4837 cap.
3285 4768 3394 4839 11),
3450 4767 3511 4824 in
3568 4764 3716 4840 ipsis

306 4841 624 4914 suppliciis
651 4841 786 4897 licet
817 4841 1355 4898 immanimissimis
1386 4843 1733 4910 beabantur,
1766 4861 2062 4901 summam
2093 4845 2438 4904 exsistitisse
2471 4849 2850 4907 demonstret.

380 4930 535 4986 Cum
564 4933 757 4986 autem
789 4929 1010 4988 diutius
1039 4931 1099 4986 in
1130 4930 1331 4987 Jacobi
1364 4931 1625 5004 exemplo
1658 4932 2026 5006 immoretur,
2058 4936 2128 4990 de
2161 4953 2275 5008 quo
2306 4953 2511 4994 novem
2543 4939 2724 4994 ferme
2757 4940 2996 4996 secundi
3027 4939 3160 4995 libri
3217 4939 3483 5012 captibus
3512 4941 3714 5015 dispu-

303 5023 422 5087 tat,
454 5021 520 5073 ut
546 5017 606 5072 in
634 5018 905 5076 maximis
937 5037 1173 5092 quoque
1204 5019 1461 5076 miseriis
1493 5025 1718 5076 astruat
1750 5021 1981 5078 beatam
2013 5040 2140 5078 esse
2171 5023 2348 5080 vitam
2385 5043 2396 5081 :
2431 5025 2568 5084 hinc
2599 5028 2778 5083 dubio
2809 5027 3008 5100 procul
3041 5025 3199 5098 operi
3229 5025 3438 5084 titulus
3465 5025 3716 5101 inscrip-

300 5111 408 5163 tus
440 5110 530 5161 est
556 5107 628 5162 De
656 5108 814 5163 Jacob
842 5111 894 5164 et
916 5111 1029 5164 vita
1061 5109 1216 5163 beata
1245 5129 1265 5176 ;
1298 5126 1402 5164 nec
1435 5109 1611 5164 aliam
1645 5109 1718 5164 ob
1749 5126 1988 5166 causam
2009 5110 2145 5167 alibi
2179 5112 2382 5168 scribit
2411 5115 2770 5186 propositam
2801 5115 2905 5170 abs
2944 5131 3005 5170 se
3035 5117 3094 5169 in
3149 5115 3309 5184 Jacob
3374 5117 3716 5186 singularem

296 5197 494 5253 animi
521 5196 869 5269 laborumque
890 5200 1223 5271 patientiam
1251 5197 1378 5267 (lib.
1413 5199 1486 5253 De
1513 5198 1707 5268 Ioseph
1723 5201 1989 5268 patriar.,
2023 5217 2071 5254 ο.
2109 5201 2157 5269 1,
2193 5218 2356 5256 num.
2394 5206 2463 5273 1).
2499 5205 2568 5257 At
2600 5202 2833 5272 quando
2865 5200 3182 5256 illustrium
3239 5202 3417 5258 etiam
3474 5200 3714 5261 Macha-

292 5287 571 5342 bsaorum
602 5284 1126 5343 celebratissimum
1159 5303 1402 5360 agonem
1434 5286 1662 5342 ultimis
1684 5287 1874 5342 tribus
1891 5287 2177 5360 capitibus
2209 5289 2558 5362 przedicavit,
2592 5290 2728 5344 hinc
2752 5304 2879 5344 esse
2907 5288 3262 5346 arbitramur
3285 5292 3440 5361 quod
3467 5291 3714 5366 Magnus

295 5373 694 5432 Cassiodorus
731 5375 1139 5432 dixeritzNam
1167 5384 1218 5432 et
1247 5379 1472 5432 sanctus
1502 5377 1839 5440 Ambrosius,
1890 5376 1986 5432 ubi
2031 5377 2096 5433 de
2138 5394 2371 5449 persona
2417 5377 2613 5449 Ioseph
2663 5379 2778 5448 ipse
2834 5376 3097 5448 loquitur,
3157 5377 3453 5436 secundum
3505 5381 3717 5438 librum

293 5460 744 5520 Hachabaeorum
771 5465 1012 5537 exempli
1039 5480 1206 5521 causa
1234 5468 1522 5530 memorat,
1553 5465 1710 5536 cujus
1731 5467 2044 5520 maximam
2084 5469 2300 5538 partem
2326 5465 2394 5520 ad
2451 5463 2929 5520 demonstrandam
2985 5467 3336 5523 tolerantiam
3390 5469 3716 5541 eloquentia

290 5567 427 5609 sum
455 5549 766 5608 dulcissimo
793 5553 1008 5626 liquore
1030 5556 1289 5627 patefecit
1318 5555 1414 5625 (De
1442 5553 1618 5608 Instit.
1651 5553 1825 5608 divin.
1853 5554 1960 5608 litt.
1995 5570 2122 5625 cap.
2155 5556 2231 5618 6).
2266 5556 2381 5610 Cur
2409 5552 2504 5608 hic
2538 5555 2738 5609 auctor
2767 5552 2910 5608 istas
2953 5554 3477 5613 commentationes
3523 5554 3720 5613 nomi-

292 5657 380 5699 ne
417 5639 697 5696 librorum
727 5643 802 5698 De
828 5644 1170 5700 Patriarchis
1200 5641 1608 5716 designaverit,
1634 5642 1760 5714 jam
1794 5641 2155 5698 declaratum
2190 5647 2278 5700 est
2310 5659 2321 5697 :
2359 5646 2416 5699 at
2437 5658 2573 5700 vero
2607 5641 2664 5697 in
2696 5641 2943 5699 dubium
3003 5658 3269 5703 revocare
3321 5641 3458 5715 quis
3513 5641 3721 5716 possit,

292 5748 382 5790 an
421 5745 537 5787 non
567 5728 624 5786 in
655 5729 886 5792 laudato
917 5732 1254 5793 testimonio
1284 5749 1389 5806 pro
1418 5731 1610 5804 Ioseph
1630 5730 1842 5789 melius
1867 5731 2046 5790 Jacob
2079 5733 2534 5791 substitueretur
2561 5733 2588 5790 ?
2633 5731 2794 5789 Certe
2851 5731 3091 5804 quidem
3148 5731 3208 5791 id
3240 5748 3363 5792 non
3420 5741 3726 5803 perperam
