4122 6146
420 253 539 319 627

1884 253 1948 316 S.
1996 248 2368 314 AMBROSII
3670 253 3783 316 628‘

417 391 650 448 videtur
675 387 868 464 colligi
897 406 1070 463 posse
1100 394 1226 446 tum
1249 391 1401 462 quod
1435 391 1609 445 ,Ιειωῖρ
1647 387 1874 442 σιίεοιιιίὶ
1903 389 2315 458 argumentum
2366 381 2674 440 Ambrosio
2715 380 3072 455 suppeditet,
3131 383 3254 438 tum
3294 380 3450 454 quod
3498 381 3770 446 obscurum

419 497 534 536 non
566 481 641 536 sit
670 480 1100 552 corruptionem
1133 481 1191 534 in
1222 480 1372 534 hunc
1407 477 1595 532 locum
1630 476 1883 545 aliquam
1917 475 2240 546 irrepsisse.
2274 473 2382 528 Ubi
2419 473 2578 527 enim
2611 489 2766 528 nunc
2797 471 3096 543 Joseph,ibi
3128 470 3267 527 olim
3297 471 3775 546 Esdraslegebatur

419 567 814 624 Nihilominus
839 574 1035 625 tamen
1069 585 1201 623 cum
1226 568 1283 622 S.
1319 565 1530 638 pracsul
1565 567 1635 620 de
1663 565 2009 620 Machabzeis
2039 562 2157 618 illis
2188 563 2434 617 disserat
2469 565 2597 632 post
2630 562 2841 616 factam
2872 560 3109 632 Josephi
3141 575 3317 632 quem
3346 559 3404 614 in
3436 561 3552 632 ipso
3582 580 3776 625 carcere

414 655 752 713 felicitatem
783 674 952 712 suam
986 657 1275 711 invenisse
1307 653 1855 721 docet,montionem
1886 670 1899 718 ;
1934 651 2027 706 hic
2057 651 2354 707 Senatoris
2385 655 2576 705 textus
2608 650 2838 704 defendi
2871 648 3463 720 potest.Ambrosiana
3489 656 3666 726 autem
3693 655 3780 712 illa

419 744 754 817 eloquentia
783 763 899 817 qua
926 745 1120 800 locum
1151 745 1308 800 hunc
1340 743 1686 799 suavissime
1718 741 1985 813 perfundi
2017 741 2115 796 ille
2147 739 2581 804 animadvertit,
2617 739 2793 793 etiam
2834 737 2970 793 alibi
3005 738 3224 810 passim
3257 737 3315 791 in
3341 737 3445 792 hoc
3475 755 3631 810 opere
3677 743 3777 798 elu-

423 837 514 890 cet
543 851 658 890 non
682 835 1066 890 mediocriter.

495 923 667 976 Extra
694 923 1147 978 controversiam
1179 926 1267 977 est
1291 921 1526 977 eosdem
1558 920 1664 975 hos
1696 919 1875 974 libros
1906 935 1936 974 e
1967 917 2346 973 concionibus
2377 932 2525 988 quas
2556 916 2627 970 ad
2661 914 2941 987 populum
2975 931 3149 970 suum
3172 914 3470 981 habuerat,
3500 917 3782 974 concinna-

423 1013 514 1064 tos
544 1025 672 1065 esse
703 1027 716 1078 ;
749 1010 1038 1081 siquidem
1063 1015 1268 1082 praeter
1296 1010 1578 1064 oratorios
1612 1009 1843 1063 dicendi
1875 1008 2078 1062 modos
2106 1005 2239 1061 istic
2268 1004 2404 1060 licet
2433 1005 2765 1068 observare,
2796 1003 3087 1075 expressis
3129 1003 3322 1058 verbis
3348 1003 3469 1074 ipse
3525 1003 3785 1077 signiﬁcat

422 1098 599 1158 verba
629 1113 690 1154 se
718 1100 903 1154 facere
927 1104 1060 1170 post
1080 1099 1384 1154 recitatum
1416 1098 1557 1152 illud
1588 1096 1985 1169 Evangelium,
2026 1095 2087 1150 in
2111 1111 2225 1166 quo
2256 1094 2472 1148 dicitur
2505 1109 2517 1147 :
2547 1094 2647 1149 Ubi
2675 1094 2961 1148 thesaurus
2993 1095 3139 1159 tuus,
3173 1092 3252 1147 ibi
3280 1095 3333 1146 et
3361 1108 3446 1148 cor
3478 1101 3622 1148 tuum
3655 1111 3666 1148 :
3719 1097 3786 1150 .τί-

423 1190 513 1242 cut
542 1187 650 1257 tegi
677 1189 880 1260 (Matth.
913 1206 986 1256 v1,
1019 1191 1134 1256 21),
1155 1188 1376 1259 inquit.
1410 1187 1616 1242 audisti
1636 1186 1794 1242 hodie
1825 1186 1968 1255 (Lib.
2001 1201 2061 1251 ιι,
2095 1199 2222 1254 cap.
2253 1183 2310 1246 5,
2346 1199 2402 1247 n,
2435 1182 2546 1252 23).
2582 1179 2826 1235 Difficile
2856 1197 2990 1235 vero
3023 1180 3100 1236 sit
3130 1185 3273 1253 quot
3298 1181 3654 1237 sermonibus
3681 1186 3787 1237 tra-

423 1277 614 1330 ctatus
644 1275 727 1330 illi
756 1281 1202 1348 componantur,
1238 1276 1479 1331 definire
1512 1291 1524 1330 :
1562 1274 1702 1329 illud
1737 1274 1943 1330 saltem
1975 1273 2269 1328 affirmare
2302 1268 2436 1325 licet
2492 1269 2728 1325 eosdem
2761 1270 2833 1323 ad
2865 1269 3286 1342 neOpbytorum
3319 1284 3546 1341 gregem
3589 1270 3790 1326 habitos

424 1362 606 1418 fuisse
638 1364 800 1420 festis
830 1365 1203 1436 paschalibus
1234 1365 1370 1419 anni
1402 1363 1629 1418 circiter
1651 1364 1774 1430 387,
1800 1379 1916 1434 quo
1936 1359 2266 1432 superiores
2299 1357 2479 1413 libros
2507 1358 2929 1429 pronuntiavit,
2960 1357 3136 1414 sicuti
3176 1357 3498 1414 evidentius
3547 1374 3611 1414 ex
3661 1357 3791 1414 libro

424 1452 498 1507 De
524 1453 715 1522 Ioseph
739 1453 1066 1524 patriarcha
1092 1451 1426 1508 confirmari
1461 1456 1672 1522 potest.

493 1539 693 1595 Exstat
723 1539 981 1596 Philonis
1011 1539 1294 1611 scriptum
1327 1539 1435 1594 sub
1468 1539 1575 1592 hoc
1607 1538 1779 1593 titulo
1813 1555 1824 1592 :
1863 1537 2011 1605 Quod
2041 1537 2218 1591 omnis
2263 1535 2461 1605 probus
2489 1536 2562 1589 sit
2607 1534 2742 1589 liber
2771 1551 2783 1600 ;
2818 1534 2988 1605 cujus
3021 1551 3159 1590 sane
3206 1533 3449 1590 materia
3503 1550 3630 1588 cum
3683 1533 3794 1588 istis

417 1628 710 1683 Ambrosii
741 1628 1248 1683 lucubrationibus
1279 1627 1434 1682 haud
1469 1643 1674 1698 parum
1707 1625 1882 1680 habet
1911 1623 2238 1679 afﬁnitatis.
2274 1623 2429 1677 Nihil
2458 1627 2652 1677 tamen
2685 1623 2976 1694 decerpsit
3006 1623 3141 1678 inde
3173 1623 3231 1678 S.
3267 1623 3498 1689 Doctor,
3537 1621 3644 1676 nisi
3675 1637 3788 1676 cum

419 1717 492 1772 de
521 1717 670 1772 Esau
698 1716 976 1787 loquitur.
1010 1717 1110 1772 Isti
1140 1717 1298 1771 enim
1330 1714 1614 1788 quidquid
1640 1713 1699 1768 in
1725 1713 1824 1768 illo
1856 1713 2003 1768 libro
2033 1713 2322 1784 optimum
2357 1728 2421 1766 ac
2454 1711 3007 1783 praestantissimum
3035 1711 3380 1779 est,videtur
3419 1711 3611 1767 dedita
3641 1727 3797 1782 opera

420 1803 575 1859 intra
605 1803 806 1860 mediae
838 1803 1074 1876 pagella:
1106 1802 1411 1876 angustias
1443 1801 1822 1858 contraxisse.

425 1959 2339 1988 ππ

1083 2139 1902 2299 SANCTI
2090 2136 3172 2303 AMBROSII

1667 2428 2240 2486 MEDIOLANENSIS
2279 2429 2593 2485 EPISCOPI

913 2617 1130 2744 DE
1245 2611 1790 2745 JACOB
1897 2615 2112 2740 ΕΤ
2230 2613 2642 2745 VITA
2761 2613 3328 2743 BEATA

1769 2865 2055 2949 LIBRI
2111 2861 2364 2952 DUO
2406 2854 2512 2951 (θ.

1634 3216 2002 3303 LIBRI
2083 3217 2612 3306 PRIMUS.

797 3509 1085 3564 441-48
1124 3507 1359 3563 CAPUT
1398 3508 1687 3564 PRIMUM

429 3621 510 3678 Ad
529 3623 796 3678 virtutum
831 3622 1181 3694 disciplinam
1214 3624 1600 3695 passionesque
1624 3624 1943 3679 coercendas
1973 3641 2069 3679 ne-

503 3696 802 3749 cessarium
831 3710 946 3750 esse
974 3709 1275 3750 sermonem
1319 3695 1663 3763 prudentem,
1717 3711 1780 3749 ac
1836 3699 2075 3749 mentem

502 3765 709 3821 rationi
736 3766 1004 3820 intentam
1032 3784 1053 3829 ;
1109 3767 1341 3834 itemque
1395 3767 1664 3820 rationem
1697 3765 1821 3820 licet
1847 3768 2071 3820 omnino

500 3837 992 3906 concupiscentiam
1021 3836 1349 3906 exscindere
1383 3843 1631 3905 nequeat,
1683 3852 1838 3906 posse
1891 3840 2075 3892 tamen

443 3953 447 3955 .
498 3907 582 3962 vet
611 3905 951 3977 gravissimis
977 3908 1209 3962 motibus
1229 3905 1527 3961 moderari.

502 4039 553 4094 1.
586 4037 962 4094 Necessarius
991 4039 1061 4092 ad
1103 4037 1475 4108 disciplinam
1526 4038 1716 4093 bonus
1797 4039 2076 4095 omnibus

430 4141 622 4182 sermo
655 4128 752 4195 (2),
786 4125 998 4198 plenus
1031 4125 1353 4197 prudentiae
1389 4141 1400 4178 :
1461 4130 1517 4180 et
1546 4141 1710 4180 mens
1741 4126 1950 4182 rationi
1983 4129 2070 4182 in-

427 4217 588 4269 tenta
618 4213 917 4284 praecurrit
946 4213 1278 4280 virtutibus,
1325 4213 1627 4283 passiones
1684 4219 1926 4270 coercet.
1970 4215 2074 4271 Do-

431 4300 621 4357 cibilis
653 4301 808 4357 enim
859 4301 1065 4357 virtus.
1128 4300 1383 4371 Denique
1438 4301 1632 4356 studio
1689 4305 1746 4356 et
1796 4303 2072 4359 discendo

429 4388 770 4460 acquiritur,
802 4388 1230 4444 dissimulando
1279 4388 1586 4444 amittitur.
1635 4389 1908 4461 Alioquin
1959 4391 2071 4447 nisi

430 4492 622 4534 sermo
649 4476 838 4532 bonus
892 4477 1258 4532 necessarius
1289 4481 1440 4531 esset
1498 4478 1568 4532 ad
1632 4479 2071 4547 correctionem,

431 4581 760 4638 numquam
792 4565 904 4619 Lex
934 4565 1151 4620 diceret
1182 4582 1193 4618 :
1235 4588 1254 4612 α
1291 4565 1415 4619 Non
1467 4564 1821 4621 adulterabis
1876 4569 2067 4638 (Exod.

426 4671 520 4725 xx,
559 4653 662 4721 14).
699 4673 727 4701 ››
760 4652 872 4709 Sed
904 4652 1036 4722 quia
1084 4653 1277 4708 nudus
1335 4669 1526 4707 sermo
1585 4654 1655 4708 ad
1714 4657 2070 4713 monendum

427 4741 610 4810 utilis,
644 4741 715 4797 ad
777 4741 1253 4812 persuadendum
1310 4741 1579 4796 inﬁrmus
1637 4747 1743 4806 est,
1781 4743 1907 4799 ideo
1967 4747 2070 4801 ad-

426 4829 681 4887 hibenda
709 4833 798 4885 est
827 4829 1069 4884 rationis
1101 4834 1266 4886 rectae
1325 4830 1730 4896 consideratio,
1796 4837 1856 4886 ut
1913 4837 2066 4905 quod

425 4933 621 4974 sermo
650 4917 839 4972 bonus
895 4916 1273 4989 praescripsit,
1336 4917 1482 4972 ratio
1538 4917 1767 4988 plenius
1818 4925 2068 4979 tractata

421 5005 786 5078 persuadeat.
818 5005 943 5060 Non
977 5004 1133 5061 enim
1167 5005 1359 5060 servili
1391 5005 1462 5060 ad
1495 5005 1888 5064 obediendum
1922 5027 2065 5066 con-

525 5133 542 5182 t
603 5129 811 5199 Scripti
840 5129 975 5184 circ.
1019 5146 1113 5184 an.
1145 5130 1270 5184 387.

493 5129 574 5269 £23
605 5197 732 5252 Vet.
765 5201 930 5264 edit.,
963 5201 1034 5255 ad
1061 5200 1270 5269 (liseipli

517 5197 574 5268 2)
605 5197 930 5264 Vet.—edit.,
963 5201 1034 5255 ad
1061 5200 1414 5270 disciplinam
1448 5202 1598 5255 bonis
1645 5201 1898 5256 omnibus
1953 5220 2067 5258 ser-

422 5283 532 5342 ζηο,
583 5271 714 5342 δῖος,
749 5271 998 5342 quibus
1037 5272 1353 5326 concinunt
1410 5288 1552 5326 mss.
1613 5273 1868 5342 exceptis
1919 5272 2066 5342 Big.,

424 5292 532 5334 πιυ,
583 5292 714 5332 δια,
764 5292 978 5340 qUIDUS
1037 5292 1353 5326 ΟΟΠΟΙΠΗΠῐι
1410 5292 1552 5326 Πὶδῧ.
1613 5292 1868 5342 θχεεριιε
1923 5292 1976 5327 Ul
2029 5317 2066 5342 .,

424 5335 628 5406 Long.,
661 5337 819 5412 Yalc.
855 5347 912 5395 et
941 5341 1180 5409 Theod.,
1216 5341 1315 5412 qui
1346 5358 1481 5396 cum
1527 5343 1692 5397 Rom.
1755 5342 1916 5409 edit.,
1977 5292 2066 5400 ἰξο-

418 5421 526 5485 nus
554 5406 802 5485 omnihus
831 5425 1033 5485 sermo,
1086 5406 1320 5476 etc.,’ad
1345 5414 1700 5485 disciplinam
1731 5413 1860 5469 boni
1887 5406 2066 5470 omni-

419 5473 538 5540 bus,
571 5481 681 5532 etc.
717 5476 838 5533 Non
874 5473 1044 5536 male.

492 5545 568 5616 (3)
602 5547 768 5624 Rom.
801 5550 976 5616 edit.,
1010 5556 1281 5609 rationem
1308 5565 1491 5613 secuta
1523 5572 1536 5610 :
1570 5557 1896 5624 gravissima
1943 5572 2065 5612 vero

407 5627 577 5675 causa
603 5620 775 5691 culpa
801 5624 1258 5690 concupiscentia,
1305 5640 1470 5696 quam
1528 5620 1726 5696 tamen,
1756 5632 1864 5684 etc.
1909 5629 2064 5693 Qua-

2101 3515 2154 3578 Α
2183 3508 2532 3582 stringimur
2561 3507 2923 3574 necessitate,
2958 3508 3059 3564 sed
3088 3507 3404 3565 voluntate
3435 3508 3676 3572 arbitra,
3725 3503 3826 3562 sive

2185 3599 2253 3652 ad
2334 3597 2606 3652 virtutem
2692 3597 3158 3668 propendemus,
3243 3597 3372 3654 sive
3460 3598 3535 3652 ad
3615 3595 3825 3666 culpam

2183 3685 2559 3741 inclinamur.
2650 3686 2718 3740 Et
2797 3685 2926 3740 ideo
3013 3703 3120 3741 nos
3203 3690 3308 3741 aut
3396 3685 3552 3741 liber
3605 3683 3824 3739 alfectus

2184 3773 2254 3827 ad
2311 3789 2564 3829 errorem
2609 3773 2809 3844 trahit,
2869 3777 2971 3828 aut
3026 3773 3298 3830 voluntas
3363 3779 3623 3840 revocat,
3679 3770 3833 3826 ratio-

2184 3877 2318 3917 nem
2373 3866 2590 3917 secuta.
2627 3861 2826 3917 Passio
2859 3866 3057 3917 autem
3098 3863 3464 3936 gravissima
3496 3862 3678 3934 culpae
3707 3874 3832 3914 con-

2183 3951 2540 4022 cupiscentia
2597 3955 2703 4017 est,
2765 3967 2943 4022 quam
3001 3951 3147 4006 ratio
3207 3951 3445 4007 emollit
3499 3956 3558 4008 et
3613 3944 3839 4020 compri-

2183 4039 2307 4093 mit.
2341 4038 2613 4094 Emollire
2639 4038 2792 4093 enim
2855 4043 3065 4111 potest,
3127 4040 3436 4097 eradicare
3492 4057 3611 4096 non
3668 4039 3837 4108 potest

2183 4126 2258 4197 (3)
2291 4143 2303 4192 ;
2340 4127 2614 4198 quoniam
2647 4127 2882 4182 animus
2914 4128 3014 4198 qui
3045 4132 3200 4184 444
3233 4133 3327 4184 est
3361 4127 3618 4185 rationis
3645 4139 3832 4196 capax,

2183 4231 2297 4269 non
2329 4219 2418 4269 est
2448 4231 2690 4269 suarum
2725 4215 3068 4286 passionum
3121 4217 3432 4284 dominus,
3479 4217 3586 4272 sed
3628 4227 3834 4284 repres-

2182 4319 2299 4358 sor.
2331 4303 2527 4374 Neque
2557 4303 2713 4358 enim
2747 4303 2872 4358 fieri
2904 4308 3092 4375 potest
3126 4310 3190 4360 ut
3251 4304 3458 4360 facilis
3488 4305 3560 4361 ad
3625 4303 3838 4358 iracun-

2181 4391 2339 4446 diam
2372 4409 2482 4446 non
2525 4391 2815 4446 irascatur
2847 4409 2858 4445 ε
2894 4393 2994 4447 sed
3029 4397 3092 4448 ut
3120 4393 3351 4449 ratione
3416 4410 3483 4450 se
3545 4391 3840 4463 temperet.

2181 4478 2644 4551 indignationem
2704 4478 2992 4547 cohibeat,
3026 4497 3059 4534 a
3116 4481 3426 4552 puniendo
3471 4482 3552 4553 (4)
3585 4495 3647 4536 se
3703 4490 3844 4532 revo-

2181 4572 2270 4622 cet
2303 4585 2316 4633 ;
2349 4569 2500 4622 sicut
2525 4572 2582 4622 et
2613 4567 2900 4638 Propheta
2932 4585 3037 4624 nos
3069 4569 3238 4625 docet
3271 4570 3492 4626 dicens
3531 4588 3544 4624 :
3583 4592 3612 4620 «
3649 4563 3840 4623 Irasci-

2183 4656 2345 4721 mini,
2378 4659 2434 4711 et
2474 4655 2650 4711 nolite
2706 4672 2945 4727 peccare
2997 4659 3167 4726 (Psal.
3194 4675 3269 4724 IV,
3335 4660 3420 4728 5).
3464 4681 3493 4708 ››
3557 4650 3846 4715 Concessit

2181 4745 2333 4815 quod
2369 4748 2587 4798 naturas
2610 4748 2698 4799 est
2731 4762 2742 4798 :
2778 4745 3008 4816 negavit
3040 4747 3196 4817 quod
3231 4746 3432 4818 culpae
3466 4752 3583 4803 est.

2246 4836 2299 4886 2.
2333 4832 2536 4887 Omnis
2564 4833 2759 4904 itaque
2789 4834 3173 4904 temperantia
3205 4851 3276 4890 ex
3311 4835 3480 4904 aliis,
3518 4850 3637 4891 non
3665 4847 3732 4888 ex
3786 4844 3841 4884 se

2177 4920 2458 4992 originem
2485 4919 2684 4991 sumit,
2721 4921 2968 4993 ideoque
3001 4925 3260 4978 secunda
3299 4929 3422 4980 est.
3457 4925 3610 4980 Nam
3643 4926 3742 4978 aut
3782 4918 3843 4972 de

2175 5008 2540 5064 naturalibus
2573 5009 2912 5082 suscipitur,
2945 5015 3045 5066 aut
3071 5013 3142 5068 de
3174 5012 3463 5069 utilibus.
3521 5013 3725 5084 Itaque
3753 5009 3845 5064 aut

2177 5137 2309 5188 tuor
2339 5150 2507 5209 mss._,
2539 5136 2833 5209 rationem:
2861 5133 2964 5189 Sed
2994 5143 3073 5191 est
3097 5138 3284 5207 passio
3336 5140 3690 5208 gravissima
3735 5132 3841 5209 cu}:

2171 5221 2243 5275 pa
2264 5205 2743 5280 concupiscientifz’
2773 5206 2788 5275 (
2812 5205 3015 5280 Long.,
3043 5205 3535 5280 _conscientiae)...
3601 5205 3840 5280 Emoltiri

2175 5278 2327 5349 enim
2354 5279 2544 5343 potest,
2568 5277 2864 5342 eradicari,
2899 5276 3008 5332 etc.
3043 5277 3275 5349 Reliqui
3317 5276 3474 5336 mss.
3511 5296 3584 5336 ac
3616 5278 3751 5337 edit.
3783 5276 3840 5328 ut

2174 5345 2233 5400 in
2262 5351 2422 5400 textu
2435 5388 2448 5400 .

2247 5418 2321 5492 (li)
2357 5417 2442 5492 ita
2472 5433 2613 5492 mss.
2643 5415 2894 5492 Thua_n.,
2930 5418 3077 5492 Big.,
3121 5421 3334 5486 Torn.,
3365 5420 3525 5478 Vict.
3576 5423 3634 5476 et
3687 5413 3834 5492 Colb.

2175 5485 2454 5562 A_t_Valc.,
2490 5489 2760 5562 Long._et
2789 5485 3031 5559 Theodf,
3066 5485 3106 5545 α
3149 5485 3404 5562 peccato.
3433 5492 3550 5550 Alii
3603 5505 3753 5554 vero,
3784 5490 3835 5540 et

2174 5558 2333 5626 edit.,
2367 5576 2431 5616 ac
2451 5557 2750 5632 puniendo.
