4012 6192
1267 361 1371 427 DE
1413 359 1658 428 JACOB
1700 362 1802 429 E’l‘
1842 360 2027 428 VITA
2066 363 2328 428 BEATA
2372 363 2519 427 LIB.
2564 359 2616 425 Ῑ.

3521 354 3642 424 630

232 494 532 556 naturalia
557 498 867 573 temperat,
900 500 1003 556 aut
1048 494 1320 556 utilitatis
1368 501 1623 556 assertor
1668 503 1757 555 est
1787 498 1881 570 (5).
1916 504 1966 568 Α
2068 501 2119 555 4.
2155 500 2351 554 Potest
2377 498 2557 572 igitur
2587 512 2752 554 mens
2782 492 2977 554 sobria
3004 490 3421 569 impressiones
3464 494 3640 552 refre-

230 589 501 661 Denique
558 604 675 645 non
746 587 829 644 ibi
896 587 1108 644 excidit
1158 588 1717 660 concupiscentiam,
1785 589 1885 644 sed

233 676 375 733 facit
399 693 473 733 ne
503 676 988 749 concupiscentiae
1019 677 1364 734 serviamus.
1400 677 1540 741 Quis
1570 675 1727 732 enim
1757 680 1884 732 tan-

231 770 353 835 tus,
404 770 473 822 ut
521 765 882 839 corporalem
932 770 1158 822 motum
1214 767 1413 839 .possit
1466 766 1713 833 auferre,
1771 766 1885 821 nisi

233 855 400 912 solus
430 855 529 911 ille
559 855 661 927 qui
692 856 883 927 potuit
912 855 984 911 de
1010 854 1375 911 infructuosa
1404 853 1654 911 ﬁculnea
1675 854 1883 921 dicere,

232 944 347 1000 hoc
397 947 489 1000 est
534 943 760 1000 malitia
805 944 1142 1000 Judaaorum
1173 945 1250 1015 (6)
1285 962 1297 1001 :
1334 968 1361 995 ‹‹
1396 945 1537 1000 Ecce
1586 944 1723 999 anni
1770 949 1887 999 tres

235 1038 379 1090 sunt
405 1050 479 1090 ex
507 1051 624 1107 quo
654 1032 784 1090 veni
815 1049 1083 1106 quaerens
1112 1034 1369 1089 fructum
1400 1034 1460 1088 in
1490 1033 1882 1101 ﬁculneahac,

233 1128 291 1180 et
322 1140 441 1179 non
473 1123 705 1179 invenio
738 1139 751 1177 :
782 1121 1016 1179 succide
1046 1138 1183 1196 ergo
1213 1121 1394 1178 illam.
1437 1123 1539 1178 Cui
1586 1122 1889 1195 respondit

234 1227 487 1268 servus:
522 1210 777 1268 Remitte
818 1210 982 1267 illam
1030 1214 1089 1267 et
1135 1211 1244 1268 hoc
1294 1228 1467 1280 anno,
1513 1227 1697 1282 usque
1744 1211 1885 1266 dum

231 1300 455 1357 fodiam
487 1300 643 1357 circa
669 1300 854 1369 illam,
888 1303 945 1355 et
972 1298 1201 1355 mittam
1233 1299 1553 1372 cophinum
1592 1300 1885 1366 stercoris,

228 1393 289 1445 et
336 1389 634 1462 siquidem
682 1389 938 1444 fructum
970 1388 1167 1444 fecerit
1202 1406 1214 1443 :
1251 1388 1342 1443 sin
1382 1391 1601 1453 autem,
1635 1387 1696 1442 in
1727 1386 1884 1441 futu-

226 1494 363 1533 rum
395 1477 662 1534 succides
690 1476 854 1534 illam
886 1478 1039 1549 (Luc.
1070 1494 1193 1545 xm,
1224 1478 1404 1548 7-9).»
1438 1476 1641 1531 Merito
1671 1476 1742 1532 ad
1774 1476 1883 1531 Do-

224 1566 464 1623 minum
495 1565 718 1632 retulit,
750 1566 892 1638 quia
915 1565 1318 1622 exscindenda
1360 1565 1701 1638 temporalis
1753 1581 1885 1636 pro-

223 1654 520 1728 lapsionis
551 1655 980 1727 (7)potestatem
1012 1653 1125 1710 sibi
1157 1654 1283 1726 ipse
1314 1652 1607 1709 vindicare
1637 1670 1754 1709 non
1783 1670 1884 1725 po-

221 1748 384 1801 terat
416 1762 430 1801 :
464 1744 568 1800 sed
597 1743 843 1800 Domino
876 1744 1229 1799 reservabat.

1996 605 2135 644 nare
2166 605 2231 644 ac
2261 588 2574 660 reprimere
2607 587 2877 660 quamvis
2906 587 3170 660 gravium
3203 584 3565 659 passionum,
3585 590 3641 640 et

1994 677 2279 734 fervorem
2311 693 2545 733 omnem
2577 676 2913 749 cupiditatis
2962 675 3428 747 flagrantissimae
3472 673 3637 730 refri-

1996 767 2485 839 gerare,derivare
2515 767 2626 823 alio
2659 770 2940 832 motus,et
2964 770 3129 821 recte:
3162 764 3409 820 rationis
3435 768 3641 819 tracta-

1996 856 2152 911 tione
2182 856 2465 928 despuere
2498 856 2821 928 passiones.
2848 856 3073 910 Etenim
3105 871 3237 909 cum
3272 856 3420 909 Deus
3448 852 3637 909 homi-

1996 961 2129 1001 nem
2164 946 2562 1013 constitueret,
2593 949 2651 1000 et
2679 944 2739 1000 in
2769 960 2836 999 eo
2866 961 3056 999 mores
3104 959 3430 1014 sensusque
3478 942 3640 1014 plan-

1992 1037 2163 1105 taret,
2190 1039 2330 1090 tunc
2379 1034 2635 1090 motibus
2681 1034 2810 1104 ejus
2854 1033 3135 1104 imposuit
3184 1030 3377 1103 regale
3424 1031 3638 1086 mentis

1994 1122 2343 1196 imperium;
2397 1128 2464 1179 ut
2518 1139 2721 1179 omnes
2779 1138 2987 1177 sensus
3041 1124 3350 1192 motusque
3380 1118 3638 1175 hominis

1994 1212 2122 1281 ejus
2165 1212 2362 1284 vigore
2409 1228 2476 1267 ac
2520 1215 2805 1284 potestate
2854 1214 3209 1283 regerentur.
3242 1208 3526 1279 Adjunxit
3563 1208 3635 1263 ad

1992 1301 2238 1372 gratiam
2271 1306 2568 1369 creaturas,
2602 1304 2668 1356 ut
2699 1304 2954 1356 mentem
2986 1300 3174 1371 ipsam
3204 1297 3417 1353 divinis
3463 1297 3639 1352 infor~

1994 1394 2182 1445 maret
2228 1391 2550 1462 praeceptis,
2588 1394 2644 1446 et
2674 1390 2971 1461 sapientiae
3021 1389 3335 1443 instrueret
3375 1385 3636 1458 discipli-

1993 1477 2108 1544 nis,
2154 1478 2369 1550 quibus
2417 1484 2474 1534 et
2522 1479 2777 1534 cavenda
2823 1480 3228 1549 praenosceret,
3268 1479 3326 1530 et
3371 1474 3639 1547 eligenda

1993 1570 2365 1638 cognosceret
2400 1568 2495 1639 (8).
2531 1568 2695 1623 Mens
2742 1567 2921 1639 igitur
2966 1569 3122 1621 recta
3174 1564 3395 1620 ratione
3432 1568 3637 1619 tenens

1994 1654 2363 1727 disciplinam
2396 1656 2711 1727 sapientiae,
2738 1659 2803 1711 ut
2833 1655 3032 1710 divina
3057 1670 3122 1709 ac
3151 1654 3411 1709 humana
3432 1669 3639 1724 cogno-

1995 1748 2138 1815 ‘scat,
2171 1744 2437 1800 eruditur
2484 1745 2544 1801 in
2595 1744 2720 1817 lege
2769 1760 2871 1817 per
2917 1760 3094 1815 quam
3143 1742 3317 1798 discit
3347 1758 3494 1814 quas
3524 1740 3638 1797 sibi

294 1834 354 1888 3.
396 1833 658 1905 Denique
715 1848 891 1904 quem
948 1833 1021 1887 de
1078 1830 1416 1887 hominibus
1472 1829 1773 1887 meliorem
1829 1833 1887 1886 et
1919 1869 1965 1934 Β
1997 1831 2286 1903 subjicere
2316 1833 2521 1888 debeat
2550 1832 2872 1905 passiones.

221 1921 533 1979 fortiorem
564 1937 961 1987 assumemus,
996 1936 1174 1993 quam
1207 1923 1478 1977 sanctum
1529 1920 1731 1987 David,
1784 1918 1883 1991 qui

219 2010 344 2067 sibi
378 2009 760 2082 cupiditatem
814 2026 932 2081 qua
985 2007 1358 2081 concupierat
1408 2024 1621 2080 aquam
1653 2008 1725 2062 de
1753 2006 1885 2063 lacu

218 2099 594 2167 Bethlebem,
641 2097 840 2155 hostili
896 2097 1277 2154 interclusam
1325 2097 1602 2163 exercitu,
1660 2096 1885 2153 auferre

217 2205 343 2244 non
376 2189 592 2261 potuit,
612 2187 804 2259 potuit
832 2186 1143 2259 mitigare?
1171 2190 1319 2242 Nam
1352 2202 1487 2242 cum
1520 2185 1651 2242 aliis
1683 2186 1885 2257 utique

215 2277 385 2334 445
421 2277 676 2333 defuisse
702 2292 817 2331 non
849 2275 1242 2340 inveniamus,
1272 2275 1331 2331 id
1360 2278 1468 2341 est,
1516 2277 1679 2330 tanto
1725 2290 1883 2330 exer-

215 2366 382 2422 citus
416 2380 823 2435 numero,cum
857 2364 1060 2436 utique
1090 2363 1277 2420 multo
1308 2362 1507 2419 minus
1532 2362 1653 2436 regi
1685 2363 1885 2418 deesse

212 2454 485 2527 potuerit
530 2468 599 2508 ex
645 2452 867 2508 ceteris
916 2452 1177 2508 fontibus
1207 2468 1390 2524 aqua;
1424 2449 1882 2507 irrationabilem

212 2542 553 2616 quamdam
584 2539 1117 2614 concupiscentiam
1147 2539 1735 2612 passus,desideravit
1754 2554 1883 2594 eam

211 2648 357 2705 quae
392 2629 655 2686 hostium
684 2634 811 2686 erat
836 2629 1291 2685 circumfusione
1320 2627 1553 2695 vallata,
1573 2628 1729 2683 unde
1758 2627 1884 2683 sine

209 2719 486 2777 maximo
518 2718 773 2790 periculo
804 2734 920 2774 non
952 2717 1121 2773 facile
1169 2717 1458 2789 potuisset
1503 2716 1733 2772 deferri.
1766 2718 1883 2772 Ita—

208 2826 331 2883 que
363 2808 452 2864 ait
486 2825 499 2863 :
538 2828 565 2858 «
594 2807 735 2873 Quis
766 2806 912 2862 mihi
942 2806 1107 2861 dabit
1135 2810 1339 2877 potum
1372 2806 1442 2861 de
1472 2805 1598 2860 lacu
1648 2805 1748 2876 qui
1797 2808 1885 2859 est

205 2899 270 2954 in
325 2893 675 2953 Bethlebem
723 2896 794 2951 ad
847 2900 1074 2968 portam
1108 2894 1185 2966 (II
1225 2895 1353 2963 Reg.
1388 2911 1547 2962 χχιιι,
1593 2894 1723 2965 15)?
1753 2915 1780 2943 »
1816 2893 1885 2947 Et

205 3003 356 3043 cum
393 2989 597 3040 essent
644 2984 858 3057 reperti
907 2987 1027 3039 tres
1071 2982 1180 3037 viri
1229 2983 1328 3054 qui
1380 2983 1638 3039 hostium
1695 2986 1884 3037 castra

203 3073 625 3149 preciderent,
656 3077 716 3128 et
738 3071 1031 3128 deferrent
1061 3087 1272 3142 aquam
1304 3087 1481 3143 quam
1513 3086 1746 3127 summo
1784 3070 1882 3125 de-

203 3162 442 3221 siderio
499 3160 913 3227 desiderasset,
984 3175 1341 3232 cognoscens
1412 3160 1564 3231 quod
1624 3157 1881 3231 periculo

1994 1993 2349 2048 Passionibus
2378 2001 2491 2049 tum
2522 1995 2720 2059 animi,
2755 1997 2870 2047 tum
2900 1992 3143 2062 corporis
3184 1990 3458 2046 moderari
3504 1997 3637 2045 tem-

2064 2067 2379 2132 perantiam
2424 2083 2442 2117 :
2491 2067 2646 2134 cujus
2691 2065 2910 2134 effectus
2945 2062 3636 2134 patriarcharumdemon-

2063 2140 2315 2190 strantur
2375 2132 2657 2206 exemptis,
2718 2132 2783 2190 ac
2835 2132 3027 2189 deinde
3083 2136 3313 2206 rationis
3368 2132 3639 2202 dignitate

2062 2207 2456 2275 commendata,
2497 2204 2741 2261 eamdem
2787 2208 3206 2276 temperantiam
3258 2204 3443 2259 divino
3489 2219 3636 2275 pra-

2063 2282 2210 2348 cepto
2229 2279 2441 2332 muniri
2464 2278 2691 2333 Sanctus
2710 2276 2959 2333 ostendit.

2061 2367 2117 2421 5.
2152 2366 2495 2421 Passienum
2527 2370 2722 2421 autem
2768 2364 2925 2421 velut
2962 2365 3140 2420 duces
3171 2368 3309 2420 sunt
3339 2364 3637 2421 naturales

1994 2453 2302 2509 delectatio
2342 2458 2397 2509 et
2446 2453 2627 2522 dolor,
2660 2471 2807 2525 quas
2851 2457 3180 2525 sequuntur
3228 2457 3463 2509 caetera.
3522 2453 3634 2509 lllaa

1993 2542 2147 2597 enim
2207 2541 2675 2614 complectuntur
2720 2541 3043 2609 universas,
3097 2558 3348 2613 quarum
3389 2545 3638 2613 utraque

1992 2646 2107 2685 non
2139 2630 2333 2685 solum
2361 2630 2639 2703 corporis,
2675 2630 2775 2687 sed
2806 2630 2983 2685 etiam
3017 2630 3341 2684 secundum
3375 2629 3634 2685 animam

1994 2719 2301 2791 passiones
2332 2724 2489 2775 sunt.
2525 2721 2593 2775 Et
2623 2719 2761 2791 quia
2789 2718 3043 2774 diximus
3094 2718 3336 2773 subesse
3366 2717 3458 2773 his
3490 2717 3634 2774 alias

1993 2808 2319 2880 passiones,
2354 2811 2486 2863 ante
2517 2806 2962 2863 delectationem
2992 2805 3484 2878 concupiscentia,
3502 2811 3636 2878 post

1991 2895 2431 2951 delectationem
2463 2895 2775 2968 gratulatio
2805 2900 2895 2951 est
2925 2912 2938 2949 :
2974 2899 3107 2950 ante
3136 2893 3397 2949 dolorem
3438 2899 3634 2950 autem

1992 2990 2081 3040 est
2109 2987 2302 3053 timor,
2337 2988 2468 3057 post
2496 2984 2752 3039 dolorem
2784 2983 3036 3039 tristitia.
3085 2984 3407 3057 Com‘motio
3438 2989 3633 3039 autem

1993 3072 2171 3131 animi
2202 3073 2534 3129 communis
2562 3073 2777 3144 passio,
2804 3077 2860 3127 et
2888 3071 3286 3128 delectationis
3315 3076 3372 3128 et
3418 3071 3634 3129 doloris

1990 3166 2097 3217 est.
2128 3162 2549 3217 Transcurram
2599 3160 2761 3226 alias,
2793 3160 2849 3215 id
2903 3164 3010 3228 est,
3052 3160 3409 3233 superbiam,
3443 3161 3633 3215 avari-

203 3251 415 3309 alieno
450 3265 604 3321 aqua
631 3248 742 3304 sibi
774 3248 977 3303 eadem
1009 3245 1389 3313 constitisset,
1424 3246 1681 3318 profudit
1717 3246 1878 3302 illam
1910 3234 1952 3302 C
1988 3250 2153 3316 tiam,
2200 3249 2601 3315 ambitionem,
2641 3250 3093 3318 contentionem,
3128 3250 3282 3305 446
3330 3248 3629 3319 invidiam,

201 3339 478 3398 Domino
505 3336 666 3409 (Ibid.
703 3337 815 3405 l6),
850 3352 922 3392 ne
952 3334 1300 3408 sanguinem
1331 3334 1568 3390 illorum
1599 3334 1699 3407 qui
1747 3351 1877 3391 eam

202 3428 557 3486 detulerant
603 3424 806 3481 bibere
848 3423 1159 3482 videretur.
1206 3424 1344 3488 Quae
1392 3438 1487 3478 res
1534 3422 1747 3477 indicio
1791 3425 1880 3477 est

203 3518 372 3593 quod
409 3512 887 3587 concupiscentia
916 3512 1155 3584 quidem
1209 3511 1492 3566 rationem
1546 3510 1875 3582 praeveniat,

202 3607 312 3664 sed
344 3603 506 3660 ratio
539 3600 846 3674 cupiditati
880 3600 1136 3659 resistat.
1168 3598 1505 3654 Humanum
1529 3598 1726 3671 itaque
1752 3616 1880 3672 pas-

202 3712 313 3753 sus
363 3696 463 3749 est
507 3690 710 3758 David,
765 3693 830 3745 ut
874 3687 1357 3745 irrationabiliter
1385 3686 1820 3759 concupisceret
1860 3705 1873 3743 :

188 3784 309 3848 sed
342 3779 504 3837 illud
536 3776 849 3845 laudabile,
885 3777 1041 3849 quod
1094 3774 1557 3831 irrationabilem
1597 3776 1879 3848 concupi-

202 3870 510 3929 scentiam
568 3865 995 3923 rationabiliter
1043 3868 1246 3937 parato
1278 3862 1569 3919 fraudavit
1599 3865 1876 3920 remedio.

204 3964 360 4017 Dum
394 3957 582 4013 laudo
610 3954 765 4011 viros
817 3954 919 4026 qui
968 3954 1335 4010 erubuerunt
1384 3951 1741 4008 desiderium
1787 3952 1875 4008 sui

202 4049 387 4122 regis,
425 4049 490 4100 et
520 4042 855 4100 maluerunt
884 4043 1063 4098 finem
1092 4043 1222 4113 ejus
1254 4040 1612 4097 verecundiaa
1658 4040 1746 4097 vel
1780 4058 1878 4115 pe-

197 4135 394 4193 riculo
430 4131 682 4206 prOpriae
715 4129 925 4187 salutis
959 4131 1204 4186 afferre:
1232 4128 1370 4201 plus
1403 4128 1578 4185 laudo
1610 4146 1746 4185 eum
1780 4130 1880 4202 qui

198 4223 456 4282 erubuit
502 4220 566 4275 in
616 4236 723 4276 suo
775 4219 1066 4275 desiderio
1118 4217 1377 4275 alienum
1427 4217 1780 4290 periculum,
1825 4223 1883 4274 et

198 4327 431 4387 aquam
493 4308 687 4365 dubiae
745 4308 922 4364 sortis
977 4306 1167 4379 pretio
1221 4305 1551 4378 quaesitam,
1605 4306 1881 4379 sanguini

198 4394 813 4474 comparavit:simul
847 4395 1018 4467 quasi
1051 4410 1317 4466 repressa
1349 4394 1536 4450 victor
1566 4395 1884 4467 cupiditate

200 4486 485 4561 profudit
532 4500 747 4556 aquam
795 4482 1067 4551 Domino,
1099 4486 1165 4538 ut
1196 4482 1527 4538 ostenderet
1556 4484 1716 4555 quod
1747 4500 1883 4539 con-

1988 3356 2115 3411 quae
2142 3343 2282 3393 sunt
2306 3338 2628 3393 secundum
2661 3336 2919 3394 animam
2952 3338 3255 3409 passiones
3289 3354 3301 3393 :
3334 3343 3630 3393 transcur-

1985 3443 2117 3482 ram
2150 3425 2326 3480 etiam
2379 3425 2789 3498 inexplebilem
2838 3426 3077 3482 vorandi
3128 3426 3456 3497 libidinem,
3488 3428 3629 3483 etfu-

1988 3513 2331 3584 sionemque
2395 3513 2637 3569 luxuriae
2708 3519 2882 3585 atque
2952 3514 3221 3582 lasciviae,
3301 3534 3425 3588 quae
3492 3516 3631 3572 vitia

1986 3616 2135 3655 nexa
2164 3603 2304 3655 sunt
2334 3601 2581 3671 corpori,
2616 3603 2673 3655 et
2720 3601 3044 3656 secundum
3095 3600 3242 3657 illud
3291 3592 3627 3676 operantur.

1988 3688 2309 3758 Meritoque
2339 3687 2726 3759 temperantia
2757 3704 2933 3758 quam
2958 3689 3209 3745 maxime
3240 3690 3487 3747 istarum
3506 3710 3635 3765 pas-

1987 3777 2219 3833 sionum
2248 3775 2557 3848 restinguit
2586 3776 3007 3849 ardorem,quae
3034 3779 3291 3849 primum
3322 3781 3633 3837 sobrietate

1988 3869 2165 3936 atque
2233 3863 2632 3920 moderamine
2688 3864 2951 3919 animum
3008 3870 3315 3937 temperat,
3376 3873 3631 3923 mentem

1987 3953 2283 4020 informat,
2317 3952 2525 4008 deinde
2555 3951 2729 4008 etiam
2761 3951 3101 4008 deliciarum
3151 3954 3505 4010 abstinentia
3544 3973 3633 4012 re-

1988 4041 2223 4113 stringit
2273 4040 2532 4098 habenas
2586 4040 2904 4114 corporalis
2959 4042 3292 4100 ferocitatis.
3354 4044 3487 4100 Ideo
3544 4044 3635 4101 lex

1990 4129 2193 4185 recidit
2241 4129 2503 4185 ciborum
2550 4129 2846 4185 licentiam
2874 4132 3160 4200 (Levit.x1,
3194 4133 3245 4201 4,
3277 4133 3390 4204 23),
3434 4132 3633 4205 epula-

1991 4235 2124 4274 rum
2175 4218 2394 4291 copias,
2448 4235 2563 4274 non
2624 4218 2815 4273 solum
2862 4223 2927 4273 ut
2974 4224 3261 4276 resecaret
3318 4220 3632 4293 luxuriam,

1992 4323 2194 4363 verum
2228 4307 2404 4362 etiam
2424 4307 2820 4363 utinhibentis
2850 4308 3337 4380 contemplatione
3363 4311 3634 4384 praecepti

1990 4395 2145 4452 viam
2176 4396 2512 4451 tractationi
2543 4395 2783 4451 rationis
2814 4396 3082 4469 aperiret,
3114 4414 3242 4469 quae
3274 4398 3639 4457 irritamenta

1993 4484 2142 4558 gulae
2185 4488 2536 4557 caeterasque
2584 4484 2862 4540 recideret
2910 4484 3279 4557 cupiditates,
3332 4504 3640 4562 corporeae

203 4573 653 4652 cupiscentiam
671 4588 840 4628 suam
867 4571 1027 4627 verbi
1046 4569 1445 4627 consolatione
1474 4570 1883 4645 restingueret.
1916 4606 1965 4668 Β
1997 4572 2303 4646 passiones
2360 4573 2435 4644 (9)
2494 4577 2805 4643 motusque
2869 4571 3180 4629 cohiberet.
3233 4576 3643 4648 Temperantia

287 4703 368 4775 (5)
390 4697 568 4756 ’Edit.
618 4696 1056 4775 Rom.,__0mnis
1105 4710 1232 4766 ergo
1282 4697 1642 4775 temperantia
1698 4698 1777 4775 est
1829 4696 1896 4775 d_e

212 4765 465 4845 ἠέρα
482 4771 783 4845 negantur,
817 4766 1045 4845 ideoque
1090 4765 1365 4845 sequenda
1391 4767 1490 4845 est.
1522 4766 1661 4820 Nam
1685 4771 1780 4845 aut
1826 4768 1892 4845 de

212 4837 593 4900 naturalibus
633 4837 961 4910 suscipitur,
1006 4841 1102 4892 aut
1136 4838 1216 4910 _de
1261 4837 1581 4910 moralibus,
1615 4840 1710 4892 aut
1749 4840 1896 4893 enim

211 4912 525 4971 naturalia
553 4907 819 4981 temperat
847 4917 943 4965 aut
968 4907 1365 4981 mai'alia._Sed
1398 4908 1519 4981 haec
1546 4909 1721 4981 verba
1751 4914 1893 4964 sunt

211 4978 677 5058 conjectorum,'
716 4997 831 5036 non
866 4979 1201 5058 _Ambrosii.
1230 4978 1556 5058 lilaluimus
1594 4980 1805 5058 igitur_
1821 4982 1893 5036 ab

212 5049 349 5115 ant:
381 5054 535 5112 edit.
568 5068 687 5123 non
719 5051 1007 5122 recedere,
1052 5049 1288 5123 quando
1331 5049 1460 5123 illis,
1494 5049 1646 5123 mss?
1686 5052 1893 5106 suffra-

211 5133 474 5202 gantur.
524 5123 589 5178 In
636 5122 731 5178 his
776 5120 1117 5202 tamengest
1164 5120 1378 5202 aliqua
1408 5121 1732 5202 diversitas.
1778 5122 1892 5202 alii

212 5191 391 5257 Enim
444 5210 647 5250 vocem
700 5194 1062 5266 ten'tperantia
1108 5191 1407 5266 omittunt,
1437 5191 1531 5246 alii
1578 5198 1808 5266 mutant
1838 5194 1895 5248 in

213 5283 441 5327 vocem
476 5267 587 5331 ira,
622 5281 777 5320 unus
797 5263 1121 5336 finculpa.
1160 5263 1471 5336 _Sicuetiam
1503 5264 1741 5333 quidam
1784 5264 1892 5336 ha-

216 5344 379 5397 bent
412 5335 676 5401 secundo,
707 5335 808 5390 ubi
841 5334 939 5390 alii
972 5333 1229 5390 secunda.
1253 5333 1376 5389 Non
1410 5339 1626 5388 temere
1658 5335 1899 5390 forsitan

218 5406 827 5487 quisgsuspicabitur
878 5411 1013 5487 post
1057 5405 1409 5487 adjectivum
1456 5407 1654 5487 omnis,
1681 5422 1896 5487 nomen

215 5476 685 5541 iubstantivum
734 5476 793 5531 in
845 5476 1470 5549 antiquioribusmss.
1504 5477 1706 5549 scriba:
1748 5477 1895 5549 osci-

218 5552 432 5611 tantia
465 5549 951 5622 praetermissum,
985 5547 1343 5622 Quodvarie
1392 5552 1594 5622 postea
1643 5548 1713 5602 ab
1764 5548 1896 5604 aliis

219 5618 591 5683 restitutum
621 5620 717 5676 sit.
759 5618 1019 5676 Felicius
1051 5618 1410 5691 divinarunt'
1438 5618 1539 5690 qui
1592 5635 1899 5691 reposuere

215 5710 447 5755 vocem
500 5694 883 5765 temperantia,
930 5707 1107 5764 quam
1157 5689 1496 5763 postulabat
1541 5689 1896 5749 continuatio

2001 4697 2297 4771 seriesque
2322 4696 2630 4771 sermonis,
2664 4700 2729 4750 ut
2756 4694 2940 4771 liquet
2968 4712 3037 4751 ex
3064 4713 3192 4769 cap.
3224 4715 3346 4771 seq.

2073 4768 2149 4839 (6)
2180 4768 2345 4822 Rom.
2380 4767 2517 4821 edit.
2559 4773 2852 4823 necaverat
2896 4768 2992 4823 hoc
3037 4772 3117 4823 est
3139 4767 3381 4825 'matit'ia
3425 4768 3639 4825 Judaeu-

2002 4855 2145 4893 rum.

2072 4910 2149 4981 (7)
2178 4910 2317 4983 Mss.
2351 4906 2592 4980 aliquot,
2623 4910 2921 4983 corporalis
2943 4912 3329 4983 protapsionis.

2076 4980 2150 5051 (8)
2184 4981 2267 5034 lta
2312 4996 2454 5034 mss.
2505 4980 2729 5036 omnes.
2784 4980 2957 5037 Editf
2986 4980 3143 5047 vero,
3172 4986 3225 5036 et
3252 4980 3556 5051 cavenda...
3589 4985 3644 5036 et

2004 5050 2250 5123 legenda,
2284 5057 2418 5118 etc.,
2454 5056 2660 5122 praeter
2690 5053 2976 5123 quasdam
3010 5051 3217 5121 Paris.,
3250 5050 3349 5105 ubi
3382 5067 3500 5123 _pro
3549 5068 3641 5106 ca-

2002 5121 2177 5179 venda
2206 5124 2380 5191 legere
2408 5121 2504 5195 est
2524 5121 2790 5195 canenda,
2819 5123 3055 5195 scilicet
3075 5127 3143 5195 ut
3185 5121 3433 5195 canenda
3462 5139 3639 5195 oppo-

2004 5199 2285 5249 nerentur
2315 5193 2575 5266 tegendis.
2610 5192 2872 5266 Ridicule
2904 5211 2916 5248 :
2950 5194 3061 5266 nisi
3088 5192 3182 5246 hic
3219 5192 3446 5266 lapsus
3469 5192 3646 5249 fuerit

2005 5281 2332 5337 operarum.
2368 5263 2507 5320 Item
2536 5268 2666 5337 post
2690 5264 2931 5337 alteram
2961 5263 3196 5331 lineam,
3230 5264 3327 5318 ubi
3359 5264 3645 5337 edit.tenet

2003 5334 2423 5408 disciplinam...
2478 5334 2721 5408 eruditus
2768 5335 2826 5388 in
2874 5335 3007 5408 lege,
3041 5339 3173 5401 etc.,
3206 5336 3573 5408 restituimus
3614 5353 3646 5391 e

2006 5406 2153 5463 mss;
2181 5413 2365 5463 tenens
2392 5406 2808 5477 disciplinain...
2840 5406 3089 5477 eruditur
3118 5408 3175 5477 in
3209 5407 3339 5477 lege.

2077 5480 2153 5549 (9)
2188 5479 2426 5534 Codices
2472 5474 2627 5549 Vat,
2678 5475 2848 5542 Vict.,
2882 5474 3064 5544 Colb.,
3114 5474 3274 5532 Vach
3323 5482 3380 5534 et
3426 5479 3642 5535 Theod.

2004 5542 2422 5622 primarmanu,
2457 5546 2784 5622 Cupiditatcs
2811 5542 3081 5622 corporeae
3097 5550 3390 5621 passionis.
3424 5542 3669 5607 Theod..

2005 5618 2492 5747 secundatmanu,
2526 5623 2582 5674 ct
2613 5618 2860 5693 Remig,
2885 5618 3215 5692 Cupiditates
3245 5625 3487 5696 corporis
3512 5639 3644 5696 pas-

2005 5708 2204 5747 siones.
2237 5708 2267 5747 e
2295 5708 2344 5747 c.

2004 5708 2204 5759 διοηεδ,
2237 5708 2344 5749 etc.
