4122 6146
1316 337 1421 401 DE
1463 334 1702 402 ,ΙΑοοΒ
1745 334 1846 400 ET
1889 335 2085 404 "TA
2126 340 2391 406 BEATA
2433 339 2584 404 LIB.
2631 335 2682 402 Ῑ.

3617 349 3737 415 634

298 475 656 534 transtulisti
701 473 972 531 terminos
1011 488 1158 546 quos
1209 474 1534 546 posuerunt
1582 475 1773 542 patres
1823 469 1929 537 tui,
1967 476 2026 541 Α
2054 475 2316 546 aequalis,
2350 473 2422 530 ad
2454 472 2772 529 tuitionem
2817 471 3198 544 praestantior
3227 481 3340 546 est,
3375 480 3448 537 ad
3481 485 3730 554 gratiam

301 567 571 624 membra
618 571 718 621 tua
761 580 920 621 arma
963 561 1297 634 iniquitatis
1327 563 1487 616 sunt.
1524 559 1778 614 Aﬁ‘ectus
1826 558 1933 630 igi-

297 659 422 722 tur,
455 671 571 711 non
619 670 745 710 caro
791 657 993 708 auctor
1039 656 1127 707 est
1183 650 1386 722 culpae,
1420 665 1556 704 caro
1615 652 1807 703 autem
1837 664 1936 703 vo-

299 744 549 800 luntatis
596 744 871 799 ministra.
904 742 1029 797 Non
1061 757 1198 812 ergo
1248 739 1464 794 vendat
1512 754 1618 794 nos
1667 736 1940 793 voluntas

303 839 528 889 nostra.

376 921 463 976 11.
496 919 710 976 Clamat
752 917 1067 990 Apostolus
1101 935 1168 974 εκ
1213 916 1462 973 Nescitis
1515 916 1794 988 quoniam
1845 915 1940 970 cui

291 1008 644 1066 exhibuistis
669 1024 768 1064 vos
807 1025 1006 1065 servos
1049 1009 1120 1064 ad
1164 1006 1579 1076 odediendum,
1613 1004 1763 1061 servi
1795 1004 1940 1060 estis

293 1099 428 1169 ejus
483 1097 576 1152 cui
624 1097 922 1164 obedistis,
965 1097 1084 1153 sive
1135 1095 1353 1168 peccati
1402 1095 1461 1149 in
1513 1099 1784 1158 mortem,
1818 1093 1940 1148 sive

295 1186 646 1244 ebeditionis
699 1187 758 1240 in
809 1186 1102 1256 justitiam
1150 1187 1326 1256 (Rom.
1361 1201 1437 1250 v1,
1474 1184 1601 1255 16)?
1629 1205 1656 1233 ››
1688 1184 1839 1254 Ergo
1889 1181 1940 1238 si

298 1279 401 1332 aut
443 1279 674 1347 peccato
721 1275 1030 1341 servimus,
1064 1279 1163 1330 aut
1196 1273 1462 1345 justitiaa,
1497 1272 1939 1328 consideremus

295 1365 357 1420 in
391 1375 507 1436 qua
532 1367 694 1436 parte
722 1363 972 1419 servitus
1004 1361 1378 1428 tolerabilior,
1405 1362 1632 1417 fructus
1678 1361 1937 1416 uberior.

297 1453 411 1510 Sed
443 1453 540 1524 qui
569 1456 756 1524 potest
774 1468 903 1508 esse
932 1450 1157 1506 fructus
1185 1451 1245 1505 in
1278 1450 1506 1506 morte?
1538 1450 1759 1505 Peccati
1783 1449 1942 1505 enim

299 1541 658 1614 stipendium
689 1557 867 1607 more,
901 1546 958 1596 et
987 1541 1115 1595 ideo
1152 1537 1352 1596 nullus
1383 1540 1443 1594 in
1477 1555 1542 1595 eo
1575 1539 1801 1595 fructus
1832 1543 1941 1609 est,

299 1631 402 1688 sed
450 1629 691 1702 pudoris
738 1629 1134 1702 dispendium,
1170 1645 1305 1684 cum
1344 1644 1412 1684 ea
1443 1645 1570 1700 quae
1621 1629 1941 1701 gessimus,

291 1717 721 1775 erubescimus.
752 1717 976 1773 Servire
1005 1721 1200 1774 autem
1244 1717 1490 1788 justitiaa
1538 1717 1782 1772 libertas
1831 1721 1939 1773 est.

291 1828 334 1858 ‹‹
363 1807 471 1904 Qui
498 1806 656 1904 enim
685 1810 924 1904 vocatus
951 1809 1042 1861 est
1081 1806 1140 1904 in
1162 1805 1417 1904 Domino
1450 1821 1670 1871 servus,
1698 1807 1943 1862 libertus
1976 1837 2024 1904 Β

297 1900 392 1951 est
421 1894 672 1950 Domini.
704 1893 991 1949 Similiter
1019 1894 1116 1966 qui
1161 1893 1310 1949 liber
1338 1899 1576 1950 vocatus
1608 1899 1718 1960 est,
1741 1910 1947 1951 servus

298 1987 392 2040 est
421 1982 632 2039 Christi
658 1984 704 2054 (Ι
734 1982 853 2039 Cor.
886 1997 984 2049 vn,
1016 1986 1127 2048 22).
1155 2003 1183 2032 »ι
1212 1982 1467 2054 Utraque
1503 1984 1761 2039 conditio
1792 1984 1947 2055 opti-

297 2089 421 2135 ma,
452 2085 580 2128 esse
611 2070 720 2128 sub
748 2070 996 2133 Christo.
1030 2071 1140 2126 sub
1170 2087 1287 2143 quo
1317 2076 1375 2126 et
1405 2071 1662 2143 pretiosa
1691 2072 1946 2127 servitus

297 2166 359 2219 et
387 2160 639 2235 gloriosa
678 2160 942 2216 libertas.
975 2159 1236 2216 Pretiosa
1283 2158 1535 2215 servitus
1582 2161 1750 2232 quasi
1797 2161 1947 2216 tanti

299 2249 608 2322 Sanguinis
639 2249 823 2321 pretio
854 2253 1188 2320 comparata
1221 2263 1234 2302 ε
1268 2247 1524 2320 gloriosa
1552 2253 1747 2304 autem
1777 2247 1950 2303 liber-

295 2344 394 2394 tas
423 2351 600 2408 quam
648 2335 813 2392 nulla
856 2336 1104 2391 servitus
1133 2336 1336 2408 culpae,
1372 2335 1538 2391 nulla
1577 2342 1948 2408 peccatorum

291 2425 532 2482 vincula
553 2425 986 2497 constringunt,
1007 2424 1170 2479 nulla
1189 2424 1548 2496 ﬂagitiorum
1573 2441 1768 2493 onera,
1789 2425 1952 2480 nulla

299 2514 616 2571 criminum
663 2514 1016 2570 commercia
1063 2513 1368 2585 degeneris
1413 2513 1589 2568 nexui
1652 2513 1952 2569 servitutis

299 2603 604 2659 addicunt.

377 2693 463 2747 12.
495 2691 665 2747 Disce
717 2689 1135 2758 humilitatem,
1168 2706 1200 2745 ο
1249 2690 1447 2756 homo,
1480 2689 1787 2762 apostolici
1837 2691 1952 2745 vim

297 2793 588 2853 cognosse
625 2778 975 2852 magisterii.
1007 2779 1066 2834 Si
1101 2793 1333 2834 servum
1387 2782 1443 2834 te
1491 2778 1674 2845 dicas,
1709 2778 1954 2834 libertus

299 2881 368 2924 es
397 2883 412 2922 :
446 2865 496 2923 si
536 2867 792 2923 liberum
843 2870 900 2923 te
938 2865 1148 2936 jactes,
1185 2881 1387 2922 servus
1434 2883 1517 2923 es.
1553 2867 1703 2922 Nam
1752 2870 1810 2922 et
1855 2866 1956 2923 ille

307 2956 408 3029 qui
439 2955 607 3028 quasi
636 2969 842 3012 servus
873 2955 1211 3024 redemptus
1252 2959 1362 3020 est,
1395 2953 1727 3010 libertatem
1757 2954 1955 3020 habet,

303 3049 367 3101 et
393 3045 500 3101 iste
529 3044 631 3116 qui
661 3043 835 3115 quasi
883 3041 1032 3098 liber
1055 3046 1295 3098 vocatus
1324 3047 1432 3111 est,
1463 3043 1686 3100 bonum
1736 3048 1826 3099 est
1871 3043 1955 3098 illi

305 3137 376 3189 ut
402 3147 636 3189 servum
666 3130 883 3188 Christi
931 3146 994 3186 se
1037 3145 1165 3187 esse
1195 3135 1527 3204 cognoscat,
1545 3133 1658 3188 sub
1692 3148 1808 3203 quo
1835 3147 1956 3188 ser-

2053 579 2176 634 par.
2211 564 2490 619 adversus
2523 562 2769 633 lapsum
2800 562 3053 631 cautior,
3079 567 3358 625 adversus
3391 571 3730 643 superbiam

2049 653 2273 707 tectior.
2302 653 2386 707 Ita
2416 652 2764 706 libertatem
2795 653 3098 725 accepisti,
3132 660 3197 712 ut
3229 659 3573 716 meminisse
3604 677 3729 716 ma-

2054 741 2404 798 numissoris
2435 742 2523 796 tui
2559 740 2802 806 debeas,
2829 745 2894 796 ut
2924 747 3170 813 patrono
3201 751 3299 802 tuo
3327 749 3555 804 noveris
3584 748 3725 822 legi—

2052 829 2264 885 timum
2297 829 2663 900 obsequium
2696 827 3077 889 deferendum
3109 835 3240 906 (13),
3277 853 3346 891 ne
3383 837 3455 892 ab
3497 838 3726 909 ingrato

2059 923 2361 974 revocetur
2389 918 2671 973 libertas.
2702 917 2849 982 Quid
2873 924 2928 975 te
2957 921 3205 992 beatius,
3228 925 3325 996 qui
3349 927 3457 981 sub
3481 927 3728 983 Domino

2056 1022 2286 1079 regnas,
2320 1011 2378 1062 et
2408 1007 2524 1061 sub
2559 1009 2815 1076 patrono
2849 1007 3113 1066 milites?

2612 1095 2768 1147 449
2808 1094 3040 1154 CAPUT
3081 1101 3172 1155 IV.

2056 1167 2500 1246 Quonturraneua
2532 1166 2762 1246 Item-ini
2783 1173 3127 1246 concesserit,
3149 1189 3273 1228 cum
3301 1174 3353 1246 ei
3383 1174 3554 1245 legem
3582 1174 3727 1230 dedit

2125 1241 2173 1290 et
2203 1240 2443 1316 gratiam
2489 1237 2781 1316 afijanacit.
2964 1244 3251 1298 solvuntur
3295 1237 3725 1316 duquwstio-

2124 1324 2216 1388 nes
2245 1326 2262 1361 :
2297 1307 2579 1388 Quomodo
2616 1308 2755 1362 bona
2784 1310 2856 1388 ait
2895 1311 3004 1379 leae,
3038 1331 3155 1385 qua:
3186 1319 3419 1370 mortem
3448 1307 3721 1388 operetur,

2125 1379 2468 1504 ettquomodo
2501 1395 2632 1450 qua
2677 1384 2906 1436 mortem
2949 1379 3219 1455 ope-retur,
3253 1403 3397 1441 mors
3428 1379 3585 1443 nobis
3611 1379 3724 1442 non

2125 1467 2169 1504 δι
2219 1493 2227 1503 .

2124 1467 2194 1504 δτι
2219 1467 2227 1503 Ξ

2128 1538 2212 1591 13.
2238 1537 2383 1604 Quid
2418 1543 2628 1593 autem
2663 1542 2752 1592 est
2781 1543 2937 1610 quod
2969 1543 3074 1598 tibi
3107 1560 3220 1599 non
3253 1546 3503 1600 contulit
3525 1545 3721 1601 Domi-

2055 1626 2206 1681 nus?
2227 1627 2439 1698 Legem
2467 1626 2656 1693 dedit,
2684 1634 2987 1698 peccatum
3023 1632 3277 1702 prodidit
3301 1633 3433 1704 (14),
3455 1634 3727 1704 adjunxit

2055 1715 2326 1786 gratiam.
2365 1714 2484 1769 Lex
2527 1715 2688 1770 enim
2740 1723 3046 1786 peccatum
3093 1720 3454 1777 denuntiavit
3486 1740 3499 1778 :
3532 1723 3630 1778 sed
3663 1723 3724 1778 in

2055 1803 2386 1858 conditione
2433 1801 2669 1858 lubrica
2725 1805 2960 1875 penitus
3007 1807 3275 1863 cohibere
3333 1826 3448 1864 non
3509 1810 3721 1881 potuit.

2056 1889 2308 1962 Cognovi
2339 1891 2498 1946 enim
2545 1897 2849 1963 peccatum
2885 1895 3040 1966 quod
3094 1896 3446 1952 nesciebam.
3472 1898 3724 1970 Cognovi

2057 1979 2600 2050 concupiscentiam
2633 1997 2763 2036 esse
2813 1987 3143 2054 peccatum,
3176 1989 3233 2039 et
3263 1984 3373 2040 hac
3421 1985 3726 2042 occasione

2057 2067 2406 2138 cognitionis
2452 2069 2680 2139 peccati
2711 2087 2829 2126 aera
2869 2072 3172 2127 cumulata
3218 2077 3377 2139 sunt,
3405 2074 3543 2146 quia
3590 2092 3722 2147 pec-

2057 2160 2255 2210 catum
2283 2156 2439 2226 quod
2472 2162 2610 2213 ante
2639 2173 2742 2230 per
2771 2159 3165 2231 ignorantiam
3197 2177 3386 2216 meam
3419 2166 3718 2219 mortuum

2057 2244 2384 2309 videbatur,
2419 2244 2477 2300 in
2513 2261 2606 2302 me
2652 2248 2894 2303 revixit:
2921 2264 3026 2320 ego
3059 2253 3254 2303 autem
3289 2254 3558 2305 mortuus
3585 2267 3721 2306 sum

2061 2333 2278 2404 peccati
2337 2333 2599 2402 vulnere,
2636 2335 2774 2407 quia
2834 2336 3090 2408 cognitio
3148 2337 3332 2408 culpae
3390 2353 3518 2410 quae
3575 2339 3722 2395 mihi

2060 2420 2366 2493 profutura
2413 2421 2740 2492 videbatur,
2775 2425 2896 2480 haec
2946 2424 3166 2491 nocuit,
3203 2429 3267 2480 ut
3316 2426 3529 2482 scirem
3565 2429 3722 2500 quod

2059 2507 2240 2563 vitare
2270 2524 2388 2564 non
2411 2515 2696 2581 poteram.
2724 2512 3034 2568 Peccatum
3057 2512 3212 2566 enim
3238 2513 3514 2584 prodidit,
3538 2519 3594 2571 et
3620 2533 3726 2587 per

2062 2598 2281 2651 bonum
2307 2598 2770 2656 denuntiationis
2801 2618 2920 2657 sua;
2952 2600 3178 2672 peccati
3213 2601 3398 2671 ipsius
3429 2602 3726 2661 acerbavit

2059 2684 2363 2741 invidiam.
2384 2686 2584 2760 Itaque
2603 2705 2781 2762 supra
2802 2689 3044 2744 modum
3063 2688 3282 2742 factum
3303 2693 3394 2744 est
3413 2695 3722 2760 peccatum

2064 2772 2229 2842 mihi,
2255 2773 2394 2844 quia
2425 2777 2794 2834 cumulatum
2825 2781 2916 2833 est
2945 2775 3388 2832 denuntiatione
3432 2779 3717 2836 mandati.

2063 2860 2286 2916 Crescit
2343 2865 2502 2920 enim
2561 2866 2752 2938 culpa,
2787 2881 2922 2921 cum
2980 2863 3268 2936 proditur,
3300 2881 3406 2920 nec
3462 2870 3718 2923 cavetur.

2065 2950 2368 3013 Quomodo
2389 2969 2526 3026 ergo
2553 2955 2772 3010 bonum
2814 2954 3351 3024 mandatum,quod
3385 2953 3530 3009 mihi
3562 2970 3723 3012 mors

2065 3036 2198 3092 est?
2227 3039 2342 3094 Aut
2377 3044 2672 3112 quomodo
2703 3060 2818 3100 non
2870 3047 2960 3099 est
3008 3040 3152 3095 mihi
3203 3055 3382 3107 mors,
3415 3043 3571 3114 quod
3621 3061 3725 3116 per

2066 3126 2286 3182 bonum
2311 3127 2758 3201 significationis
2776 3149 2895 3188 suae
2914 3130 3374 3185 demonstrando
3391 3134 3721 3202 peccatum,

307 3223 461 3278 vim
488 3223 617 3277 tuta
659 3225 768 3285 est,
805 3224 863 3275 et
891 3219 1132 3277 libertas
1181 3201 1405 3276 secura.
1441 3220 1581 3285 Quis
1613 3201 1785 3292 quasi
1815 3221 1959 3276 idio.
1987 3201 2029 3268 C
2065 3219 2370 3286 operatum
2391 3223 2480 3274 est
2511 3219 2568 3274 in
2591 3235 2684 3276 me
2709 3219 3000 3276 mortem?
3020 3217 3166 3271 Nam
3195 3201 3420 3272 certum
3455 3224 3542 3275 est
3564 3201 3721 3292 quod

304 3314 428 3366 tam
459 3309 707 3366 Paulum
737 3307 829 3364 vel
860 3307 920 3362 in
961 3307 1089 3379 ipso
1131 3309 1266 3380 jure
1297 3308 1547 3364 asserit?
1590 3308 1770 3364 Seivit
1798 3309 1955 3365 enim

301 3395 633 3453 discernere
660 3396 819 3452 inter
866 3394 1142 3451 libertum
1173 3399 1230 3451 et
1257 3393 1530 3462 liberum,
1563 3399 1620 3452 et
1661 3395 1792 3452 ideo
1841 3414 1954 3452 non

303 3484 717 3557 perfunctorie,
751 3484 856 3540 sed
897 3484 1131 3555 proprie
1167 3483 1314 3539 dixit
1346 3501 1414 3540 :«
1445 3485 1555 3550 Qui
1589 3484 1745 3539 enim
1785 3501 1953 3542 voca-

297 3577 401 3629 tae
429 3577 517 3629 est
543 3574 603 3628 in
630 3573 882 3629 Domino
912 3587 1135 3638 servus,
1165 3573 1415 3630 libertus
1441 3577 1531 3629 est
1559 3572 1790 3628 Domini
1825 3591 1838 3629 :
1875 3576 1952 3630 εἰσ

301 3661 523 3717 militer
551 3661 654 3733 qui
701 3660 852 3716 liber
893 3664 1133 3716 vocatus
1163 3665 1271 3727 est,
1303 3677 1507 3722 servus
1540 3665 1629 3716 est
1657 3660 1894 3718 Christi.
1925 3684 1953 3712 κ

301 3750 523 3806 Revera
549 3749 708 3806 enim
757 3763 965 3804 omnes
1011 3749 1227 3805 Christi
1274 3749 1467 3805 liberti
1513 3765 1746 3815 sumus,
1780 3767 1952 3808 nemo

301 3837 472 3893 liber.
497 3836 711 3893 Omnes
743 3835 903 3894 enim
933 3835 994 3891 in
1026 3837 1302 3893 servitute
1343 3834 1624 3908 generati.
1647 3834 1796 3898 Quid
1833 3852 1952 3892 ser-

297 3925 401 3982 vili
420 3925 738 3984 conditioni
755 3924 1154 3997 arrogantiam
1181 3923 1469 3981 libertatis
1487 3923 1781 3980 assumis?
1803 3926 1952 3991 Quid

300 4013 510 4070 titulos
538 4013 862 4071 nobilitatis
895 4029 1167 4085 usurpas,
1199 4013 1425 4070 servilis
1457 4012 1764 4069 hereditas
1785 4013 1814 4067 ?
1843 4014 1955 4071 Ne-

301 4101 445 4158 sciis
471 4103 626 4173 quod
665 4107 726 4158 te
754 4101 890 4156 Adae
939 4106 1113 4173 atque
1142 4103 1267 4157 Evae
1314 4101 1490 4173 culpa
1535 4101 1954 4173 mancipaverit

299 4189 612 4247 servituti?
658 4189 864 4246 Nescis
895 4191 1049 4262 quod
1082 4191 1393 4247 redemerit
1422 4194 1479 4246 te
1516 4190 1802 4257 Christus,
1834 4208 1950 4248 non

296 4277 550 4334 emerit?
570 4299 599 4328 «
631 4277 758 4334 Non
789 4293 952 4345 auro,
977 4294 1092 4333 non
1123 4282 1363 4350 argento
1393 4276 1678 4350 redempti
1709 4278 1850 4334 estis
1881 4282 1952 4336 de

296 4379 453 4423 una
477 4369 672 4422 vestra
701 4366 1140 4424 conversatione
1172 4369 1426 4439 paterna
1470 4365 1822 4433 traditionis,
1847 4370 1950 4424 sed

295 4454 557 4528 pretioso
610 4454 900 4527 sanguine
957 4455 1108 4528 Agni
1157 4455 1206 4527 (1
1232 4456 1378 4510 Patr.
1421 4471 1460 4521 ι,
1497 4455 1785 4526 18,19),»
1833 4456 1952 4512 cla-

2068 3319 2226 3360 mors
2257 3305 2401 3362 mihi
2443 3309 2707 3376 accessit,
2732 3310 2875 3364 dum
2909 3305 3064 3377 quod
3113 3304 3261 3360 facio
3309 3321 3558 3378 agnosco
3587 3326 3718 3381 pec-

2065 3396 2283 3458 catum,
2318 3395 2472 3450 sicut
2502 3397 2626 3468 ipse
2648 3399 2933 3454 Dominus
2965 3395 3046 3450 ait
3078 3411 3090 3449 :
3116 3416 3143 3443 ‹‹
3168 3394 3225 3449 Si
3257 3411 3373 3452 non
3401 3398 3718 3467 venissem,

2062 3485 2121 3534 et
2148 3480 2377 3538 locutus
2407 3482 2649 3540 missem
2676 3485 2770 3541 his
2790 3487 2928 3554 (15),
2954 3487 3257 3554 peccatum
3287 3502 3402 3541 non
3433 3485 3719 3546 haberent

2062 3568 2238 3640 (Joan.
2271 3585 2364 3635 xv,
2395 3573 2508 3641 22).
2547 3593 2575 3621 ι

2135 3656 2220 3711 14.
2253 3658 2401 3721 Quid
2431 3660 2669 3716 miraris
2719 3662 2902 3734 igitur
2932 3660 2981 3716 si
3012 3659 3100 3715 lex
3131 3662 3486 3732 quidusdam
3538 3667 3713 3723 morti

2061 3745 2156 3812 sit,
2181 3761 2312 3800 cum
2346 3748 2518 3803 morti
2545 3750 2618 3804 sit
2639 3755 2697 3806 et
2719 3749 2952 3806 Domini
2974 3747 3252 3806 salutaris
3282 3753 3586 3821 adventus,
3611 3773 3715 3828 per

2061 3849 2235 3906 quem
2263 3837 2548 3908 redempti
2572 3839 2824 3895 sumus?
2857 3836 3114 3894 Infidelis
3142 3839 3298 3894 enim
3332 3849 3578 3899 mortem
3603 3843 3713 3898 sibi

2063 3923 2269 3994 quaerit
2298 3942 2366 3980 ex
2393 3927 2582 3998 gratia
2610 3945 2622 3982 :
2649 3931 2849 3984 manet
2869 3929 3065 3982 autem
3097 3928 3359 3983 mandati
3390 3932 3595 4001 gratia.
3623 3932 3712 3986 Et-

2060 4011 2214 4067 enim
2246 4012 2398 4069 sicut
2425 4016 2680 4087 cognitio
2728 4019 3144 4072 venenatorum
3195 4017 3542 4086 poculorum
3573 4034 3710 4073 con-

2062 4107 2393 4156 summatur
2423 4104 2495 4158 ad
2526 4104 2901 4177 disciplinam
2951 4102 3252 4158 medicina;
3286 4122 3298 4160 :
3333 4105 3418 4162 sic
3448 4106 3710 4162 divinum

2062 4191 2408 4246 mandatum
2437 4193 2509 4248 ad
2539 4193 2718 4249 vitam
2762 4199 3064 4250 aeternam.
3091 4192 3253 4250 Sicut
3300 4200 3494 4250 autem
3527 4198 3577 4252 ei
3611 4196 3711 4268 qui

2061 4277 2211 4334 male
2242 4279 2428 4335 utitur
2475 4281 2661 4338 noxiis
2712 4282 3070 4353 potionibus,
3103 4283 3358 4354 cognitio
3399 4301 3601 4340 earum
3648 4286 3709 4340 in

2059 4366 2282 4423 malum
2302 4369 2551 4425 vertitur
2577 4374 2633 4424 et
2662 4370 3021 4442 periculum;
3052 4374 3110 4424 et
3129 4386 3244 4440 quo
3276 4373 3466 4444 magis
3485 4390 3710 4430 venena

2059 4456 2411 4528 cognoverit,
2452 4457 2561 4513 hoc
2609 4474 2670 4514 se
2720 4458 2994 4530 intelligit
3041 4459 3296 4531 amplius
3345 4461 3655 4534 periclitari
3693 4480 3704 4518 :

296 4545 449 4633 mat‘
472 4541 774 4613 apostolus
821 4542 1044 4633 Petrus.
1076 4544 1225 4616 Ergo
1271 4543 1611 4614 redemptus
1641 4559 1684 4633 a_
1708 4543 1950 4633 Domino
1979 4555 2027 4633 ις
2058 4546 2141 4602 sic
2159 4547 2344 4602 forma
2362 4546 2620 4602 mandati
2638 4547 2710 4601 iis
2731 4547 2829 4620 qui
2848 4546 3036 4620 legem
3055 4546 3206 4603 male
3225 4549 3703 4623 interpretantur,

292 4645 382 4685 es.
415 4629 627 4684 Servus
657 4645 720 4685 es
751 4629 851 4703 qui
883 4634 1112 4686 creatus
1143 4647 1228 4697 es,
1261 4645 1464 4686 servus
1495 4647 1555 4686 es
1588 4630 1688 4702 qui
1719 4631 1946 4688 redem-

294 4719 439 4797 ptus
467 4732 550 4785 es,
568 4720 624 4772 et
645 4718 812 4789 quasi
839 4718 1087 4775 Domino
1120 4719 1456 4776 servitutem
1477 4719 1675 4786 debes,
1695 4721 1751 4774 et
1779 4721 1948 4791 quasi

292 4803 696 4878 Redemptori.
746 4805 860 4864 Nec
907 4807 1242 4866 inferiorem
1291 4812 1461 4880 putes
1508 4807 1947 4865 libertinitatem

291 4893 411 4954 sub
449 4892 698 4961 Christo,
726 4911 897 4967 quam
938 4895 1266 4954 libertatem
1300 4913 1448 4953 esse.
1481 4896 1566 4952 Ad
1599 4895 1948 4969 dignitatem

509 5069 621 5150 Qui
653 5068 920 5150 libertate
948 5073 1200 5130 donatus
1230 5073 1446 5150 fuerat,
1477 5089 1596 5128 non
1634 5074 1727 5150 ita
1772 5074 1950 5150 ﬁebat

286 5141 394 5204 sui
413 5141 592 5216 juris,
615 5145 682 5196 ut
709 5147 965 5216 patrono
984 5144 1365 5201 reverentiam
1397 5149 1574 5216 atque
1599 5144 1948 5216 obsequium

285 5211 425 5288 non
448 5211 888 5288 deberet—Quod
922 5215 970 5271 si
1004 5217 1239 5288 quando
1270 5211 1631 5288 contingeret
1663 5221 1725 5270 ut
1755 5211 1946 5288 ingra-

282 5287 398 5340 tus
427 5282 710 5369 adversus
739 5282 1050 5369 patronum
1085 5288 1454 5369 reperiretur,
1474 5282 1590 5369 'au‘t
1619 5287 1687 5369 in.
1711 5282 1944 5342 inferio-

281 5367 422 5430 rem
453 5353 1022 5430 libertatis'gradum
1055 5353 1449 5430 redigebatur,
1481 5358 1790 5430 autetiam
1822 5374 1946 5413 om-

279 5426 435 5481 nino
468 5426 848 5512 revogabatur
877 5429 939 5512 in_
970 5426 1359 5512 servitutem}.
1371 5446 1492 5512 qua
1505 5428 1748 5512 quidem
1769 5445 1948 5512 pinna

276 5511 430 5552 cum
465 5495 538 5551 ob
569 5496 704 5563 alia,
731 5503 856 5554 tum
887 5501 961 5555 ob
993 5516 1206 5556 nomen
1238 5495 1460 5557 militiae
1490 5495 1692 5556 datum
1725 5495 1944 5556 afficie-

272 5568 489 5638 batur.
524 5568 666 5624 Vide
706 5573 848 5627 tom.
885 5571 1076 5628 ICod.
1110 5572 1330 5628 Theod.
1365 5570 1466 5627 lib.
1502 5588 1564 5636 n,
1599 5571 1688 5626 tit.
1741 5573 1832 5638 22,
1875 5573 1946 5627 de

271 5637 517 5697 Hared.
567 5638 732 5696 Petit.
767 5646 824 5698 et
870 5647 1192 5699 Comment.
1247 5642 1507 5700 Gothofr.
1544 5643 1692 5699 Item
1731 5637 1831 5698 lib.
1868 5661 1940 5712 ιν,

2056 4633 2143 4689 vel
2167 4635 2568 4691 demonstrata
2589 4640 2762 4707 atque
2792 4635 3105 4691 interdicta
3130 4645 3370 4709 peccata
3389 4640 3568 4696 vitare
3591 4657 3705 4694 non

2056 4729 2324 4795 possunt,
2353 4724 2558 4780 mortis
2593 4727 2794 4779 auctor
2823 4730 2930 4781 est.
2959 4725 3119 4781 Sicut
3165 4744 3302 4801 ergo
3351 4730 3568 4783 bonum
3617 4731 3706 4781 est

2057 4811 2409 4877 antidotum,
2449 4812 2679 4868 etiamsi
2726 4813 3085 4887 imprudenti
3135 4820 3236 4870 aut
3286 4813 3704 4886 intemperanti

2057 4916 2172 4956 non
2191 4901 2409 4956 bonum
2427 4919 2438 4957 :
2456 4901 2538 4958 sic
2557 4902 2774 4958 bonum
2797 4903 3403 4972 mandatum,etiamsi
3426 4903 3705 4973 intempe-

2056 5079 2146 5135 tit.
2185 5079 2271 5145 11,
2303 5080 2376 5135 de
2432 5080 2682 5137 Libertis
2727 5085 2784 5136 et
2829 5097 3032 5136 eorum
3091 5080 3310 5140 liberis.
3341 5083 3399 5135 et
3446 5079 3517 5134 ad
3566 5095 3700 5135 eum

2057 5151 2322 5221 ejusdem
2353 5151 2619 5208 Gothofr.
2655 5153 2979 5208 Comment.
3015 5150 3114 5206 ubi
3153 5149 3579 5206 Ambrosianus
3610 5151 3701 5206 hic

2055 5221 2217 5276 locus
2249 5224 2516 5280 refertur.

2130 5294 2246 5365 (14)
2275 5294 2550 5349 Restituit
2598 5293 2765 5347 Rom.
2800 5292 2936 5365 edit.
2983 5307 3013 5346 e
3059 5290 3190 5346 Vat.
3225 5293 3377 5355 cod.,
3422 5297 3704 5365 peccat-um

2053 5361 2315 5434 predidit,
2348 5365 2502 5434 quod
2543 5365 2601 5416 in
2649 5366 2758 5434 vet.
2791 5361 2929 5416 edit.
2966 5379 3078 5434 non
3111 5378 3278 5418 secus
3303 5381 3395 5434 Aac
3422 5361 3502 5419 'in
3556 5381 3699 5420 mss.

2058 5432 2188 5508 aliis
2219 5432 2606 5508 desideratur,
2638 5433 2808 5499 cujus
2836 5437 3030 5508 tamen
3060 5432 3400 5508 loco#Valc.,
3434 5437 3614 5508 Long.
3649 5442 3706 5491 et

2055 5503 2274 5588 'l‘hle'od.
2325 5505 2561 5569 habent,
2609 5511 2889 5574 peceatum
2932 5504 3148 5560 delevit.
3181 5506 3386 5577 Torn.,
3424 5503 3704 5580 peccdturi

2053 5576 2243 5719 deﬁgi)
2274 5645 2440 5703 Rom.
2474 5645 2637 5712 edit.,
2671 5653 2719 5701 et
2749 5646 2957 5703 locutus
2986 5663 3096 5703 non
3125 5650 3367 5720 fuissem.
3407 5649 3410 5652 ’
