4122 6146
457 286 576 350 635

1916 285 1980 348 S.
2026 281 2406 351 AMBROSII

3754 279 3868 348 636

463 416 613 476 ranti
637 433 749 474 non
779 415 1002 475 bonum
1023 420 1130 476 est.
1152 417 1300 493 Ergo
1320 417 1544 477 bonum
1566 416 2103 492 mandatum,quod
2131 420 2186 486 Α
2215 421 2345 493 ejus
2377 417 2762 494 repugnabat.
2787 415 2912 476 Non
2948 415 3111 474 enim
3137 417 3362 491 poterat
3384 413 3584 472 virtuti
3617 413 3868 487 obedire,

460 507 627 562 alicui
651 523 809 563 mors
830 513 939 564 est.
970 510 1333 582 Responsum
1365 509 1544 582 igitur
1564 509 1714 565 habe
1738 508 1938 581 primae
1971 526 2107 580 pro-

455 594 736 668 positioni
765 614 777 651 :
803 597 942 668 quia
973 603 1159 668 potest
1177 615 1306 654 esse
1328 599 1548 654 bonum
1579 598 2106 669 mandatum,quod

455 684 599 740 mihi
632 701 791 742 mors
822 691 941 754 est;
975 689 1194 742 bonum
1228 704 1328 758 per
1361 692 1630 742 naturam
1665 686 1938 742 salutaris
1962 704 2103 756 prae-

458 773 638 846 cepti,
673 791 833 829 mors
865 792 965 846 per
995 775 1508 846 intemperantiam
1541 776 1751 830 carnis.

531 863 614 917 15.
645 864 710 917 Et
739 863 878 934 quia
899 863 1154 919 diximus
1177 880 1306 920 esse
1330 865 1547 919 bonum
1581 865 1925 920 mandatum
1949 864 2104 934 quod

462 952 607 1005 mihi
641 968 797 1006 mors
827 957 937 1022 est,
963 969 1118 1007 nunc
1146 955 1534 1009 discutiamus
1565 954 1856 1025 quomodo
1887 970 2001 1008 non
2033 953 2109 1008 sit

457 1039 599 1093 mihi
657 1055 836 1110 mors,
867 1042 1022 1112 quod
1082 1059 1183 1113 per
1239 1044 1457 1098 bonum
1517 1043 1671 1112 licet,
1704 1046 1900 1097 tamen
1959 1040 2106 1096 mihi

450 1131 753 1198 operatum
784 1134 898 1210 .est
954 1135 1199 1185 mortem
1232 1132 1366 1203 (16).
1421 1132 1514 1185 Sic
1586 1132 1746 1186 enim
1805 1129 2109 1203 proposuit

453 1216 767 1286 Apostolus
795 1235 841 1272 ;‹‹
870 1219 1030 1284 Quod
1064 1235 1200 1291 ergo
1231 1221 1454 1275 donum
1487 1223 1594 1285 est,
1629 1220 1773 1274 mihi
1807 1237 1964 1274 mors
1995 1223 2102 1274 est.

452 1304 635 1359 Absit.
688 1307 795 1361 Sed
847 1312 1171 1378 peccatum,
1209 1313 1271 1362 ut
1317 1313 1596 1380 appareat
1642 1313 1971 1380 peccatum,
2007 1323 2111 1379 per

451 1393 671 1448 bonum
704 1395 850 1449 mihi
881 1402 1184 1467 operatum
1216 1401 1304 1453 est
1334 1403 1582 1452 mortem
1617 1401 1790 1467 (Rom.
1825 1415 1922 1463 vn,
1960 1396 2108 1467 13).»

455 1481 654 1553 Itaque
685 1489 1018 1554 spectemus
1061 1487 1313 1558 singula.
1345 1487 1686 1542 Mandatum
1732 1487 1934 1556 utique
1964 1483 2109 1557 legis

451 1576 540 1626 est
568 1589 579 1625 :
607 1571 700 1626 lex
729 1577 924 1627 autem
971 1575 1254 1645 spiritalis
1286 1581 1395 1642 est,
1432 1577 1603 1646 cujus
1636 1575 1887 1648 gratiam
1917 1574 2109 1653 video,

445 1659 943 1732 pulchritudinem
965 1663 1160 1729 laudo,
1180 1665 1427 1720 formam
1453 1665 1721 1736 praedico,
1745 1667 2098 1736 praeceptum

451 1749 746 1804 admiror:
775 1751 875 1804 sed
907 1752 1043 1822 quia
1087 1752 1339 1808 carnalis
1372 1771 1504 1808 sum
1555 1770 1681 1825 ego,
1715 1753 2103 1808 venumdatus
2131 1785 2182 1850 B

456 1837 564 1892 sub
585 1842 840 1908 peccato,
868 1840 1066 1896 trahor
1088 1842 1241 1897 450
1264 1842 1482 1897 invitus
1506 1843 1576 1898 ad
1600 1841 1851 1913 culpam.
1875 1839 2103 1895 Etenim

459 1926 626 1996 quasi
658 1942 822 1981 servo
845 1927 1018 2000 culpa
1046 1930 1401 1986 dominatur.
1429 1931 1630 2002 Itaque
1663 1930 1756 1985 odi
1787 1929 2030 1994 crimen,
2055 1932 2112 1983 et

455 2013 625 2068 facio.
662 2014 826 2071 Mens
870 2016 1009 2083 odit,
1044 2035 1176 2073 caro
1225 2018 1586 2090 concupiscit
1621 2035 1632 2072 :
1667 2035 1772 2089 ego
1820 2025 2016 2073 tamen
2050 2017 2108 2070 in

454 2105 724 2174 utraque,
759 2103 858 2174 qui
907 2103 1019 2177 legi
1071 2111 1260 2162 mente
1291 2107 1617 2178 consentio,
1649 2112 1706 2162 et
1747 2123 1922 2162 carne
1953 2105 2108 2177 quod

455 2191 609 2259 nolo,
642 2191 752 2246 hoc
783 2209 910 2265 ago.
943 2194 1169 2250 Bonum
1200 2212 1338 2268 ergo
1370 2197 1713 2251 mandatum
1745 2196 1838 2251 cui
1870 2211 2110 2251 consen—

451 2279 554 2347 tio,
589 2284 646 2334 et
685 2296 851 2336 mens
900 2282 1054 2338 bona
1100 2300 1228 2354 quae
1279 2285 1436 2355 quod
1491 2284 1713 2340 bonum
1765 2287 1874 2352 est,
1907 2283 2101 2356 elegit.

453 2367 611 2423 Bona
660 2370 730 2424 ad
775 2370 1187 2440 judicandum,
1223 2374 1324 2428 sed
1375 2373 1610 2428 inﬁrma
1657 2372 2004 2445 plerumque
2031 2373 2104 2429 ad

455 2457 870 2526 resistendum,
894 2460 1033 2530 quia
1063 2465 1348 2534 repugnat
1378 2462 1429 2516 ei
1460 2461 1720 2533 corporis
1751 2462 2100 2534 appetentis,

454 2548 510 2599 et
539 2547 829 2618 captivam
861 2563 989 2603 eam
1022 2548 1202 2603 trahit
1231 2551 1301 2605 ad
1333 2549 1546 2606 erroris
1580 2549 1901 2606 illecebras.

527 2634 610 2688 16.
649 2635 711 2689 In
734 2650 846 2704 quo
878 2635 1136 2708 periculo
1158 2655 1342 2693 unum
1369 2642 1458 2693 est
1486 2638 1908 2706 remedium,ut
1928 2653 2101 2709 quem

458 2718 548 2775 lex
576 2720 822 2777 liberare
853 2740 968 2778 non
1000 2725 1208 2795 potuit,
1231 2725 1441 2780 liberet
1461 2725 1564 2780 Dei
1595 2725 1800 2796 gratia.
1821 2725 1914 2780 Sic
1943 2725 2100 2780 enim

460 2809 744 2881 scriptum
775 2816 865 2866 est
888 2828 936 2865 :«
972 2811 1170 2867 Infelix
1198 2829 1304 2884 ego
1334 2812 1680 2884 homo,quis
1709 2829 1802 2868 me
1832 2812 2102 2868 liberabit

453 2897 523 2952 de
563 2913 802 2968 corpore
851 2899 1058 2953 mortis
1106 2899 1328 2969 hujus?
1359 2899 1559 2954 Gratia
1606 2899 1701 2955 Dei
1749 2917 1851 2972 per
1897 2901 2100 2957 Jesum

450 2983 746 3038 Christum
779 2985 1091 3040 Dominum
1124 2992 1392 3042 nostrum
1416 2988 1574 3058 (Ibid.
1597 2990 1687 3059 24,
1710 2989 1820 3057 25).
1851 3011 1871 3037 ιι
1899 2989 2099 3061 Itaque

457 3072 523 3126 ﬁt
573 3076 636 3127 ut
666 3072 804 3128 licet
832 3079 1132 3144 peccatum
1161 3076 1317 3146 quod
1346 3075 1582 3145 latebat,
1605 3077 1663 3132 id
1695 3081 1802 3148 est,
1827 3079 2097 3150 concupi-

458 3161 681 3216 scentia
712 3177 842 3216 mea
879 3179 1056 3234 quam
1106 3180 1221 3218 non
1269 3165 1549 3236 putabam
1595 3182 1723 3221 esse
1770 3171 2093 3238 peccatum,

457 3253 702 3304 mortem
737 3249 883 3305 mihi
926 3242 1164 3322 operata
1193 3251 1288 3319 sit,
1331 3252 1473 3308 dum
1524 3253 1806 3325 proditur,
1837 3258 1894 3311 et
1920 3271 2100 3326 supra

457 3339 698 3393 modum
731 3339 884 3394 facta
905 3339 980 3394 sit
1009 3339 1204 3411 ipsum
1227 3345 1530 3412 peccatum
1554 3343 1696 3414 (erat
1716 3342 1872 3399 enim
1902 3359 2098 3415 pecca-

453 3430 603 3491 tum,
627 3426 736 3482 etsi
784 3426 1172 3492 nesciebatur,
1198 3429 1299 3484 sed
1339 3428 1668 3502 cognitione
1698 3435 2097 3488 coacervatum

453 3519 560 3582 est,
585 3519 640 3568 et
662 3514 828 3585 quasi
861 3515 1289 3572 incrementum
1321 3518 1534 3574 erroris
1559 3519 1900 3591 assumpsit,
1925 3525 2098 3592 atque

452 3602 511 3657 in
547 3607 814 3659 naturam
847 3604 1041 3660 delicti
1071 3607 1248 3662 cessit
1278 3607 1467 3662 forma
1498 3609 1801 3680 mandati),
1835 3608 1979 3664 mihi
2009 3614 2095 3665 ta-

449 3707 582 3746 men
617 3709 774 3748 mors
804 3710 918 3748 non
953 3695 1050 3760 sit,
1074 3696 1166 3750 cui
1197 3699 1535 3767 promptum
1578 3700 1668 3751 est
1695 3697 1766 3751 ad
1799 3696 2095 3754 Christum

450 3780 780 3853 confugere,
815 3799 919 3853 per
966 3800 1139 3854 quem
1173 3783 1458 3839 solvimur
1486 3785 1646 3840 omni
1694 3784 1899 3841 mortis
1944 3787 2095 3858 peri-

448 3869 598 3924 culo.
623 3870 906 3926 Absoluta
939 3871 1116 3943 igitur
1140 3872 1316 3927 etiam
1347 3873 1606 3928 secunda
1635 3877 1724 3928 est
1752 3874 2093 3945 propositio,

446 3958 584 4029 quia
613 3959 960 4014 mandatum
993 3960 1138 4014 mihi
1169 3959 1314 4032 legis
1347 3976 1509 4015 mors
1539 3977 1654 4015 non
1678 3965 1784 4031 est,
1809 3961 1917 4016 etsi
1949 3979 2097 4018 mor-

443 4051 562 4102 tem
594 4052 885 4118 operetur.
914 4048 1074 4114 Quod
1107 4048 1264 4103 enim
1288 4049 1731 4116 conturbamur,
1765 4049 2095 4122 fragilitatis

444 4141 532 4190 est
565 4153 577 4189 :
613 4136 771 4207 quod
803 4136 1130 4204 evadimus,
1164 4135 1398 4191 Christi.

1103 4241 1332 4297 CAPUT
1372 4242 1440 4296 V.

444 4334 567 4400 Qua
615 4333 834 4386 ratione
867 4332 957 4386 lex
983 4347 1096 4385 non
1123 4331 1415 4404 suffecerit,
1446 4330 1544 4404 sed
1581 4334 1887 4388 necessaria
1926 4337 2098 4404 fuerit

515 4404 696 4476 gratia
734 4419 853 4476 per
879 4406 1110 4457 mortem
1164 4403 1378 4458 Christi
1423 4403 1646 4476 donata,
1677 4420 1801 4458 cum
1847 4403 1950 4476 quo
1996 4422 2093 4462 nos

515 4474 682 4526 etiam
711 4474 874 4539 mori,
907 4489 1186 4543 resurgere
1216 4482 1268 4528 et
1298 4475 1508 4528 versari
1537 4473 1842 4530 debeamus.

520 4577 602 4631 17.
640 4577 789 4648 Ergo
824 4581 886 4631 ut
917 4577 987 4631 ad
1023 4578 1258 4632 exordia
1304 4578 1592 4634 sermonis
1621 4579 1800 4650 hujus
1843 4587 2091 4639 reverta-

445 4681 596 4732 mur,
624 4680 791 4720 mens
824 4665 976 4719 bona
1004 4670 1094 4719 est
1123 4681 1252 4736 quae
1281 4665 1456 4721 habet
1486 4668 1892 4725 tractationem
1924 4671 2095 4727 ratio-

447 4753 560 4819 nis,
595 4759 651 4808 et
693 4753 947 4809 intendit
995 4753 1297 4824 sapientiae
1344 4754 1672 4826 disciplinis
1707 4772 1718 4810 :
1754 4758 1854 4812 sed
1903 4761 2094 4830 gravis

440 4841 599 4897 lucta
639 4846 728 4897 est
757 4843 806 4898 ei
841 4859 973 4897 cum
1026 4842 1230 4897 mortis
1261 4859 1520 4914 corpore,
1543 4847 1599 4898 et
1628 4848 1971 4918 plerumque
2003 4865 2092 4903 ra-

441 4930 664 4986 tionem
696 4931 912 4987 mentis
957 4929 1137 4985 vincit
1167 4930 1360 4986 carnis
1408 4930 1696 4987 illecebra.
1731 4934 1801 4988 Et
1828 4935 1957 4991 ideo
1987 4937 2094 4992 Do-

443 5019 639 5075 minus
674 5020 863 5091 primo
908 5018 1095 5091 legem
1143 5018 1323 5086 dedit,
1358 5019 1451 5073 cui
1483 5035 1650 5074 mens
1680 5020 1936 5079 hominis
1965 5041 2094 5082 sese

444 5108 515 5161 ad
567 5108 1095 5181 obtemperandum
1141 5107 1326 5174 dedit,
1359 5111 1415 5162 et
1445 5107 1496 5162 ei
1548 5108 1760 5164 servire
1808 5111 1996 5183 cmpit,
2031 5119 2094 5168 ut

440 5199 596 5250 esset
645 5197 926 5252 subdita:
961 5196 1062 5251 sed
1112 5212 1244 5250 caro
1297 5195 1562 5266 subjecta
1611 5213 1725 5251 non
1773 5205 1918 5267 erat,
1953 5201 2093 5272 quia

443 5282 730 5352 sapientia
760 5285 952 5340 carnis
983 5301 1098 5339 non
1131 5288 1218 5340 est
1263 5283 1376 5356 legi
1409 5283 1669 5352 subdita,
1703 5290 1759 5341 et
1789 5291 2091 5361 praeceptis

516 5422 626 5505 ς16)
656 5424 805 5480 Edit.
843 5428 1032 5505 Rom.,
1061 5429 1126 5482 Et
1155 5427 1416 5505 quomodo
1445 5443 1542 5500 per
1575 5428 1777 5505 aenum
1804 5431 1946 5486 mihi
1973 5449 2091 5505 ope~

442 5493 629 5568 rufum
659 5506 733 5568 est
764 5493 1248 5566 mortem,'contra
1276 5493 1512 5556 caeteras
1542 5499 1682 5556 edit.
1716 5518 1782 5556 ac
1812 5519 1957 5558 mss.

519 5563 628 5634 (l7)
659 5565 750 5620 Sic
794 5568 929 5622 edit.
977 5563 1096 5626 ant.
1134 5586 1200 5624 ac
1252 5585 1395 5625 mss.
1449 5588 1699 5629 omnes:
1733 5573 1908 5630 editio
1955 5591 2086 5642 veno

2218 511 2643 584 cupiditatibus
2692 508 2910 577 dedita,
2942 511 3000 564 et
3043 505 3346 564 lenociniis
3374 504 3718 562 carnalibus
3765 505 3870 563 im-

2216 600 2446 674 plicata.
2481 601 2615 656 Ideo
2671 597 3061 655 laborandum
3120 601 3228 664 est,
3277 601 3344 651 ut
3400 600 3720 652 teneamus
3777 595 3872 651 Dei

2215 689 2483 762 gratiam.
2534 688 2699 743 Mens
2747 687 2946 760 itaque
2999 685 3173 752 bona,
3203 685 3252 740 si
3306 684 3516 740 rationi
3565 683 3870 738 intendat:

2216 778 2315 833 sed
2349 793 2558 849 parum
2588 776 2862 848 perfecta,
2897 773 3012 830 nisi
3042 773 3256 829 habeat
3286 771 3694 845 gubernacula
3716 771 3872 827 Chri-

2216 865 2309 922 sti.
2335 865 2505 921 Venit
2534 865 2690 920 enim
2721 863 3010 920 Dominus
3028 863 3220 930 Jesus,
3254 862 3356 934 qui
3390 867 3627 917 nostras
3659 861 3876 932 passio-

2217 971 2320 1010 nes
2373 953 2530 1009 cruci
2561 971 2679 1009 suaa
2711 953 2994 1025 afﬁgeret,
3027 955 3263 1024 peccata
3293 952 3571 1006 donaret:
3609 949 3671 1004 in
3708 950 3873 1020 cujus

2217 1048 2404 1099 morte
2458 1041 2768 1115 justiﬁcati
2827 1057 3058 1105 sumus,
3091 1043 3157 1096 ut
3211 1043 3368 1095 totus
3425 1040 3694 1094 mundus
3752 1039 3873 1107 ejus

2218 1133 2599 1188 mundaretur
2653 1130 2959 1202 sanguine.
3012 1128 3273 1201 Denique
3321 1128 3380 1183 in
3433 1131 3624 1183 morte
3687 1127 3873 1199 ipsius

2218 1220 2496 1293 baptizati
2535 1237 2763 1276 sumus.

2292 1309 2377 1364 18.
2410 1310 2468 1364 Si
2500 1309 2681 1381 igitur
2727 1308 2788 1363 in
2837 1307 2998 1364 illius
3038 1311 3225 1363 morte
3273 1305 3656 1361 dimittuntur
3705 1303 3876 1360 nobis

2219 1403 2475 1470 peccata,
2499 1399 2674 1454 etiam
2706 1399 3078 1469 peccatorum
3101 1395 3271 1451 nobis
3293 1395 3599 1466 passiones
3625 1393 3690 1448 in
3715 1392 3876 1449 illius

2222 1492 2406 1542 morte
2436 1487 2785 1554 moriantur,
2801 1484 2962 1541 illius
2991 1485 3182 1540 crucis
3209 1483 3385 1540 clavis
3414 1483 3602 1538 affixas
3631 1485 3876 1538 tenean-

2221 1581 2334 1630 tur.
2363 1575 2422 1630 Si
2451 1575 2512 1630 in
2544 1575 2702 1630 illius
2732 1579 2923 1630 morte
2973 1573 3189 1629 mortui
3232 1589 3459 1639 sumus,
3481 1570 3625 1644 quid
3656 1571 3874 1626 iterum

2220 1668 2498 1735 tanquam
2526 1663 2783 1719 viventes
2811 1662 2886 1718 ad
2927 1679 2997 1718 ea
3025 1678 3151 1734 quas
3182 1665 3322 1716 sunt
3370 1659 3680 1715 mundana
3709 1675 3874 1715 revo-

2220 1753 2463 1808 camur?
2495 1752 2644 1816 Quid
2674 1751 2843 1808 nobis
2891 1767 3027 1806 cum
3055 1747 3356 1806 elementis
3386 1748 3569 1819 hujus
3617 1747 3875 1803 mundi?

2221 1841 2370 1908 Quid
2400 1857 2535 1896 cum
2567 1839 3035 1913 cupiditatilius?
3078 1837 3226 1903 Quid
3255 1854 3391 1893 cum
3428 1835 3668 1892 luxuria
3698 1841 3874 1908 atque

2219 1929 2461 1986 lascivia
2489 1929 2706 2001 quibus
2751 1945 2886 1984 cum
2916 1927 3144 1983 Christo
3176 1925 3392 1982 mortui
3421 1925 3680 1983 sumus?
3711 1924 3870 1988 Quod

2220 2017 2273 2073 si
2320 2018 2508 2074 simus
2547 2019 2606 2073 in
2636 2017 2864 2074 Christo
2912 2015 3150 2086 mortui,
3183 2015 3244 2070 in
3273 2014 3500 2070 Christo
3544 2013 3869 2069 resurrexi-

2221 2123 2390 2175 mus;
2423 2124 2558 2162 cum
2591 2106 2817 2162 Christo
2848 2103 3029 2178 igitur
3072 2117 3374 2159 versemur
3406 2118 3420 2158 :
3451 2118 3588 2158 cum
3639 2101 3869 2158 Christo

2220 2195 2524 2268 superiora
2552 2211 2682 2267 quae
2711 2197 2869 2261 sunt,
2892 2209 3010 2248 non
3040 2208 3167 2264 qua
3198 2191 3344 2247 451
3384 2189 3802 2263 corruptibilia
3817 2193 3872 2245 et

2219 2287 2452 2340 terrena
2482 2279 3126 2356 quaeramusChristus
3169 2293 3481 2350 resurgens
3530 2294 3567 2333 a
3616 2276 3871 2332 mortuis

2217 2376 2466 2429 veterem
2506 2371 2805 2428 hominem
2851 2369 3093 2425 afﬁxum
3141 2367 3301 2423 cruci
3348 2366 3607 2438 reliquit,
3653 2382 3867 2422 novum

2217 2459 2599 2518 resuscitavit.
2625 2458 2890 2515 Christus
2936 2457 3067 2513 ideo
3115 2459 3385 2511 mortuus
3415 2458 3523 2520 est,
3558 2458 3626 2510 ut
3662 2458 3726 2511 et
3765 2471 3865 2510 nos

2215 2553 2447 2621 peccato
2470 2564 2849 2614 moraremur,
2872 2546 2988 2602 Deo
3024 2560 3482 2616 resurgeremus.
3512 2543 3754 2599 Mortua
3781 2549 3865 2599 est

2213 2654 2345 2694 caro
2375 2641 2596 2703 nostra,
2621 2635 2760 2708 quid
2807 2634 3022 2690 iterum
3052 2637 3286 2706 peccato
3327 2631 3668 2688 reviviscit?
3716 2632 3859 2696 Quid

2211 2726 2420 2782 iterum
2453 2730 2686 2798 peccato
2729 2723 2966 2780 obedit?
2996 2723 3145 2786 Quid
3178 2724 3388 2778 iterum
3436 2725 3753 2792 peccatum
3785 2737 3862 2776 re—

2209 2818 2350 2887 gnat
2377 2815 2437 2869 in
2469 2813 2738 2879 mortuis,
2761 2828 2896 2867 cum
2918 2827 3077 2866 mors
3097 2809 3232 2866 finis
3255 2809 3474 2882 peccati
3496 2809 3615 2864 sit?
3649 2810 3859 2866 Mortui

2209 2919 2416 2958 sumus
2446 2917 2640 2968 carne,
2671 2899 2929 2956 renovati
2978 2915 3187 2953 sumus
3217 2897 3448 2970 spiritu.
3477 2896 3707 2968 Spiritu
3740 2915 3858 2953 am-

2207 2991 2500 3058 bulemus,
2525 2989 2627 3062 qui
2657 2988 2934 3061 spiritum
2953 2985 3170 3042 Christi
3191 2985 3544 3058 accepimus.
3571 2985 3634 3042 Si
3664 2989 3858 3042 autem

2209 3079 2450 3152 spiritus
2480 3077 2694 3135 Christi
2724 3078 2781 3132 in
2814 3075 3005 3142 nobis,
3037 3090 3175 3148 ergo
3206 3074 3281 3130 sit
3327 3075 3498 3131 nobis
3529 3092 3670 3131 caro
3704 3092 3859 3130 mor—

2209 3171 2314 3224 tua
2351 3172 2590 3240 propter
2632 3169 2955 3238 peccatum,
2987 3163 3230 3236 spiritus
3258 3179 3391 3220 vero
3437 3162 3593 3219 vivat
3622 3168 3861 3237 propter

2199 3256 2706 3330 justiﬁcationem.

2278 3348 2364 3402 19.
2399 3345 2494 3402 Sic
2525 3345 2680 3418 quod
2711 3345 2836 3400 erat
2877 3339 3242 3413 impossibile
3289 3339 3425 3412 legi,
3449 3339 3721 3397 solutum
3753 3344 3858 3408 est,

2207 3436 2256 3491 si
2287 3435 2346 3490 in
2377 3433 2585 3507 spiritu
2617 3429 3013 3496 ambulemus,
3041 3429 3092 3485 si
3121 3428 3423 3502 passiones
3453 3427 3854 3501 sepelivimus,

2206 3523 2256 3581 si
2286 3539 2519 3579 crucem
2544 3521 2724 3592 hujus
2745 3518 3006 3592 corporis
3036 3535 3151 3575 non
3182 3515 3566 3585 resolvamus,
3590 3518 3644 3572 si
3675 3517 3858 3574 chiro-

2205 3612 2495 3686 graphum
2544 3609 2762 3682 peccati
2794 3607 2950 3680 quod
2993 3605 3252 3662 deletum
3282 3609 3372 3660 est
3399 3605 3460 3660 in
3491 3621 3670 3662 cruce
3700 3605 3855 3661 Chri-

2205 3701 2302 3767 sti,
2336 3717 2452 3755 non
2500 3697 2913 3762 rescribamus,
2947 3693 2997 3750 si
3025 3691 3234 3750 veteris
3277 3693 3536 3748 hominis
3567 3693 3850 3749 amictum

2206 3806 2381 3863 quem
2412 3786 2704 3853 exuimus,
2735 3801 2850 3840 non
2881 3783 3219 3839 induamus.
3245 3781 3544 3853 Scriptum
3574 3786 3668 3837 est
3697 3782 3849 3837 enim

2204 3879 2262 3933 in
2295 3875 2546 3932 Canticis
2580 3891 2630 3930 :«
2663 3872 2807 3929 Exui
2855 3870 3142 3928 tunicam.
3163 3885 3380 3936 meam,
3412 3871 3710 3941 quomodo
3761 3869 3851 3924 in-

2205 3967 2380 4022 duam
2412 3964 2584 4020 eam?
2613 3961 2748 4018 Lavi
2777 3960 2956 4032 pedes
2994 3975 3176 4029 meos,
3201 3958 3493 4029 quomodo
3524 3958 3848 4030 inquinabo

2203 4071 2304 4110 eos
2332 4056 2512 4124 (Cant.
2545 4068 2600 4106 ν.
2633 4049 2727 4122 3)?
2755 4048 3040 4106 Mortifica
3066 4047 3246 4120 igitur
3273 4047 3444 4102 nobis
3475 4050 3618 4102 sunt
3647 4063 3850 4119 corpo-

2203 4143 2284 4198 ris
2331 4141 2613 4206 membra,
2663 4154 2767 4193 cur
2813 4137 2942 4209 ejus
2987 4134 3283 4208 pullulant
3327 4134 3512 4191 vitia?
3569 4135 3707 4191 Ideo
3763 4134 3852 4189 lex

2202 4250 2317 4288 non
2348 4228 2668 4304 praevaluit,
2692 4227 2832 4300 quia
2861 4243 2977 4282 non
3007 4241 3242 4283 carnem
3273 4225 3647 4281 mortiﬁcavit
3675 4243 3688 4281 :
3724 4226 3849 4281 ideo

2202 4320 2371 4392 quasi
2421 4318 2632 4374 umbra
2678 4315 2976 4388 praeteriit,
3009 4314 3148 4386 quia
3201 4329 3314 4369 non
3361 4312 3690 4369 coloravit:
3724 4313 3850 4368 ideo

2202 4410 2379 4465 etiam
2411 4403 2782 4464 obumbravit
2811 4420 2916 4459 nos
2945 4420 2980 4460 a
3009 4401 3128 4459 sole
3163 4400 3427 4472 justitias,
3451 4400 3593 4473 quia
3621 4418 3852 4458 coacer-

2129 4504 2181 4579 ῃ
2209 4497 2362 4553 vavit
2390 4494 2634 4552 crimina
2667 4493 2800 4565 (17).
2832 4492 2982 4564 Ergo
3010 4494 3069 4547 et
3095 4489 3302 4579 obfuit.

2203 4655 2578 4725 Promulgatae
2607 4653 2742 4721 legis
2785 4653 3000 4725 fructus
3044 4666 3160 4725 esse
3185 4649 3390 4725 peccati
3433 4649 3850 4725 confessionem,

2277 4744 2340 4782 ac
2368 4721 2757 4790 humilitatem,
2781 4721 2890 4778 imo
2920 4729 2972 4778 et
2994 4721 3241 4793 gratiam
3260 4723 3459 4791 ipsum,
3487 4728 3541 4793 e_t
3567 4722 3855 4793 charitati:

2275 4800 2474 4870 pignus
2503 4795 2748 4870 {quibus
2791 4790 3143 4870 subjungitur
3169 4791 3243 4870 ad
3276 4790 3644 4870 gratitudinis
3673 4792 3855 4862 ofﬁcia

2273 4861 2578 4925 exhortatio
2617 4882 2741 4922 cum
2788 4861 3171 4935 beneﬁciorum
3218 4861 3435 4918 homini
3479 4861 3856 4920 concesseram

2273 4939 2704 4996 enumeratione.

2270 5029 2360 5083 20.
2395 5026 2544 5092 Quid
2574 5025 2754 5098 igitur
2782 5040 2931 5096 opus
2963 5023 3074 5085 fuit
3095 5022 3208 5094 (18)
3231 5025 3295 5077 ut
3325 5019 3419 5076 lex
3446 5021 3851 5096 promulgare—

2204 5122 2318 5185 tur,
2352 5117 2401 5173 si
2432 5114 2737 5187 profutura
2768 5129 2883 5168 non
2913 5111 3078 5167 erat?
3107 5109 3482 5165 Habebamus
3503 5110 3636 5181 jam
3670 5110 3851 5182 legem

2202 5209 2453 5271 naturae;
2485 5205 2610 5257 erat
2633 5199 2791 5257 enim
2837 5198 3246 5270 unusquisque
3284 5196 3397 5254 sibi
3427 5196 3541 5263 lex,
3569 5198 3676 5269 qui
3710 5214 3852 5271 opus

2199 5293 2345 5366 legis
2394 5291 2680 5363 scriptum
2728 5287 2980 5344 habebat
3019 5286 3079 5342 in
3127 5286 3297 5342 corde
3344 5301 3473 5341 suo.
3508 5285 3685 5343 Illam
3743 5301 3852 5342 non

2464 5435 2561 5489 uia
2587 5432 2922 5488 coacervavit
2946 5431 3183 5485 crimina
3208 5443 3319 5485 non
3347 5427 3565 5484 delevit.

2202 5438 2395 5504 Rom.,

2462 5505 2594 5574 dit.,
2630 5502 2771 5572 Quid
2799 5504 2974 5574 igitur
2995 5501 3226 5574 profuit.

2269 5509 2382 5580 (18)
