4122 6146
232 310 344 377 687

1232 304 1335 368 DE
1376 300 1617 367 JACOB
1663 296 1763 362 ET
1805 296 1998 363 VITA
2040 301 2306 367 BEATA
2350 302 2503 367 LIB.
2549 298 2601 364 Ῑ.

3533 311 3655 377 638

229 444 526 501 tenuimus
546 459 684 513 :cur
713 442 1029 500 addebatur
1055 443 1113 497 et
1142 438 1336 507 altera,
1374 437 1430 491 in
1466 436 1635 506 cujus
1665 431 1857 505 operi-
1888 433 1947 499 Α
1978 435 2073 491 nis
2094 453 2161 492 ac
2190 436 2344 493 ﬁdei.
2383 436 2541 493 Num
2564 448 2784 492 census
2825 433 3043 507 tenior,
3073 434 3263 499 victus
3301 446 3652 518 augustior?

228 532 342 590 bus
366 549 497 589 caro
518 549 634 589 non
662 535 848 605 posset
861 529 1171 602 justiﬁcari
1193 528 1221 582 ‘?
1249 525 1514 585 Accessit
1537 521 1857 587 vinculum,

227 638 346 679 non
382 621 592 677 solutio
623 638 637 688 ;
670 620 862 676 addita
888 623 977 675 est
1020 622 1390 690 peccatorum
1440 611 1684 687 agnitio,
1742 626 1858 665 non

225 709 518 768 remissio.
548 709 911 766 Peccavimus
942 724 1146 763 omnes
1170 706 1268 778 qui
1302 709 1640 778 poteramus
1689 716 1859 756 excu-

224 799 512 855 sationem
544 797 886 870 praetendere
910 812 1014 869 per
1040 794 1435 869 ignorantiam
1461 810 1474 848 :
1533 808 1597 847 os
1629 790 1860 846 obstru-

222 891 387 943 ctum
415 890 504 943 est
547 884 831 941 omnibus.

293 976 383 1031 2t.
411 973 635 1029 Profuit
660 977 851 1028 tamen
882 971 1048 1040 mihi,
1083 972 1224 1044 οωρὶ
1256 971 1517 1027 conﬁteri
1559 969 1712 1041 quod
1762 983 1862 1022 ne-

219 1063 478 1134 gabam:
540 1060 683 1133 coepi
738 1060 1018 1116 delictum
1089 1076 1281 1116 meum
1371 1073 1739 1131 cognoscere,
1809 1059 1866 1112 et

221 1148 570 1221 iniustitiam
619 1165 806 1204 meam
854 1165 973 1204 non
1005 1150 1227 1222 operire
1258 1165 1271 1203 :
1306 1148 1452 1220 ccepi
1484 1145 1865 1219 pronuntiare

222 1241 497 1298 adversus
540 1252 636 1294 me
688 1237 1044 1309 injustitiam
1074 1254 1292 1294 -meam
1332 1236 1612 1304 Domino,
1671 1238 1727 1291 et
1800 1239 1863 1290 tu

224 1326 498 1385 remisisti
530 1325 859 1399 impietates
890 1326 1084 1382 cordis
1116 1326 1251 1382 mei.
1286 1327 1394 1382 Sed
1429 1330 1485 1381 et
1532 1324 1678 1380 illud
1719 1324 1868 1380 mihi

221 1416 476 1490 prodest,
510 1414 662 1486 quod
693 1431 808 1470 non
834 1414 1238 1485 jnstiﬁcamur
1267 1431 1336 1470 ex
1375 1413 1650 1488 cperibus
1698 1412 1863 1487 legis.

221 1505 352 1562 Non
380 1503 562 1559 habeo
608 1501 785 1574 igitur
830 1504 987 1558 unde
1025 1502 1258 1576 gloriari
1294 1503 1352 1557 in
1404 1503 1679 1575 operibus
1719 1501 1868 1559 meis

223 1593 465 1668 possim,
498 1607 613 1647 non
674 1591 855 1648 habeo
887 1593 1043 1648 unde
1072 1609 1165 1648 me
1187 1592 1427 1663 jactem,
1460 1597 1518 1648 et
1592 1593 1721 1648 ideo
1748 1591 1870 1664 glo-

222 1683 418 1739 riabor
443 1680 503 1736 in
534 1680 782 1736 Christo.
814 1681 940 1736 Non
973 1681 1268 1755 gloriabor
1297 1682 1435 1754 quia
1456 1682 1660 1753 justus
1709 1698 1864 1749 sum,

221 1772 328 1865 sed
356 1770 647 1843 gloriabor
675 1770 811 1841 quia
837 1771 1363 1865 redemptus-sum,
1398 1770 1719 1865 Glo-riabor,
1752 1786 1867 1865 non
1900 1800 1948 1865 Β

222 1859 362 1932 quia
386 1874 605 1914 vacuus
634 1858 884 1929 peccatis
911 1875 1067 1926 sum,
1098 1859 1201 1914 sed
1251 1859 1393 1930 quia
1429 1859 1575 1913 mihi
1623 1858 1874 1914 remissa

224 1948 366 2002 sunt
407 1948 661 2017 peccata.
712 1944 837 2000 Non
886 1944 1180 2017 gloriabor
1226 1947 1365 2018 quia
1412 1946 1624 2018 profui,
1683 1961 1873 2016 neque

224 2033 365 2107 quia
416 2031 632 2105 profuit
677 2032 821 2087 mihi
869 2033 1207 2105 quisquam,
1258 2034 1359 2089 sed
1428 2034 1566 2105 quia
1624 2051 1729 2106 pro
1779 2048 1875 2088 me

222 2123 538 2179 advocatus
567 2121 721 2193 apud
753 2121 984 2177 Patrem
1007 2121 1274 2178 Christus
1303 2126 1391 2178 est
1416 2140 1428 2179 :
1464 2123 1565 2178 sed
1588 2123 1728 2194 quia
1749 2140 1876 2195 pro-

222 2226 321 2269 me
358 2209 570 2268 Christi
615 2210 860 2283 sanguis
909 2211 1129 2266 effusus
1197 2215 1304 2267 est.
1350 2212 1525 2267 Facta
1572 2216 1659 2268 est
1727 2211 1873 2267 mihi

221 2299 398 2372 culpa
427 2314 555 2355 mea
584 2314 807 2355 merces
858 2298 1299 2371 redemptionis,
1346 2316 1451 2371 per
1500 2316 1677 2371 quam
1727 2299 1872 2355 mihi

219 2388 491 2447 Christus
556 2387 807 2444 advenit.
858 2387 1099 2459 Propter
1163 2404 1255 2444 me
1303 2388 1571 2444 Christus
1627 2392 1875 2444 mortem

226 2476 386 2536 452
406 2476 680 2550 gustavit.
710 2476 1090 2532 Fructuosior
1108 2476 1298 2549 culpa,
1321 2493 1502 2548 quam
1524 2476 1875 2533 innocentia.

224 2566 563 2623 Innocentis
583 2569 954 2639 arrogantem
978 2582 1070 2629 me
1091 2565 1325 2633 fecerat,
1350 2565 1525 2638 culpa
1545 2566 1876 2636 subjectum

220 2653 493 2713 reddidit.

292 2745 384 2798 22.
417 2742 606 2799 Habes
632 2741 815 2815 igitur
844 2740 1061 2814 quibus
1089 2742 1230 2799 latio
1280 2742 1498 2815 profuit
1543 2743 1648 2800 tibi
1708 2743 1871 2815 legis.

219 2832 335 2890 Sed
356 2830 502 2888 dicis
522 2830 662 2904 quia
681 2848 783 2903 per
814 2831 1002 2905 legem
1027 2832 1541 2904 superabundavit,
1567 2837 1874 2904 peccatum

220 2921 337 2979 Sed
368 2920 466 2977 ubi
497 2920 998 2994 superabundavit
1017 2925 1346 2992 peccatum,
1378 2919 1877 2994 superabundavit

219 3014 281 3067 et
329 3008 534 3082 gratia.
587 3010 858 3087 Mortuus
905 3025 966 3064 es
1004 3013 1260 3080 peccato,
1308 3009 1522 3066 homo:
1588 3026 1728 3083 ergo
1786 3010 1877 3065 lex

210 3100 346 3171 jam
376 3113 492 3154 non
535 3098 723 3155 obest.
776 3096 1058 3169 Resurgis
1104 3113 1207 3169 per
1251 3098 1546 3170 gratiam:
1598 3115 1737 3172 ergo
1784 3097 1875 3155 lex

1972 524 2087 579 Sed
2120 530 2291 580 erunt
2320 526 2426 581 tibi
2471 524 2698 582 divitiae
2749 528 3246 586 remunerationis
3283 537 3536 601 aeternae,
3589 535 3647 589 in

1973 613 2192 684 quibus
2222 615 2306 669 rei
2347 615 2535 670 ullius
2570 628 2745 685 egere
2777 630 2895 669 non
2923 619 3136 687 possis.
3198 621 3348 677 Num
3406 623 3648 679 amissio

1968 700 2281 771 ﬁliorum?
2343 703 2623 774 Recipies
2681 708 3018 774 perpetuos,
3079 726 3228 780 quos
3303 728 3647 784 susceperas

1974 790 2346 863 temporales,
2373 795 2429 847 et
2460 791 2702 846 dicetur
2723 790 2794 845 de
2825 795 2880 847 te
2905 811 2917 849 :
2954 817 2981 843 ‹‹
3003 796 3212 853 Beatus
3234 798 3334 862 qui
3360 799 3536 855 habet
3557 816 3648 854 se-

1975 894 2112 935 men
2142 879 2201 934 in
2229 880 2389 946 Sion,
2421 885 2478 936 et
2506 878 2874 936 domesticos
2905 882 2965 937 in
2996 885 3320 943 Jerusalem
3341 890 3469 959 (Isa.
3491 905 3643 954 xxxx,

1974 968 2054 1039 9).
2090 990 2117 1018 »
2148 968 2423 1041 Indignae,
2458 968 2691 1039 inquit,
2744 970 3047 1039 passiones
3078 979 3216 1030 sunt
3272 976 3452 1046 hujus
3498 981 3646 1031 tem-

1976 1056 2137 1128 poris
2168 1058 2239 1111 ad
2284 1058 2547 1113 futuram
2586 1055 2837 1128 gloriam
2872 1060 3049 1131 (Rom.
3097 1081 3219 1132 VIII,
3278 1065 3387 1136 18).
3414 1086 3441 1115 ››
3494 1064 3646 1120 Scri-

1976 1149 2149 1217 ptura
2181 1146 2284 1200 tibi
2319 1146 2482 1202 dicit.

2049 1237 2136 1290 24.
2162 1236 2321 1291 Adde
2343 1235 2485 1307 quia
2516 1235 2647 1289 vita
2677 1235 2847 1292 beata
2878 1238 2971 1296 his
2999 1242 3254 1298 adversis
3274 1242 3645 1299 saecularium

1977 1322 2378 1379 molestiarum
2409 1328 2520 1379 aut
2552 1323 2906 1395 passionum
2941 1330 3328 1401 corporalium
3362 1348 3478 1386 non
3533 1328 3645 1384 mi-

1978 1411 2198 1477 nuitur,
2234 1413 2335 1467 sed
2368 1412 2568 1485 magis
2602 1413 2907 1483 probatur.
2950 1418 3109 1473 Addo
3142 1421 3292 1488 quod
3327 1419 3408 1473 vel
3458 1420 3644 1490 patri-

1978 1500 2160 1555 monii
2183 1501 2399 1557 damna
2430 1519 2553 1557 non
2589 1501 2789 1567 sentit,
2825 1504 2915 1559 vel
2965 1509 3462 1562 necessitudinum
3511 1507 3642 1562 forti

1979 1592 2172 1644 mente
2192 1590 2504 1644 abscondit
2527 1590 2863 1661 dispendia,
2886 1595 3157 1650 absorbet
3176 1595 3457 1652 dolorem.
3481 1596 3644 1651 Adde

1979 1676 2118 1748 quia
2146 1678 2329 1732 nescit
2359 1678 2694 1749 naufragia,
2730 1680 2829 1750 qui
2849 1698 3081 1753 semper
3099 1682 3158 1736 in
3175 1688 3341 1754 portu
3356 1684 3641 1756 tranquil-

1980 1764 2160 1821 litatis
2190 1770 2297 1820 est.
2341 1766 2492 1829 Quid
2552 1765 2721 1833 illud,
2756 1769 2912 1839 quod
2965 1769 3128 1825 labor
3158 1771 3262 1825 tibi
3312 1771 3644 1826 communis

1981 1857 2071 1910 est
2100 1871 2232 1910 cum
2266 1854 2425 1909 omni
2478 1860 2772 1923 creatura,
2827 1857 2967 1928 quia
3016 1862 3252 1930 propter
3288 1863 3343 1914 te
3386 1859 3646 1932 mundus

1980 1941 2107 2014 ipse
2168 1941 2511 1998 servitutem
2561 1943 2773 2001 tolerat
2819 1946 3233 2018 corruptionis,
3298 1948 3437 2019 quia
3510 1964 3643 2002 cum

1983 2030 2199 2086 sanctis
2248 2030 2355 2086 tibi
2403 2030 2631 2089 laboris
2679 2034 2861 2105 hujus
2911 2039 2968 2090 et
2996 2037 3446 2107 exspectationis
3485 2053 3644 2092 com-

1984 2135 2163 2174 mune
2186 2121 2551 2177 consortium
2579 2123 2716 2179 est?
2757 2123 2856 2179 Sol
2907 2141 3184 2180 occasum
3245 2141 3421 2180 suum
3487 2141 3643 2182 reco-

1983 2208 2232 2280 gnoscit,
2266 2207 2408 2262 luna
2438 2209 2756 2276 defectum,
2790 2229 3048 2268 errorem
3108 2212 3412 2268 stellarum
3466 2212 3642 2268 lumi-

1985 2313 2081 2361 na,
2113 2296 2255 2350 dum
2286 2296 2470 2354 totius
2503 2299 2762 2371 corporis
2795 2301 2979 2356 nostri
3013 2305 3349 2374 expectatur
3379 2302 3643 2375 redemp-

1985 2384 2089 2440 tio.

2056 2473 2142 2528 25.
2177 2473 2289 2528 Sed
2312 2477 2534 2532 vereris
2566 2476 2775 2533 dubios
2804 2479 2936 2534 vita;
2988 2478 3287 2534 anfractus
3333 2483 3390 2535 et
3436 2481 3640 2535 adver-

1986 2561 2125 2616 sarii
2158 2561 2427 2630 insidias,
2460 2580 2597 2621 cum
2637 2565 2857 2623 habeas
2915 2566 3200 2622 auxilium
3249 2567 3371 2637 Dei,
3423 2568 3643 2625 habeas

1984 2652 2209 2703 tantam
2240 2651 2369 2721 ejus
2399 2651 2826 2725 dignationem,
2860 2658 2927 2709 ut
2957 2652 3103 2709 Filio
3152 2654 3385 2726 proprio
3435 2673 3538 2728 pro
3585 2661 3643 2713 te

1986 2753 2101 2792 non
2134 2740 2455 2809 pepercerit
2476 2742 2651 2813 (Rom.
2698 2760 2818 2814 vm,
2849 2743 2959 2814 32).
3015 2739 3262 2796 Pulchro
3309 2743 3483 2798 verbo
3533 2761 3642 2800 usa

1985 2829 2076 2881 est
2105 2826 2428 2897 Scriptura,
2461 2835 2527 2885 ut
2555 2831 2657 2887 Dei
2688 2832 2876 2888 Patris
2905 2844 3046 2901 erga
3082 2831 3139 2884 te
3169 2830 3331 2900 pium
3374 2833 3640 2903 proposi-

1983 2918 2112 2969 tum
2144 2913 2488 2985 declararet,
2522 2920 2621 2991 qui
2655 2920 2865 2981 Filium
2897 2916 3074 2973 morti
3097 2917 3326 2973 obtulit.
3362 2918 3431 2974 Et
3459 2920 3640 2977 Filius

1985 3002 2191 3059 mortis
2220 3005 2601 3064 acerbitatem
2642 3009 2858 3065 sentire
2906 3024 3023 3063 non
3056 3006 3247 3077 potuit
3293 3008 3425 3078 (20).
3477 3010 3641 3073 Quod
3678 3064 3681 3065 ,

1984 3092 2044 3146 in
2073 3091 2239 3148 Patre
2263 3093 2392 3159 fuit,
2427 3095 2574 3152 nihil
2606 3097 2719 3153 sibi
2751 3098 2877 3169 ipse
2920 3094 3196 3165 reliquit:
3248 3098 3437 3151 totum
3486 3099 3639 3156 453

218 3165 464 3260 profuit,
495 3186 635 3259 quia
665 3165 997 3258 acquisivit.
1024 3165 1291 3257 gratiam.
1343 3186 1635 3259 Accepisti
1665 3165 1871 3243 vetiam
1904 3165 1947 3233 C
1985 3197 2088 3253 pro
2118 3183 2174 3236 te
2204 3181 2418 3239 obtulit
2442 3202 2453 3240 :
2473 3187 2628 3258 quod
2659 3187 2719 3243 in
2754 3165 3116 3259 plenitudine
3136 3181 3639 3252 divinitatis,nihil

217 3275 440 3348 pignus
500 3274 719 3331 Christi
786 3272 1111 3342 charitatis,
1158 3274 1437 3345 quoniam
1484 3275 1585 3348 qui
1654 3292 1761 3348 pro
1822 3280 1879 3332 te

216 3367 495 3421 mortuus
523 3367 633 3430 est,
668 3364 988 3419 advocatus
1024 3366 1116 3418 est
1161 3362 1286 3431 tibi,
1334 3367 1391 3420 et
1434 3364 1742 3437 sanguinis
1787 3364 1880 3420 sui

215 3452 550 3509 mercedem
581 3454 840 3509 reservat
867 3450 1003 3523 (19),
1034 3456 1093 3507 et
1117 3450 1218 3523 qui
1261 3457 1626 3524 peccatorem
1676 3468 1881 3508 recon-

213 3539 444 3597 ciliavit
463 3540 636 3609 Patri,
662 3539 849 3596 multo
875 3540 1065 3613 magis
1087 3541 1463 3597 commendat
1484 3540 1876 3612 innocentem,

210 3633 275 3686 et
296 3632 495 3685 tuetur
523 3629 852 3696 subditum,
887 3627 988 3699 qui
1019 3628 1264 3684 adscivit
1292 3629 1555 3685 noxium.

289 3717 385 3772 23.
419 3717 588 3773 Tanti
617 3717 802 3791 igitur
838 3717 1107 3773 beneﬁcii
1157 3717 1384 3773 debitor
1430 3734 1547 3773 non
1595 3719 1879 3789 rependes

210 3804 574 3877 obsequium
593 3806 620 3860 ‘?
651 3804 952 3861 Heredem
982 3808 1040 3860 te
1070 3805 1225 3872 fecit,
1254 3805 1610 3861 coheredem
1643 3810 1699 3862 te
1721 3806 1876 3877 fecit,

210 3893 583 3949 coheredem
613 3894 738 3961 Dei,
772 3893 1135 3949 cohzrredem
1164 3892 1416 3950 Christi:
1452 3894 1727 3966 spiritum
1770 3895 1877 3951 tibi

212 3980 559 4054 adoptionis
589 3982 828 4038 infudit.
862 3982 1121 4038 Numera
1165 3982 1306 4052 haec,
1348 3986 1405 4039 et
1450 3984 1706 4056 adjunge
1760 4001 1875 4041 non

207 4074 343 4127 tam
374 4070 450 4125 ad
481 4069 657 4127 debiti
718 4086 956 4136 nexum,
990 4087 1166 4142 quam
1217 4072 1289 4126 ad
1340 4071 1602 4127 muneris
1655 4075 1875 4145 accepti

205 4158 749 4217 conservationem.
776 4159 1044 4216 Cohaeres
1067 4159 1282 4215 Christi
1314 4177 1398 4226 es,
1422 4160 1470 4216 si
1499 4161 1871 4234 compatiare,

203 4247 261 4304 si
307 4248 719 4317 commoriare,
752 4249 804 4304 si
832 4248 1229 4321 consepeliare
1258 4265 1393 4304 cum
1431 4248 1680 4306 Christo.
1731 4251 1870 4307 Sus-

202 4336 354 4408 cipe
375 4336 684 4408 passiones
704 4338 857 4409 ejus,
885 4341 950 4393 ut
979 4354 1160 4410 supra
1183 4338 1489 4409 passiones
1510 4354 1645 4393 cum
1667 4340 1869 4396 eodem

199 4440 348 4480 esse
381 4423 680 4480 merearis.
704 4424 852 4479 Vide
872 4425 1164 4496 quomodo
1187 4424 1290 4479 tibi
1314 4429 1549 4496 peccata
1568 4426 1872 4498 superiora

1988 3270 2115 3341 ipse
2147 3269 2366 3338 amisit,
2401 3277 2458 3328 et
2487 3278 2543 3330 te
2576 3275 2840 3331 redemit.
2876 3270 3195 3329 Considera
3225 3272 3503 3331 aﬁ'ectum
3534 3293 3641 3347 pa-

1989 3359 2188 3414 trium.
2223 3361 2387 3424 Quod
2418 3362 2652 3434 pietatis
2682 3368 2771 3420 est
2798 3361 2971 3436 quasi
3023 3358 3291 3416 morituri
3337 3360 3465 3418 Filii
3514 3382 3641 3422 sus-

1989 3447 2142 3518 cepit
2187 3446 2534 3517 periculum,
2587 3452 2755 3523 quasi
2805 3448 3075 3507 orbitatis
3113 3446 3312 3505 hausit
3353 3451 3634 3523 dolorem,

1990 3552 2062 3590 ne
2091 3534 2194 3589 tibi
2224 3535 2435 3607 periret
2465 3538 2688 3595 fructus
2737 3535 3176 3608 redemptionis.
3228 3539 3480 3598 Tantum
3532 3546 3640 3601 fuit

1988 3623 2232 3680 Domino
2265 3625 2529 3681 studium
2561 3631 2673 3682 tuae
2715 3627 2949 3691 salutis,
2984 3630 3050 3679 ut
3097 3632 3522 3698 propemodum
3569 3637 3640 3691 de

1989 3728 2096 3768 suo
2128 3710 2571 3783 periclitaretur,
2605 3717 2747 3771 dum
2778 3720 2835 3771 te
2876 3715 3220 3770 lucraretur.
3255 3716 3358 3773 Ille
3406 3730 3640 3795 propter

1986 3805 2043 3856 te
2074 3800 2383 3872 dispendia
2412 3808 2614 3858 nostra
2643 3804 2922 3876 suscepit,
2956 3805 3021 3855 ut
3051 3806 3106 3856 te
3153 3803 3367 3861 divinis
3416 3809 3637 3867 insere-

1988 3893 2094 3956 ret,
2128 3888 2462 3946 ccelestibus
2509 3896 2894 3949 consecraret.
2946 3890 3087 3945 Mire
3145 3891 3319 3948 etiam
3371 3898 3631 3955 addidit:

1988 4001 2016 4029 «
2051 3979 2157 4034 Pro
2188 3978 2356 4035 nobis
2401 3981 2676 4036 omnibus
2722 3978 2966 4035 tradidit
3012 3976 3178 4033 illum
3236 3982 3422 4055 (Ιὸἱά.)
3458 4027 3472 4053 ,
3508 4008 3535 4035 ››
3569 3991 3635 4043 ut

1986 4067 2313 4123 ostenderet
2342 4069 2497 4140 quod
2516 4069 2599 4124 ita
2621 4085 2824 4125 omnes
2845 4067 3071 4140 diligat,
3096 4071 3159 4121 ut
3181 4068 3631 4129 dilectissimum

1985 4156 2094 4212 sibi
2126 4156 2337 4212 Filium
2367 4174 2470 4229 pro
2497 4158 2747 4230 singulis
2778 4157 3049 4213 traderet.
3082 4156 3189 4212 Pro
3220 4158 3435 4230 quibus
3455 4161 3633 4234 igitur

1984 4245 2137 4318 quod
2170 4262 2347 4317 super
2376 4246 2576 4301 omnia
2607 4253 2695 4302 est
2723 4246 2901 4313 dedit,
2934 4249 3123 4316 potest
3151 4245 3277 4301 ﬁeri
3328 4253 3392 4303 ut
3422 4267 3537 4306 non
3569 4252 3629 4306 in

1979 4333 2081 4390 illo
2119 4334 2392 4389 universa
2434 4335 2778 4390 donaverit?
2826 4332 2979 4388 Nihil
3028 4332 3185 4389 enim
3236 4342 3479 4409 excepit,
3529 4340 3630 4412 qui

1979 4422 2242 4478 omnium
2274 4423 2562 4478 concessit
2580 4426 2896 4477 auctorem.

199 4510 481 4579 donavit,
513 4515 577 4566 ut
612 4510 761 4567 nihil
809 4511 1024 4569 faceret
1079 4512 1309 4581 obesse,
1375 4514 1529 4584 quod
1596 4515 1867 4585 peccasti.
1902 4523 1989 4587 θ’
2050 4514 2139 4567 26.
2173 4511 2329 4567 Nihil
2351 4514 2439 4566 est
2462 4511 2644 4583 igitur
2673 4512 2827 4582 quod
2859 4510 3054 4583 negari
3096 4527 3268 4582 posse
3319 4516 3487 4573 nobis
3532 4535 3627 4574 ve-

196 4599 364 4656 Vide
400 4601 692 4671 quomodo
722 4604 777 4656 te
809 4600 1098 4667 hortatur,
1140 4618 1212 4657 ne
1241 4601 1478 4657 amittas
1522 4602 1678 4673 quod
1710 4619 1872 4660 acce-

193 4687 378 4762 pisti.
417 4688 612 4744 Brevis
632 4688 812 4760 hujus
842 4687 1057 4746 laboris
1086 4694 1175 4746 est
1200 4695 1376 4761 meta,
1409 4694 1465 4746 et
1496 4706 1711 4747 corona
1748 4691 1871 4747 fru-

190 4782 344 4834 ctus
370 4777 637 4848 perpetui
664 4795 677 4833 :
700 4777 1023 4835 tolerabilis
1060 4780 1275 4851 passio,
1310 4795 1532 4836 merces
1553 4780 1869 4837 inaestima-

188 4864 371 4922 bilis.
411 4864 562 4929 Quid
583 4866 737 4921 enim
762 4869 817 4921 te
838 4867 1045 4941 angit?
1074 4871 1163 4922 An
1184 4866 1569 4941 ignobilitatis
1593 4868 1870 4941 abjectio?

182 4955 319 5013 Sed
355 4952 474 5010 erit
504 4953 606 5009 tibi
638 4955 697 5010 in
730 4956 992 5013 futurum
1022 4954 1277 5030 gloriosa
1308 4956 1582 5013 nobilitas
1613 4959 1867 5015 devotio-

271 5096 565 5170 (ιθλνθι.
597 5098 759 5170 edit.,
786 5116 1016 5157 mercem
1045 5103 1315 5156 reservat:
1352 5100 1545 5168 Rom.,
1578 5108 1628 5156 te
1664 5109 1867 5158 servat.

172 5168 428 5241 Scripti
474 5172 609 5245 vero
676 5168 922 5228 codices.
971 5187 1187 5245 magno
1254 5188 1522 5245 numero,
1570 5172 1868 5245 mercedem

171 5246 494 5315 reservat;
530 5243 731 5315 Long,
772 5244 1016 5300 mercede
1062 5243 1316 5315 servavit.
1359 5247 1613 5299 Rursum
1663 5244 1865 5299 eodem

169 5313 341 5384 loci,
378 5310 525 5367 edit.
558 5310 761 5386 omnes
791 5331 926 5371 cum
957 5314 1382 5386 mssraliquotg
1417 5317 1547 5386 quia
1577 5316 1677 5370 scil
1707 5317 1865 5371 inno-

169 5331 341 5384 ιοοι,
378 5331 525 5367 ean.
558 5331 761 5369 omnes
791 5331 926 5371 cum
957 5332 1102 5371 mss.
1136 5331 1213 5370 au
1262 5331 1362 5370 non
1417 5331 1547 5386 quza
1577 5331 1677 5370 seu
1707 5331 1865 5371 mno-

160 5386 392 5459 grqu.
429 5384 764 5459 At__melius
805 5331 1307 5459 Torn.,“Theoat,
1361 5384 1608 5459 Remig,
1659 5386 1866 5459 Long,

161 5454 392 5540 valle;
409 5453 644 5540 et‘Big”
671 5458 766 5530 qui
794 5453 1085 5540 (nonnuli,
1115 5457 1268 5529 quia)
1295 5453 1486 5540 “me
1503 5453 1755 5540 nemp.

284 5527 397 5600 20)
449 5526 539 5600 Ita
572 5526 957 5600 reposuimus
1022 5545 1090 5585 ex
1124 5526 1296 5600 'mss.
1358 5527 1611 5594 Thuan.,
1663 5530 1863 5596 Torn.,

154 5596 398 5666 Vala,
426 5596 582 5670 Big.,
616 5596 864 5675 Hemig.,
898 5603 1080 5673 Long.
1118 5603 1174 5656 et
1203 5599 1417 5657 Theod.
1453 5600 1711 5657 secunda
1742 5618 1863 5658 ma-

1981 4617 2252 4657 reamur:
2285 4598 2429 4655 nihil
2460 4599 2631 4655 estin
2680 4616 2795 4671 quo
2823 4600 2910 4675 'de
2959 4599 3370 4660 muniﬁcentiae
3421 4606 3627 4661 divinae

1980 4690 2241 4746 difﬁdere
2271 4687 2699 4760 perseverantia
2750 4689 3088 4768 debeamus,
3150 4692 3322 4763 cujus
3366 4694 3476 4748 fuit
3504 4701 3623 4749 tam

1979 4779 2259 4834 diuturna
2278 4782 2335 4832 et
2355 4776 2518 4849 jugis
2547 4778 2807 4845 ubertas,
2844 4783 2908 4832 ut
2936 4778 3127 4849 primo
3159 4781 3620 4851 praedestinaret,

1978 4867 2188 4923 deinde
2216 4870 2445 4921 vocaret
2466 4884 2484 4920 :
2517 4870 2575 4921 et
2604 4882 2752 4938 quos
2773 4872 3021 4934 vocaret,
3047 4867 3153 4923 hos
3176 4872 3231 4923 et
3248 4869 3618 4939 justiﬁcaret;

1977 4960 2033 5013 et
2063 4972 2209 5029 quos
2231 4954 2604 5026 justiﬁcaret,
2639 4954 2745 5010 hos
2776 4959 2831 5011 et
2862 4955 3223 5011 clariﬁcaret.
3283 4956 3496 5012 Poterit
3521 4956 3620 5013 de-

1977 5118 2090 5155 nu:
2125 5115 2260 5154 nam
2292 5097 2483 5171 prima
2510 5097 2763 5171 habebat
2793 5114 2924 5171 cum
2979 5095 3147 5171 V_ict.,
3190 5096 3347 5171 Colb.
3382 5101 3458 5171 et
3487 5100 3616 5156 Vat.

1976 5188 2114 5255 uno,
2150 5172 2247 5255 qui
2274 5168 2440 5255 moi-tt
2470 5174 2639 5253 totum
2666 5169 2861 5255 obtulit
2890 5168 3029 5255 quod
3060 5170 3117 5222 in
3144 5169 3499 5255 plenitudine.
3535 5173 3618 5227 dl-

1974 5244 2243 5308 vz‘m'latz's,
2291 5243 2436 5297 nihil
2466 5243 2581 5312 ipse
2622 5242 2828 5306 amisit,
2869 5247 2920 5293 et
2986 5242 3035 5293 te
3065 5242 3309 5294 redemit.
3365 5242 3619 5314 Denique

1974 5314 2166 5392 V_alt_.,
2187 5313 2284 5392 alt.
2320 5329 2390 5392 ac_
2419 5313 2583 5392 Rom_.
2616 5310 2777 5392 editi,
2805 5311 3013 5392 “quasi;
3042 5312 3403 5392 morti/etum
3425 5320 3622 5392 _pro‘te

1973 5388 2187 5443 obtulit.
2241 5383 2390 5461 Quod
2422 5384 2700 5461 _z’n_Patre
2726 5380 3010 5461 faitmz'hg'l
3052 5380 3615 5461 sibinipse-rellquil:

1975 5463 2147 5515 totum
2172 5450 2351 5531 prote
2379 5454 2593 5531 οριυιίι,
2637 5450 2774 5531 quqd
2915 5450 3269 5523 plenitudine
3310 5450 3620 5512 divinitatis

1971 5548 2082 5586 non
2102 5521 2309 5596 amisit,
2349 5532 2398 5579 et
2418 5526 2530 5596 ipse
2559 5532 2608 5578 te
2636 5521 2884 5576 redemit.
