4122 6146
574 317 696 388 639

2038 314 2106 378 S.
2151 311 2529 380 AMBROSII

3807 331 3902 394 6&0

579 470 764 512 serere
795 466 943 526 quos
973 446 1154 509 tantis
1182 447 1484 509 beneflciis
1514 446 1638 508 suis
1659 463 1846 523 usque
1877 447 1950 507 ad
1981 449 2224 523 prmmia
2251 467 2308 536 Α
2335 450 2482 506 ratio
2512 449 2735 508 arbitra
2762 449 3076 525 passionis,
3108 467 3283 524 quam
3312 453 3504 527 passio
3543 463 3902 530 :prsstsntius-

573 547 916 617 prosecutus
947 545 1082 599 est?
1112 543 1269 598 Inter
1297 544 1383 596 tot
1414 539 1696 597 beneﬁcia
1754 539 1854 595 Dei
1905 555 2047 595 num
2098 555 2218 594 me-

570 635 802 690 tuendae
831 636 971 688 sunt
998 630 1207 702 aliquae
1239 629 1596 686 accusatoris
1626 628 1900 686 insidize?
1942 629 2053 685 Sed
2086 629 2220 700 quis

571 723 784 779 audeat
813 737 1087 778 accusare
1117 735 1264 791 quos
1293 719 1505 775 electos
1535 718 1735 774 divino
1767 717 1950 773 cernit
1961 715 2221 787 judicio?

570 813 722 870 Num
754 811 908 868 Deus
937 810 1106 865 Pater
1133 809 1258 880 ipse
1290 807 1389 880 qui
1421 806 1687 876 contulit,
1713 811 1901 879 potest
1930 806 2084 860 dona
2112 819 2221 860 sua

570 900 920 962 rescindere.
952 902 1008 954 et
1038 913 1184 969 quos
1215 897 1528 968 adoptione
1566 895 1842 968 suscepit,
1875 911 1976 950 eos
2034 909 2068 948 a
2116 909 2218 965 pa-

566 987 714 1045 terni
743 987 983 1043 affectus
1014 986 1199 1058 gratia
1221 985 1525 1057 relegare?
1579 985 1690 1041 Sed
1746 989 1939 1039 metus
1999 986 2088 1038 est
2145 996 2218 1036 ne

559 1077 739 1148 judex
760 1075 1012 1132 severior
1041 1075 1136 1130 sit.
1161 1077 1478 1132 Considera
1502 1089 1676 1144 quem
1691 1073 1951 1143 judicem
1974 1071 2213 1126 habeas.

564 1165 780 1234 Nempe
801 1163 1029 1218 Christo
1058 1163 1219 1217 dedit
1250 1167 1418 1217 Pater
1442 1179 1612 1217 omne
1639 1161 1954 1230 judicium.
2007 1158 2220 1215 Poterit

563 1256 620 1308 te
647 1267 784 1326 ergo
814 1251 912 1307 ille
942 1253 1242 1320 damnare,
1286 1268 1462 1323 quem
1504 1250 1753 1305 redemit
1783 1266 1816 1305 a
1855 1252 2063 1316 morte,
2113 1263 2216 1315 pro

565 1357 678 1413 quo
707 1356 768 1396 se
790 1340 1024 1410 obtulit,
1055 1341 1226 1411 cujus
1258 1340 1432 1394 vitam
1465 1356 1582 1395 suae
1630 1338 1835 1394 mortis
1889 1335 2214 1392 mercedem

565 1445 692 1486 esse
735 1429 1081 1502 cognoscit?
1132 1429 1333 1484 Nonne
1391 1429 1575 1483 dicet:
1622 1451 1648 1478 «
1682 1427 1817 1490 Qum
1872 1425 2096 1481 utilitas
2156 1425 2216 1479 in

563 1518 850 1591 sanguine
872 1534 1001 1574 meo
1023 1519 1192 1588 (Psal.
1221 1535 1372 1583 xxxx,
1409 1519 1512 1588 10),
1543 1538 1567 1565 η
1594 1515 1640 1572 si
1655 1517 1871 1571 damno
1895 1531 2070 1586 quem
2093 1514 2218 1585 ipse

563 1607 778 1663 salvavi
799 1607 827 1661 ?
849 1607 1066 1662 Deinde
1088 1605 1423 1662 consideras
1438 1605 1722 1676 judicem,
1744 1621 1857 1659 non
1881 1602 2217 1658 consideras

561 1697 934 1752 advocatum.
965 1697 1161 1751 Potest
1193 1695 1304 1750 iste
1337 1695 1636 1749 saeviorem
1663 1694 1811 1748 ferre
1843 1691 2214 1767 sententiam,

561 1784 661 1856 qui
694 1781 1066 1855 interpellare
1097 1799 1212 1838 non
1234 1783 1472 1849 desinit,
1509 1787 1572 1837 ut
1605 1788 1854 1854 paternae
1880 1779 2215 1836 reconciliao

560 1872 739 1928 tionis
769 1873 829 1926 in
863 1887 970 1927 nos
1000 1872 1332 1927 conferatur
1369 1872 1557 1942 gratia
1582 1870 1611 1925 ?

1194 1960 1427 2017 CAPUT
1457 1961 1575 2016 VII.

561 2052 697 2106 Eam
728 2052 787 2104 in
817 2050 972 2105 nobis
1001 2049 1194 2104 debere
1222 2063 1340 2104 esse
1392 2051 1735 2109 charitatem,
1795 2051 1855 2101 ut
1905 2046 2079 2100 nullis
2121 2046 2213 2100 ad-

630 2124 798 2178 versis
827 2138 859 2176 a
901 2120 1114 2176 Christo
1145 2137 1481 2192 separemur,
1513 2137 1639 2175 cum
1677 2120 1793 2174 illis
1833 2134 1943 2172 non
1983 2119 2210 2192 minue-

626 2198 720 2248 tur
750 2194 905 2249 beata
960 2194 1104 2248 vita:
1161 2190 1375 2247 beatam
1431 2194 1584 2247 enim
1622 2193 1792 2246 vitam
1856 2191 2096 2260 reperiri
2152 2190 2211 2242 in

630 2263 962 2327 hominibus,
986 2266 1044 2318 in
1065 2265 1260 2334 quibus
1288 2265 1458 2334 fuerit
1488 2265 1601 2318 vita
1616 2265 1855 2334 per/ecta
1875 2279 1897 2324 ;
1932 2263 1983 2314 et
2017 2262 2072 2314 in
2106 2274 2210 2329 quo

627 2337 741 2390 haec
785 2337 1069 2390 consistat.
1137 2337 1388 2406 Denique
1444 2336 1631 2389 virum
1685 2335 1986 2404 perfectum
2042 2346 2210 2402 supra

628 2423 787 2461 οαδυδ
817 2423 1002 2461 omnes
1031 2422 1096 2460 ac
1124 2421 1408 2462 aerumnas
1428 2422 1544 2461 esse
1570 2409 1827 2476 positum.

605 2497 714 2549 '27.
746 2494 857 2549 Sed
888 2493 994 2549 etsi
1016 2509 1134 2564 qua
1171 2493 1549 2548 imminerent
1578 2491 1796 2564 gravia,
1832 2505 2207 2562 nequaquam

557 2597 662 2638 nos
693 2598 726 2638 a
755 2581 982 2638 Christo
1009 2598 1282 2654 separare
1310 2582 1608 2638 deberent.
1643 2581 1757 2636 Cur
1799 2595 1908 2634 nos
1957 2595 2061 2650 pro
2109 2577 2206 2633 illo

554 2685 670 2728 non
691 2671 870 2728 etiam
901 2672 1050 2726 dura
1078 2676 1134 2726 et
1159 2673 1370 2727 acerba
1398 2670 1738 2736 toleremus,
1770 2668 1871 2740 qui
1903 2683 2006 2739 pro
2036 2667 2207 2721 nobis

551 2764 672 2816 tam
704 2761 948 2832 indigna
977 2760 1274 2832 suscepit?
1304 2761 1558 2831 Ideoque
1588 2759 1759 2814 debet
1788 2757 1847 2811 in
1879 2757 2048 2811 nobis
2079 2769 2208 2810 esse

555 2849 835 2914 charitas,
870 2855 934 2904 ut
959 2848 1138 2904 nullis
1163 2848 1440 2920 periculis
1477 2863 1833 2910 revocemur,
1875 2861 1909 2900 a
1945 2843 2204 2918 Christo.

557 2937 858 3008 Scriptum
881 2941 974 2992 est
1002 2936 1195 2991 enim:
1232 2959 1277 2985 (ι
1312 2943 1480 3007 Aqua
1521 2934 1709 2991 multa
1738 2931 2044 2989 excludere
2088 2947 2204 2986 non

555 3023 1216 3096 poteritcharitatem,et
1240 3023 1487 3078 ﬂumina
1509 3039 1621 3078 non
1645 3021 1997 3078 concludant
2021 3035 2150 3076 eam
2176 3041 2204 3068 ››

553 3112 740 3186 (Cant.
772 3129 893 3179 vm,
920 3113 977 3182 7)
1004 3131 1016 3179 ;
1051 3111 1189 3184 quia
1233 3116 1550 3167 torrentem
1577 3112 1790 3168 transit
1820 3109 2018 3165 anima
2071 3107 2204 3163 dili-

2333 555 2448 610 que
2477 541 2632 612 quod
2650 541 2901 612 judicat,
2945 559 3126 615 quam
3185 544 3339 616 quod
3381 544 3595 616 judicio
3636 551 3902 622 subjectum

2331 632 2440 684 est.
2476 629 2674 701 Neque
2704 629 2863 686 enim
2903 631 3030 686 ﬁeri
3064 633 3271 704 potest,
3314 637 3380 688 ut
3400 635 3611 692 ratione
3636 637 3704 693 sit
3721 641 3900 699 melius.

2333 718 2490 787 quod
2524 722 2613 774 est
2651 718 3072 776 irrationabile.
3106 720 3290 777 Habet
3340 738 3474 794 ergo
3519 725 3575 780 in
3602 741 3660 781 se
3692 743 3905 786 remune-

2330 805 2615 863 rationem
2647 824 2816 864 suam
2850 809 2954 881 qui
2985 808 3253 881 sequitur
3277 810 3504 880 Jesum,
3527 817 3581 868 et
3604 813 3658 869 in
3686 831 3777 872 suo
3801 819 3906 874 aiio-

2330 898 2430 948 ctu
2470 896 2778 966 praemium
2801 901 2858 952 et
2885 899 3137 969 gratiam
3163 915 3176 953 :
3209 898 3436 955 etiamsi
3466 900 3605 958 dura
3659 905 3904 973 sustineat,

2324 980 2532 1039 beatus
2561 988 2757 1040 tamen
2795 990 2886 1042 est
2912 987 3038 1042 suis
3060 986 3340 1055 moribus,
3383 989 3580 1045 beatus
3607 990 3740 1063 ipsis
3783 996 3897 1065 peri-

2327 1072 2498 1139 culis,
2528 1074 2683 1130 sicut
2711 1075 2997 1132 Dominus
3034 1075 3316 1144 definivit,
3350 1077 3582 1134 dicens:
3619 1101 3639 1129 ι
3672 1081 3805 1136 Beati
3830 1084 3906 1153 qui

2325 1164 2789 1233 persecutionem
2815 1165 3122 1237 patiuntur
3150 1168 3384 1237 propter
3413 1166 3694 1236 justitiam
3735 1170 3900 1238 (Matth.

2327 1266 2381 1317 V,
2417 1250 2526 1321 10).
2558 1273 2586 1301 η

2327 1266 2381 1317 ν,
2417 1251 2526 1317 10).
2558 1273 2586 1301 η

2397 1385 2487 1439 28.
2519 1383 2621 1440 Est
2648 1401 2784 1458 ergo
2824 1386 2994 1442 beata
3018 1385 3138 1442 vita
3169 1385 3227 1442 in
3259 1387 3615 1455 hominibus,
3653 1389 3743 1445 sed
3775 1389 3824 1444 in
3843 1389 3908 1446 his

2328 1471 2550 1528 scilicet
2607 1473 2666 1530 in
2719 1473 2938 1546 quibus
3010 1474 3182 1531 fuerit
3233 1475 3486 1548 perfecta
3521 1475 3651 1532 vita.
3707 1477 3911 1534 Perfecta

2327 1566 2522 1618 autem
2557 1561 2674 1618 vita
2705 1579 2819 1618 non
2852 1563 3147 1620 sensibilis
3179 1564 3312 1632 ista,
3356 1566 3457 1620 sed
3485 1563 3584 1620 illa
3609 1565 3910 1623 rationabilis

2326 1651 2652 1707 secundum
2681 1653 3086 1708 tractationem
3120 1653 3364 1710 rationis
3393 1658 3450 1710 et
3494 1654 3697 1711 mentis
3745 1654 3907 1710 vivaci-

2325 1743 2502 1795 tatem
2530 1757 2542 1796 :
2577 1740 2636 1795 in
2669 1757 2782 1813 quo
2814 1757 2930 1797 non
2954 1746 3044 1799 est
3073 1739 3258 1815 portio
3276 1741 3554 1809 hominis,
3572 1744 3664 1800 sed
3696 1743 3912 1815 perfectio

2247 1833 2293 1898 Β
2326 1844 2453 1900 qua:
2486 1845 2602 1884 non
2632 1833 2752 1885 tam
2797 1833 2885 1886 est
2917 1829 2974 1885 in
3005 1831 3335 1888 conditione
3365 1831 3637 1898 hominis,
3669 1848 3822 1903 quam
3866 1829 3908 1888 in

2322 1917 2680 1989 operatione.
2715 1918 2792 1974 Ea
2820 1918 2975 1974 enim
3010 1918 3245 1976 beatum
3277 1919 3436 1975 facit.
3463 1918 3605 1976 Huic
3649 1919 3809 1992 igitur
3824 1917 3911 1974 viro

2322 2005 2461 2078 quid
2492 2009 2582 2063 est
2618 2007 2858 2075 bonum,
2893 2005 3006 2062 nisi
3031 2007 3154 2080 ipse
3185 2005 3294 2064 sibi
3322 2008 3479 2079 quod
3503 2007 3693 2074 habet,
3722 2007 3912 2064 etadest

2320 2095 2371 2150 ei
2406 2093 2514 2152 hoc
2543 2095 2784 2159 bonum.
2810 2099 2866 2152 et
2893 2113 3072 2152 causa
3092 2095 3144 2152 ei
3164 2099 3274 2153 erit
3291 2097 3624 2154 futurorum
3643 2095 3907 2152 bonorum?

2322 2184 2402 2240 De
2433 2185 2545 2240 hoc
2586 2185 2737 2242 bono
2769 2184 2948 2241 dixit:
2984 2185 3258 2244 Salomon
3284 2203 3297 2241 :
3330 2185 3512 2242 «Bibe
3534 2203 3735 2258 aquam
3755 2183 3913 2240 detuis

2324 2273 2504 2341 vasis,
2527 2278 2582 2329 et
2605 2274 2674 2330 de
2703 2280 3015 2346 puteorum
3046 2279 3281 2331 tuorum
3314 2273 3915 2347 fontibus.Superiiuant

2320 2359 2428 2417 tibi
2464 2379 2626 2434 aquae
2659 2363 2729 2418 de
2769 2366 2870 2418 tuo
2894 2363 3089 2420 fonte:
3123 2363 3183 2419 in
3214 2367 3346 2420 tuas
3380 2368 3579 2420 autem
3602 2361 3801 2437 plateas
3826 2359 3912 2415 dis-

2319 2455 2575 2506 currant.
2620 2451 2749 2508 Sint
2787 2451 2892 2506 tibi
2925 2450 3034 2508 soli
3068 2453 3424 2520 constitutae,
3453 2457 3511 2508 et
3544 2468 3705 2511 nemo
3741 2448 3914 2507 alienus

2318 2539 2607 2614 particeps
2647 2540 2725 2596 sit
2743 2540 2873 2598 tibi.
2916 2532 3069 2599 Fens
3101 2558 3264 2614 aqua;
3304 2546 3422 2598 tua:
3455 2542 3534 2599 sit
3573 2539 3670 2598 tibi
3697 2539 3916 2612 proprius

2317 2627 2501 2700 (Prov.
2535 2646 2589 2696 v,
2626 2628 2841 2702 15-18).
2878 2651 2906 2679 ››
2939 2629 3109 2686 Utere
3141 2630 3322 2703 igitur
3348 2630 3581 2688 interno
3609 2631 3751 2685 bono
3792 2631 3889 2683 tuo.

2384 2761 2473 2816 30.
2518 2759 2946 2818 Testimonium
2989 2767 3186 2818 autem
3219 2764 3356 2820 boni
3397 2764 3584 2834 hujus
3623 2761 3914 2825 maximum,

2313 2850 2593 2920 quoniam
2625 2851 2725 2922 qui
2757 2849 2951 2920 habet,
2994 2850 3110 2908 alia
3147 2867 3264 2908 non
3304 2853 3576 2924 requirit.
3609 2851 3748 2918 Quid
3793 2849 3916 2904 enim

2313 2937 2592 3009 requirat,
2661 2939 2763 3010 qui
2816 2938 3092 2995 inferiora
3133 2940 3435 3013 despicit?
3484 2935 3917 2997 Praestantissimo

2313 3029 2511 3082 autem
2541 3026 2838 3095 inhaereat,
2865 3027 3020 3084 sicut
3047 3029 3334 3102 scriptum
3365 3034 3500 3085 est:
3531 3023 3780 3086 «Cervus
3805 3021 3917 3081 ami-

2314 3113 2462 3170 citias
2491 3119 2550 3170 et
2599 3115 2798 3186 pullus
2837 3117 3159 3189 gratiarum
3201 3115 3620 3174 coni‘abuletur
3662 3116 3758 3172 tibi
3790 3111 3916 3184 (ltili.

553 3202 764 3275 gentis.
798 3201 970 3257 Nulla
987 3205 1333 3273 tempestas,
1361 3200 1589 3256 nullum
1604 3199 1961 3273 profundum
1985 3198 2206 3270 pericu~
2238 3200 2282 3267 C
2323 3203 2430 3275 19).
2472 3225 2494 3252 ιο
2529 3204 2804 3261 Amicitia
2819 3210 3014 3261 autem
3041 3207 3327 3278 prmedat
3355 3211 3438 3274 te,
3470 3211 3530 3263 et
3543 3221 3658 3263 una
3675 3205 3750 3261 sit
3764 3207 3918 3258 tecum

553 3289 699 3361 lum,
732 3289 933 3345 nullus
964 3293 1150 3345 terror
1178 3289 1384 3344 mortis
1415 3294 1517 3344 aut
1546 3305 1726 3361 poenae
1757 3289 1874 3344 vim
1903 3285 2206 3342 charitatis

555 3378 877 3435 imminuit.
912 3374 981 3432 In
1035 3378 1128 3434 his
1180 3377 1338 3433 enim
1390 3378 1725 3449 probamur,
1785 3377 1844 3431 in
1901 3375 2058 3432 464
2112 3374 2204 3430 his

558 3468 725 3522 beata
752 3467 868 3521 vita
897 3471 1004 3536 est,
1036 3467 1265 3522 etiamsi
1298 3466 1503 3522 multis
1533 3465 1809 3538 periculis
1837 3465 2174 3520 inundetur.

622 3555 712 3609 28.
745 3555 869 3611 Non
903 3555 1058 3610 enim
1089 3555 1377 3627 frangitur
1402 3556 1640 3627 sapiens
1669 3553 1970 3610 doloribus
1999 3567 2202 3624 corpoo

554 3642 635 3698 ris
668 3643 802 3714 (21),
837 3659 943 3699 nec
978 3648 1220 3699 vexatur
1258 3645 1686 3700 incommodis:
1744 3644 1844 3699 sed
1903 3643 2083 3698 etiam
2141 3641 2200 3696 in

553 3731 833 3787 aerumnis
857 3733 1062 3788 beatus
1087 3737 1302 3788 manet.
1324 3733 1526 3804 Neque
1551 3733 1706 3788 enim
1731 3732 1970 3786 adversa
1990 3745 2199 3802 corpo-

553 3818 633 3875 ris
663 3820 790 3874 vitae
822 3820 1001 3876 beatae
1031 3837 1250 3878 munus
1283 3820 1666 3886 imminuunt,
1723 3834 1909 3890 neque
1956 3820 2027 3875 de
2068 3819 2198 3888 ejus

551 3909 836 3964 suavitate
858 3907 1080 3980 aliquid
1113 3909 1393 3976 delibant,
1430 3909 1570 3981 quia
1599 3925 1714 3963 non
1737 3909 1798 3962 in
1819 3907 2201 3964 delectatione

551 3997 811 4068 corporis
841 3997 972 4052 vitae
1005 3998 1304 4053 beatitudo
1337 4002 1445 4063 est,
1475 3998 1575 4052 sed
1595 3997 1654 4051 in
1687 3996 2041 4052 conscientia
2054 4013 2201 4068 pura

549 4086 622 4142 ab
651 4085 812 4140 omni
845 4084 974 4141 labe
1007 4087 1246 4158 peccati,
1277 4091 1334 4141 et
1362 4087 1420 4140 in
1453 4087 1582 4156 ejus
1609 4090 1821 4149 mente,
1855 4085 1953 4158 qui
1986 4101 2200 4158 cogno-

549 4173 660 4228 scit
689 4173 828 4246 quia
868 4175 1017 4245 quod
1072 4174 1291 4229 bonum
1336 4178 1445 4239 est,
1500 4173 1609 4229 hoc
1648 4172 1917 4242 delectat,
1967 4174 2196 4230 etiamsi

547 4276 819 4334 asperum
851 4263 947 4332 sit,
981 4263 1136 4335 quod
1169 4267 1365 4317 autem
1397 4263 1756 4330 indecorum,
1788 4263 2020 4318 etiamsi
2059 4278 2200 4319 sue.-

549 4365 636 4415 ve,
671 4368 787 4406 non
811 4351 1048 4407 mulcet.
1089 4352 1238 4423 Ergo
1269 4366 1447 4408 causa
1475 4352 1622 4407 bene
1649 4351 1876 4407 vivendi
1923 4367 2040 4406 non
2098 4351 2196 4406 de-

548 4437 778 4494 lectatio
808 4439 1146 4510 corporalis,
1181 4439 1281 4496 sed
1317 4440 1531 4495 mentis
1561 4440 1869 4511 prudentia
1897 4444 1988 4496 est
2019 4457 2031 4495 :
2079 4455 2194 4495 non

549 4541 682 4581 caro
713 4543 839 4624 quae
869 4528 1146 4629 subjecta
1163 4532 1250 4583 est
1281 4527 1671 4629 passioni,sed
1703 4545 1870 4584 mens
1891 4546 2018 4629 quae
2033 4529 2194 4601 judi-
2229 4565 2272 4629 Β

547 4619 639 4670 cat
662 4614 801 4687 quia
829 4614 974 4670 nihil
1014 4616 1226 4672 melius
1277 4614 1544 4682 delectat,
1596 4633 1775 4688 quam
1813 4617 2194 4674 consiliorum

547 4703 824 4760 honestas
855 4708 912 4760 et
942 4721 1186 4776 operum
1245 4704 1641 4776 pulchritudo.
1695 4707 1774 4761 Ea
1802 4705 1981 4779 igitur
2009 4708 2194 4763 beatae

547 4792 836 4866 interpres
867 4797 957 4848 est
987 4793 1136 4850 ﬁta.
1174 4793 1377 4849 Melior
1405 4798 1495 4850 est
1523 4795 1676 4849 enim
1737 4796 2050 4866 prudentia
2106 4794 2194 4852 vel

616 4926 894 5051 (ZiP'Quae
929 4927 1157 5012 ultimis
1185 4927 1277 5011 bis
1309 4927 1542 4985 duobus
1573 4928 1864 5001 capitibus
1880 4931 2196 5014 traduntur

648 4998 699 5051 fe
727 5003 922 5051 1c1tate
973 5004 1273 5051 sapientis.
1324 5016 1391 5051 ea
1438 5016 1552 5051 non
1603 4999 1794 5051 solum
1854 5001 2193 5051 Christianas

544 4996 922 5071 deli‘elicitate
973 4999 1273 5071 sapientis,
1324 5016 1391 5055 ea
1438 5016 1552 5055 non
1603 4996 1795 5055 solum
1854 5001 2193 5057 Christianas

543 5068 839 5142 religionis
869 5068 1160 5142 dogmatis
1191 5071 1479 5142 nituntur,
1510 5087 1710 5126 verum
1743 5071 1918 5127 etiam
1942 5073 2194 5130 maxime

541 5140 690 5218 cum.
709 5140 1189 5218 philosophorum
1224 5141 1454 5218 placitis
1493 5144 1862 5218 conveniunt.
1888 5145 1956 5200 Hi
1979 5145 2194 5218 quippe

541 5209 961 5289 beatitudinem
982 5215 1053 5289 in
1086 5209 1345 5289 corporis
1369 5214 1691 5270 externisve
1721 5215 1911 5289 bonis,
1949 5209 2100 5289 quae.
2122 5209 2192 5289 ne

541 5280 822 5363 bonorum
857 5284 1120 5363 quidem,
1152 5280 1252 5363 sed
1283 5290 1512 5363 tantum
1536 5280 1984 5363 commodorum
2003 5288 2192 5363 nomi-

542 5353 963 5432 nedignantur
992 5356 1190 5423 Stoici,
1233 5357 1690 5432 haudquaquam
1724 5358 2042 5432 consistere
2077 5359 2191 5432 mi-

542 5421 1150 5502 riﬁce'demonstrant
1180 5421 1192 5494 ξ
1241 5445 1304 5483 ac
1338 5421 1595 5502 proinde
1636 5430 1755 5502 sive
1787 5430 1918 5501 ipsa
1973 5429 2188 5498 adsint,

542 5495 903 5574 siveedsint,
939 5499 1176 5574 perinde
1205 5495 1422 5574 esse—ad
1447 5495 1891 5574 beatitudinem,
1914 5517 2043 5574 quat
2074 5495 2192 5558 una

543 5568 600 5618 in
633 5568 843 5638 virtute
877 5568 1065 5638 posita
1095 5570 1189 5624 sit.
1225 5570 1470 5625 Pulchre
1501 5588 1660 5638 sane,
1696 5571 1808 5627 nisi
1861 5568 2190 5628 doctrinam

541 5651 709 5691 suam
742 5635 852 5708 ipsi
879 5635 1150 5696 doctores
1181 5641 1358 5696 animi
1395 5645 1624 5699 tumore
1644 5635 1828 5716 atque
1856 5645 2192 5717 arrogantia

2313 3292 2374 3347 in
2399 3293 2566 3368 omni
2601 3297 2874 3365 tempore.
2919 3294 3264 3351 Bonaenim
3286 3296 3578 3351 virtutum
3605 3293 3857 3357 amicitia,
3879 3293 3920 3342 et

2313 3379 2534 3436 summi
2559 3381 2696 3438 boui
2727 3381 3000 3439 obex-itas.
3021 3382 3178 3439 Nihil
3207 3383 3411 3457 itaque
3441 3384 3601 3440 aliud
3627 3380 3814 3455 quaerit
3827 3393 3921 3450 per

2313 3471 2499 3525 factus
2526 3469 2641 3539 ille,
2674 3470 2787 3526 nisi
2815 3469 3007 3527 solum
3039 3476 3097 3528 et
3127 3470 3474 3542 praclarum
3509 3473 3723 3528 bonum
3754 3509 3766 3522 .
3797 3465 3923 3523 Unde

2311 3560 2370 3612 et
2405 3558 2549 3614 dicit
2580 3575 2594 3614 :
2625 3579 2655 3608 ‹‹
2691 3555 2878 3616 Unam
2911 3560 3052 3632 petii
3083 3576 3117 3616 a
3147 3560 3413 3628 Domino,
3449 3561 3604 3616 hanc
3636 3556 3919 3630 requiram;

2310 3650 2376 3700 ut
2403 3647 2724 3703 inhabitem
2753 3648 2814 3703 in
2842 3649 3018 3704 domo
3035 3648 3264 3705 Domini
3279 3665 3494 3706 omnes
3509 3649 3637 3706 dies
3657 3647 3781 3703 vitae
3793 3657 3921 3707 met.

2310 3738 2369 3789 et
2395 3735 2623 3791 videam
2655 3735 3101 3793 delectationem
3140 3737 3370 3794 Domini
3434 3739 3607 3810 (Psal.
3642 3749 3783 3799 xxvr,
3812 3733 3872 3798 ἑ).
3899 3750 3920 3775 ιι

2308 3821 2508 3895 Neque
2523 3841 2656 3880 vero
2674 3827 2956 3897 tanquam
2971 3831 3292 3899 augustum
3305 3827 3670 3900 inopemque
3679 3821 3922 3884 fastidias.

2309 3912 2447 3984 quia
2488 3913 2666 3969 unius
2695 3913 2832 3969 boni
2863 3914 3020 3970 velut
3043 3914 3306 3971 solitaria
3333 3916 3617 3972 societate
3661 3912 3924 3969 contentus

2309 4001 2406 4054 it.
2441 4001 2632 4072 Hujus
2683 4002 2842 4058 enim
2899 4002 3160 4059 amicitia
3199 4003 3635 4070 circumda-tus,
3679 3998 3925 4074 plurimus

2305 4088 2438 4144 erit.
2487 4090 2763 4146 Abundat
2813 4091 2973 4148 enim
3005 4091 3349 4163 hujasmodi
3394 4093 3524 4148 viro
3554 4091 3628 4147 ad
3658 4081 3928 4144 beatitudi-

2306 4192 2440 4233 nem
2466 4182 2524 4234 et
2549 4180 2624 4234 ad
2651 4177 3085 4251 possessionem
3125 4180 3261 4236 boni
3297 4196 3308 4247 ;
3341 4184 3404 4236 et
3443 4179 3580 4236 ideo
3626 4174 3768 4234 nihil
3804 4166 3929 4229 aliud

2304 4265 2622 4323 desiderat.
2659 4265 2815 4324 485
2842 4268 3000 4324 Nihil
3025 4269 3178 4325 enim
3203 4269 3374 4340 quasi
3401 4283 3626 4324 novum
3657 4262 3927 4335 exspectat.

2303 4355 2404 4426 qui
2431 4356 2633 4411 omnia
2657 4356 2851 4412 habet.
2875 4356 3031 4412 Nihil
3057 4361 3148 4414 est
3176 4357 3332 4413 enim
3359 4358 3510 4414 boni
3541 4355 3700 4430 quod
3719 4362 3824 4409 non
3842 4347 3925 4402 lis-

2301 4443 2470 4499 beat:
2513 4459 2618 4500 nec
2663 4445 2977 4516 superﬂuis
3025 4445 3364 4513 delectatur,
3427 4447 3535 4502 sed
3589 4435 3922 4500 necessariis,

2303 4535 2360 4588 et
2397 4549 2463 4588 eo
2494 4533 2621 4605 ipso
2653 4535 2982 4590 necessario
3013 4535 3169 4607 quod
3210 4545 3324 4590 non
3357 4535 3502 4602 sibi,
3545 4533 3649 4590 sed
3676 4527 3828 4588 carni
3852 4522 3926 4580 ad-

2305 4621 2546 4678 haerenti
2577 4623 2691 4679 sibi
2726 4625 3127 4679 necessarium
3155 4624 3265 4680 sit:
3301 4623 3486 4696 idque
3527 4620 3786 4692 indulget
3810 4607 3930 4687 quod

2303 4710 2387 4765 ab
2408 4709 2705 4767 interioris
2735 4709 2994 4768 hominis
3014 4711 3309 4784 proposito
3325 4727 3449 4767 non
3479 4710 3787 4781 diserepet,
3807 4696 3930 4776 (ιυοά

2304 4797 2483 4855 faciat
2510 4803 2830 4872 utrumque
2863 4815 3074 4871 unum,
3117 4805 3177 4856 et
3242 4796 3588 4856 reconciliet
3643 4794 3936 4853 interiorem

2303 4931 2722 5007 corrupissent,
2745 4936 2803 5007 et
2834 4936 3019 5007 semet
3046 4933 3168 5007 vita
3183 4931 3432 5007 dissona
3449 4930 3637 5007 etiam
3667 4921 3937 5007 sumptu!

2302 5000 2714 5073 Aristophani,
2748 5004 3006 5060 Luciano
3032 5006 3089 5060 et
3119 5003 3272 5073 aliis,
3318 5003 3610 5058 ridendos
3670 5000 3936 5072 propinas-

2304 5078 2451 5130 sent.
2487 5074 2546 5131 Si
2599 5078 2691 5131 cui
2719 5079 2915 5133 autem
2945 5075 3179 5132 libuerit
3207 5075 3357 5131 hanc
3391 5075 3680 5130 doctrina:
3725 5077 3934 5126 conserv

2305 5145 2550 5221 sionem,
2583 5146 2655 5202 de
2685 5164 2800 5219 qua
2831 5146 3150 5221 loquimur,
3174 5145 3404 5221 plenius
3423 5158 3800 5221 cognosce“):
3815 5135 3940 5221 135?}

2304 5219 2630 5274 secundum
2662 5217 2728 5275 ac
2775 5217 3008 5276 tertiam
3040 5217 3241 5288 Quasi.
3299 5219 3453 5272 Tusc.
3510 5217 3819 5288 Ciceronis,
3855 5219 3914 5288 5?!

2301 5305 2417 5372 prae
2450 5273 3105 5372 eateriquuintamvn—i‘n
3131 5287 3692 5372 qua__pereleganter
3719 5273 3937 5372 estcf-fi

2302 5353 2560 5416 uirtutem
2588 5361 2656 5416 ab
2687 5353 2818 5416 beiw
2849 5353 3310 5418 vivendumsatis
3345 5353 3527 5422 posse.
3587 5353 3748 5422 Quod
3795 5363 3936 5419 3183'

2303 5437 2564 5504 mentum
2614 5433 2802 5504 magis
2852 5432 3260 5504 compendiose
3312 5421 3386 5487 ab
3421 5421 3641 5487 eodem
3682 5421 3940 5504 tractatur

2300 5500 2360 5556 in
2389 5514 2457 5558 eo
2487 5490 2778 5574 paradoi'o
2816 5490 3236 5576 cujus‘lemma
3272 5506 3363 5560 est
3393 5516 3408 5556 :
3464 5512 3582 5558 "0n
3637 5503 3870 5566 αὐτάρκης
3911 5490 3941 5550 *-

2298 5578 2452 5645 ἀρετὴ
2482 5582 2599 5646 πρὸς
2633 5581 2967 5646 εὔδαιμονίὸιν.
