4012 6192
178 352 274 423 6M
1189 364 1293 425 DE
1334 365 1576 426 JACOB
1621 356 1721 426 ET
1765 365 1947 426 VlTA
1995 352 2252 427 BEATA
2295 367 2443 427 LIB.
2490 367 2538 430 ι.

3446 351 3566 438 csa

169 495 328 566 juxta
351 492 658 550 hominem
683 499 858 568 atque
901 495 1244 552 exteriorem
1305 495 1440 561 Deo,
1475 502 1540 553 ut
1597 497 1697 552 fiat
1750 497 1806 552 in
1839 500 1892 565 Α
1924 513 2035 556 mo,
2073 514 2261 569 neque
2303 498 2605 573 frangatur
2634 500 2832 557 dolore
2887 502 3164 575 corporis,
3200 503 3298 576 qui
3339 522 3400 562 se
3460 525 3560 581 po-

176 587 411 654 utroque
441 596 597 639 unus
630 583 894 656 Spiritus.

235 671 323 726 3t.
349 669 550 742 Hujus
580 671 762 745 igitur
791 672 1075 746 propositi
1104 675 1194 728 vir
1223 689 1329 730 nec
1348 673 1674 748 dispendiis
1695 674 1806 730 mi-

173 761 386 823 nuitur,
412 775 521 816 nec
552 761 813 818 adversis
843 763 1157 836 frangitur,
1184 779 1292 819 nec
1326 763 1623 837 repagulis
1653 763 1808 819 inbi-

172 851 354 915 betur,
384 865 491 906 nec
522 865 766 906 suorum
797 852 1218 908 amissionibus
1248 853 1669 909 muastificatur.
1721 851 1804 909 Ad

170 939 335 1010 cujus
367 939 840 996 informationem
870 941 1013 996 dicit
1039 941 1351 1014 Apostolus
1384 957 1398 997 :
1461 965 1488 994 ‹‹
1519 942 1807 999 Nolumus

166 1031 358 1083 autem
397 1027 668 1101 ignorare
697 1045 820 1094 vos,
879 1030 1110 1099 fratres,
1132 1030 1204 1087 de
1261 1031 1709 1099 dormientibus,
1742 1035 1808 1087 ut

162 1131 274 1172 non
306 1115 510 1173 tristes
541 1117 690 1185 sitis,
721 1117 876 1173 sicut
903 1121 961 1174 et
987 1118 1180 1174 caeteri
1212 1119 1312 1192 qui
1343 1135 1508 1192 spem
1543 1137 1660 1176 non
1701 1120 1806 1176 ha-

158 1205 298 1260 bent
329 1203 380 1276 (I
407 1205 577 1262 Thess.
611 1221 690 1274 ιν,
723 1205 834 1278 i2).
867 1229 896 1257 ι»
955 1206 1190 1263 Solutus
1236 1207 1392 1264 enim
1420 1224 1484 1265 se
1543 1225 1805 1266 resurre-

161 1293 375 1350 ctionis
405 1294 519 1350 ﬁde
547 1297 604 1350 et
633 1295 842 1350 futuris
887 1296 1376 1353 remunerationis
1430 1297 1639 1370 gratia,
1696 1313 1804 1354 nec

159 1382 367 1455 recipit
394 1399 464 1439 ea
493 1388 690 1440 mente
720 1383 1082 1451 maestitiam,
1116 1401 1232 1457 qua
1263 1385 1522 1443 adhaeret
1576 1386 1714 1455 Deo,
1749 1390 1807 1443 et

157 1471 370 1528 divinae
400 1471 748 1545 praestantiae
780 1472 893 1545 (22)
922 1473 1217 1546 voluptate
1245 1474 1493 1531 laetatur.
1548 1476 1654 1540 Qui
1703 1493 1806 1531 au-

155 1567 274 1617 tem
309 1561 693 1617 contristatur
719 1561 835 1631 his,
868 1577 983 1618 non
1016 1563 1340 1619 secundum
1371 1563 1555 1620 Deum
1587 1565 1806 1621 contri-

156 1654 369 1706 statur.
399 1651 562 1715 Quod
593 1655 788 1706 autem
819 1667 936 1708 non
967 1653 1291 1708 secundum
1325 1653 1531 1721 Deum,
1563 1653 1672 1709 hoc
1695 1653 1809 1727 ple-

158 1755 301 1795 num
335 1739 618 1795 stultitiae.
657 1746 693 1796 A
730 1741 982 1813 perfecto
1014 1741 1195 1813 igitur
1223 1742 1387 1797 abest
1416 1741 1595 1813 hujus
1635 1759 1806 1798 mun-

156 1827 213 1882 di
247 1827 644 1900 tristitia.qute
679 1843 791 1883 non
825 1829 1151 1885 secundum
1186 1834 1448 1896 Deum,et
1478 1831 1670 1886 omnis
1691 1830 1805 1886 sol-
1836 1865 1884 1930 Β

154 1915 405 1972 licitudo
435 1917 752 1988 corporalis
787 1934 1078 1973 aerumnae.
1122 1917 1472 1990 Hujusmodi
1505 1919 1659 1975 enim
1719 1919 1805 1974 in-

154 2001 419 2060 ductioni
454 2007 668 2061 mentis
697 2009 870 2079 atque
903 2006 1245 2063 substantiae
1281 2023 1398 2063 non
1458 2008 1807 2065 adnumera-

153 2101 252 2149 tur
284 2094 567 2150 habitudo
598 2096 878 2167 corporis,
911 2099 968 2150 et
1007 2096 1253 2168 quidam
1286 2096 1594 2153 exterioris
1663 2114 1810 2155 usus

156 2188 403 2253 naturae,
435 2200 569 2239 cum
600 2183 778 2240 simul
811 2185 1092 2240 adversus
1123 2184 1362 2241 delicias
1392 2187 1671 2259 corporis,
1702 2188 1812 2244 fra-

154 2272 565 2346 gilitatemque
594 2273 784 2346 ipsam
819 2277 1060 2340 naturae,
1122 2274 1423 2340 orbitates,
1480 2275 1809 2349 dispendia,

154 2361 570 2430 contumelias,
622 2361 874 2418 invictus
904 2363 1138 2419 animus
1193 2363 1544 2419 uniformem
1604 2365 1812 2422 debeat

154 2467 393 2507 servare
434 2450 826 2507 constantiam
864 2469 876 2519 ;
912 2455 978 2507 ut
1033 2467 1246 2524 corpus
1304 2451 1499 2524 ipsum
1557 2453 1807 2521 scindat,

154 2556 492 2612 sensusque
521 2544 696 2596 exuat
725 2541 940 2610 carnis,
973 2539 1074 2612 qui
1098 2539 1434 2596 beatudinis
1451 2539 1707 2612 palmam
1725 2547 1807 2598 te-

155 2645 295 2685 nere
327 2627 638 2696 desiderat,
673 2629 843 2698 cujus
875 2629 1101 2684 fructus
1131 2644 1246 2684 non
1290 2628 1350 2684 in
1383 2628 1559 2685 unius
1590 2629 1807 2701 portio-

154 2734 227 2772 ne
258 2717 364 2782 sit,
398 2716 494 2773 sed
524 2717 580 2771 in
626 2716 1042 2789 plurimarum,
1103 2721 1160 2772 et
1190 2715 1240 2772 si
1293 2716 1418 2772 fieri
1480 2722 1691 2790 potest,
1747 2720 1807 2775 in

155 2805 426 2862 omnium
457 2804 535 2862 sit
559 2805 844 2862 virtutum
878 2805 1190 2861 consortio.

226 2894 523 2950 32.Nescit
553 2894 734 2967 igitur
763 2893 1449 2966 perfectusincommoda
1478 2894 1660 2966 hujus
1682 2912 1806 2952 cor-

161 2984 339 3056 poris,
375 2987 479 3038 aut
509 2982 752 3039 adversa
781 2982 1010 3048 mundi,
1043 2999 1234 3055 neque
1281 2985 1475 3053 sentit,
1511 2985 1612 3056 qui
1671 2985 1808 3042 alie-

163 3089 301 3128 num
333 3073 407 3128 ab
438 3071 778 3142 hujusmodi
810 3077 967 3127 metu
999 3088 1072 3127 ne
1101 3072 1388 3137 occidant,
1421 3072 1686 3129 animum
1717 3090 1810 3146 ge-

169 3163 256 3217 rit.
287 3162 412 3219 Non
444 3159 602 3218 enim
633 3161 750 3216 vita
780 3161 1106 3233 perfectior,
1140 3161 1190 3216 si
1221 3161 1316 3216 his
1352 3165 1564 3229 careat,
1598 3162 1806 3218 delini-

1916 589 2030 641 tcst
2064 589 2342 641 virtutum
2376 589 2727 659 perfectione
2757 588 2953 646 solari.

1985 677 2074 734 3h.
2107 677 2309 740 Quaero
2341 677 2514 731 etiam
2551 682 2746 733 utrum
2779 677 3099 736 delectetur
3126 680 3328 738 liberis
3356 683 3384 738 Τ
3422 686 3563 750 Quis

1915 762 2072 818 istud
2107 765 2324 820 abnuat
2354 764 2381 819 ‘?
2413 766 2612 838 Neque
2642 768 2797 822 enim
2830 768 3014 823 durus
3046 774 3102 823 et
3154 771 3396 840 ferreus,
3459 776 3558 831 sed

1913 852 2204 923 perfectus
2226 852 2523 924 quaeritur.
2559 855 2778 910 Tamen
2811 855 2917 910 etsi
2951 857 3181 912 amittat
3204 859 3562 927 liberos,non

1913 940 2042 996 ideo
2071 941 2267 996 minus
2301 942 2530 1007 beatus,
2564 943 2664 1015 qui
2697 961 2812 1000 non
2845 945 2974 1000 ideo
3009 946 3206 1002 minus
3246 950 3558 1020 perlectus.

1914 1029 2074 1095 Quod
2108 1031 2262 1086 enim
2294 1032 2635 1103 perfectum,
2669 1033 2926 1090 beatum.
2963 1036 3110 1100 Quin
3151 1037 3325 1092 etiam
3359 1039 3408 1093 si
3461 1039 3570 1094 ad-'

1913 1133 2079 1174 versa
2099 1119 2324 1188 toleret,
2357 1137 2537 1193 quam
2571 1121 2618 1178 si
2670 1122 2944 1178 secundis
2977 1124 3199 1187 afﬂuat,
3233 1125 3422 1199 magis
3475 1143 3564 1182 so-

1913 1205 1996 1262 let
2023 1208 2365 1280 hujusmcdi
2397 1211 2580 1265 videri
2616 1211 2908 1283 perfectus
2942 1228 2956 1266 :
2991 1215 3261 1284 quamvis
3301 1231 3490 1288 neque
3513 1215 3563 1272 si

1913 1296 2125 1364 desint,
2160 1313 2349 1369 neque
2379 1299 2428 1353 si
2461 1299 2654 1354 adsint
2687 1305 2924 1356 externa
2955 1304 3282 1368 commoda,
3327 1309 3429 1359 aut
3468 1303 3562 1360 ιω-

1911 1389 1973 1440 ta
2003 1385 2276 1458 corporis,
2311 1387 2587 1444 decedere
2619 1389 2941 1461 quidquam
2975 1391 3172 1446 virtuti
3214 1391 3415 1460 soleat,
3473 1392 3569 1449 vel

1914 1475 2202 1531 accedere.
2241 1476 2349 1531 Sed
2400 1475 2696 1549 plerisque
2741 1483 2858 1532 tam
2908 1477 3077 1548 laudi,
3119 1480 3229 1534 fuit
3283 1479 3566 1537 tolerasse

1917 1561 2161 1618 adversa
2192 1564 2436 1630 fortiter,
2474 1580 2649 1636 quam
2683 1583 2796 1620 non
2838 1567 3114 1623 incidisse
3195 1567 3408 1624 Verum
3443 1569 3572 1624 hac

1916 1651 2107 1722 specie
2139 1651 2521 1718 zestimantur,
2551 1670 2662 1709 non
2687 1655 2958 1725 pondere.

1985 1739 2074 1794 35.
2113 1739 2257 1794 Illud
2291 1741 2666 1812 profundum,
2702 1743 2889 1796 virum
2919 1745 3152 1813 justum
3198 1745 3345 1801 nihil
3393 1747 3563 1816 velle,

1916 1827 2025 1882 nisi
2059 1827 2203 1882 illud
2235 1829 2425 1884 solum
2454 1834 2512 1884 et
2544 1831 2882 1902 praeclarum
2918 1833 3156 1901 bonum,
3183 1833 3316 1889 huic
3347 1835 3454 1891 soli
3476 1835 3565 1890 in-

1915 1917 2172 1982 tendere,
2207 1917 2314 1973 hoc
2346 1935 2528 1973 unum
2559 1918 2616 1973 in
2676 1919 2845 1975 bonis
2905 1921 3160 1978 ducere:
3221 1939 3338 1978 non
3399 1923 3560 1979 aliud

1916 2020 2049 2060 cum
2082 2004 2200 2074 illo,
2230 2007 2329 2062 sed
2359 2005 2549 2062 solum
2583 2007 2779 2079 ipsum
2811 2025 3042 2082 semper
3073 2011 3428 2083 desiderare,
3452 2012 3565 2069 hoc

1917 2093 2188 2148 delectari
2221 2112 2240 2155 ;
2273 2096 2363 2150 cui
2396 2096 2444 2150 si
2478 2096 2631 2150 aliud
2696 2097 3056 2170 adjungatur
3106 2101 3262 2171 quod
3323 2100 3568 2157 delectet

1917 2197 2074 2248 eum,
2109 2187 2174 2237 ut
2204 2189 2291 2238 est
2323 2183 2575 2239 ﬁliorum
2610 2187 2888 2246 suavitas.
2923 2203 3037 2242 non
3077 2188 3220 2243 illud
3253 2189 3562 2263 amittitur,

1919 2270 2018 2326 sed
2050 2271 2207 2326 istud
2243 2273 2604 2346 adjungitur.
2639 2274 2763 2330 Non
2797 2276 2950 2330 enim
2980 2277 3256 2333 minuunt
3285 2280 3563 2335 acceden-

1916 2360 1999 2414 tia
2029 2359 2606 2432 beatitudinem,quas
2631 2379 2842 2434 augere
2874 2381 2987 2419 non
3010 2367 3422 2439 possunt,quia
3445 2367 3563 2440 ple-

1918 2465 2060 2502 num
2093 2447 2238 2502 illud
2271 2453 2327 2503 et
2356 2448 2688 2504 inviolabile
2719 2458 2936 2516 manet,
2970 2453 3027 2507 in
3061 2455 3215 2524 quod
3241 2457 3438 2512 anima
3466 2472 3562 2513 se-

1919 2552 1980 2590 se
2012 2536 2221 2603 induit,
2247 2541 2303 2592 et
2333 2538 2422 2591 cui
2455 2554 2514 2593 se
2549 2539 2794 2594 inseruit
2825 2545 2880 2595 et
2911 2541 3145 2596 infudit.
3181 2543 3374 2599 Manet
3404 2563 3562 2600 sem-

1919 2643 2022 2697 per
2049 2626 2201 2680 inter
2230 2627 2472 2682 adversa
2502 2631 2560 2682 ct
2605 2627 2967 2684 delectabilia
3025 2631 3278 2701 perfecta
3327 2633 3512 2690 virtus
3547 2653 3559 2702 ;

1919 2731 2106 2785 neque
2137 2715 2378 2770 adversa
2407 2716 2477 2771 de
2508 2715 2862 2786 perfectione
2891 2719 3018 2788 ejus
3068 2719 3394 2792 quidquam
3453 2722 3565 2777 mi-

1919 2807 2126 2869 nuunt,
2180 2819 2366 2874 neque
2419 2803 2786 2860 delectabilia
2829 2807 3163 2879 adjungunt
3213 2810 3578 2881 perfectioni'

1917 2891 2064 2957 Quid
2097 2891 2253 2946 enim
2285 2895 2375 2947 est
2404 2893 2558 2962 quod
2591 2893 2640 2947 is
2673 2894 2771 2965 qui
2805 2895 2875 2949 ad
2911 2911 3214 2951 summum
3272 2899 3564 2962 ascendit.

1918 2984 2018 3034 aut
2047 2980 2249 3034 damni
2281 2980 2350 3036 de
2382 2980 2618 3036 caducis
2665 2983 2898 3047 sentiat,
2930 2989 3030 3039 aut
3077 2986 3510 3042 commoditatis
3537 2987 3566 3041 ‘l

1987 3069 2074 3122 36.
2110 3069 2306 3140 Neque
2333 3086 2486 3134 vero,
2513 3071 2675 3140 quod
2709 3071 3123 3143 gravissimum
3158 3075 3306 3145 apud
3351 3074 3572 3146 pleros;

1917 3172 2030 3230 que
2057 3157 2323 3225 habetur,
2358 3175 2420 3213 se
2451 3159 2729 3214 miserum
2777 3161 3024 3232 putabit,
3059 3163 3106 3217 si
3161 3163 3218 3216 in
3271 3165 3566 3235 captivita-

167 3256 277 3319 tur,
303 3251 402 3308 sed
436 3250 487 3306 si
517 3251 634 3306 ista
661 3254 1012 3306 contemnat.
1049 3253 1196 3305 Nam
1229 3251 1278 3305 si
1309 3249 1393 3305 ita
1443 3251 1804 3320 deﬁniretur,
1839 3235 1880 3301 C
1919 3252 2035 3302 tem
2058 3246 2146 3303 vel
2174 3247 2297 3318 ipse
2318 3247 2532 3314 veniat,
2559 3247 2646 3303 vel
2669 3249 2798 3320 ejus
2827 3249 2950 3304 lilii.
2975 3250 3100 3306 Non
3121 3250 3563 3307 enimintolera-

170 3344 228 3394 ut
255 3357 321 3396 ea
345 3341 502 3396 esset
530 3340 701 3394 beata
755 3338 895 3406 vita,
957 3348 1086 3410 quae
1117 3339 1188 3394 ab
1239 3338 1582 3410 hujusmodi
1630 3342 1810 3397 cassi-

169 3428 274 3485 bus
301 3444 506 3501 expers
534 3441 836 3500 vacuaque
879 3427 1123 3500 reperiri
1180 3431 1396 3499 posset,
1458 3428 1664 3500 utique
1718 3429 1811 3484 his

169 3517 570 3574 accedentibus
599 3533 717 3572 non
749 3520 946 3589 posset
979 3516 1184 3572 beatus
1214 3515 1428 3587 aliquis
1450 3515 1698 3572 deﬁniri.
1730 3517 1812 3574 Ea

171 3605 342 3679 igitur
369 3609 736 3679 sequestrata
776 3609 935 3670 sunt,
971 3609 1028 3661 et
1059 3604 1170 3660 hoc
1216 3603 1408 3660 solum
1442 3605 1501 3660 in
1556 3605 1809 3661 mstima-

169 3694 322 3752 tione
350 3696 534 3752 beata
564 3694 694 3750 vita:
737 3697 825 3751 est.
863 3693 1238 3765 requisitum,
1274 3697 1338 3748 ut
1390 3709 1504 3748 non
1565 3694 1623 3748 in
1679 3694 1811 3774 aliis

168 3784 263 3839 sed
291 3786 345 3839 in
372 3781 747 3856 possessione
768 3783 887 3837 veri
917 3786 972 3837 et
988 3781 1122 3838 boni
1146 3781 1416 3853 (23),ejus
1446 3781 1704 3838 definitio
1726 3788 1810 3839 te-

167 3877 397 3929 neretur
430 3891 444 3936 ;
481 3870 758 3944 quoniam
791 3870 890 3942 qui
939 3869 999 3924 id
1049 3869 1245 3938 habet,
1304 3870 1537 3940 despuit
1586 3875 1808 3938 czetera,

167 3969 264 4016 nec
295 3960 562 4033 requirit.

758 4063 989 4120 CAPUT
1028 4063 1175 4118 VIII.

159 4155 506 4228 Sapientiam
539 4156 618 4228 ita
646 4152 910 4228 delectari
943 4154 1183 4228 sanitate
1237 4155 1498 4228 corporis
1532 4155 1629 4208 aut
1673 4152 1806 4207 libe-

217 4223 326 4292 ris,
358 4231 422 4282 ut
449 4227 499 4281 si
528 4225 625 4281 illo
645 4227 879 4292 amittat,
910 4239 1040 4279 nam
1074 4223 1192 4279 ideo
1247 4223 1431 4279 minus
1481 4223 1704 4280 beatum
1754 4239 1810 4279 sc

215 4303 375 4370 puta
396 4313 424 4370 ’7;
443 4313 573 4352 cum
601 4304 806 4368 praeter
832 4311 1110 4350 summum
1139 4295 1362 4370 bonum
1395 4296 1541 4370 nihil
1593 4297 1806 4370 cupiat.

223 4367 498 4428 Humilem
523 4367 648 4438 ergo
677 4384 844 4423 suam
863 4383 928 4421 ac
963 4382 1190 4438 suorum
1217 4368 1608 4438 captivitatem,
1643 4367 1808 4438 inﬁr-

224 4444 454 4498 mitates
484 4437 861 4511 corporeasac
883 4447 1092 4511 caeteri
1113 4437 1341 4511 adversa
1371 4454 1480 4493 non
1537 4437 1811 4511 fumida-

224 4529 307 4582 re,
367 4509 510 4582 quod
575 4508 674 4565 nec
731 4509 845 4564 illis
877 4508 1160 4582 beatudini
1189 4509 1485 4580 quidquam
1509 4508 1808 4578 adimatur,

225 4581 326 4638 nec
356 4581 658 4654 adjiciatur
680 4581 980 4652 prosperis.

223 4673 316 4727 33.
348 4671 555 4736 Quzero
583 4686 739 4725 nunc
769 4673 964 4724 utrum
997 4668 1232 4741 sapiens
1278 4667 1596 4724 delectetur
1652 4667 1806 4723 sani-

154 4765 271 4816 tate
305 4758 567 4832 c-orporis
595 4757 625 4813 τ
650 4757 874 4830 Negare
908 4773 1023 4813 non
1055 4771 1374 4828 possumus
1401 4756 1556 4828 quod
1617 4755 1805 4811 delec-

152 4853 316 4905 tetur
344 4848 673 4905 secundum
698 4850 990 4913 naturam,
1013 4849 1068 4901 et
1089 4843 1368 4900 libentius
1415 4844 1664 4916 accipiat
1689 4861 1806 4901 non

148 4938 374 5006 dolere,
400 4934 644 5008 aliquid,
671 4951 850 5006 quam
872 4934 1067 4990 dolere
1091 4951 1104 5002 ;
1129 4932 1244 4988 nisi
1268 4933 1412 4989 forte
1434 4949 1537 5006 pro
1576 4933 1805 4990 Christo

146 5043 260 5098 pro
299 5025 493 5098 quo,si
546 5040 724 5080 causa
774 5027 992 5095 poscat,
1041 5027 1098 5078 et
1145 5021 1504 5078 debilitatem
1549 5023 1806 5094 corporis

145 5119 430 5188 prompte
447 5113 719 5186 accipiat,
741 5117 798 5169 et
817 5112 971 5168 456
989 5115 1178 5167 totum
1202 5127 1414 5183 corpus
1436 5128 1611 5167 suum
1630 5111 1807 5167 morti

146 5205 381 5260 offerat.
417 5203 579 5259 Idem
620 5207 817 5257 tamen
878 5201 1056 5256 etiam
1115 5203 1325 5271 praeter
1379 5216 1618 5256 causam
1671 5199 1806 5256 fidei

146 5297 334 5366 atque
358 5290 624 5363 justitia,
655 5290 708 5348 si
739 5289 890 5347 desit
919 5288 1164 5358 sanitas,
1197 5304 1312 5345 non
1361 5288 1654 5348 afficiatur
1687 5288 1809 5344 ani-

218 5480 342 5552 (22)
369 5479 762 5552 Editxomnes
792 5493 860 5533 ac
886 5475 1060 5552 pauci
1109 5492 1280 5546 mss.,
1311 5477 1362 5552 et
1409 5474 1615 5552 divinae
1661 5492 1808 5552 prac-

144 5547 364 5618 sema,
397 5555 509 5607 etc.
538 5549 682 5608 Mss.
715 5565 853 5606 vero
883 5547 1086 5624 plures
1116 5565 1184 5607 ac
1229 5547 1614 5620 probatiores,
1644 5547 1696 5603 et
1721 5547 1806 5602 di-

147 5627 305 5681 vinae
331 5624 686 5681 miantiav.
720 5626 828 5678 etc.

220 5690 362 5773 (23).
397 5694 540 5756 Mss.
571 5692 841 5756 nonnulli
871 5695 929 5754 et
957 5691 1095 5754 edit.
1127 5703 1353 5765 omnes,
1387 5690 1450 5750 in
1471 5690 1808 5767 possessione

1839 4601 1886 4666 D

1920 3334 2116 3390 biliter
2145 3335 2288 3390 feret
2317 3336 2469 3407 quod
2507 3336 2680 3392 habet
2711 3342 2939 3405 natura,
2973 3338 3059 3394 vel
3120 3340 3274 3411 quod
3335 3340 3567 3395 videtur

1923 3424 2186 3479 Domino.
2222 3424 2482 3494 Denique
2505 3426 2706 3493 justus
2737 3426 2881 3481 dixit
2915 3442 2927 3482 :
2966 3449 2993 3477 «
3039 3428 3264 3483 Bonum
3324 3429 3562 3484 verbum

1919 3514 2074 3584 quod
2107 3512 2339 3567 locutus
2361 3517 2449 3567 est
2493 3513 2776 3569 Dominus
2807 3516 2899 3585 (IV
2949 3519 3075 3586 Reg.
3109 3534 3203 3582 xx,
3261 3518 3370 3589 49).
3409 3540 3436 3567 ››
3497 3519 3568 3574 Et

1919 3601 2066 3656 dixit
2100 3618 2111 3655 :
2148 3622 2175 3650 «
2213 3601 2336 3656 Fiat
2365 3618 2477 3672 pax
2510 3605 2567 3656 et
2599 3602 2743 3657 fides
2773 3603 2831 3657 in
2865 3604 3073 3660 diebus
3101 3607 3248 3661 meis
3289 3606 3493 3678 (Ibid).
3532 3629 3559 3656 ››

1919 3690 2045 3745 Non
2065 3689 2263 3761 utique
2287 3690 2488 3759 justus
2518 3690 2627 3744 iste
2657 3691 2932 3748 Ezechias
2962 3693 3019 3747 in
3053 3693 3203 3750 filios
3261 3695 3565 3751 deﬂexisse

1919 3793 2248 3833 aerumnam
2281 3776 2642 3848 captivitatis
2671 3777 3114 3848 gratulabatur:
3149 3781 3250 3836 sed
3281 3781 3564 3837 voluntati

1925 3866 2148 3923 Domini
2173 3865 2404 3921 obviare
2435 3882 2550 3920 non
2585 3870 2828 3938 poterat,
2864 3871 2922 3921 et
2948 3867 3076 3922 ideo
3109 3869 3390 3924 mandata
3435 3873 3564 3940 ejus

1919 3954 2326 4027 aequanimiter
2355 3953 2713 4024 suscipiebat
2736 3959 2796 4008 ut
2827 3954 3365 4010 scrvulus.Accedit
3396 3956 3560 4025 illud,

1919 4044 2072 4116 quod
2105 4043 2392 4098 castimare
2424 4046 2647 4114 poterat
2675 4059 2845 4114 posse
2875 4047 2933 4098 et
2959 4041 3018 4098 in
3064 4045 3393 4115 captivitate
3450 4061 3564 4100 me-

1919 4133 2095 4187 ritum
2127 4132 2382 4188 eminere
2412 4132 2665 4187 virtutis.
2700 4132 2900 4203 Neque
2928 4132 3084 4188 enim
3117 4134 3313 4188 minus
3359 4135 3563 4189 beatus

1920 4221 2206 4277 Jeremias
2238 4221 2296 4276 in
2321 4220 2875 4292 captivitate,minus
2905 4222 3080 4276 etiam
3115 4222 3340 4292 Daniel,
3366 4223 3564 4279 minus

1917 4311 2152 4378 Esdras,
2195 4309 2393 4365 minus
2445 4309 2597 4364 beati
2628 4311 2906 4370 Ananias.
2941 4311 3174 4366 Azarias
3222 4317 3280 4366 et
3337 4311 3562 4379 Misael,

1919 4416 2097 4472 quam
2129 4399 2177 4455 si
2208 4399 2265 4453 in
2298 4397 2692 4470 captivitatem
2725 4415 2840 4453 non
2874 4398 3236 4466 incidissent,
3274 4416 3405 4456 cum
3439 4401 3567 4458 ideo

1919 4490 1977 4544 in
2002 4487 2396 4560 captivitatem
2419 4486 2578 4541 ducti
2610 4486 2747 4554 sint,
2779 4490 2844 4542 ut
2904 4488 3117 4559 populo
3148 4493 3206 4544 et
3259 4490 3570 4561 prasentia

1918 4579 1978 4634 in
2005 4575 2337 4649 captivitate
2369 4574 2576 4629 solatia
2607 4578 2663 4629 et
2693 4590 2856 4645 spem
2875 4576 3181 4632 evadendas
3215 4579 3567 4650 captivitatis

1918 4667 2188 4722 afferrent
2211 4663 2472 4718 .Pertecti
2503 4662 2657 4716 enim
2689 4668 2774 4716 est
2804 4663 2909 4717 viri
2945 4666 3424 4722 communitatem
3458 4684 3567 4722 na-

1919 4761 2061 4810 tura:
2094 4757 2424 4807 sustentare
2454 4750 2633 4805 animi
2662 4751 2875 4806 virtute
2907 4754 3041 4823 (24),
3098 4760 3154 4809 et
3210 4755 3282 4809 ad
3326 4754 3567 4809 meliora

1919 4845 2227 4908 adducere,
2263 4856 2367 4894 nec
2399 4840 2781 4895 succumbere
2807 4840 2880 4896 iis
2910 4858 3038 4913 qua;
3073 4842 3366 4914 plerisque
3398 4842 3564 4896 terri-

1919 4931 2060 4987 bilia
2088 4934 2147 4986 et
2167 4927 2546 4984 formidolosa
2589 4928 2864 4984 videntur
2925 4931 3072 4996 ;sed
3126 4930 3293 5001 quasi
3356 4931 3566 4984 fortem

1920 5021 2164 5075 militem
2198 5017 2678 5090 gravissimorum
2711 5034 2950 5073 casuum
3017 5017 3307 5072 sustinere
3362 5017 3563 5071 incur-

1918 5126 2039 5173 sus,
2075 5107 2379 5164 conflictus
2413 5106 2628 5171 subire,
2661 5110 2718 5160 et
2748 5107 2917 5177 quasi
2977 5106 3289 5177 providum
3346 5105 3560 5177 guber-

1918 5201 2178 5254 natorem
2203 5211 2406 5251 navem
2427 5195 2487 5250 in
2513 5198 2859 5266 tempestate
2888 5210 3102 5267 regere,
3149 5198 3323 5266 atque
3363 5209 3562 5249 occur-

1915 5287 2094 5343 rendo
2124 5283 2567 5356 insurgentibus
2596 5282 2892 5349 fluctibus;
2911 5281 3098 5353 magis
3129 5283 3311 5337 vitare
3333 5281 3564 5338 naufra-

1917 5474 2034 5529 veri
2063 5473 2210 5537 bom‘,
2236 5469 2346 5525 Alii
2377 5485 2614 5524 mss.....
2645 5467 2763 5522 veri
2793 5468 2940 5535 boni,
2975 5472 3082 5524 etc.

1989 5545 2100 5626 (24)
2127 5543 2243 5626 Hoc
2276 5544 2384 5610 est,
2407 5539 2706 5626 perfectus
2736 5539 2823 5626 vir
2842 5539 3109 5626 homines
3131 5540 3394 5626 ejusdem
3427 5559 3558 5626 p91».

1916 5610 2120 5675 ticiues
2150 5617 2372 5670 naturae
2404 5610 2464 5667 in
2495 5610 2907 5667 communibus
2937 5610 3370 5672 calamitatibus
3403 5610 3560 5675 sola-

1920 5688 1969 5747 ri
1999 5682 2172 5748 debet
2199 5688 2374 5762 atque
2403 5683 2476 5745 ad
2505 5682 2896 5745 constantiam
2925 5684 3193 5746 excitare.
