4122 6146
577 289 695 351 643

2028 282 2093 342 S.
2141 280 2519 344 AMBROSII

3780 294 3879 357 θα

578 423 737 494 gium
769 417 1050 474 sulcando
1082 416 1290 481 undas,
1322 430 1500 487 quam
1532 411 1899 469 declinando.
1935 412 2058 467 Non
2110 411 2215 466 iste
2244 414 2299 479 Α
2328 416 2564 487 primat,
2586 432 2733 486 quas
2753 415 3008 472 habeant
3039 417 3109 472 de
3135 416 3515 489 periculorum
3540 420 3876 496 sollicitudine,

576 510 636 565 in
658 505 1068 580 persecutione
1099 505 1364 576 pavidus,
1400 520 1513 558 non
1538 502 1595 557 in
1626 502 1935 557 tormentis
1968 500 2217 567 mollior,

576 613 648 652 ne
676 598 1048 666 torquentem
1079 593 1225 650 457
1256 596 1556 664 exasperet
1585 592 1718 663 (25),
1750 591 1849 647 sed
1882 589 2051 662 quasi
2086 589 2220 645 ath-

571 686 687 742 leta
704 683 994 756 fortis,qui
1013 682 1361 755 repercutiat
1386 682 1787 737 verberantem
1810 679 1857 735 si
1880 697 1995 735 non
2023 679 2217 745 cedis,

577 777 729 832 certe
761 772 1048 829 sermonis
1080 770 1307 843 ﬂagello
1342 789 1355 839 ;
1390 770 1492 843 qui
1521 770 1835 826 metuenda
1874 768 2079 825 multis
2100 773 2219 823 tor-

575 867 771 920 menta
801 859 1307 933 despiciat.dicens
1337 876 1349 914 :
1385 882 1411 908 ‹‹
1444 859 1680 931 Sagittae
1712 858 2024 913 infantium
2058 857 2218 913 factae

576 955 714 1010 sunt
743 950 925 1023 plagae
957 966 1158 1005 eorum
1190 949 1361 1020 (Paul.
1396 966 1549 1015 LXIII,
1583 948 1637 1019 8)
1675 966 1688 1015 ;
1726 971 1745 995 η
1782 948 1879 1019 qui
1907 964 2039 1002 cum
2081 964 2219 1018 gra-

570 1038 811 1096 vissimo
841 1038 977 1093 licet
1004 1037 1203 1093 dolore
1236 1037 1511 1107 luctetur,
1546 1053 1651 1091 nec
1700 1053 1763 1092 se
1819 1034 2218 1091 miserabilem

572 1128 823 1200 prebeat
857 1146 870 1194 ;
905 1128 1006 1182 sed
1040 1128 1308 1182 ostendat
1337 1131 1619 1197 tanquam
1650 1126 1709 1180 in
1742 1124 1970 1180 laterna
1991 1123 2215 1191 lumen,

571 1217 746 1273 etiam
777 1216 932 1271 inter
960 1232 1195 1287 asperas
1226 1214 1512 1287 procellas
1536 1218 1592 1270 et
1620 1214 1996 1285 gravissimos
2045 1213 2219 1268 ﬂatus

575 1322 742 1363 suam
774 1304 986 1370 lucere,
1021 1321 1123 1361 nec
1152 1304 1444 1376 exstingui
1474 1319 1645 1375 posse
1677 1302 1857 1358 animi
1914 1302 2212 1357 virtutem.

571 1396 694 1451 Non
718 1395 827 1451 iste
854 1395 912 1449 in
947 1410 1190 1450 suorum
1223 1393 1456 1464 injuriis
1488 1391 1703 1457 mollis,
1754 1408 1857 1446 nec
1888 1392 1960 1445 de
2018 1390 2216 1462 sepul-

570 1484 710 1540 chro
743 1484 1028 1539 sollicitus
1057 1483 1147 1539 sui
1180 1482 1460 1553 corporis,
1493 1481 1585 1536 cui
1619 1482 1767 1536 sciat
1796 1480 2005 1535 ccelum
2045 1480 2216 1535 debe-

570 1574 652 1629 ri:
689 1590 801 1629 non
823 1573 880 1627 in
905 1573 1239 1643 captivitate
1271 1571 1462 1626 civica:
1486 1569 1672 1643 plebis
1697 1570 1994 1639 abjectior,
2022 1569 2118 1624 sed
2146 1569 2219 1624 si-

561 1663 745 1735 judex
793 1678 1051 1728 severus,
1116 1659 1446 1716 inﬁdelium
1508 1659 1815 1731 perﬁdiam
1876 1674 2220 1729 erroresque

2331 504 2537 559 mortis
2567 505 2797 572 timore,
2831 505 3089 578 corporis
3119 506 3451 564 infirmitate
3478 526 3493 576 ;
3523 510 3660 567 458
3708 517 3766 568 ut
3807 515 3882 571 do-

2329 596 2457 649 ceat
2486 592 2726 649 dissolvi
2756 611 3015 667 corpore,
3046 602 3105 651 et
3134 612 3262 653 esse
3311 613 3441 652 cum
3468 597 3696 661 ,Christo
3744 602 3882 659 multo

2329 682 2544 739 melius
2578 701 2591 751 ;
2624 687 2689 738 ut
2717 683 2985 739 ostendat
3016 684 3156 755 quia
3184 684 3540 756 operationes
3590 704 3694 743 non
3738 689 3887 762 impe-

2331 773 2575 828 diuntur
2605 771 3004 829 debilitatibus
3033 774 3312 846 corporis,
3340 775 3439 831 sed
3470 779 3767 849 augentur;
3814 794 3887 834 ne-

2330 879 2441 935 que
2474 861 2781 932 splendore
2811 862 3040 935 generis
3069 867 3172 918 aut
3201 863 3639 935 propinquorum
3683 866 3889 923 subsidi-

2328 951 2401 1015 is,
2436 954 2539 1005 aut
2594 949 2823 1021 opibus,
2880 951 2982 1006 sed
3040 951 3189 1007 bono
3246 954 3670 1009 commendatur
3713 955 3890 1012 atiectn.

2327 1039 2528 1111 Neque
2558 1038 2713 1094 enim
2746 1038 2945 1094 minus
2978 1040 3185 1095 beatus
3240 1040 3429 1096 Helias
3480 1058 3646 1113 quam
3695 1043 3892 1115 Moyses,

2329 1145 2465 1183 cum
2497 1127 2642 1183 alter
2670 1126 2782 1181 cibi
2815 1126 3116 1200 indignus,
3150 1127 3419 1184 melotide
3447 1127 3563 1194 vili,
3615 1130 3728 1186 sine
3774 1132 3892 1199 ﬁliis,

2330 1218 2457 1272 sine
2488 1221 2750 1287 sumptu,
2785 1215 2913 1271 sine
2942 1216 3172 1284 comite,
3207 1216 3351 1272 alter
3379 1217 3575 1289 populi
3600 1219 3797 1285 ductor,
3830 1219 3896 1274 ιε-

2326 1311 2423 1362 tus
2456 1305 2673 1371 sobole,
2707 1305 3042 1360 succinctus
3072 1305 3577 1377 potentia,diverso
3605 1322 3787 1378 genere
3808 1324 3898 1362 me-

2330 1396 2511 1450 ritum
2544 1393 2764 1465 aequale
2796 1393 3186 1464 fundaverint,
3218 1398 3370 1450 sicut
3418 1395 3476 1449 in
3527 1394 3802 1468 Evangelia
3825 1396 3897 1451 de-

2330 1483 2616 1538 claratum
2648 1486 2755 1548 est,
2790 1483 3026 1553 quando
3056 1499 3189 1537 cum
3222 1482 3468 1538 Domino
3496 1483 3632 1539 Jesu
3657 1483 3712 1539 in
3753 1500 3902 1539 resur-

2330 1570 2605 1627 rectionis
2632 1569 2820 1643 gloria
2850 1571 3202 1627 refulserunt
3232 1571 3440 1641 (Matth.
3498 1589 3626 1638 xvn,
3671 1573 3737 1643 3).
3771 1572 3903 1628 Video

2327 1663 2426 1714 tur
2456 1660 2613 1714 enim
2647 1675 2844 1731 parem
2874 1659 2966 1713 his
2997 1659 3164 1730 quasi
3197 1659 3436 1731 paribus
3466 1658 3655 1731 gloriae
3685 1676 3786 1715 suae
3819 1664 3907 1714 tes-

571 1752 991 1818 condemnans,
1014 1755 1078 1804 ut
1107 1749 1309 1804 Daniel
1342 1749 1442 1820 qui
1475 1748 1848 1803 sacerdotum
1882 1748 2034 1801 furta
2082 1764 2218 1818 pro-
2252 1778 2299 1843 B
2328 1749 2489 1804 tibus
2521 1748 2753 1803 dedisse
2788 1747 3135 1802 mercedem.
3170 1748 3285 1803 Nec
3343 1748 3541 1803 minus
3588 1748 3773 1803 beatus
3818 1746 3909 1801 Eli-

569 1840 833 1906 debat,et
864 1838 1311 1910 superstitiones
1342 1853 1543 1891 eorum
1578 1836 1992 1907 redarguebat,
2017 1840 2216 1891 osten-

567 1929 712 1983 dens
744 1926 906 1982 nulla
937 1926 1174 1981 veritate
1206 1925 1508 1992 subnixas,
1536 1925 1636 1981 sed
1669 1924 1974 1980 fraudibus
2004 1926 2218 1981 adum-

566 2018 786 2072 bratas.
814 2014 974 2071 Talis
1003 2014 1090 2069 vir
1120 2020 1415 2087 postremo
1448 2018 1537 2069 est
1595 2014 1908 2086 perfectus,
1943 2013 2043 2085 qui
2100 2031 2222 2069 om-

568 2122 672 2161 nes
704 2104 845 2161 velit
875 2105 1022 2159 bene
1061 2102 1525 2175 agere,nihilque
1557 2102 1786 2175 culpam
1811 2103 2072 2158 accidere
2096 2120 2216 2158 ma-

566 2194 606 2249 li
642 2212 654 2261 ;
687 2198 743 2250 et
764 2194 812 2250 si
838 2197 1044 2265 praeter
1072 2191 1431 2247 voluntatem
1457 2192 1584 2262 ejus
1620 2191 1912 2247 acciderit.
1972 2191 2093 2262 ipse
2127 2196 2216 2247 ta-

566 2298 699 2337 men
731 2283 801 2337 de
833 2281 1067 2353 propria
1098 2280 1455 2334 beatitudine
1491 2279 1632 2334 nihil
1676 2280 1927 2334 amittat.

634 2371 725 2427 37.
758 2371 865 2425 Sed
899 2370 1045 2425 forte
1076 2368 1291 2439 aliquis
1349 2374 1513 2439 putet
1565 2369 1973 2437 mgritudinem
2036 2373 2211 2440 atque

576 2458 1039 2516 imbecillitatem
1072 2457 1333 2529 corporis
1366 2457 1781 2529 impedimento
1808 2474 1935 2512 esse
1974 2458 2045 2512 ad
2088 2475 2217 2529 per-

570 2549 837 2605 fectionis
868 2563 1087 2603 munus
1114 2547 1503 2618 implendum,
1537 2564 1602 2602 eo
1631 2547 1784 2618 quod
1818 2563 1931 2601 non
1994 2546 2220 2617 possint

575 2638 645 2694 ad
678 2654 853 2709 opera
882 2653 1167 2691 manuum
1198 2635 1321 2691 ulla
1350 2637 1619 2706 factaque
1651 2635 1980 2706 procedere.
2005 2634 2216 2689 Verum

564 2744 633 2782 ea
669 2727 1000 2797 sibijustus
1025 2724 1447 2795 impedimento
1474 2740 1604 2778 esse
1636 2740 1750 2777 non
1784 2722 1996 2777 sentiet
2030 2738 2042 2777 :
2101 2722 2217 2777 imo

570 2815 747 2870 etiam
774 2830 910 2869 eum
936 2811 1036 2884 qui
1067 2828 1135 2866 ea
1193 2811 1610 2866 miserabiliter
1638 2810 1866 2875 defleat,
1924 2810 2215 2881 corripiet,

566 2908 623 2957 et
652 2901 824 2973 quasi
858 2902 1134 2971 ignavum
1168 2902 1394 2970 arguet,
1428 2899 1583 2970 quod
1642 2897 1776 2969 plus
1837 2898 1896 2952 in
1958 2900 2217 2970 corporis

569 3007 681 3044 usu
711 3005 888 3060 quam
923 2988 979 3041 in
1015 2986 1197 3041 animi
1258 2986 1466 3041 virtute
1524 2986 1884 3053 constituat;
1943 2989 2096 3058 quod
2151 3005 2218 3043 ea

568 3077 784 3148 quibus
815 3076 1047 3140 serviat,
1083 3075 1395 3139 desideret,
1443 3091 1577 3130 cum
1608 3074 1819 3130 habeat
1876 3077 2029 3147 quod
2086 3076 2217 3132 aliis

2330 1853 2483 1893 saeus
2514 1853 2691 1908 quam
2724 1836 2926 1903 David,
2959 1852 3093 1891 cum
3123 1835 3271 1891 alter
3303 1834 3560 1907 regibus,
3592 1834 3723 1891 alter
3770 1833 3910 1906 regali

2325 1930 2609 1998 potestate
2641 1923 3296 1997 przeditus,prophetica
3316 1924 3777 1980 sanctiﬁcationis
3791 1922 3909 1979 haud

2328 2015 2626 2086 disparem
2659 2013 2779 2070 sint
2807 2013 3000 2084 adepti
3034 2013 3307 2085 gratiam.

2398 2105 2485 2157 39.
2521 2102 2669 2169 Quid
2702 2101 2858 2158 enim
2889 2102 3053 2158 deest
3082 2101 3132 2157 ei
3162 2101 3263 2173 qui
3297 2101 3444 2157 illud
3506 2102 3714 2158 bonum
3766 2100 3915 2173 possi-

2327 2193 2441 2257 det,
2471 2196 2528 2248 et
2559 2191 2733 2246 habet
2765 2190 2877 2246 sibi
2910 2206 3143 2263 semper
3171 2191 3450 2253 comitem
3479 2190 3793 2261 sociamque
3829 2187 3913 2241 vir-

2326 2286 2508 2337 tutem
2540 2280 2567 2335 ?
2599 2281 2659 2335 In
2693 2296 2806 2351 quo
2839 2282 2997 2335 statu
3031 2295 3149 2335 non
3180 2278 3681 2351 potentissimus?
3723 2278 3779 2333 In
3829 2291 3915 2347 qua

2326 2372 2605 2441 pauperte
2637 2384 2751 2423 non
2784 2366 2947 2423 dives
2970 2368 2998 2422 ‘I
3046 2367 3107 2421 In
3144 2383 3262 2439 qua
3318 2367 3556 2439 generis
3618 2363 3919 2439 ignobilitate

2327 2474 2442 2513 non
2474 2457 2666 2513 clarus
2697 2456 2724 2510 ‘?
2755 2456 2816 2512 In
2850 2458 2966 2527 quo
2997 2456 3115 2512 otio
3140 2473 3253 2511 non
3301 2455 3637 2512 laboriosus
3662 2456 3689 2509 ?
3737 2454 3794 2510 In
3838 2466 3925 2521 qua

2329 2546 2625 2601 debilitate
2640 2561 2753 2600 non
2785 2549 3025 2616 vegetus
3050 2544 3078 2599 ?
3111 2545 3172 2600 In
3204 2562 3326 2616 qua
3351 2544 3691 2599 inﬁrmitate
3720 2558 3819 2597 non
3836 2539 3922 2595 for-

2331 2635 2408 2689 tis
2437 2634 2465 2688 ?
2496 2636 2557 2690 In
2591 2651 2708 2706 qua
2730 2633 2921 2689 somni
2955 2632 3148 2705 quiete
3172 2633 3628 2705 feriatus,quem
3660 2631 3815 2688 etiam
3832 2626 3928 2700 qni-

2332 2726 2623 2778 escentem
2644 2722 2831 2777 virtus
2862 2722 3098 2794 propria
3128 2739 3244 2778 non
3278 2721 3565 2794 relinquit
3587 2720 3615 2775 ?
3645 2720 3702 2775 In
3730 2734 3827 2790 qua
3847 2730 3917 2770 so-

2330 2811 2578 2867 litudine
2609 2828 2723 2867 non
2757 2811 3031 2883 stipatus,
3065 2826 3241 2883 quem
3271 2812 3396 2866 vita
3424 2812 3598 2866 beata
3633 2804 3927 2868 circumdat,

2327 2916 2502 2971 quem
2535 2900 2708 2956 vestit
2735 2900 2939 2971 gratia,
2972 2916 3149 2973 quem
3178 2899 3379 2973 gloria:
3422 2900 3672 2956 amictus
3696 2889 3928 2951 illustrat?

2329 2988 2454 3043 Non
2489 2989 2687 3044 minus
2716 2989 2891 3044 etiam
2941 2989 3184 3057 otiosus,
3248 3006 3436 3061 quam
3495 3003 3631 3045 cum
3685 2986 3927 3057 operatur.

2329 3077 2536 3132 beatus
2569 3094 2581 3144 ;
2619 3093 2721 3133 nec
2751 3077 2949 3133 minus
2978 3078 3302 3145 dormiens,
3339 3094 3526 3150 quam
3557 3074 3808 3147 vigilans,
3841 3067 3930 3141 glo-

568 3166 984 3239 possitjubere
1020 3183 1031 3219 :
1068 3164 1224 3235 quod
1258 3164 1316 3217 in
1352 3167 1695 3234 paupertate
1726 3164 2092 3233 ingemiscat,
2116 3166 2216 3236 qui
2250 3145 2293 3210 Ο
2332 3165 2545 3233 riosus,
2582 3168 2720 3238 quia
2746 3183 2861 3222 non
2894 3166 3094 3222 minus
3123 3145 3454 3234 dormiens,
3496 3145 3672 3238 quam
3717 3175 3834 3217 cum
3871 3154 3932 3209 vi-

570 3254 758 3327 magis
790 3253 975 3326 possit
1030 3268 1211 3323 supra
1241 3252 1446 3306 mundi
1479 3268 1617 3323 opes
1650 3268 1777 3307 esse
1812 3270 1824 3317 ;
1859 3252 2011 3307 ﬁdeli
2061 3254 2217 3310 enim

567 3349 725 3400 totus
756 3342 1013 3397 mundus
1039 3340 1374 3395 divitiarum
1406 3344 1495 3395 est
1528 3357 1540 3395 :
1586 3340 1742 3411 quod
1794 3340 2217 3412 ignobilitatem

568 3433 777 3488 defleat
807 3430 907 3501 qui
936 3429 1146 3485 debeat
1177 3429 1472 3500 despicere
1503 3430 1692 3500 regias
1734 3434 2071 3500 potestates,
2127 3432 2220 3486 di-

564 3520 781 3575 vitibus
811 3524 867 3573 et
900 3518 1241 3590 potentibus
1271 3516 1581 3588 imperare.
1621 3518 1747 3572 Hzec
1778 3517 1932 3573 enim
1964 3518 2217 3590 vitajus-

566 3610 631 3676 ti,
664 3607 763 3680 qui
792 3607 968 3661 etiam
1003 3623 1151 3678 quas
1214 3606 1430 3660 habeat
1488 3606 1813 3677 facultates,
1875 3624 2218 3667 communes

566 3696 856 3753 aestimare
887 3696 1133 3750 debeat:
1165 3695 1282 3751 imo
1313 3696 1489 3750 etiam
1514 3695 1787 3767 inopibus
1815 3696 2217 3765 dividere,dis-

568 3801 816 3859 pensare
846 3784 1221 3856 pauperibus,
1272 3783 1526 3839 recidere
1576 3783 1901 3855 voluptates
1933 3788 2065 3857 (26),
2127 3791 2216 3843 te-

568 3891 750 3930 nuare
791 3877 1121 3945 sumptum,
1182 3871 1459 3927 adhibere
1516 3872 1939 3943 pareimoniam
1995 3881 2216 3947 tempe-

568 3962 788 4029 rantiae,
822 3962 1197 4017 sobrietatem
1257 3964 1454 4015 tenere
1513 3960 1572 4014 in
1632 3961 1945 4033 prosperis,
1991 3965 2213 4035 patien-

520 4070 533 4073 -
567 4051 710 4106 tiam
744 4050 803 4103 in
834 4048 1116 4118 adversis,
1149 4049 1208 4102 in
1239 4047 1436 4103 dolore
1458 4046 1847 4118 tolerantiam,
1911 4052 2215 4122 magnani-

568 4140 834 4195 mitatem
863 4137 923 4193 in
955 4136 1252 4209 periculis,
1288 4136 1559 4192 sanitatis
1591 4143 1877 4210 perpetua:
1907 4149 2037 4196 vota
2085 4159 2213 4198 nes-

569 4229 705 4296 cire,
741 4225 948 4281 mortis
977 4224 1342 4280 imminentis
1374 4229 1594 4281 terrore
1636 4244 1749 4282 non
1805 4230 2058 4298 concuti,
2123 4248 2217 4288 ne-

571 4333 681 4388 que
712 4331 846 4371 eum
879 4315 1345 4387 praestantiorem
1379 4320 1608 4385 putare,
1635 4316 1728 4370 cui
1760 4318 2085 4373 secundum
2119 4337 2215 4376 na-

568 4409 764 4459 turam
793 4401 979 4465 liberi,
1015 4402 1350 4474 propinqui,
1395 4402 1732 4471 salubritas,
1764 4402 1984 4473 laetitia,
2044 4409 2212 4465 afflu-

2334 3254 2500 3326 gilat,
2527 3254 2842 3311 incolumis
2871 3259 2928 3311 et
2958 3272 3142 3311 sanus
3173 3260 3284 3312 est.
3349 3255 3601 3322 Quando
3657 3254 3832 3308 autem
3875 3244 3938 3298 fe-

2329 3343 2515 3398 riatus
2546 3343 2726 3399 videri
2759 3347 2972 3415 potest,
3004 3346 3176 3416 cujus
3207 3360 3382 3400 mens
3411 3358 3646 3416 semper
3672 3328 3936 3412 operatur?

2328 3432 2570 3497 Quando
2603 3437 2798 3489 autem
2833 3431 3018 3501 solus,
3054 3432 3155 3505 qui
3198 3449 3339 3488 cum
3401 3431 3505 3488 illa
3562 3444 3781 3502 semper
3824 3424 3941 3479 bono

2325 3525 2413 3575 est
2440 3518 2574 3589 (28),
2608 3521 2679 3575 de
2711 3537 2828 3591 quo
2853 3520 2935 3575 ait
2959 3520 3251 3592 Propheta
3281 3539 3299 3574 :
3350 3521 3703 3593 Replebimur
3730 3517 3784 3570 in
3824 3510 3940 3566 bonis

2325 3608 2515 3662 domus
2542 3613 2657 3664 tua:
2686 3610 2861 3679 (Psal.
2897 3625 3049 3676 LXIV,
3080 3608 3136 3679 5)
3170 3608 3196 3663 ‘I
3226 3610 3484 3675 Quando
3518 3598 3942 3679 abjectus,cujus

2326 3698 2686 3753 conservatio
2716 3701 2804 3753 est
2834 3698 2893 3752 in
2924 3697 3068 3754 coelo
3098 3698 3125 3752 ?
3154 3699 3409 3764 Quando
3442 3714 3561 3754 non
3593 3696 3839 3755 decorus,
3865 3682 3940 3757 qui

2326 3786 2397 3841 ad
2431 3786 2589 3842 illius
2620 3786 2848 3842 decoris
2882 3790 2939 3842 et
2968 3784 3152 3842 solius
3182 3786 3328 3842 boni
3362 3804 3430 3843 se
3462 3785 3767 3843 conﬁrmat
3810 3773 3944 3834 simi-

2326 3871 2633 3930 litudinem
2672 3893 2684 3942 ;
2721 3874 2821 3946 qui
2855 3874 3088 3931 etiamsi
3136 3875 3437 3931 membris
3499 3873 3724 3930 solutus
3774 3867 3856 3929 sit,
3879 3866 3945 3918 ta-

2326 3979 2459 4018 men
2497 3966 2698 4018 mente
2730 3980 2793 4019 se
2826 3963 3012 4037 erigat
3041 3963 3068 4019 ?
3099 3962 3168 4019 Et
3197 3967 3503 4036 tanquam
3531 3961 3631 4018 ille
3657 3957 3754 4032 qui
3769 3953 3948 4013 cithara

2326 4068 2533 4107 canere
2564 4051 2793 4119 solitus,
2826 4052 2875 4107 si
2902 4068 3031 4108 eam
3064 4050 3450 4123 dissipatam,
3481 4048 3749 4108 resolutis
3776 4039 3947 4107 nervia,

2324 4145 2381 4196 et
2409 4140 2768 4197 confractum
2798 4128 3030 4208 viderit,
3053 4145 3111 4197 et
3141 4158 3325 4196 usum
3392 4142 3527 4213 ejus
3579 4136 3946 4213 interruptum.

2326 4229 2565 4300 abjiciat
2594 4245 2721 4285 eam
2754 4234 2933 4301 atque
2956 4230 3085 4300 ejus
3117 4212 3567 4285 numerosinon
3598 4212 3947 4301 requiraLsed

2323 4334 2460 4373 voce
2490 4318 2613 4390 ipse
2642 4335 2703 4374 se
2720 4300 2974 4374 mulceat
3006 4334 3019 4372 :
3053 4317 3136 4373 ita
3155 4321 3251 4373 est
3282 4317 3403 4374 iste
3435 4316 3723 4374 citharam
3742 4300 3951 4380 corporis

2326 4407 2416 4461 sui
2449 4407 2696 4462 otiosam
2721 4407 2919 4476 jacere
2948 4406 3224 4478 patietur,
3260 4408 3450 4462 corde
3473 4421 3539 4462 se
3570 4394 3954 4460 oblectabit,b0-

572 4493 729 4548 entia
760 4492 1231 4558 redundaverint,
1256 4508 1430 4562 quam
1466 4492 1559 4546 cui
1594 4492 1692 4546 illa
1715 4494 2219 4570 defuerint,neque
2253 4508 2296 4571 D
2330 4512 2414 4549 nas
2446 4494 2813 4550 conscientiae
2844 4494 3246 4550 recordatione
3277 4494 3601 4562 mulcebit,
3630 4488 3829 4548 divinis
3856 4495 3952 4571 ora:

572 4578 827 4637 externis
897 4579 1119 4646 saeculi,
1171 4580 1271 4634 sed
1325 4580 1559 4634 virtutis
1618 4581 1956 4638 domesticis
2013 4587 2222 4643 merita

570 4684 813 4743 pensare
843 4669 976 4739 (27).

641 4760 731 4815 38.
760 4757 928 4813 Illam
960 4772 1195 4827 quoque
1235 4757 1481 4813 formam
1530 4759 1681 4830 justi
1741 4777 1869 4817 esse
1922 4764 2056 4833 quis
2114 4766 2219 4821 ab-

573 4852 716 4905 nuat
748 4865 761 4915 ;
798 4851 860 4903 ut
890 4845 1036 4900 nihil
1070 4849 1309 4911 metuat,
1346 4846 1489 4901 nihil
1550 4848 1907 4917 reformidet,
1952 4852 2065 4909 nisi
2114 4855 2222 4909 vir-

569 4938 714 4995 tutis
744 4935 1071 5009 dispendia,
1106 4934 1467 5005 aliorumque
1499 4952 1676 4992 vanas
1700 4938 2041 4998 formidines
2068 4960 2221 4999 com-

647 5161 755 5232 (25)
777 5161 873 5232 ,Ita
898 5158 1035 5225 edit,
1069 5173 1272 5212 omnes
1305 5173 1370 5212 ac
1404 5174 1546 5212 mss.
1584 5160 1838 5230 potiores
1874 5178 1885 5215 :
1930 5163 2056 5221 Vat.
2120 5171 2221 5222 aut

573 5230 919 5286 Vict.'Colb.
950 5247 1019 5285 ne
1075 5237 1408 5300 torquentem
1462 5234 1763 5300 exsuperet.
1798 5232 2004 5290 Melius
2038 5237 2215 5300 Long.

586 5254 725 5286 VICL.
758 5254 919 5286 υυιυ.
950 5254 1019 5285 7w
1075 5254 1408 5300 quuenwm
1462 5254 1763 5300 exsuperet.
1798 5254 2004 5290 naeuus
2038 5254 2153 5292 non
2203 5281 2215 5294 .

576 5302 918 5381 ac.'l‘heod.,
946 5318 1013 5356 ne
1059 5304 1359 5373 torpentem
1412 5306 1766 5381 exsuperent.
1810 5304 1932 5381 _Sed
1968 5254 2216 5381 _Theo§.

578 5372 767 5442 prima
797 5390 974 5427 manu
1012 5391 1023 5427 :
1061 5390 1197 5427 nam
1228 5372 1486 5427 secunda
1512 5372 1686 5428 habet
1712 5379 1775 5429 ut
1808 5374 1866 5429 in
1917 5376 2108 5433 editis.

649 5441 806 5520 (26L
841 5448 975 5520 Ant.
1060 5444 1252 5520 edit,
1285 5442 1528 5520 recidere
1600 5446 1898 5520 voluntates
1942 5453 2215 5520 proprias.

580 5510 719 5595 Mss.
744 5512 874 5581 Th.,
907 5513 1052 5588 Big.,
1089 5513 1339 5587 Remig.,
1374 5517 1619 5574 recedere
1642 5534 1677 5572 α
1707 5510 2223 5595 υοιιιρίαίίὺαξςφνοο

572 5582 734 5660 prtia.

2330 4583 2483 4639 culis
2512 4589 2569 4639 et
2598 4583 2833 4655 scriptis
2853 4582 3209 4655 propheticis
3240 4583 3581 4649 alleviabit,
3641 4594 3806 4637 suave
3846 4566 3954 4655 illud

2330 4676 2386 4729 et
2408 4654 2742 4743 jucundum
2774 4654 2975 4727 animo
3003 4676 3233 4739 tenens,
3257 4677 3471 4729 mente
3502 4654 3957 4743 complecmnscui

2330 4759 2654 4815 nihiltriste
2667 4758 3311 4832 possit,accidere,cum
3333 4760 3642 4833 semperei
3656 4756 3843 4814 divina!
3853 4762 3960 4833 pref

2332 4848 2529 4904 sentiae
2548 4831 2768 4921 aspiret
2795 4849 3067 4921 gratia,et
3096 4849 3223 4921 ipse
3247 4849 3372 4904 sibi
3408 4831 3959 4906 adsitsummaanimi

2329 4936 2754 5009 tranquillitate
2783 4937 3080 5009 perfusus.

2401 5168 2513 5237 (27)
2547 5167 2697 5223 Edit.
2731 5183 2959 5237 omnes,
2989 5170 3211 5224 virtutis
3263 5170 3591 5227 domesticae
3638 5166 3820 5222 merito
3854 5170 3962 5230 ρεη-

2330 5256 2469 5295 sare.
2503 5241 2576 5294 At
2606 5243 2994 5316 contra_mss.
3020 5255 3229 5296 omnes
3266 5243 3597 5316 nobiscum
3631 5237 3842 5316 faciunt
3869 5240 3961 5316 mf

2330 5328 2443 5383 gno
2474 5326 2801 5383 consensu.
2822 5310 2926 5367 Hic
2957 5316 3155 5367 autem
3183 5298 3481 5370 externis
3505 5312 3699 5370 saeculi
3723 5302 3871 5364 bonis
3890 5298 3965 5353 d0“

2332 5381 2574 5439 mestica
2603 5381 2839 5455 virtutis
2872 5384 3025 5439 bona
3054 5389 3478 5455 opponuntur.

2400 5436 2675 5525 nam
2707 5436 3477 5526 «eaeaeaeius;
3530 5471 3666 5513 cum
3725 5436 3962 5526 mss-11i-

2332 5511 2507 5609 quot,
2528 5527 2779 5609 enecant
2808 5524 2908 5581 illo
2934 5511 3146 5609 semper
3165 5524 3352 5609 honus
3385 5511 3486 5587 est.
3522 5511 3729 5586 Melius
3757 5519 3866 5579 alia:
3891 5511 3967 5570 Pa-

2332 5594 2433 5659 ris.
2468 5613 2533 5659 ac
2562 5594 2775 5671 reliqui
2798 5612 2941 5657 mss.
2974 5594 3130 5659 ut'in
3160 5599 3364 5661 textu.
