4012 6192
241 300 362 363 645

1260 306 1366 369 DE
1406 302 1647 369 JACOB
1691 304 1792 368 ET
1834 298 2021 369 VITA
2059 306 2320 381 BEATA
2362 307 2509 369 LIB.
2557 306 2635 370 ΙΙ.

3537 309 3657 369 646

1423 625 1772 716 LIBER
1846 623 2479 718 SECUNDUS.

688 929 844 987 459
882 928 1122 988 CAPUT
1160 929 1469 987 PRIMUM.

248 1089 420 1160 Faeta
448 1088 779 1160 transitione
805 1087 1145 1160 aisuperiori
1174 1087 1244 1143 ad
1270 1088 1418 1160 hunc
1448 1086 1674 1160 librum,
1724 1094 1907 1143 osten-

322 1158 405 1214 dit
424 1166 679 1231 sanctum
710 1159 871 1231 Iacob
891 1157 1071 1231 etiam
1098 1161 1162 1215 in
1189 1157 1393 1231 milia
1429 1158 1601 1231 fuisse
1641 1157 1858 1214 beatum
1886 1175 1905 1212 :

322 1246 389 1303 ac
417 1229 772 1303 beatitudinis
798 1229 1177 1300 deﬁnitionem
1204 1230 1380 1288 eidem
1420 1229 1668 1303 apprime
1709 1244 1908 1286 conve-

324 1302 449 1358 nire
477 1300 831 1358 demonstrat.

327 1462 377 1516 1.
408 1459 721 1532 Superiore
744 1458 894 1515 libro
923 1459 995 1515 de
1024 1458 1307 1516 virtutum
1347 1459 1651 1532 prmeeptis
1699 1458 1906 1530 dispu-

249 1550 512 1606 tavimus
532 1566 544 1603 :
565 1546 833 1620 sequenti
863 1546 1157 1603 clarorum
1186 1546 1442 1604 virorum
1467 1550 1703 1603 utamur
1722 1562 1911 1602 exem-

250 1637 393 1712 plis,-
419 1636 521 1710 qui
552 1635 613 1691 in
643 1636 898 1692 summis
947 1634 1222 1709 periculis
1269 1635 1443 1708 positi
1486 1634 1907 1691 beatitudinem

248 1727 384 1782 vitae
416 1742 532 1781 non
580 1724 925 1790 amiserunt,
961 1724 1064 1780 sed
1118 1724 1313 1797 potius
1356 1723 1776 1795 acquisierunt.
1821 1724 1907 1777 An

253 1830 372 1872 non
404 1814 611 1870 beatus
638 1811 818 1868 Jacob
850 1810 1027 1868 etiam
1074 1829 1209 1868 cum
1258 1810 1507 1885 patriam
1554 1811 1910 1883 relinqueret

253 1903 409 1976 (Gen.
442 1918 641 1968 xxvm,
673 1901 768 1972 5)?
799 1900 923 1956 Imo
953 1899 1124 1972 plane
1153 1900 1381 1969 beatus,
1415 1900 1515 1972 qui
1565 1900 1712 1956 dura
1757 1898 1908 1955 exsi-

253 1990 321 2047 lii
353 1989 630 2063 suscepit,
660 1993 727 2045 ut
773 1988 971 2045 fratris
1013 1988 1309 2061 mitigaret
1344 1988 1731 2044 iracundiam.
1761 1987 1907 2043 Nam

255 2081 310 2138 si
337 2081 548 2136 beatus
579 2083 670 2135 est
699 2077 798 2151 qui
826 2080 1129 2149 peccatum
1160 2076 1435 2143 declinat,
1469 2077 1672 2149 utique
1710 2076 1908 2150 negari

255 2170 469 2225 beatus
491 2183 621 2224 esse
651 2183 767 2222 non
799 2170 1008 2238 potest,
1042 2165 1145 2238 qui
1176 2164 1416 2222 alterius
1454 2165 1688 2238 culpam
1733 2165 1908 2231 levat,

260 2256 486 2314 crimen
515 2254 738 2312 avertit.
771 2254 1049 2310 Paratum
1079 2253 1277 2326 itaque
1308 2252 1687 2326 parricidium
1736 2252 1909 2309 decli-

259 2345 424 2403 navit
450 2343 654 2402 exsilio
682 2341 1031 2410 voluntario,
1070 2357 1251 2413 eoque
1297 2341 1447 2397 facto
1496 2340 1609 2396 sibi
1660 2340 1911 2397 salutem

256 2433 533 2507 quaesivit
590 2431 754 2489 fratri
786 2430 1182 2487 innocentiam
1213 2424 1467 2486 denavit.
1481 2428 1686 2486 Merito
1716 2429 1913 2502 itaque

257 2538 397 2580 eum
428 2522 625 2578 divina
655 2520 875 2592 ubique
904 2519 1180 2576 comitata
1208 2522 1298 2575 est
1327 2518 1535 2592 gratia,
1567 2523 1634 2574 ut
1675 2526 1730 2574 et
1777 2535 1912 2575 cum

258 2610 564 2676 dormiret,
603 2609 784 2664 beatae
828 2608 958 2664 vita:
1008 2624 1227 2664 munus
1273 2607 1618 2680 acquireret.
1666 2606 1915 2663 Videbat

258 2699 420 2756 enim
451 2698 784 2754 futurorum
816 2696 1117 2769 mysteria,
1150 2701 1207 2751 et
1236 2694 1432 2752 divina
1460 2694 1735 2752 audiebat
1778 2712 1911 2752 ora-

258 2786 396 2845 cula
451 2785 609 2859 (Ibid.
674 2785 883 2857 12-45).
944 2786 1141 2841 Bonus
1198 2783 1260 2840 in
1327 2801 1533 2841 somno
1588 2785 1914 2857 operarius,

259 2880 320 2934 et
349 2877 409 2932 in
440 2877 782 2948 paupertate
813 2874 998 2943 dives,
1027 2873 1127 2946 qui
1183 2873 1556 2929 mercenaria
1601 2872 1732 2929 vita;
1783 2890 1915 2929 mu-

261 2982 404 3022 nere
460 2967 518 3020 et
574 2961 996 3035 patrimonium
1052 2969 1108 3018 et
1165 2960 1507 3035 conjugium
1566 2962 1769 3019 eodem
1808 2966 1918 3035 pa-'

260 3054 412 3112 ravit
438 3052 629 3110 officio
657 3052 825 3125 (Gen.
868 3069 1019 3120 xxix,
1050 3055 1142 3120 22,
1172 3052 1287 3124 29).
1321 3052 1481 3109 Idem
1510 3052 1748 3108 fraterni
1777 3052 1915 3109 affe-

260 3148 395 3202 ctus
422 3140 830 3199 reconciliator
871 3141 1142 3215 egregius
1192 3141 1432 3197 certavit
1476 3142 1822 3198 muneribus
1860 3144 1918 3198 et

260 3231 657 3304 obsequiis,ut
674 3229 1134 3302 indignationem
1160 3245 1396 3285 omnem
1428 3229 1781 3299 excluderet,
1812 3231 1914 3287 do-

257 3319 445 3377 lorem
476 3317 815 3376 offensionis
842 3321 1142 3387 averteret,
1177 3318 1494 3374 ostendens
1527 3334 1589 3374 se
1628 3318 1915 3375 minorem

257 3408 465 3467 exsilio
495 3424 611 3464 non
640 3405 841 3473 fuisse,
875 3405 975 3478 qui
1008 3410 1206 3478 posset
1232 3405 1435 3479 largiri
1475 3422 1603 3479 quae
1651 3423 1766 3462 non
1822 3423 1914 3463 ac-

258 3501 496 3570 ceperat
525 3496 675 3569 (Gen.
708 3513 887 3562 xxxu,
922 3495 1136 3566 13-21).

330 3590 386 3641 2.
419 3585 534 3641 Sed
589 3583 769 3640 nimis
828 3584 900 3639 ad
958 3582 1235 3639 inferiora
1286 3599 1557 3655 propero,
1588 3587 1646 3639 et
1681 3582 1916 3640 utiliora

1926 929 1981 995 Α
2012 928 2166 1000 quod
2195 928 2381 985 Deum
2414 929 2628 985 mentis
2656 930 2895 986 internae
2925 930 3109 988 oculis
3157 932 3499 1002 intueretur,
3531 950 3663 1006 pec-

2017 1017 2130 1072 cati
2161 1017 2487 1086 abstinens,
2519 1035 2553 1074 a
2582 1018 2822 1074 luxuriae
2854 1019 3044 1076 omnis
3089 1020 3366 1077 ebrietate
3408 1022 3664 1090 sobrius,

2018 1108 2083 1159 ut
2112 1105 2261 1161 dura
2291 1105 2559 1163 laborum
2588 1108 2974 1175 absorbuerit,
3008 1109 3111 1163 otii
3141 1126 3345 1165 secura
3396 1111 3666 1183 neglexe-

2016 1192 2133 1248 rit?
2163 1193 2365 1251 Nonne
2404 1194 2645 1267 pulchre
2702 1202 2759 1251 et
2814 1213 2944 1251 vere
2993 1196 3063 1251 de
3111 1197 3219 1252 hoc
3275 1198 3496 1253 dictum
3556 1205 3664 1267 est,

2018 1282 2173 1353 quod
2235 1288 2291 1338 et
2345 1283 2440 1338 hic
2503 1285 2761 1339 fructum
2833 1284 2994 1340 dabit
3068 1285 3124 1339 in
3200 1289 3463 1358 tempore
3537 1304 3666 1353 suo,

2016 1369 2087 1424 de
2135 1387 2249 1441 quo
2298 1372 2584 1444 scriptum
2634 1376 2723 1428 est
2756 1390 2768 1427 :
2799 1396 2827 1422 «
2879 1373 3021 1428 Ecce
3051 1374 3194 1429 odor
3241 1374 3344 1429 filii
3394 1376 3506 1431 mei
3538 1379 3666 1431 tan-

2017 1474 2195 1530 quam
2252 1460 2395 1515 odor
2448 1460 2573 1533 agri
2632 1460 2783 1533 pleni
2839 1460 2989 1529 (Gen.
3043 1479 3218 1530 xxvu,
3280 1463 3390 1534 27).
3453 1486 3480 1513 »
3537 1464 3671 1520 Erat

2017 1545 2173 1601 enim
2222 1549 2513 1618 perfectus
2560 1548 2620 1603 in
2671 1549 2829 1604 omni
2880 1550 3019 1604 ﬂore
3076 1551 3378 1620 virtutum,
3412 1557 3469 1608 et
3494 1569 3671 1610 sacrae

2018 1634 2443 1691 benedictionis
2473 1629 2654 1708 atque
2681 1636 2931 1693 caelestis
2962 1638 3344 1696 beatitudinis
3375 1641 3671 1698 redolebat

2017 1722 2287 1794 gratiam.
2322 1724 2451 1795 Ipse
2480 1728 2569 1780 est
2597 1725 2751 1780 enim
2785 1742 2923 1797 ager
2948 1743 3122 1797 quem
3154 1727 3449 1784 benedixit
3478 1729 3673 1785 Domi-

2019 1826 2129 1864 nus
2163 1826 2176 1865 :
2211 1827 2323 1866 non
2358 1811 2467 1867 iste
2494 1816 2781 1881 terrenus,
2816 1818 2916 1868 aut
2963 1815 3119 1870 460
3167 1814 3445 1873 horridus
3487 1817 3668 1887 silvis,

2017 1900 2122 1954 aut
2151 1898 2419 1972 fragosus
2450 1902 2826 1969 torrentibus,
2860 1905 2963 1957 aut
3002 1903 3283 1974 palustris
3316 1904 3673 1977 pigrioribus

2017 1987 2210 2058 aquis,
2242 1993 2345 2043 aut
2367 1989 2611 2061 jejunus
2644 1990 2976 2057 frumentis,
3010 1996 3111 2046 aut
3159 1992 3386 2051 inutilis
3430 1994 3671 2065 vitibus,

2020 2080 2121 2130 aut
2169 2075 2484 2132 infecunda
2530 2077 2728 2150 glarea
2775 2096 3019 2135 saxosus
3050 2081 3185 2153 (30),
3217 2087 3319 2137 aut
3348 2081 3583 2140 hiulcus
3616 2088 3675 2140 et

2019 2163 2218 2220 aridus
2273 2166 2553 2235 siccitate,
2584 2172 2686 2222 aut
2728 2169 3014 2240 sanguine
3065 2171 3295 2239 madus,
3350 2176 3452 2227 aut
3501 2173 3674 2229 senti-

2022 2252 2132 2307 bus
2164 2253 2421 2309 incultus
2452 2258 2509 2310 et
2538 2256 2725 2327 spinis
2760 2274 2772 2311 :
2807 2257 2907 2312 sed
2936 2256 3034 2313 ille
3066 2275 3227 2331 ager,
3258 2242 3328 2316 de
3377 2278 3491 2333 quo
3533 2261 3675 2318 dicit

2023 2340 2278 2397 Ecclesia
2307 2343 2367 2397 in
2397 2342 2650 2398 Canticis
2685 2345 3003 2415 :«Adjurati
3035 2346 3293 2413 vos,tiliae
3321 2349 3670 2418 Jerusalem,

2020 2429 2081 2485 in
2110 2429 2428 2486 virtutibus
2461 2435 2517 2486 et
2543 2431 2985 2489 fortitudiuibus
3015 2435 3137 2503 agri
3168 2437 3356 2508 (Cant.
3393 2455 3454 2505 II,
3486 2439 3674 2508 7).Hic

2023 2534 2279 2589 namque
2308 2522 2398 2575 est
2426 2536 2583 2591 ager,
2618 2520 2689 2574 de
2720 2538 2835 2592 quo
2866 2527 2923 2576 et
2952 2522 3238 2579 Dominus
3264 2526 3347 2579 ait
3379 2527 3513 2583 :«Et
3543 2544 3671 2600 spe-

2022 2607 2139 2662 cies
2169 2607 2292 2679 agri
2326 2623 2553 2663 mecum
2585 2611 2674 2663 est
2703 2610 2871 2680 (Psal.
2906 2627 3057 2678 xux,
3092 2612 3200 2683 tt).
3237 2635 3264 2661 ››
3298 2613 3361 2668 In
3394 2613 3503 2669 hoc
3537 2632 3674 2687 agro

2027 2713 2139 2751 uva
2168 2695 2271 2751 illa
2299 2696 2606 2768 reperitur,
2640 2713 2765 2768 quae
2796 2715 3072 2770 expressa
3119 2701 3465 2773 sanguinem
3504 2703 3672 2773 fudit,

2023 2787 2080 2839 et
2110 2784 2400 2838 mundum
2429 2782 2619 2838 diluit.
2656 2784 2718 2839 In
2772 2783 2880 2840 hoc
2930 2802 3068 2857 agro
3119 2790 3209 2842 est
3238 2787 3383 2842 ficus
3433 2787 3535 2844 illa
3564 2790 3675 2845 sub

2023 2889 2140 2944 qua
2172 2871 2358 2928 sancti
2389 2872 2774 2944 requiescant,
2826 2874 3110 2945 spiritalis
3163 2875 3357 2947 gratiae
3390 2876 3677 2934 suavitate

2024 2960 2286 3016 recreati.
2319 2960 2384 3015 In
2416 2959 2525 3015 hoc
2557 2977 2695 3033 agro
2746 2964 2836 3016 est
2863 2961 3013 3018 oliva
3064 2962 3164 3018 illa
3209 2964 3525 3035 fructifera,
3572 2967 3678 3022 Do-

2023 3048 2250 3105 minica:
2283 3049 2469 3105 ﬂuens
2500 3050 2658 3121 pacis
2691 3054 3078 3122 unguentum.
3114 3050 3177 3107 In
3229 3052 3337 3109 hoc
3386 3070 3524 3127 agro
3574 3055 3675 3110 flo-

2023 3140 2153 3193 rent
2182 3136 2604 3209 malogranata,
2638 3155 2766 3209 quae
2798 3137 3084 3210 plurimos
3137 3140 3363 3197 fructus
3396 3159 3511 3197 uno
3544 3143 3676 3199 ﬁdei

2023 3226 2353 3281 munimine
2374 3230 2596 3298 tegunt,
2628 3231 2684 3282 et
2713 3228 2969 3298 quodam
3002 3228 3192 3285 fovent
3223 3229 3527 3287 cbaritatis
3558 3248 3677 3287 am-

2025 3314 2194 3388 plexu
2207 3357 2220 3370 .

2093 3404 2145 3458 4.
2182 3402 2297 3458 Hos
2328 3402 2508 3475 igitur
2539 3404 2765 3459 fructus
2796 3404 3094 3462 redolebat
3122 3407 3321 3476 Jacob,
3357 3408 3456 3481 qui
3489 3409 3672 3465 Deum

2022 3508 2127 3564 per
2156 3490 2417 3563 pericula
2446 3493 2821 3562 sequebatur,
2855 3499 2913 3549 et
2943 3498 3134 3549 tutum
3189 3513 3251 3551 se
3307 3498 3437 3568 ejus
3464 3498 3683 3570 ubique

2023 3579 2369 3634 deductione
2417 3579 2711 3633 credebat.
2756 3583 2903 3635 Nam
2955 3580 3090 3638 licet
3138 3582 3328 3639 dulcis
3382 3590 3439 3641 et
3487 3586 3683 3642 suavis

258 3680 622 3741 transcurro,
677 3688 812 3728 cum
872 3671 1036 3744 prius
1094 3654 1491 3727 definiendum
1544 3672 1621 3727 sit
1668 3672 1806 3744 quid
1840 3673 1918 3728 sit
1947 3654 1988 3721 (ἶ
2026 3669 2169 3725 odor
2215 3667 2291 3722 sit
2333 3665 2478 3739 agri,
2530 3668 2669 3739 quia
2721 3674 2811 3723 est
2863 3668 3007 3724 odor
3057 3676 3278 3727 natura;
3327 3680 3566 3730 :tameu
3624 3675 3681 3729 in

256 3766 495 3820 beatus.
526 3762 819 3834 Scriptum
862 3764 953 3817 est
981 3760 1139 3816 enim
1170 3777 1184 3816 :
1218 3782 1245 3809 «
1280 3760 1492 3816 Beatus
1520 3759 1611 3814 vir
1646 3759 1748 3832 qui
1798 3778 1914 3817 non

259 3852 409 3907 abiit
436 3850 498 3906 in
526 3848 771 3906 consilio
800 3848 1204 3921 impiorum,et
1221 3846 1279 3902 in
1296 3847 1390 3903 via
1407 3852 1777 3920 peccatorum
1802 3866 1917 3905 non

261 3939 452 4006 stetit,
486 3942 542 3994 et
568 3937 630 3992 in
680 3936 959 3993 cathedra
1009 3934 1352 4009 pestilentiae
1402 3952 1519 3992 non
1562 3936 1717 3993 sedit
1746 3937 1917 4009 (Psal.

260 4045 308 4096 ι,
338 4024 580 4100 1).»Hoc
611 4026 914 4099 Scriptura
942 4023 1471 4098 signiﬁcante,eum
1503 4025 1739 4082 beatum
1771 4043 1920 4096 esse,

262 4116 369 4190 qui
414 4132 478 4172 se
530 4132 563 4172 a
614 4115 973 4188 perfidorum
1005 4114 1299 4172 consortio
1330 4115 1676 4187 temperavit
1705 4115 1795 4188 (ea
1833 4120 1923 4173 est

260 4205 422 4261 enim
456 4204 727 4276 impietas
757 4206 1054 4260 auctorem
1084 4203 1215 4260 vita:
1259 4206 1316 4259 et
1362 4208 1663 4276 parentem
1711 4221 1922 4276 quem-

260 4294 404 4350 dam
452 4292 664 4350 salutis
707 4310 823 4348 non
876 4307 1308 4364 recognoscere,
1341 4292 1393 4348 si
1437 4292 1527 4348 vel
1571 4292 1633 4348 in
1683 4297 1919 4365 peccato

260 4381 573 4450 manserit,
603 4380 693 4437 vel
723 4381 784 4436 in
815 4379 1049 4436 luxuria
1078 4385 1252 4452 atque
1302 4379 1534 4437 lascivis
1583 4397 1921 4454 persevera-

226 4471 414 4528 -verit
461 4469 595 4543 (29),
632 4470 829 4541 ipsum
875 4485 1107 4542 quoque
1158 4469 1218 4524 in
1266 4468 1393 4542 lege
1434 4470 1666 4525 Domini
1714 4470 1806 4527 die
1855 4487 1922 4527 ac

261 4563 435 4615 nocte
495 4558 874 4615 meditantem
931 4558 1052 4614 fere
1106 4561 1390 4630 tanquam
1462 4557 1692 4631 lignum
1763 4560 1919 4631 quod

261 4648 430 4704 dabit
458 4647 716 4704 fructum
745 4646 807 4702 in
834 4651 1096 4719 tempore
1126 4662 1234 4703 suo
1265 4646 1421 4718 (Ibid.
1456 4649 1489 4702 2
1537 4652 1596 4703 et
1634 4647 1691 4719 3)
1739 4648 1921 4722 Supe-

264 4735 425 4793 riora
452 4735 667 4793 merita
696 4739 837 4792 sunt
863 4733 1379 4808 praemiorum,hoc
1409 4736 1752 4792 meritorum
1785 4754 1926 4809 prai-

263 4826 478 4881 mium.

336 4914 393 4969 3.
426 4912 576 4979 Quid
606 4913 818 4970 horum
849 4931 979 4987 quas
1033 4914 1107 4970 ad
1154 4913 1500 4969 meritorum
1540 4912 1925 4971 beatitudinis

2028 3761 2231 3814 sancto
2260 3754 2598 3811 Patriarcha
2627 3755 2910 3811 virtutum
2945 3758 3208 3828 spirabat
3249 3763 3455 3832 gratia.
3497 3765 3681 3828 Quam

2028 3844 2333 3901 continens
2365 3847 2488 3900 erat
2517 3844 3007 3916 parcimonia,qui
3031 3845 3225 3901 cibum
3263 3849 3371 3902 sibi
3407 3855 3677 3920 paratum

2029 3951 2146 3990 non
2177 3933 2469 4006 expetivit,
2502 3933 2603 3988 sed
2635 3934 2852 4004 petenti
2893 3933 3055 3988 fratri
3087 3935 3209 3990 sine
3240 3936 3680 3995 dilatione.con-

2029 4022 2228 4090 cessit,
2260 4039 2292 4077 a
2322 4038 2438 4093 quo
2472 4020 2762 4094 primatus
2793 4022 3217 4079 benedictionis
3258 4026 3481 4097 accepit
3529 4026 3680 4098 (Gen.

2027 4129 2155 4180 xxv,
2188 4111 2277 4181 30,
2320 4111 2442 4182 32)!
2494 4110 2679 4174 Quam
2729 4110 2863 4183 pius
2911 4128 3049 4184 erga
3095 4118 3386 4184 parentes,
3421 4119 3484 4168 ut
3535 4131 3684 4186 prm-

2029 4201 2165 4257 ferri
2196 4216 2476 4273 germano
2507 4198 2721 4255 seniori
2772 4205 3037 4256 materno
3086 4202 3297 4256 affectu
3338 4207 3680 4273 mereretur,

2027 4294 2085 4346 et
2113 4294 2365 4362 paternae
2399 4288 2821 4345 benedictionis
2870 4306 3112 4345 munere
3171 4295 3497 4347 sacraretur
3528 4291 3681 4361 (Gen.

2028 4395 2200 4443 xxvn,
2231 4379 2265 4432 8
2294 4380 2351 4432 et
2379 4375 2502 4447 29)!
2538 4378 2723 4441 Quam
2756 4376 3086 4449 religiosus,
3120 4382 3186 4433 ut
3234 4382 3472 4436 fratrem
3521 4397 3683 4439 recu-

2028 4469 2184 4521 saret
2212 4465 2447 4520 laedere!
2487 4464 2670 4528 Quam
2703 4465 3086 4532 verecundus,
3120 4471 3185 4521 ut
3235 4471 3464 4540 patrem
3514 4470 3684 4527 time-

1994 4554 2116 4611 °ret
2148 4552 2371 4610 falleret
2408 4553 2593 4618 Quam
2626 4551 3004 4620 honorificus,
3040 4560 3103 4610 ut
3135 4557 3307 4611 matri
3343 4575 3455 4613 non
3488 4564 3685 4631 posset

2030 4645 2184 4716 quod
2208 4642 2546 4714 jubebatur,
2579 4644 2819 4713 negare!

2682 4731 2917 4787 CAPUT
2960 4732 3027 4787 II.

2362 4805 2575 4875 arentes
2626 4802 2770 4875 beati
2817 4803 2998 4873 Jacob,
3064 4807 3113 4860 et
3179 4821 3367 4860 eorum
3433 4805 3681 4875 exemplo

2332 4872 2554 4946 modum
2615 4874 2733 4946 alii
2794 4872 3046 4946 parentes
3111 4892 3223 4931 sese
3284 4892 3417 4946 erga
3481 4872 3683 4931 liberos

2100 4944 2285 5017 gerere
2312 4944 2562 5012 debeant,
2593 4944 2763 5000 docet.
2794 4944 2928 5001 Tum
2957 4962 3057 5017 cur
3095 4946 3238 5001 idem
3263 4944 3422 5002 Iacob
3464 4948 3679 5013 vicerit,

2030 4805 2267 4860 Επαιεαί

2102 4890 2257 4946 quem

264 5006 557 5075 spectant,
590 5001 776 5058 defuit
804 5006 1008 5059 sancto
1045 5002 1249 5070 Jacob,
1299 5001 1400 5073 qui
1451 5004 1682 5058 tantum
1736 5002 1923 5059 abfuit
1951 5023 1998 5088 D
2099 5001 2285 5088 διικυε
2336 5001 2604 5087 mysteria
2651 5017 2804 5072 iuius
2855 5016 3155 5072 benedicuo
3204 5001 3500 5082 εοηίίηεαι,
3553 5001 3679 5089 ape:

266 5091 340 5147 ab
370 5089 692 5163 impiorum
724 5090 1057 5161 consortiis,
1088 5094 1156 5147 ut
1201 5107 1273 5147 ex
1316 5105 1383 5147 eo
1429 5088 1621 5146 fidelis
1664 5090 1920 5163 populus

263 5195 483 5237 nomen
510 5179 818 5252 acciperet,
851 5178 1030 5237 Israel
1074 5178 1265 5236 dictus
1290 5177 1448 5252 (Gen.
1487 5193 1666 5247 xxx",
1712 5179 1823 5251 28),
1852 5195 1919 5236 eo

342 5319 456 5403 (29)
483 5319 571 5403 I_ta
597 5336 1002 5403 msgzomnes,
1036 5319 1151 5403 nisi
1181 5320 1336 5392 quod
1364 5317 1652 5403 voc-aulaei
1681 5318 1846 5403 abest
1886 5336 1921 5375 a

267 5388 645 5465 quibusdam.
680 5390 833 5449 Edit.
864 5388 1000 5448 vero
1029 5388 1228 5447 clausa
1263 5388 1595 5465 parenthesi
1643 5393 1773 5462 post
1820 5405 1919 5465 vo-_

266 5462 396 5522 cem
458 5478 855 5534 recognoscere,
914 5462 1353 5537 prosequuntur
1411 5462 1523 5517 hoc
1586 5465 1776 5533 pacto,
1833 5462 1919 5518 vel

267 5538 347 5670 in:
371 5541 596 5612 peccato
641 5551 755 5595 non
795 5535 1087 5614 manserit,
1107 5535 1334 5598 ἠπίη...
1386 5549 1498 5595 non
1540 5547 1916 5612 perseverave-

2103 5090 2197 5143 rit.

2100 5179 2154 5233 5.
2188 5175 2300 5233 Sed
2333 5192 2437 5232 nec
2466 5180 2738 5248 parentes
2764 5174 2934 5230 nobis
2966 5173 3289 5231 inexcusati
3314 5174 3681 5247 relinquendi

2103 5318 2215 5390 (30)
2248 5317 2387 5373 Mss.
2421 5316 2661 5390 aliquot,
2702 5320 2797 5370 aut
2844 5315 3174 5390 in[ecundu._s
3224 5317 3415 5386 glarea
3461 5335 3678 5388 saxosa,

2032 5384 2129 5446 aut
2157 5384 2415 5459 incultus,
2447 5384 2555 5443 etc.
2590 5386 2750 5441 Unus
2780 5387 2874 5440 aut
2904 5384 3235 5455 infecundae
3261 5390 3485 5459 glareis,
3512 5384 3679 5447 saxo;

2032 5478 2145 5527 sus,
2176 5458 2755 5535 etc.0mnes,_autem
2782 5461 2915 5527 post
2944 5473 3138 5535 vocem
3168 5458 3678 5535 incultus,addunt,

2035 5537 2089 5595 et
2115 5526 2313 5604 Spinis,
2346 5526 2594 5609 quodin
2623 5526 2762 5587 edit.
2786 5526 2913 5586 non
2945 5527 3268 5610 legebatur.
