4012 6192
437 313 556 376 647
1895 309 1962 372 8.
2003 317 2021 371 Λ

2175 306 2376 372 sosu
3522 273 3530 286 ’
3666 310 3756 371 eis

440 454 597 512 sunt,
630 447 785 518 quod
810 445 1106 516 juniorem
1137 443 1326 499 illium
1358 441 1572 498 seniori
1604 441 2080 514 prmtulerintSi-
2108 444 2164 509 Α
2193 448 2301 513 est,
2333 446 2389 497 et
2419 443 2572 497 sicut
2601 456 2789 513 agnus
2820 439 2893 496 ad
2924 439 3245 496 victimam.
3289 437 3451 494 Hunc
3474 437 3553 493 vel
3577 439 3764 510 publica

345 534 354 539 ’
436 536 558 592 mul
589 534 1014 598 cavendum,ne
1046 533 1178 604 quis
1209 532 1349 586 dum
1383 545 1581 586 eorum
1606 529 1858 586 intendit
1888 546 2079 586 exem-
2191 530 2436 601 parenti,
2467 529 2555 585 vel
2603 528 2840 601 populo,
2892 530 3062 601 cujus
3113 532 3318 601 typum
3351 527 3582 599 gerebat,
3609 527 3766 586 cibum

434 625 550 697 plo,
584 623 854 694 iniquum
886 623 1036 677 inter
1066 619 1216 676 filios
1247 619 1459 674 habeat
1481 619 1796 689 judicium,
1830 623 1896 674 ut
1937 617 2079 674 alte-
2190 617 2394 674 utilem
2417 618 2741 690 judicabat,
2777 619 2934 690 quod
2967 618 3164 674 futura
3193 620 3282 673 est
3310 615 3561 671 remissio
3606 632 3767 688 pecca-

433 731 565 768 rum
604 711 1096 784 posthabendum.
1148 709 1292 763 Hinc
1349 709 1506 763 enim
1566 708 1892 762 excitantur
1948 707 2083 762 odia
2190 711 2407 763 torum.

434 803 708 869 fraterna,
759 805 816 856 et
863 801 932 854 de
979 797 1110 852 vilis
1157 797 1513 852 incremento
1566 797 1822 868 pecuniae
1856 796 2081 851 facinus
2260 797 2314 851 9.
2365 796 2499 851 Ideo
2555 796 2764 851 stolam
2822 794 3045 866 accepit
3093 793 3290 849 fratris
3339 793 3447 859 sui,
3480 791 3603 864 quia
3639 792 3771 848 senili

433 889 778 964 parricidale
809 885 1420 958 componitur.Eadem
1453 885 1638 940 foveat
1668 884 1890 956 prolem
1923 900 2081 939 men-
2189 884 2502 956 praestabat
2541 884 2827 956 sapientia
2860 900 2873 938 :
2907 883 3037 939 ideo
3079 883 3282 953 junior
3329 882 3496 938 frater
3535 881 3770 937 seniorem

433 995 572 1036 sura
602 977 850 1050 pietatis.
884 977 1020 1030 Esto
1050 979 1267 1039 tamen,
1302 978 1366 1028 ut
1395 972 1615 1045 aliquid
1664 973 1776 1028 sibi
1825 971 2079 1044 amplius
2191 973 2424 1028 fratrem
2476 973 2654 1039 exuit,
2689 974 2828 1044 quia
2877 972 3012 1027 fidei
3057 970 3294 1026 emicuit
3338 970 3618 1042 dignitate.
3647 968 3774 1025 Hanc

431 1067 584 1124 circa
622 1065 982 1121 blandiorem
1031 1067 1134 1118 aut
1181 1061 1522 1117 similiorem
1577 1062 1767 1133 rapiat
1815 1063 2077 1128 affectus,
2191 1061 2400 1117 stolam
2462 1060 2725 1117 Ecclesia
2772 1065 2908 1134 typo
2962 1060 3215 1118 Rebecca
3270 1057 3522 1130 protulit,
3560 1061 3611 1114 et
3650 1057 3775 1118 dedit

428 1173 533 1229 par
572 1154 744 1209 debet
791 1152 946 1208 circa
1003 1168 1206 1206 omnes
1255 1167 1383 1206 esse
1433 1151 1619 1205 forma
1642 1148 1908 1220 justitiae.
1943 1147 2079 1204 Plus
2190 1149 2309 1205 ﬁlio
2361 1149 2580 1220 juniori
2638 1148 2848 1205 stolam
2897 1148 3123 1205 Veteris
3179 1146 3550 1216 Testamenti,
3601 1145 3775 1203 stolam

428 1244 727 1301 confertur
783 1241 1014 1302 dilecto.
1055 1239 1147 1295 cui
1207 1239 1454 1294 fratrum
1511 1255 1676 1294 amor
1735 1237 2015 1310 quaeritur
2063 1252 2075 1290 :
2188 1237 2589 1309 propheticum
2620 1239 2677 1294 et
2705 1235 3361 1303 sacerdotalem,stolam
3392 1233 3546 1290 illam
3566 1232 3776 1307 regalem

427 1333 564 1407 plus
603 1336 799 1388 autem
839 1329 1120 1385 adimitur
1173 1328 1226 1384 ei
1283 1327 1382 1400 qui
1442 1325 1796 1398 prmlationis
1845 1326 2077 1396 injustas
2187 1325 2541 1393 Davidicam,
2574 1325 2784 1382 stolam
2843 1324 3193 1390 Salomonis,
3243 1322 3512 1388 Ezechiae,
3542 1325 3593 1378 et
3637 1320 3775 1376 Josie

427 1425 706 1479 oneratur
734 1419 971 1475 invidia.
1005 1416 1383 1472 Minitabatur
1432 1417 1583 1470 Esau
1634 1415 1789 1487 quod
1839 1414 2076 1469 fratrem
2187 1429 2412 1486 regum,
2446 1418 2503 1470 et
2531 1415 2690 1470 dedit
2715 1413 2930 1487 populo
2959 1413 3308 1474 Christiano.
3339 1412 3438 1484 qui
3476 1411 3558 1468 uti
3600 1412 3777 1472 amictu

427 1527 601 1567 suum
642 1508 930 1565 occideret
955 1505 1104 1576 (Gen.
1138 1522 1307 1572 xxvii,
1342 1505 1452 1573 44),
1486 1520 1590 1558 nec
1642 1504 1896 1559 fraterna
1941 1517 2074 1557 eum
2187 1503 2362 1558 sciret
2410 1506 2672 1574 accepto;
2719 1502 2995 1576 quoniam
3038 1501 3290 1575 populus
3336 1499 3650 1558 Judazornm
3676 1514 3777 1556 eam

425 1598 805 1672 germanitas,
841 1612 944 1650 nec
991 1598 1297 1667 parentum
1333 1592 1654 1648 reverentia
1683 1609 1715 1647 a
1745 1589 2075 1664 parricidali
2188 1591 2314 1646 sine
2344 1608 2452 1647 usu
2487 1591 2756 1658 habebat,
2797 1595 2854 1648 et
2899 1591 3164 1663 proprios
3214 1589 3510 1649 nesciebat
3559 1593 3777 1648 ornatus.

426 1689 622 1743 lurore
673 1686 1014 1751 revocabat;
1061 1687 1119 1738 et
1168 1682 1402 1737 dolebat
1450 1681 1561 1737 sibi
1609 1680 2074 1736 benedictionem
2185 1679 2423 1736 Jacebat
2450 1680 2571 1736 haec
2595 1679 2744 1736 stola
2769 1680 2826 1736 in
2862 1681 3324 1751 umbra,abjecta
3352 1682 3522 1750 atque
3541 1675 3779 1751 neglecte,

426 1793 553 1832 esse
586 1777 960 1848 praereptam,
991 1773 1164 1843 cujus
1194 1771 1400 1842 utique
1433 1771 1676 1842 dignum
1710 1785 1772 1824 se
1805 1784 2074 1824 mansue-
2104 1806 2150 1871 Β
2187 1769 2624 1825 Obscurabatur
2652 1769 2807 1825 enim
2840 1769 3148 1826 tenebrosa
3195 1767 3514 1840 impietatis
3555 1765 3779 1840 caligine,

427 1865 629 1920 tudine
667 1863 916 1919 debebat
945 1861 1210 1932 probare,
1245 1875 1360 1914 non
1393 1857 1625 1914 scelere.
2104 1856 2150 1871 "
2186 1874 2290 1912 nec
2321 1857 2380 1914 in
2412 1861 2660 1930 angusto
2687 1858 2858 1914 corde
2888 1857 3090 1930 populi
3119 1856 3351 1913 Judaici
3383 1857 3554 1914 latius
3595 1859 3780 1930 poterat

495 1953 673 2009 6.Sed
706 1957 761 2006 et
793 1951 1054 2006 Rebecca
1083 1965 1195 2004 non
1231 1946 1399 2018 quasi
1433 1946 1614 2001 filium
1650 1946 1896 2010 ﬁlio,sed
1921 1948 2066 2002 461
2181 1945 2475 2018 explicari.
2546 1947 2743 2002 Induit
2805 1963 2934 2003 eam
3000 1946 3372 2003 Christianus
3435 1943 3686 2020 populus,
3738 1947 3782 1998 et

425 2042 595 2115 quasi
647 2043 876 2112 justum
935 2037 1277 2110 praeferebat
1325 2037 1564 2107 injusto.
1633 2035 1859 2090 Etenim
1917 2036 2070 2106 apud
2183 2033 2410 2090 refulsit
2461 2031 2878 2090 {illuminavit
2920 2051 3046 2090 eam
3099 2051 3216 2090 sum
3264 2033 3401 2090 fidei
3458 2032 3694 2089 claritate
3735 2035 3780 2086 et

425 2137 677 2187 matrem
711 2129 865 2200 piam
899 2126 1241 2198 mysterium
1274 2125 1498 2197 pignori
1544 2124 2023 2196 praeponderabat
2055 2141 2067 2178 :
2181 2123 2409 2194 piorum
2442 2122 2570 2178 luce
2603 2124 2906 2179 factorum.
2939 2123 3187 2196 Agnovit
3235 2123 3400 2179 Isaac
3446 2125 3636 2178 notum
3671 2119 3777 2176 odo-

425 2219 592 2274 illum
641 2235 757 2272 non
802 2222 922 2272 tam
975 2215 1134 2270 fratri
1185 2215 1544 2285 praeferebat,
1579 2229 1755 2284 quam
1797 2212 2074 2267 offerebat
2181 2228 2304 2267 rem
2371 2211 2602 2284 generis
2669 2211 2781 2280 sui,
2854 2212 3185 2285 recognovit
3239 2210 3457 2268 stolam
3517 2208 3780 2282 Scriptum

423 2307 873 2378 Domino,quem
904 2305 1125 2360 sciebat
1155 2303 1429 2358 collatum
1482 2302 1591 2357 sibi
1647 2318 1864 2357 munus
1903 2317 2074 2372 posse
2179 2300 2410 2368 veteris,
2443 2301 2544 2357 sed
2573 2317 2768 2357 vocem
2805 2299 2994 2375 plebis
3040 2301 3252 2358 veteris
3296 2317 3413 2357 non
3447 2297 3780 2372 recognovit;

424 2413 686 2452 servare:
735 2395 794 2450 in
854 2410 968 2466 quo
1017 2396 1074 2449 et
1126 2391 1291 2448 alteri
1348 2389 1711 2457 consulebat,
1757 2407 1932 2462 quem
1985 2389 2069 2444 di-
2179 2394 2235 2445 et
2263 2389 2393 2445 ideo
2442 2390 2710 2462 cognovit
2757 2405 2887 2446 esse
2937 2392 3244 2446 mutatam.
3279 2389 3478 2445 Manet
3519 2388 3664 2444 enim
3700 2383 3780 2442 ho-

421 2487 567 2541 vinze
600 2483 967 2542 subducebat
1017 2482 1268 2545 offensas,
1313 2496 1384 2536 ne
1431 2479 1695 2550 graviore
1740 2478 2069 2551 implicare-
2182 2478 2392 2549 dieque
2421 2478 2625 2533 eadem
2656 2477 2828 2546 stola,
2862 2479 2964 2533 sed
3012 2476 3214 2552 populi
3261 2475 3570 2532 devotioris
3609 2488 3784 2532 canora

423 2581 520 2629 tur
550 2581 734 2637 reatu,
769 2571 816 2627 si
845 2574 1092 2641 acceptae
1124 2569 1373 2642 gratiam
1427 2567 1848 2624 benedictionis
1898 2567 2070 2622 amit-
2182 2568 2354 2638 coepit
2410 2567 2563 2624 462
2621 2583 2750 2623 esse
2810 2567 3098 2624 confessio
3159 2585 3171 2622 :
3230 2566 3556 2638 meritoque
3603 2563 3724 2620 dixit
3769 2576 3780 2614 :

422 2667 587 2718 teret.
2182 2677 2209 2705 ‹‹
2242 2654 2364 2711 Vox
2412 2655 2649 2726 quidem
2698 2671 2808 2711 vox
2851 2655 3032 2711 Jacob
3066 2672 3080 2711 :
3115 2671 3331 2710 manus
3381 2658 3571 2710 autem
3607 2665 3781 2708 manus

491 2752 544 2807 7.
571 2751 779 2821 Accipe
804 2753 998 2804 tamen
1033 2747 1252 2802 bonum
1285 2750 1577 2800 certamen
1608 2744 1757 2800 inter
1779 2751 2068 2816 parentes.
2181 2745 2352 2799 Esau.
2388 2744 2455 2798 Et
2485 2745 2760 2800 odoratus
2792 2749 2881 2799 est
2907 2744 3145 2800 odorem
3175 2743 3646 2800 vestimentorum
3683 2740 3784 2812 ejus

422 2839 606 2894 Mater
661 2839 882 2893 deferat
937 2836 1230 2902 affectum,
1300 2837 1463 2905 pater
1511 2831 1826 2901 judicium.
1890 2832 2073 2886 Mater
2182 2833 2339 2903 (Ibid.
2389 2850 2527 2896 xxn,
2568 2833 2679 2903 27).
2716 2856 2743 2883 »
2777 2833 2844 2888 Et
2896 2833 3143 2889 fortasse
3188 2831 3337 2887 illud
3387 2835 3495 2898 est,
3545 2829 3670 2904 quia
3693 2842 3782 2890 non

423 2927 577 2983 circa
610 2926 908 2996 juniorem
957 2928 1158 2978 tenera
1209 2921 1420 2992 pietate
1478 2920 1834 2992 propendeat
1869 2923 2073 2991 :pater
2181 2921 2457 2993 operibus
2478 2922 2898 2993 justiﬁcamur,
2925 2923 3028 2978 sed
3068 2921 3180 2977 ﬁde
3215 2939 3227 2976 :
3263 2920 3543 2992 quoniam
3574 2915 3784 2976 carnalis

424 3015 577 3069 circa
607 3012 894 3069 seniorem
927 3016 1152 3065 naturze
1183 3008 1685 3064 honorificentiam
1732 3013 1939 3064 servet.
1970 3009 2072 3064 llic
2178 3010 2492 3065 infirmitas
2524 3011 2798 3082 operibns
2820 3009 3240 3080 impedimento
3271 3015 3386 3080 est,
3419 3009 3519 3065 sed
3547 3005 3667 3064 ﬁdei
3692 3003 3784 3062 cla-

425 3101 613 3174 magis
645 3100 908 3166 honoret,
941 3097 1042 3153 illa
1073 3097 1207 3170 plus
1238 3097 1444 3169 diligat
1476 3115 1488 3152 :
1518 3097 1660 3152 dum
1693 3096 1910 3168 singuli
1951 3097 2070 3152 sin-
2112 3171 2137 3174 ι
2180 3100 2325 3154 ritas
2355 3099 2646 3155 factorum
2677 3099 2989 3154 obumbrat
3017 3115 3433 3171 errorem,qua3
3465 3099 3784 3154 mereturvee

424 3171 592 3264 gulos
646 3190 895 3254 foveant,
930 3205 1045 3243 non
1094 3187 1154 3241 in
1203 3204 1384 3243 unum
1419 3191 1666 3258 uterque
1713 3186 2066 3257 conspirent,
2098 3171 2140 3237 C
2182 3188 2339 3244 niam
2369 3185 2739 3244 delictorum.

424 3279 772 3335 defraudent
819 3277 1088 3332 alterum.
1141 3275 1266 3330 Fiat
1312 3274 1615 3347 aequalitas
1645 3276 1758 3347 (31)
1783 3274 1934 3329 inter
1981 3274 2067 3329 di-
2819 3275 3051 3332 CAPUT
3089 3276 3185 3331 Ill.

423 3385 592 3424 versa
619 3367 962 3434 certamina,
995 3369 1051 3419 et
1080 3363 1415 3436 disparibus
1445 3365 1656 3420 studiis
1687 3381 1793 3437 par
1837 3364 2007 3436 utriqi

2201 3350 2318 3437 ὀδιῖ
2371 3347 2790 3437 benedictienem
2854 3349 3046 3419 fratris
3069 3348 3357 3437 Jjunlioris
3380 3421 3392 3434 ι
3413 3362 3576 3420 qua-re
3632 3342 3785 3437 ferirer

434 3415 592 3424 ων..
622 3415 962 3434 ---___----__,
1001 3415 1049 3419 --
1085 3415 1330 3436 -ητηη
1353 3415 1411 3419 _-
1447 3415 1654 3420 νη---
1687 3415 1782 3437 ρ,
1844 3415 2008 3436 νη-νι.

424 3473 490 3512 ac
522 3455 762 3528 aequalis
793 3459 1102 3527 parentum
1136 3469 1302 3508 amor
1347 3457 1403 3508 et
1452 3452 1636 3525 gratia
1679 3453 2008 3508 conferatur

2250 3419 2554 3484 advenerit,
2600 3423 2651 3474 et
2705 3415 3120 3488 cum'urgendb
3169 3415 3517 3484 obtinuisiset,
3547 3415 3786 3484 utetipse

2253 3490 2673 3545 benediceretur.
2729 3489 2799 3545 ad
2841 3489 3188 3545 serviendum
3237 3493 3413 3545 fratri
3457 3490 3616 3545 fuerit
3656 3487 3786 3541 dante

2285 3490 2673 3554 enediccretur,
2729 3489 2799 3545 ad
2841 3489 3188 3546 serviendum
3235 3493 3413 3560 fratri
3455 3490 3616 3560 fuerit
3656 3487 3790 3541 dam.

425 3548 761 3618 οοωρεηεθι
802 3543 967 3609 alter»
997 3543 1148 3614 quod
1183 3541 1330 3597 alter
1358 3541 1676 3597 imminuit
1710 3541 1804 3597 Sic
1851 3542 1947 3613 ρίο
1988 3541 2072 3595 εἴ·
2252 3541 2674 3618 ἆιᾶὶὶιὲῗῡὸίᾶἑ
2699 3541 3555 3618 3;;va;a;'aa"ia»driserit};
3579 3541 3789 3628 disputa-

424 3637 576 3690 fectu
609 3635 769 3689 Isaac
801 3631 1135 3704 patriarcha
1163 3636 1220 3686 et
1250 3634 1453 3686 sancta
1475 3631 1731 3686 Rebecca
1749 3630 2073 3697 certabant,
2255 3637 2364 3687 tur.

425 3727 492 3778 ut
547 3726 820 3777 neutrum
879 3719 1213 3775 inferiorem
1263 3720 1536 3786 facerent,
1587 3719 1688 3774 sed
1757 3723 2076 3788 utrumque
2257 3719 2643 3776 10.0elebrata
2685 3720 3108 3788 benedictione,
3159 3725 3370 3793 postea
3421 3718 3609 3777 senior
3650 3716 3795 3772 frater

425 3810 707 3882 aequalem
740 3811 895 3882 (Gen.
930 3825 1060 3876 xxv,
1093 3809 1205 3880 28).
2185 3808 2419 3864 advenit
2477 3808 2627 3879 (Gen.
2687 3825 2864 3880 xxvn,
2919 3809 3032 3880 30).
3091 3809 3212 3872 Quo
3270 3809 3600 3866 declaratur
3661 3802 3797 3877 prius

493 3903 547 3955 8.
608 3899 757 3955 Vicit
808 3903 1003 3954 tamen
1063 3897 1159 3952 ille
1219 3897 1318 3968 qui
1378 3895 1792 3968 praeferebatur
1843 3894 2076 3950 oraculo
2185 3898 2450 3954 Ecclesiae
2481 3914 2748 3970 regnum,
2781 3914 2960 3970 quam
2998 3899 3313 3971 Synagogae
3360 3898 3419 3954 in
3469 3892 3801 3970 praedestina-

426 3989 583 4059 (Ibid.
616 3987 706 4059 23)
739 4005 752 4044 :
786 3987 924 4042 vicit
952 3986 1276 4058 impigritia
1306 3985 1663 4051 tarditatem,
1686 3983 2076 4039 mansuetudo
2186 3988 2344 4042 tione
2392 3985 2651 4042 delatum
2701 4003 2713 4041 :
2765 3986 2867 4043 sed
2920 3985 3284 4042 subintrasse
3338 3987 3707 4060 Synagogam,
3749 3979 3802 4032 ut

426 4077 730 4133 duritiam.
764 4076 912 4131 Dum
947 4075 1093 4130 alter
1122 4077 1328 4128 venatu
1353 4089 1558 4145 aspero
1592 4073 1846 4145 praedam
1869 4073 2080 4144 quaarit
2189 4075 2692 4148 superabundaret
2720 4078 3021 4148 peccatum
3056 4091 3069 4129 :
3103 4078 3160 4130 et
3189 4091 3325 4130 cum
3357 4070 3800 4148 superabundas-

426 4169 739 4239 agrestem,
769 4164 859 4219 hic
890 4163 1122 4218 mitium
1155 4163 1316 4218 cibos
1350 4178 1603 4228 morum,
1655 4161 1748 4216 hic
1801 4161 2078 4217 domesti-
2191 4168 2280 4220 set
2337 4167 2662 4234 peccatum,
2723 4163 3227 4235 superabundaret
3277 4168 3337 4220 et
3396 4162 3598 4237 gratia,
3651 4151 3801 4214 simul

427 4271 554 4311 cam
609 4254 881 4326 gratiam,
941 4253 1035 4306 hic
1095 4257 1304 4308 teneres
1364 4250 1838 4306 mansuetudinis
1907 4255 2082 4322 atque
2190 4251 2433 4308 clareret
2461 4251 2780 4325 impigrum
2831 4251 3076 4308 militem
3124 4253 3286 4324 regni
3341 4251 3589 4308 cmlestis
3637 4242 3801 4304 candio

429 4343 660 4414 pietatis
709 4343 803 4412 pio
857 4341 1006 4412 patri
1057 4339 1258 4395 dulces
1299 4339 1502 4410 epulas
1537 4339 1910 4395 ministravit.
1943 4339 2082 4395 Plus
2193 4341 2396 4396 datum
2431 4357 2557 4396 esse
2603 4341 2812 4397 debere
2847 4359 2859 4395 :
2893 4345 2958 4396 ut
3006 4340 3304 4413 praeripiat
3354 4338 3802 4402 benedictionem,

430 4429 618 4502 placet
648 4431 707 4484 in
736 4429 952 4485 animis
983 4428 1268 4500 quidquid
1321 4428 1657 4494 occurrerit,
1691 4444 1868 4498 quam
1920 4428 2083 4498 quid-
2194 4434 2252 4486 et
2307 4429 2750 4502 prazrogativam
2813 4446 2933 4485 sum
2991 4429 3523 4486 commendationis
3578 4423 3802 4496 usurpet.

430 4518 571 4590 quid
604 4518 940 4573 affectatum
969 4518 1264 4589 putaveris
1295 4517 1693 4572 deferendum.
1729 4517 1990 4604 Accessit
2011 4516 2081 4570 ad
2119 4539 2164 4604 D
2198 4519 2360 4594 Unde
2389 4535 2502 4573 non
2533 4522 2623 4573 est
2653 4521 2890 4574 notatus
2921 4517 3034 4589 (32)
3065 4535 3099 4575 a
3127 4523 3292 4590 patre
3309 4517 3517 4590 junior
3543 4505 3804 4580 filius,sed

431 4622 565 4660 oves
593 4605 794 4671 Jacob,
828 4610 885 4659 et
915 4604 1111 4659 attulit
1144 4605 1484 4660 innocentia:
1518 4610 1742 4676 partus,
1776 4603 1862 4658 vel
1910 4620 2087 4658 sacrae
2121 4598 2156 4604 ’
2197 4607 2490 4671 laudatus,
2542 4607 2697 4678 quod
2749 4607 2830 4663 ait
2877 4606 3038 4662 Isaac
3070 4625 3082 4662 :
3117 4630 3146 4656 ‹‹
3196 4611 3395 4664 Frater
3443 4611 3577 4661 tuus
3604 4598 3806 4659 veniens

432 4693 754 4766 prophetiae
787 4710 1036 4748 munera
1083 4693 1234 4764 (Gen.
1283 4695 1338 4757 9,
1391 4693 1510 4764 lO);
1562 4693 1698 4764 quia
1749 4691 2087 4764 patriarcha;
2197 4713 2330 4752 cum
2363 4695 2516 4762 dolo,
2549 4695 2770 4767 accepit
2795 4695 3256 4752 benedictionem
3290 4700 3457 4752 tuam
3479 4691 3632 4765 (Ibid.
3658 4689 3803 4754 35).»

433 4782 630 4838 cibum
699 4781 931 4838 nullum
993 4782 1240 4836 credidit
1306 4780 1622 4836 dulciorem
1689 4797 1838 4847 esse,
1907 4798 2086 4853 quam
2197 4787 2391 4840 Bonus
2440 4786 2595 4840 enim
2653 4783 2822 4840 dolus
2855 4785 2990 4855 (33),
3026 4785 3125 4839 ubi
3176 4779 3695 4857 irreprehensibilis
3737 4775 3809 4830 est

435 4872 763 4940 Christum,
821 4870 922 4943 qui
983 4871 1138 4926 sicut
1183 4871 1306 4925 ovis
1354 4871 1426 4925 ad
1473 4870 1821 4927 occisionem
1875 4871 2088 4925 ductus
2197 4875 2446 4946 rapina:
2482 4873 3008 4946 irreprehensibilis
3058 4877 3254 4930 autem
3305 4873 3515 4947 rapina
3558 4865 3804 4944 pietatis:

505 5052 617 5124 (3|)
648 5051 798 5107 Edit.
833 5054 1063 5124 etumss.
1104 5047 1633 5124 complures._Fiat,
1665 5051 1930 5124 aeqyitas;
1967 5064 2088 5124 me-
2413 5113 2450 5124 _
2515 5113 2548 5124 η
2571 5113 2604 5124 ν
2674 5116 2683 5124 ι
2754 5113 2766 5124 _
2946 5114 2956 5122 _
3067 5051 3118 5100 Si
3143 5052 3298 5124 sciret
3320 5051 3536 5116 regibus
3565 5048 3652 5106 uti,

437 5113 552 5178 lius
601 5113 804 5178 tamen
858 5122 1086 5177 Thuan.
1151 5126 1206 5175 et
1241 5113 1669 5192 'Big.,__Torn'.,
1706 5113 1925 5192 iValc.,'
1967 5124 2021 5176 F1

1706 5113 1925 5192 7Valc,,'
1967 5123 2088 5176 Fiat
2413 5113 2692 5162 Fastidiret
2718 5113 2838 5163 olus
2867 5114 2958 5176 qui
2989 5126 3073 5162 me
3105 5118 3271 5163 notat.

435 5194 880 5279 gqua.litas.~Et
937 5193 1157 5279 i'bidem
1220 5190 1491 5279 pergulis
1547 5191 1887 5279 interiectis,
1941 5209 2083 5247 mss.
2198 5211 2267 5266 Et
2298 5211 2494 5268 Satira
2524 5211 2576 5279 3,
2611 5210 2649 5264 ι.
2690 5218 2706 5266 ι
2750 5229 2761 5266 ε

440 5263 686 5336 Remig,
745 5265 893 5338 Big.,
950 5265 1128 5337 Long.
1183 5263 1239 5319 et
1303 5263 1516 5318 Theod.
1570 5263 1825 5317 secunda
1882 5279 2016 5318 man

434 5351 540 5405 par
585 5339 803 5407 utrique
846 5337 1075 5408 aequali
1088 5343 1383 5408 parentum
1429 5349 1613 5408 amore
1667 5335 1855 5408 gratia
1905 5346 2018 5406 con)

2237 5309 2441 5359 Stultus
2474 5313 2528 5359 et
2556 5263 2830 5372 improbus
2861 5309 2948 5359 hic
2974 5323 3124 5360 amor
3150 5312 3246 5368 est,
3278 5307 3579 5372 dignusque
3605 5296 3775 5353 notari.

439 5395 604 5489 ratur
649 5424 668 5459 :
707 5395 825 5463 'ubi
872 5395 1241 5478 réliqui‘cum
1285 5406 1421 5461 edit.
1455 5395 1688 5460 habent
1721 5410 1785 5460 ut
1842 5404 1900 5460 in
1951 5395 2085 5461 σόη·
2269 5407 2380 5489 (33)
2413 5409 2596 5489 Bonus
2643 5405 2797 5461 dolus
2839 5410 3002 5489 recte
3055 5406 3302 5489 dicitur;
3365 5395 3809 5489 quanf’loquide}:1

451 5482 631 5550 textu.
660 5548 698 5550 __
932 5549 938 5550 ί
997 5474 1014 5478 ⁷
1286 5548 1296 5550 _
1817 5547 1827 5550 _
2197 5474 2660 5550 apud'antiquos
2685 5495 2792 5532 vox
2818 5477 2972 5534 dolus
2998 5483 3122 5534 erat
3153 5474 3354 5550 mediae
3379 5474 3810 5550 significationis,

513 5549 619 5618 (32)
650 5548 894 5621 Nolafzts,
928 5549 1036 5603 hoc
1067 5548 1478 5621 est,_culpatus
1511 5551 1615 5602 aut
1644 5547 2035 5621 reprehensus
2070 5567 2083 5605 :
2196 5545 2253 5604 et
2284 5551 2457 5604 modo
2480 5545 2825 5605 sumebatur
2851 5565 2955 5621 pro
2983 5550 3223 5605 solertia
3244 5545 3670 5621 licita,fnaxime
3690 5545 3806 5596 cum

444 5633 560 5696 quo
591 5634 768 5676 sensu
802 5618 1075 5678 Horatius
1105 5619 1277 5693 epist.
1310 5618 1381 5678 ad
1409 5620 1682 5678 Scaevam.
1714 5618 1728 5621 ’
2195 5622 2476 5681 adversus
2508 5621 2738 5681 hostem
2770 5618 2871 5681 aut
2896 5619 3187 5681 latronem
3219 5618 3620 5678 adhibebatur.
