4122 6146
1297 322 1399 385 DE
1440 321 1678 384 JACOB
1722 292 1831 382 n'i‘
1873 290 2067 387 virs
2110 296 2373 389 BEATA
2420 327 2571 390 LIB.
2616 328 2697 391 11.

3579 289 3731 398 Oeae

287 458 415 532 quia
442 473 476 511 ἃ
505 450 721 510 diebus
760 448 1022 537 [Joannis
1063 442 1325 537 regnum
1351 455 1624 511 ccelorum
1682 452 1935 524 cogitur,
1967 458 2023 523 Α
2053 459 2293 514 rabunt.
2320 458 2470 523 Quid
2525 460 2914 516 fenerabunt?
2957 461 3085 517 Non
3132 461 3334 536 utique
3383 466 3725 537 pecuniam,

265 551 331 603 eet
384 540 665 618 cogentes
717 532 1006 614 diripiunt
1062 536 1228 598 illud.
1302 532 1661 599 Festinante‘s
1736 544 1937 598 autem

284 638 464 711 patres
494 630 723 706 pascha
778 628 1173 699 celebrabant,
1227 631 1326 704 qui
1374 624 1715 688 festinantes
1767 645 1937 685 man-

281 722 564 781 ducabant
611 730 860 793 agnum,
926 732 1044 775 non
1098 720 1501 777 demorantes:
1564 720 1622 775 et
1693 717 1937 775 fratrem

278 809 564 885 Benjamin
612 812 859 866 sanctus
917 798 1139 880 Josepb
1196 808 1303 881 piae
1360 812 1691 865 commento
1732 806 1936 885 pirau-

276 881 716 960 dis'accersivit
769 902 828 954 et
881 898 1082 953 tenuit
1161 897 1312 969 (Gen.
1388 916 1523 966 XLII,
1594 897 1698 963 20;
1732 881 1743 898 \
1782 913 1934 965 XLIV,

276 991 370 1062 17).

334 1080 414 1135 11.
474 1078 545 1134 Et
595 1075 722 1149 ipse
779 1078 982 1130 tamen
1040 1076 1110 1129 ut
1179 1076 1622 1132 benediceretur
1678 1073 1937 1145 cogendo

271 1167 448 1226 elicuit
486 1170 542 1223 et
573 1164 918 1238 impetravit
949 1162 1115 1235 (Gen.
1144 1176 1319 1232 XXVII,
1354 1166 1443 1233 38,
1477 1164 1571 1237 39)
1599 1182 1611 1219 :
1662 1162 1763 1218 sed
1807 1176 1938 1218 eam

240 1235 745 1322 .benedictionein,
779 1269 907 1325 qua:
949 1248 1097 1308 cum
1131 1254 1431 1326 superiore
1486 1235 1838 1326 congrueret
1883 1253 1941 1307 et

274 1343 609 1412 conveniret,
667 1344 733 1397 ut
788 1334 1046 1398 serviret
1104 1341 1271 1397 fratri
1332 1356 1459 1398 suo.
1525 1340 1758 1397 Etenim
1839 1338 1940 1412 qui

275 1428 542 1507 imperare
575 1445 693 1486 non
751 1428 985 1513 poterat
1032 1430 1092 1485 et
1137 1426 1389 1485 alterum
1451 1418 1681 1501 regere,
1727 1426 1942 1484 servire

274 1518 522 1590 debebat,
555 1524 687 1576 uta
719 1517 1104 1591 prudentiore
1151 1514 1476 1589 regeretur.
1540 1518 1739 1588 Neque
1783 1514 1940 1572 enim

274 1612 366 1668 fuit
414 1608 763 1666 Patriarch'a:
820 1605 1134 1671 sanetimt
1184 1605 1376 1661 ﬁlium
1435 1618 1625 1660 suum
1671 1603 1938 1677 degeneri

273 1698 577 1759 conditioni
612 1695 910 1754 servitutis
937 1692 1281 1749 addiCeret:
1316 1693 1416 1750 sed
1468 1697 1548 1748 ut
1600 1694 1789 1750 bonus
1838 1706 1942 1767 pa-

2055 548 2159 601 sed
2191 545 2569 620 sapientiam,
2602 548 2759 603 sicut
2789 552 2848 605 et
2875 547 2968 605 lex
2993 548 3166 605 dicit:
3204 572 3232 602 «
3266 550 3577 612 Fenerabis
3594 562 3734 629 gen-

2052 634 2217 689 tibus
2291 633 2534 692 multis:
2586 639 2652 690 tu
2712 640 2908 693 autem
2943 641 3220 693 mutuum
3275 656 3393 696 non
3476 643 3731 718 accipies

2054 722 2242 793 (Deut.
2276 740 2372 789 xv,
2401 726 2476 791 6).
2519 747 2546 775 ››
2579 722 2886 781 Feneravit
2932 727 3092 783 enim
3140 726 3379 787 Judaeus
3437 732 3731 806 proselyto

2052 810 2270 865 divinae
2301 810 2452 884 legis
2472 813 2733 869 oracula.
2766 815 2877 870 Sed
2914 816 3053 887 quia
3080 816 3205 889 ipse
3259 817 3407 892 legis
3449 822 3732 895 mysteria

2049 898 2258 954 videre
2292 917 2409 956 non
2456 902 2671 973 potuit,
2720 907 2777 958 et
2833 918 2961 974 qua
3011 904 3270 962 habebat
3313 910 3556 966 nescivit
3601 918 3731 969 ora-

2052 984 2221 1051 cula,
2256 989 2355 1060 qui
2388 988 2648 1046 litteram
2676 990 2978 1048 fenerabat
3002 994 3297 1068 gentibus,
3331 1014 3486 1055 nunc
3530 1000 3601 1056 ab
3634 999 3730 1057 his

2054 1071 2446 1142 spiritalibus
2485 1079 2763 1135 doctrinm
2794 1079 3041 1153 gratiam
3096 1088 3434 1142 mutuatur:
3487 1089 3729 1145 merito-

2053 1176 2187 1230 que
2209 1166 2512 1236 subjectus
2542 1172 2634 1224 est
2663 1169 2959 1226 servituti:
3012 1174 3291 1243 quoniam
3340 1176 3441 1247 qui
3494 1180 3729 1235 mutua-

2050 1253 2168 1302 tur
2195 1268 2399 1311 servus
2428 1259 2518 1312 est
2542 1260 2726 1326 (Prov.
2769 1275 2904 1328 χχιι,
2960 1259 3036 1332 Ἷ),
3087 1262 3255 1334 quasi
3315 1264 3583 1321 addictus
3640 1266 3723 1323 fe-
3768 1308 3772 1311 -

2055 1338 2201 1392 nori
2254 1342 2590 1399 creditoris:
2653 1345 2753 1416 qui
2808 1350 3001 1402 autem
3050 1350 3157 1420 piae
3210 1349 3483 1407 doctrina:
3555 1346 3725 1410 fenus

2053 1422 2350 1498 impartit,
2384 1431 2438 1486 is
2468 1436 2555 1487 est
2580 1433 2872 1505 princeps,
2924 1435 3075 1491 sicut
3124 1435 3216 1491 lex
3264 1436 3433 1495 dicit:
3469 1462 3499 1490 «
3554 1436 3719 1495 Prin-

2053 1529 2202 1586 ceps
2227 1518 2342 1572 eris
2371 1520 2636 1590 gentium
2669 1521 3021 1578 multarum:
3056 1523 3163 1578 tibi
3198 1529 3391 1581 autem
3422 1527 3718 1600 principes

2054 1618 2124 1658 ex
2145 1605 2293 1676 ipsis
2326 1622 2441 1661 non
2472 1610 2644 1662 erunt
2673 1608 2861 1678 (Deut.
2894 1626 2985 1676 xv,
3036 1612 3112 1678 6).
3142 1634 3169 1660 ››
3227 1612 3504 1686 Princeps
3553 1616 3713 1671 enim

2052 1696 2144 1748 est
2174 1693 2276 1765 qui
2306 1695 2472 1766 regit,
2499 1695 2601 1766 qui
2633 1702 2692 1750 et
2740 1696 2917 1752 habet
2962 1698 3251 1770 patientia
3293 1701 3710 1773 principatum,

269 1794 365 1855 ter,
396 1796 531 1844 cum
561 1786 714 1842 duos
760 1782 1009 1883 haberet
1044 1774 1253 1883 .fil'ios,‘
1293 1796 1481 1837 unum
1544 1781 1938 1881 intemperan-
1968 1810 2016 1883 Β
2052 1782 2487 1883 quem‘habuit
2543 1783 2800 1855 populus
2853 1785 3212 1842 Judaeorum.
3267 1788 3378 1843 Sed
3428 1790 3709 1883 quoniam

270 1883 397 1945 tem,
428 1876 779 1950 prudentem
804 1876 862 1929 et
890 1869 1166 1927 Sobrium
1200 1869 1477 1935 alterum,
1547 1884 1664 1942 quo
1703 1870 1935 1941 utrique

265 1962 605 2029 consuleret,
635 1958 1057 2034 intemperanti
1099 1956 1359 2031 praefecit
1398 1958 1698 2024 sobrium,
1741 1961 1799 2013 et
1845 1958 1933 2013 in-

267 2054 570 2127 sipientem
603 2049 873 2124 prudenti
899 2046 1115 2104 statuit
1144 2046 1414 2103 obedire:
1450 2046 1598 2118 quia
1648 2044 1934 2117 insipiens

265 2156 376 2199 non
400 2143 595 2214 potest
612 2136 989 2194 Voluntarius
1023 2134 1258 2189 virtutis
1285 2150 1415 2190 esse
1446 2133 1803 2205 discipulus,
1827 2140 1934 2190 nec

266 2238 632 2303 perseverare
661 2227 723 2282 in
751 2224 972 2290 studio,
1006 2221 1147 2294 quia
1176 2221 1396 2277 stultus
1428 2221 1587 2277 sicut
1618 2220 1759 2275 luna
1801 2238 1930 2276 mu-

266 2323 438 2383 tatur,
491 2317 825 2387 meritoque
882 2313 936 2369 ei
1004 2311 1339 2367 libertatem
1414 2308 1639 2382 proprii
1701 2311 1933 2382 negavit

264 2407 506 2472 arbitrii,
538 2421 613 2461 ne
643 2398 800 2460 velut
830 2401 1002 2458 naVis
1033 2399 1092 2453 in
1134 2397 1411 2454 ﬂuctibus
1461 2398 1592 2454 sine
1639 2398 1928 2469 guberna-

262 2500 391 2553 tore
415 2494 701 2550 ﬂuitaret:
736 2490 839 2547 sed
873 2484 1146 2545 subdidit
1175 2501 1311 2541 eum
1361 2486 1552 2555 fratri,
1602 2486 1927 2541 secundum

260 2584 417 2657 quod
473 2581 765 2653 scriptum
823 2582 945 2633 est:
988 2595 1011 2624 α
1091 2574 1278 2631 Servit
1352 2575 1511 2631 enim
1584 2575 1931 2659 imprudens

259 2670 537 2745 prudenti
568 2672 757 2741 (Prov.
790 2672 869 2731 xi,
903 2665 1017 2735 29).
1049 2684 1077 2712 »
1141 2661 1309 2718 Recte
1358 2678 1496 2735 ergo
1544 2677 1681 2718 eum
1730 2660 1928 2717 subdi-

256 2761 365 2826 dit,
397 2763 467 2815 ut
492 2756 759 2831 regentis
786 2752 1038 2826 imperio
1070 2766 1247 2807 suum
1279 2751 1611 2807 melioraret
1650 2745 1928 2806 affectum

255 2843 395 2905 rdeo
423 2844 545 2904 ait:
586 2869 608 2896 α
638 2845 829 2916 Super
858 2841 1120 2916 gladium
1152 2844 1321 2895 tuum
1368 2840 1547 2904 vives,
1608 2842 1667 2895 et
1710 2836 1929 2896 servies

254 2935 424 2995 ﬁ-atri
453 2937 556 2990 tuo
575 2932 713 3003 (Gen
743 2936 923 2997 x'xvii,
956 2928 1069 2999 110).
1106 2950 1133 2976 »
1167 2927 1411 2984 Domina
1441 2927 1596 2984 enim
1630 2931 1720 2982 est
1741 2925 1929 3009 pietas

251 3022 649 3089 crudelitatis,
698 3025 757 3077 et
816 3017 1211 3075 mansuetudo
1271 3016 1434 3072 duris
1479 3015 1739 3072 motibus
1786 3030 1927 3086 prae-

251 3116 378 3170 stat
406 3113 541 3183 (31).

327 3176 424 3257 42.
478 3176 665 3256 Servii:
721 3195 921 3253 omnis
979 3194 1080 3267 qui
1132 3193 1535 3250 auctoritatem
1588 3204 1749 3263 pura:
1799 3206 1915 3247 non
1947 3176 1991 3244 C

2048 1871 2203 1942 quod
2233 1871 2497 1939 docebat,
2551 1887 2784 1927 servare
2833 1889 2946 1929 non
2997 1874 3205 1946 potuit,
3258 1875 3430 1930 debet
3477 1870 3701 1933 discere

2047 1959 2204 2030 quod
2238 1958 2444 2014 docere
2465 1960 2729 2015 nescivit.

2120 2048 2206 2102 13.
2241 2046 2359 2102 Hoc
2388 2052 2479 2103 est
2532 2048 2713 2119 igitur
2770 2051 2923 2121 quod
2977 2052 3060 2107 ait
3116 2050 3448 2124 patriarcha
3506 2054 3703 2109 Isaac:

2047 2156 2074 2183 ‹‹
2108 2134 2335 2190 Servies
2366 2134 2530 2190 fratri
2596 2140 2718 2192 tuo.
2770 2137 2891 2192 Erit
2932 2143 3128 2195 autem
3177 2156 3311 2195 cum
3364 2138 3706 2212 deposueris

2044 2226 2102 2277 et
2143 2220 2385 2278 solveris
2425 2223 2637 2295 jugum
2691 2224 2852 2282 illius
2884 2243 2918 2281 a
2966 2226 3115 2282 collo
3172 2233 3273 2283 tuo
3321 2228 3477 2298 (Gen.
3526 2243 3701 2296 xxvu,

2042 2310 2154 2380 40),
2190 2332 2219 2358 ››
2246 2309 2589 2382 significans
2617 2312 2766 2369 duos
2798 2314 3026 2371 futuros
3051 2315 3321 2387 populos,
3356 2332 3542 2371 unum
3590 2328 3699 2372 an-

2042 2396 2188 2453 cilla:
2220 2398 2429 2465 filium,
2477 2399 2729 2455 alterum
2786 2401 2982 2457 libera:
3040 2404 3243 2473 (servit
3280 2403 3439 2459 enim
3482 2402 3698 2473 littera,

2042 2485 2229 2541 libera
2254 2490 2345 2541 est
2374 2486 2604 2559 gratia),
2639 2504 2892 2561 eumque
2922 2490 3203 2562 populum
3234 2491 3332 2562 qui
3365 2490 3569 2547 litterae
3603 2492 3699 2547 in-

2041 2574 2247 2640 tendit,
2294 2575 2502 2630 tandiu
2562 2591 2793 2631 servum
2851 2578 2991 2645 fore,
3069 2578 3333 2649 quandiu
3414 2578 3699 2650 spiritalis

2040 2662 2318 2718 doctrinae
2351 2668 2635 2735 sequatur
2664 2664 3062 2737 interpretem.
3096 2666 3262 2721 Tunc
3290 2681 3523 2741 quoque
3543 2664 3695 2737 illud

2038 2752 2303 2807 futurum
2356 2757 2466 2824 est,
2520 2754 2670 2825 quod
2732 2752 3050 2826 Apostolus
3083 2753 3198 2823 ait;
3234 2776 3262 2804 ‹‹
3312 2754 3386 2810 Ut
3431 2744 3697 2829 reliquiae

2038 2839 2208 2895 salvae
2242 2840 2385 2896 ﬁant
2417 2834 2741 2898 secundum
2771 2841 3118 2900 electionem
3176 2842 3372 2917 gratiae
3402 2844 3575 2913 (Rom.
3610 2860 3692 2915 rx,

2034 2929 2147 2999 27).
2186 2951 2213 2978 »
2244 2928 2473 2987 Servies
2502 2946 2638 3003 ergo
2672 2930 2838 2987 fratri
2867 2936 2999 2989 tuo:
3037 2932 3138 2987 sed
3169 2931 3539 2989 tuncsenties
3571 2947 3693 3005 serg

2033 3016 2240 3073 vitutis
2271 3019 2621 3089 profectum,
2654 3036 2787 3075 cum
2836 3018 3203 3077 voluntarius
3250 3020 3446 3093 potius
3499 3036 3697 3093 quam,

2034 3108 2271 3162 coactus
2301 3107 2538 3163 obedire
2569 3107 2809 3180 cceperis
2840 3109 3004 3165 fratri
3034 3108 3168 3182 (35).

2670 3223 2905 3280 CAPUT
2945 3225 3039 3281 IV.

253 3285 422 3347 468
461 3287 676 3385 _ha’bcl
725 3282 1127 3385 cons‘ciﬁn‘ti‘ﬁ‘
1153 3282 1363 3385 “39W”.
1418 3279 1765 3385 (liii-cummi
1830 3279 1920 3334 vel
2029 3310 2446 3385 Fratri_necem
2490 3312 2785 3385 minitatur
2829 3279 2994 3381 Esau,
3041 3328 3151 3384 qua
3204 3313 3484 3368 occasione
3545 3312 3694 3385 play,

253 3383 426 3434 metu
456 3376 768 3449 frangitur,
796 3372 887 3428 Vel
928 3369 1307 3427 delectatione
1349 3369 1632 3432 irretitur,
1680 3364 1769 3422 vel
1819 3382 1919 3422 cu-

252 3465 616 3539 dipitatibus
647 3461 907 3528 ducitur,
937 3458 1035 3514 vel
1083 3456 1489 3529 indignatione
1522 3457 1919 3526 exasperatur,

242 3553 346 3612 vel
380 3566 628 3609 maerore
660 3550 959 3622 dejicitur.
994 3544 1232 3603 Servilia
1263 3544 1420 3602 enim
1452 3546 1541 3602 est
1571 3542 1764 3599 omnis
1783 3560 1923 3615 pas-

243 3644 381 3701 sio:
452 3640 734 3714 quoniam
794 3637 893 3711 qui
955 3636 1093 3691 faeit
1170 3639 1492 3707 peccatum,
1563 3646 1767 3688 servus
1836 3636 1925 3689 est

244 3729 511 3807 peccati,
542 3733 601 3786 et
629 3728 787 3801 quod
820 3727 991 3799 pejus
1022 3728 1131 3791 est,
1173 3722 1495 3779 multorum
1550 3730 1755 3776 servus
1803 3725 1921 3776 est:

242 3820 362 3893 qui
382 3819 702 3889 subjectus
729 3819 823 3873 est
850 3813 1030 3883 vitiis,
1066 3810 1269 3868 multis
1292 3824 1354 3868 se
1385 3809 1641 3867 dominis
1682 3807 1923 3876 addixit,

244 3913 326 3965 ut
377 3907 616 3964 servitio
672 3906 727 3961 ei
784 3902 943 3960 emre
997 3902 1092 3957 vix
1137 3899 1325 3957 liceat.
1356 3902 1430 3955 At
1487 3912 1621 3954 vero
1670 3895 1769 3952 ille
1825 3897 1927 3969 qui

244 3994 587 4053 voluntatis
628 4008 748 4049 suae
798 3990 1015 4045 arbiter
1064 3992 1173 4055 est,
1217 3987 1392 4057 iudex
1448 3981 1700 4050 consilii,
1746 3982 1925 4038 inter-

246 4098 413 4157 pres
455 4078 704 4149 arbitrii,
765 4079 869 4152 qui
916 4080 1142 4134 coercet
1194 4091 1478 4148 corporeae
1531 4070 1929 4145 appetentiam

254 4169 593 4247 passionis,
621 4171 722 4243 qui
754 4182 825 4226 ea
853 4182 981 4241 quae
1014 4166 1154 4238 agit,
1189 4166 1333 4222 bene
1364 4164 1504 4237 agit,
1536 4164 1684 4219 bene
1732 4165 1929 4218 autem

2100 3378 2295 3457 candw
2350 3381 2581 3457 invidia?
2629 3388 2911 3457 praecepta
2960 3378 3365 3457 proponuntur.
3455 3378 3686 3441 Ad'La-

2104 3452 2305 3506 bunum
2329 3454 2604 3522 profectus
2634 3452 2820 3510 ’Jacob
2850 3458 2911 3510 in
2956 3452 3421 3523 uia’angelorum
3473 3464 3701 3513 recrea-‘

2104 3526 2191 3576 tus
2220 3524 2586 3593 apparitione,
2619 3539 2683 3577 ac
2708 3528 2896 3595 postea
2927 3528 3080 3582 bonis
3111 3526 3504 3597 ampliﬁcatur.

2112 3636 2193 3689 14.
2227 3634 2512 3691 Hincorta
2536 3636 2881 3707 estinvidia,
2913 3639 3322 3695 etminabatur
3348 3641 3501 3697 Esau
3526 3640 3685 3715 quod

2036 3729 2169 3798 post
2196 3724 2422 3780 obitum
2479 3725 2663 3796 patris
2722 3725 2964 3782 fratrem
3008 3726 3319 3801 occideret.
3375 3729 3488 3784 Sed
3520 3729 3570 3786 si
3627 3728 3687 3783 id

2035 3812 2313 3870 acciderit
2346 3813 2481 3885 (36),
2514 3812 2811 3869 discamus
2851 3832 2885 3870 a
2915 3815 3173 3871 Rebecca
3201 3810 3357 3871 464
3406 3810 3709 3888 ᾳυθωαᾶ-’

2038 3900 2279 3957 modum
2310 3901 2734 3974 providendum
2780 3903 2874 3971 sit,
2936 3919 3008 3958 ne
3055 3901 3276 3957 invidia
3323 3903 3692 3959 iracundiam

2038 3989 2266 4055 excitet,
2316 3990 2622 4045 iracundia
2663 3990 2723 4045 in
2776 3989 3155 4064 parricidium
3191 3996 3456 4063 proruat.
3486 3988 3707 4049 Veniat

2041 4077 2318 4146 Rebecca,
2351 4078 2461 4133 hoc
2493 4083 2600 4145 est,
2651 4079 2964 4135 inducatur
3020 4077 3317 4151 patientia,
3378 4080 3533 4137 bona
3588 4097 3694 4136 cu-

2041 4169 2164 4222 stos
2218 4165 2582 4235 innocentite,
2617 4169 2861 4224 suadeat
2914 4172 2978 4224 ut
3026 4167 3122 4222 irae
3184 4169 3380 4224 locum
3452 4169 3689 4225 demus.

246 4276 457 4335 agens
483 4264 638 4317 recte
670 4258 811 4332 agit,
847 4261 905 4312 et
957 4255 1059 4326 qui
1109 4257 1263 4309 recte
1318 4252 1458 4325 agit,
1520 4248 1823 4320 inculpata
1878 4252 1936 4305 et
2042 4254 2444 4310 Concedamus
2478 4254 2673 4326 aliquo
2705 4255 2958 4328 longius,
2994 4257 3177 4311 donec
3230 4262 3493 4329 tempore
3541 4257 3697 4313 indi-

250 4346 874 4422 irreprehensibiliter
919 4340 1058 4416 agit,
1110 4341 1335 4397 habens
1377 4352 1619 4396 suorum
1672 4342 1933 4427 actuum
2045 4342 2244 4417 gnatio
2275 4341 2591 4407 molliatur,
2625 4343 2964 4401 oli‘ensionis
3021 4343 3263 4417 obrepat
3310 4344 3540 4425 oblivio.
3584 4345 3713 4427 Ita-q

255 4438 627 4513 potestatem
654 4454 667 4491 :
710 4435 765 4492 is
793 4430 1052 4507 profecto
1082 4430 1229 4487 liber
1257 4433 1361 4486 est.
1395 4429 1536 4484 Nam
1579 4426 1681 4499 qui
1740 4425 1939 4482 omnia
2048 4447 2163 4504 que
2192 4430 2450 4503 patentia
2480 4446 2584 4486 nec
2614 4430 2882 4487 exsilium
2914 4432 3278 4502 reformidat,
3311 4435 3414 4491 sed
3450 4433 3705 4507 impigre

258 4527 605 4602 prudenter
633 4522 774 4599 agit,
831 4524 890 4579 et
933 4518 1189 4577 ita-vivit
1228 4522 1294 4573 ut
1337 4517 1479 4585 vult,
1528 4517 1579 4572 is
1617 4514 1791 4604 solus
1847 4518 1938 4571 est
1972 4539 2019 4604 Β
2049 4518 2331 4591 suscipit:
2366 4534 2481 4573 non
2513 4523 2633 4574 tam
2666 4524 2731 4574 ut
2758 4520 3085 4592 periculum
3119 4521 3348 4593 salutis,
3408 4539 3589 4595 quam
3640 4526 3719 4604 utj

256 4600 453 4672 liber.
510 4615 635 4670 Non
695 4611 953 4669 conditio
1006 4608 1249 4665 fortuita
1314 4621 1546 4662 servum
1603 4602 1760 4670 facit,
1838 4604 1938 4660 sed
1972 4600 2007 4604 —
2052 4606 2409 4663 incentivum
2442 4606 2677 4662 sceleris
2708 4607 3048 4665 declinatur.
3095 4609 3281 4667 Mater
3323 4626 3559 4684 quoque
3610 4600 3717 4681 pia‘

262 4702 578 4777 probrosa
626 4698 991 4772 insipientia.
1048 4695 1310 4768 Denique
1367 4692 1626 4749 famulus
1685 4692 1946 4764 prudens
2055 4696 2259 4751 abesse
2284 4694 2395 4750 sibi
2444 4694 2896 4753 dilectissimum
2945 4697 3133 4753 ﬁlium
3182 4699 3408 4766 tolerat,
3459 4698 3593 4770 plus
3651 4690 3721 4751 ei“

260 4788 737 4865 regit‘dominos
768 4782 1002 4854 stultos,
1038 4788 1094 4841 et
1121 4784 1291 4857 periti
1323 4782 1470 4839 servi
1502 4778 1758 4839 dominis
1783 4780 1945 4837 fene-
2058 4783 2339 4839 collatura
2368 4797 2542 4853 quem
2571 4779 2749 4839 laesit:
2782 4786 3017 4858 utrique
3045 4790 3240 4843 tamen
3272 4784 3606 4851 consulens,
3640 4785 3708 4840 ut

2058 4909 2193 4979 cant
2221 4905 2576 4979 philosophi.
2874 4966 2879 4969 _
3416 4976 3451 4979 Α
3590 4976 3622 4979 ﬂ
3696 4960 3699 4965 ,

2134 4967 2248 5050 (35)
2279 4977 2416 5057 Post
2451 4967 2650 5057 vocem
2708 4967 2879 5057 fratri
2920 4979 3111 5057 addit
3138 4979 3318 5057 Rom_._
3363 4976 3525 5057 edit.,
3580 4967 3725 5032 Ecce’

2062 5050 2206 5105 Esau
2266 5051 2444 5121 frater
2473 5051 2623 5123 tuus
2671 5052 2965 5123 minitatur
3011 5050 3111 5104 tibi
3172 5049 3408 5123 occidere
3452 5050 3524 5113 te,
3567 5063 3723 5123 nunc;

2062 5137 2209 5205 ergo,
2244 5115 2354 5205 etc.
2387 5119 2604 5203 Deinde
2635 5126 2809 5202 caput
2836 5120 3073 5205 tertium
3104 5121 3406 5205 continuat
3435 5135 3622 5190 usque
3642 5115 3723 5175 ad

2065 5190 2185 5247 haec
2216 5192 2415 5257 verba,
2446 5194 2633 5246 omnia
2664 5190 2785 5246 sine
2813 5192 3021 5263 defectu
3046 5192 3348 5246 ministrat.

2067 5336 2114 5343 __
2139 5263 2250 5335 (36)
2280 5262 2366 5343 Ita
2396 5279 2540 5343 mss;
2576 5262 2958 5343 quiinque._ac
2988 5260 3125 5343 edit.
3176 5262 3533 5343 Am.“atque
3580 5260 3714 5343 Era.

264 4915 495 4989 modo
526 4916 728 4989 autem
778 4920 886 4985 pro
925 4904 1115 4989 .ornni
1160 4906 1399 4989 fallacia
1430 4910 1502 4989 et
1576 4904 1963 4989 simulatione

266 4988 357 5044 ad
430 4979 835 5058 decipiendum
921 4982 1252 5058 instructa:
1303 4982 1359 5034 et
1400 4981 1563 5058 tunc
1636 4979 1768 5058 fere.
1828 4984 1947 5058 non

265 5048 648 5137 simpliciter
722 5057 882 5137 dolus
963 5049 1305 5137 sedmdolus
1362 5048 1946 5137 malusnmdicehatur.

270 5119 466 5186 Hunc
522 5131 668 5184 teste
724 5126 1017 5189 Cicerone,
1081 5119 1182 5176 lib.
1242 5135 1308 5176 ιιι
1364 5119 1429 5175 de
1525 5119 1710 5194 Ome,
1781 5121 1947 5175 item-

273 5196 419 5246 ηιιά
477 5216 535 5246 ιιι
591 5198 659 5246 de
711 5192 836 5246 Ναί-
895 5195 1044 5246 deor.
1102 5190 1377 5246 Aquilius
1434 5191 1769 5246 deﬁniebat.
1826 5206 1947 5246 cum

273 5196 419 5275 que
476 5216 536 5254 ιιι
591 5198 659 5253 de
708 5192 836 5254 Nat.
895 5195 1044 5251 deor.
1102 5192 1377 5264 Aquilius
1434 5192 1769 5273 deﬁniebat,
1826 5206 1951 5274 eam
2065 5192 2185 5247 haec
2216 5192 2415 5257 verba,
2446 5194 2633 5246 omnia
2661 5192 2785 5273 sine
2813 5192 3021 5263 defectu
3046 5192 3348 5273 ministrat.

266 5269 457 5328 aliud
485 5271 558 5346 sit
582 5269 943 5346 simulatam,
967 5263 1123 5346 aliud
1144 5270 1347 5346 actum.
1375 5260 1734 5346 .Videnetiam
1761 5260 1952 5334 Ulpia-
2067 5336 2114 5346 υ
2139 5263 2250 5335 (36)
2280 5262 2366 5346 Ita
2396 5279 2540 5346 mss;
2576 5277 2958 5346 qumquemac
2988 5261 3125 5346 edit.
3176 5263 3307 5316 Am.
3326 5262 3533 5346 “atque
3580 5260 3638 5346 ἷξε

271 5354 449 5400 num
478 5336 709 5397 Dc‘Dolo
737 5331 1054 5408 malo,'lege
1084 5334 1274 5408 prima
1303 5332 1411 5408 sub
1443 5334 1698 5389 initium.
1789 5331 1852 5408 ,ς
1933 5402 1949 5408 _
2066 5331 2202 5408 Mss.
2234 5331 2437 5408 autem
2497 5331 2721 5408 Remig.
2749 5331 3079 5408 'et_fi‘hegd_..
3133 5348 3278 5408 cum
3299 5331 3517 5408 _Rom._
3550 5331 3715 5400 edit.,

364 5413 497 5485 (24)
546 5411 712 5485 Rom.
762 5401 928 5485 editi,
981 5401 1151 5485 itur-is.
1191 5405 1438 5485 moribus
1485 5412 1725 5476 prestat.
1788 5401 1953 5485 Haud
2065 5405 2172 5485 ﬁed
2201 5421 2270 5485 ire
2318 5404 2379 5485 id
2431 5401 2915 5485 accidere—taedia
2972 5401 3128 5469 Gill.,
3151 5403 3436 5485 acciderit.
3498 5403 3716 5485 Iterum

277 5468 495 5541 ωὰισὲ
533 5482 632 5559 sed
665 5498 785 5559 non
812 5468 949 5559 ideo
976 5481 1049 5535 ab
1078 5477 1348 5559 aliarum,
1383 5468 1632 5559 et.'mss.
1689 5473 1951 5559 omnium
2069 5475 2177 5559 hoc
2208 5476 2335 5548 ipso
2364 5472 2644 5559 Inaehubi
2690 5468 2835 5559 sciit.
2869 5480 3001 5528 Am.
3039 5490 3104 5528 ac
3151 5476 3306 5543 Era.,
3354 5468 3733 5559 dicamus‘ad’

280 5540 698 5635 recedendum
728 5552 996 5635 lectione,
1032 5553 1254 5635 cum‘et
1284 5540 1412 5620 ipsa
1458 5546 1612 5628 bona
1661 5544 1755 5601 sit.
1790 5545 1957 5635 sunt
2071 5540 2562 5635 Rebecbainll.
2596 5540 2849 5635 agitem.
2905 5561 3041 5602 cum
3087 5561 3232 5635 mss.
3287 5540 3567 5606 omnibus
3613 5543 3721 5628 ha:

284 5626 470 5687 enim
492 5625 624 5685 duri
648 5628 825 5684 motus
855 5615 1033 5693 idem,
1068 5636 1132 5677 ac
1160 5615 1325 5678 durae'
1377 5618 1701 5693 passiones,
1747 5620 1812 5677 ut
1857 5633 1955 5678 vo-
2072 5617 2230 5691 bent,
2263 5618 2535 5679 discamus
2557 5631 2592 5680 α
2612 5615 2860 5679 Rebecca.

634 5751 894 5819 Parant.
940 5746 1100 5817 XIV.
3321 5741 3410 5834 ες
