4122 6146
520 317 634 382 651

1984 308 2049 368 S.
2096 300 2472 367 AMBROSII

3742 311 3849 373 .652

519 451 768 505 alterum
800 446 1126 501 immunem
1171 462 1204 501 a
1230 442 1527 517 'periculo,
1576 442 1823 498 alterum
1880 441 2174 511 integrum
2206 441 2259 503 Α
2294 437 2401 490 Per
2445 434 2718 489 nucinam
2764 432 2988 506 virgam
3031 428 3384 488 sacerdotale
3441 429 3646 489 Christo
3682 453 3855 497 munus

521 538 821 611 praestaret
840 552 874 591 a
905 533 1170 591 crimine.

600 644 680 699 15.
710 640 1060 698 Audivimus
1091 642 1228 713 quid
1261 639 1552 713 corporeis
1565 637 1728 695 ebria
1758 635 2177 709 cupiditatibus

520 730 976 804 intemperantia
1002 730 1196 787 locuta
1224 730 1322 797 sit,
1368 728 1806 786 consideremus
1854 725 1993 798 quid
2042 741 2177 779 vera

522 820 710 878 virtus
740 825 895 894 agat.
928 819 1083 876 Nihil
1133 819 1379 891 requirit
1426 818 1541 873 nisi
1594 817 1695 873 Dei
1741 814 2021 888 gratiam:
2074 829 2173 867 so-

524 911 652 967 lum
681 909 828 966 illud
861 913 918 965 et
969 925 1272 965 summum
1331 909 1551 964 bonum
1605 905 1889 977 sequitur,
1936 902 2058 958 solo
2107 918 2174 957 eo

526 1002 799 1055 contenta
829 986 1005 1063 est,'a
1037 1014 1152 1069 quo
1187 996 1508 1069 accipimus
1538 995 1769 1061 omnia;
1816 994 1927 1067 ipsi
1977 996 2172 1048 autem

525 1086 669 1142 nihil
701 1085 1081 1154 conferimus,
1114 1086 1252 1158 quia
1276 1085 1435 1141 nullo
1480 1085 1723 1157 indiget,
1753 1084 1903 1139 sicut
1934 1081 2015 1138 ait
2061 1082 2171 1136 Da-

523 1175 652 1231 vid:
693 1195 715 1227 α
778 1174 903 1230 Dixi
961 1176 1235 1231 Domino:
1297 1175 1451 1230 Deus
1509 1190 1677 1229 meus
1736 1190 1796 1227 es
1873 1176 1964 1239 tu;
2028 1187 2170 1243 quo-

526 1262 683 1320 niam
715 1264 1005 1320 honorum
1036 1281 1301 1321 meorum
1334 1281 1448 1319 non
1497 1280 1631 1336 eges
1687 1263 1856 1333 (Psal.
1905 1279 1996 1327 xv,
2027 1260 2105 1331 2).
2146 1284 2171 1308 ››

524 1354 647 1419 Quo
677 1352 834 1409 enim
877 1352 1120 1427 indiget,
1165 1354 1264 1425 qui
1315 1353 1577 1408 abundat
1631 1351 1925 1419 omnibus,
1976 1354 2032 1406 et
2080 1366 2176 1406 no-

524 1442 618 1499 bis
648 1442 897 1516 largitur
925 1442 1217 1510 universa,
1282 1441 1478 1498 omnia
1543 1441 1669 1496 sine
1718 1439 1943 1495 defectu
1998 1438 2171 1495 mini-

524 1536 674 1589 strat
691 1532 719 1587 ?

596 1638 684 1694 46.
738 1639 805 1693 Et
855 1639 1149 1710 profectus
1208 1640 1296 1693 est
1349 1637 1545 1702 Jacob,
1579 1640 1635 1691 et
1690 1635 1963 1692 dormivit
2037 1636 2170 1705 (37),

525 1727 682 1799 quod
714 1731 802 1782 est
831 1726 1013 1797 quieti
1045 1726 1224 1783 animi
1283 1725 1595 1780 indicium:
1642 1730 1700 1779 et
1744 1722 1888 1779 vidit
1937 1722 2172 1795 angelos

524 1815 624 1871 Dei
649 1808 1039 1870 ascendentes
1071 1818 1127 1871 et
1156 1815 1576 1870 descendentes
1627 1813 1777 1884 (Gen.
1840 1830 2035 1877 xxvm,
2090 1812 2177 1877 11,
2208 1809 2255 1873 Β

531 1903 636 1973 12),
670 1902 779 1957 hoc
810 1906 919 1969 est,
954 1903 1250 1960 Christum
1282 1902 1541 1975 praevidit
1573 1903 1630 1955 in
1663 1903 1853 1966 terris,
1888 1902 1957 1955 ad
2001 1916 2176 1973 quem

523 1989 866 2064 angelorum
897 1995 1128 2048 caterva
1159 1992 1464 2048 descendit
1493 1996 1666 2062 atque
1700 1989 1978 2053 ascendit,
2005 1990 2177 2043 obse-

525 2080 729 2151 quium
783 2080 1017 2153 proprio
1077 2081 1315 2136 domino
1382 2081 1479 2151 pio
1557 2079 1869 2151 praebitura
1945 2077 2177 2133 servitio

525 2168 728 2240 (Matth.
755 2183 828 2239 Iv,
860 2171 917 2225 u
932 2170 970 2241 ).

599 2276 683 2330 17.
714 2274 781 2330 Et
807 2274 966 2331 venit
992 2275 1064 2330 ad
1095 2279 1339 2348 puteum
1383 2274 1540 2344 (Gen.
1591 2290 1744 2338 xx1x,
1775 2273 1852 2344 2),
1903 2276 1967 2326 ut
2018 2272 2177 2328 bibe-

526 2366 615 2418 ret
643 2363 715 2419 de
745 2362 872 2420 suis
900 2363 1076 2432 vasis,
1110 2368 1169 2419 et
1198 2364 1268 2419 de
1298 2367 1608 2434 puteorum
1633 2377 1873 2416 suorum
1897 2360 2177 2428 fontibus,

532 2455 590 2508 et
620 2452 1049 2525 superﬂuerent
1076 2452 1128 2507 ei
1158 2468 1321 2523 aqua:
1352 2452 1422 2505 de
1454 2467 1560 2506 suo
1592 2450 1765 2507 fonte.
1826 2450 1976 2505 Fons
2022 2450 2179 2505 enim

527 2540 655 2597 vitm
688 2545 779 2597 est
808 2541 868 2595 in
901 2540 1175 2596 manibus
1197 2540 1366 2611 justi.

600 2649 686 2702 18.
747 2648 817 2703 Et
845 2646 1001 2703 venit
1030 2646 1102 2701 ad
1154 2646 1370 2715 Laban,
1432 2650 1489 2701 et
1530 2662 1662 2701 oves
1689 2646 1800 2715 (38)
1848 2645 1976 2716 ejus
2023 2645 2183 2715 pavit

532 2735 690 2809 (Gen.
722 2753 874 2804 xxrx,
909 2736 1119 2805 13-19).
1155 2734 1441 2806 lniquitas
1465 2733 1805 2789 incomitata
1826 2733 2071 2788 residet:
2094 2750 2183 2788 sa-

534 2824 756 2898 pientia
783 2824 1023 2896 regendi
1054 2822 1311 2878 ofﬁcium
1340 2837 1456 2877 non
1487 2822 1735 2876 omittit:
1768 2822 1952 2876 nescit
1980 2820 2067 2876 vel
2122 2821 2181 2875 in

539 2912 747 2968 alienis
772 2927 997 2978 vacare,
1031 2909 1219 2966 nescit
1246 2910 1409 2965 exsul
1442 2926 1572 2965 esse
1591 2909 1650 2963 in
1670 2909 2012 2981 peregrinis.
2039 2911 2185 2975 Quo-

539 3000 711 3056 modo
741 2999 897 3055 enim
944 2997 1128 3065 exsul,
1162 3014 1287 3069 quae
1338 2996 1560 3069 ubique
1600 2997 1703 3068 jus
1752 3013 1924 3052 suum
1974 3004 2182 3066 servat,

535 3090 594 3143 ct
622 3086 681 3142 in
712 3101 774 3143 se
804 3086 982 3142 habet
1011 3085 1166 3158 quod
1192 3085 1500 3156 possidet?

608 3194 695 3250 19.
729 3193 905 3261 Quasi
936 3191 1332 3248 mercenarius
1362 3191 1686 3264 ingreditur
1707 3193 1936 3263 justus:
1970 3198 2028 3248 et
2060 3208 2182 3248 rec-
2214 3170 2256 3235 (ἶ

534 3286 628 3339 tor
655 3284 765 3350 est,
787 3281 887 3354 qui
919 3280 1032 3337 sibi
1062 3295 1296 3352 gregem
1318 3278 1638 3334 multarum
1663 3279 2185 3351 praestantiumque

530 3370 815 3426 virtutum
848 3368 1157 3441 splendore
1190 3367 1507 3440 fulgentem
1540 3366 1879 3439 evangelica:
1910 3368 2184 3440 praedica-

529 3457 708 3515 tionis
729 3455 1056 3513 ministerio
1113 3454 1421 3528 colligebat
1448 3456 1589 3527 (39);
1622 3460 1688 3510 ut
1740 3457 2024 3528 potaturis
2067 3457 2184 3511 ovi-

534 3547 648 3603 bus
675 3546 899 3619 virgam
932 3544 1305 3608 storacinam,
1337 3549 1393 3600 et
1413 3544 1712 3612 nucinam,
1745 3549 1802 3599 et
1830 3545 1901 3599 de
1949 3544 2185 3616 platano

532 3639 884 3709 proponeret
914 3632 1165 3689 inventis
1199 3634 1333 3703 (40),
1368 3649 1484 3704 quo
1516 3633 1993 3704 concupiscentes
2051 3633 2186 3689 bea-

533 3724 783 3781 tissima
813 3721 1116 3779 Trinitatis
1148 3722 1530 3795 praeﬁgurata
1559 3720 1854 3792 mysteria,
1890 3720 2189 3794 haudqua-

534 3828 715 3885 quam
745 3810 1040 3868 decolores
1071 3810 1222 3866 fetus
1251 3809 1359 3883 pits
1390 3809 1605 3864 mentis
1638 3808 2017 3881 conceptione
2074 3810 2186 3866 for-

534 3904 785 3958 marent.
829 3900 997 3955 Bonae
1028 3916 1184 3971 oves,
1218 3916 1345 3971 qua:
1377 3899 1663 3954 bonorum
1695 3901 1897 3969 partus
1946 3915 2188 3970 operum

530 3991 667 4047 ﬁdei
697 4006 875 4047 sacrae
906 4006 1021 4045 non
1052 3990 1372 4062 degeneres
1401 3987 1729 4042 ediderunt.
1773 3987 1879 4042 Per
1899 3991 2188 4046 storacem

532 4079 899 4152 signiﬁcatur
928 4078 1234 4133 incensum
1263 4079 1320 4131 et
1364 4075 1717 4131 sacriﬁcium
1768 4077 2188 4147 vespertinum,

535 4168 691 4242 quod
720 4172 832 4223 Deo
872 4166 1027 4221 Patri
1058 4165 1321 4221 defertur
1350 4163 1408 4218 in
1462 4162 1690 4236 psalmo
1741 4163 1909 4234 (Psal.
1943 4180 2067 4234 CXL,
2112 4169 2190 4236 2).

606 4275 719 4347 (37)
750 4273 917 4347 Rom.
952 4272 1093 4347 edit.
1129 4270 1226 4347 hic
1257 4285 1475 4347 novum
1506 4268 2056 4347 caputordiebatur
2101 4271 2195 4328 his

530 4339 747 4411 verbis,
781 4346 856 4399 Et
910 4344 1065 4399 misit
1121 4344 1275 4398 Isaac
1323 4342 1525 4414 Iacob:
1557 4339 1609 4394 et
1655 4339 1794 4394 abiit
1849 4342 1909 4394 in
1960 4342 2194 4414 Mesopo-

533 4417 765 4472 tamiam
794 4415 863 4468 ad
900 4415 1108 4480 Laban,
1161 4418 1270 4468 etc.
1333 4413 1617 4483 Profectus
1672 4418 1751 4483 cst
1794 4413 1991 4483 Jacob,
2025 4413 2105 4468 et’
2134 4417 2194 4469 in

530 4488 733 4542 itinere
761 4484 1036 4540 dormivit.
1069 4485 1286 4540 Eadem
1318 4481 1456 4538 edit.
1499 4483 1649 4537 duos
1681 4481 1825 4537 alios
1874 4482 2188 4554 Scripturaa

2292 525 2566 579 defertur.
2600 524 2728 578 Haec
2757 523 2914 579 enim
2926 521 3289 594 virgaAaron
3303 535 3431 591 quis
3447 522 3676 592 reposita
3685 524 3855 597 ﬂoruit,

2293 629 2408 685 qua
2464 611 2839 668 sacerdotalis
2896 610 3083 683 gratia
3158 608 3619 667 sanctiﬁcationis
3670 616 3860 673 emicuit

2289 701 2471 769 (Num.
2501 719 2636 771 xvu,
2667 703 2741 768 8).
2776 701 2881 755 Per
2911 699 3215 772 platanum
3251 696 3526 769 spiritalis
3578 701 3771 760 fructus
3805 706 3859 762 si-

2288 790 2599 863 gniﬁcatur
2620 790 2852 845 ubertas
2873 807 2885 857 ;
2921 788 3061 861 quia
3081 787 3273 843 arbori
3289 786 3426 841 huic
3455 787 3579 845 vitis
3594 790 3863 851 adnectitur

2288 884 2351 933 ut
2379 880 2507 948 ejus
2534 878 2665 933 laeta
2694 878 3007 945 consortio,
3045 877 3102 931 in
3134 881 3336 948 partus
3387 897 3510 937 sese
3535 881 3721 938 uberes
3764 883 3864 938 fun-

2286 967 2401 1022 dat.
2436 966 2733 1037 Siquidem
2765 966 3081 1022 Dominicaz
3107 968 3263 1023 465
3326 986 3562 1025 munera
3610 970 3864 1041 passionis,

2287 1057 2809 1127 remissionemque
2841 1056 3106 1110 omnium
3125 1062 3493 1127 peccatorum
3510 1059 3865 1133 adjunctaSpi-

2285 1146 2430 1199 ritus
2461 1145 2650 1217 gratia
2679 1145 2814 1199 dare
2846 1145 3150 1201 consuevit
3179 1146 3311 1218 (41).

2934 1251 3167 1307 CAPUT
3205 1253 3272 1307 V.

2280 1324 2439 1379 Jacob
2463 1323 2649 1377 divino
2670 1326 2833 1392 jussu
2868 1324 2925 1377 in
2978 1325 3221 1394 patriam
3271 1326 3558 1380 revertitur
3601 1328 3659 1381 ob
3705 1327 3871 1381 Labam'

2351 1395 2574 1468 ejusque
2600 1394 2845 1468 ﬁliorum
2872 1394 3161 1468 invidiam.
3194 1396 3320 1452 Haec
3346 1398 3397 1451 si
3421 1405 3607 1452 exorta
3654 1400 3734 1465 sit,
3773 1414 3873 1468 quo-

2352 1467 2507 1520 modo
2537 1466 2900 1520 declinanda:
2927 1482 3036 1536 qua
3058 1467 3231 1522 etiam
3273 1470 3485 1523 ratione
3536 1471 3732 1539 sapiens
3772 1466 3873 1523 ina-

2352 1539 2440 1590 nis
2469 1552 2753 1606 nunquam
2781 1552 2893 1610 esse
2908 1539 3096 1607 possit.
3149 1540 3278 1593 Post
3327 1555 3446 1610 quae
3499 1542 3795 1610 mysterium
3832 1542 3876 1593 in

2352 1609 2572 1662 Labano
2601 1609 2790 1677 generi
2811 1609 2949 1661 bona
2996 1609 3388 1678 perscrutante,
3443 1612 3502 1665 in

2353 1680 2468 1749 ejus
2496 1678 2761 1733 uxoribus
2787 1680 3137 1749 designatum
3166 1683 3474 1752 exponitur.

2359 1770 2448 1821 20.
2511 1768 2612 1822 His
2670 1766 2884 1839 itaque,
2948 1772 3013 1822 ut
3074 1768 3375 1841 Scriptura
3431 1769 3567 1824 dicit
3613 1771 3713 1841 (42)
3755 1769 3878 1825 dives

2288 1858 2477 1912 factus
2508 1862 2616 1921 est,
2645 1856 2809 1911 valde
2841 1856 3058 1911 bonum
3093 1873 3328 1930 gregem
3380 1858 3637 1913 nutriens
3677 1857 3876 1923 Christo,

2289 1962 2466 2016 quem
2526 1946 2657 1999 ﬁdei
2730 1943 2918 2011 titulo,
2949 1950 3005 2000 et
3048 1946 3323 2003 varietate
3370 1948 3649 2014 virtutum
3692 1945 3883 2019 gloriosi

2290 2035 2547 2089 nominis
2608 2033 2932 2088 nobilitavit
2990 2033 3341 2107 insignibus.
3416 2037 3615 2108 Itaque
3657 2052 3748 2091 nec
3796 2034 3881 2090 sibi

2288 2124 2593 2177 videbatur
2623 2127 2934 2194 angustus,
2967 2139 3142 2178 censu
3191 2123 3325 2179 ﬁdei
3384 2125 3633 2197 opimus,
3664 2129 3714 2179 et
3754 2123 3885 2179 Labe

2292 2210 2428 2265 ﬁliis
2461 2215 2524 2266 ut
2555 2210 3042 2282 opulentissimus
3072 2211 3131 2266 in
3165 2212 3446 2267 invidiam
3477 2212 3783 2278 vocabatur,
3807 2209 3884 2281 qui

3573 1611 3708 1680 acab,
3753 1619 3879 1681 atque

2293 2318 2468 2357 suum
2504 2316 2737 2373 gregem
2770 2299 2943 2354 alieni
2974 2300 3168 2373 gregis
3200 2301 3533 2357 accessione
3562 2298 3885 2356 cumulasset.

2292 2391 2363 2444 Et
2428 2389 2574 2444 dixit
2630 2389 2680 2442 ei
2729 2389 2909 2444 Deus:
2946 2412 2973 2439 ‹‹
3026 2389 3326 2445 Revertere
3376 2391 3437 2445 in
3493 2394 3696 2446 terram
3744 2386 3886 2460 patris

2293 2479 2400 2547 tui,
2453 2477 2599 2533 etin
2651 2481 2881 2550 gentem
2938 2480 3133 2545 tuam;
3166 2482 3224 2534 et
3280 2495 3387 2551 ego
3437 2496 3533 2534 ero
3564 2482 3742 2533 tecum
3765 2474 3886 2544 (Gen.

2293 2584 2444 2637 xxxx,
2481 2566 2556 2637 3),
2593 2588 2620 2615 ››
2674 2566 2988 2621 ostendens
3048 2566 3196 2621 nihil
3226 2567 3276 2622 ei
3322 2567 3549 2635 deesse,
3596 2566 3684 2622 cui
3705 2564 3889 2620 adesset

2296 2655 2559 2710 omnium
2601 2653 2902 2724 plenitudo
2935 2654 3077 2725 (43):
3111 2653 3221 2709 hoc
3250 2654 3446 2710 solum
3478 2654 3757 2711 abundare
3784 2666 3887 2723 per-

2296 2746 2461 2808 fecte,
2496 2744 2554 2796 in
2588 2743 2694 2796 hoc
2728 2746 2992 2797 constare
3040 2742 3255 2809 omnia,
3290 2747 3346 2798 et
3378 2744 3579 2799 omnia
3625 2743 3692 2798 ad
3735 2741 3889 2812 ipsum

2296 2831 2515 2887 referri.
2550 2830 2705 2885 Nihil
2730 2829 2779 2884 ei
2811 2831 3177 2901 superﬂuum
3224 2832 3622 2888 necessarium
3658 2828 3777 2902 (44),
3816 2823 3890 2882 cui

2296 2938 2406 2994 pax
2441 2920 2554 2975 ﬁda
2584 2923 2937 2991 suppeteret,
2986 2935 3089 2991 per
3136 2937 3313 2991 quam
3366 2920 3755 2977 reconciliaret
3793 2930 3891 2987 quae

2294 3010 2552 3082 primum
2585 3008 2816 3063 fuerant
2840 3007 3250 3080 discrepantia.
3280 3010 3399 3065 Nec
3430 3009 3642 3065 mirum
3667 3008 3712 3063 si
3732 3018 3891 3079 pacem

2296 3098 2556 3164 haberet,
2591 3094 2691 3167 qui
2724 3095 3055 3151 columnam
3088 3101 3377 3153 statuerat
3429 3097 3582 3170 (Gen.
3615 3113 3765 3162 xxxv,
3805 3093 3893 3161 26),

2294 3190 2352 3243 et
2384 3187 2626 3240 unxerat
2654 3184 2790 3251 Deo,
2824 3201 2950 3256 quae
2987 3189 3077 3240 est
3124 3184 3401 3242 Ecclesia.
3453 3185 3728 3241 Columna
3767 3179 3892 3239 enim

2294 3281 2350 3331 et
2381 3276 2816 3330 ﬁrmamentum
2848 3272 3002 3328 dicta
3042 3279 3131 3328 est
3179 3274 3442 3331 veritatis
3474 3277 3522 3346 (Ι
3550 3276 3681 3330 Tim.
3707 3288 3781 3338 III,
3811 3266 3897 3337 15).

2293 3365 2434 3419 Eam
2467 3362 2635 3434 ungit
2655 3363 2754 3434 qui
2784 3362 2842 3416 in
2874 3362 3171 3417 Christum
3204 3363 3362 3433 ﬁdei,
3397 3364 3458 3419 in
3503 3376 3772 3437 pauperes
3815 3354 3898 3410 mi-

2296 3451 2621 3509 sericordia}
2652 3451 2843 3506 fundit
2886 3456 3274 3524 unguentum.

2364 3543 2453 3595 21.
2486 3539 2652 3595 Nunc
2700 3539 3140 3595 consideremus
3192 3539 3385 3610 qualis
3440 3540 3527 3595 vir
3562 3541 3753 3611 justus
3795 3545 3899 3589 esse

2296 3631 2522 3695 debeat,
2552 3628 2602 3684 si
2635 3627 2850 3682 invidia
2881 3628 3056 3683 fuerit
3084 3633 3300 3684 exorta.
3340 3628 3610 3684 Primum
3659 3631 3719 3682 ut
3755 3619 3902 3679 decli-

2297 3723 2395 3774 net
2433 3734 2584 3783 eam,
2617 3715 2830 3771 melius
2861 3721 2950 3771 est
3007 3716 3163 3772 enim
3206 3717 3334 3773 sine
3387 3717 3491 3774 lite
3538 3717 3711 3781 abire,
3761 3723 3904 3783 quam

2298 3807 2551 3863 residere
2574 3822 2709 3859 cum
2736 3804 2953 3877 jurgio.
2981 3804 3199 3860 Deinde
3232 3809 3299 3859 ut
3326 3805 3471 3861 talia
3486 3804 3788 3878 possideat,
3806 3811 3907 3871 quae

2299 3910 2497 3951 secum
2531 3894 2757 3948 auferre
2790 3891 3009 3964 possit;
3043 3897 3107 3947 ut
3136 3893 3196 3946 in
3228 3893 3392 3949 nullo
3426 3894 3610 3950 teneri
3638 3893 3705 3947 ab
3748 3888 3911 3944 adver-

2288 3984 2450 4039 ‘sario
2508 3981 2695 4053 possit
2746 3981 3051 4049 obnoxius,
3110 3981 3212 4036 sed
3287 3981 3480 4037 dicat:
3515 4004 3544 4033 ‹‹
3576 3981 3846 4053 Cognosce
3874 3968 3915 4027 si

2300 4072 2440 4144 quid
2470 4074 2640 4125 tuum
2672 4074 2760 4124 est
2789 4069 2943 4141 apud
2978 4084 3071 4124 me
3102 4068 3255 4139 (Gen.
3287 4087 3447 4137 xxxx,
3477 4072 3589 4141 32).
3623 4091 3651 4119 ››
3684 4068 3744 4122 Et
3794 4075 3915 4134 qua:—

2302 4160 2436 4215 sivit
2459 4159 2676 4223 Laban,
2732 4161 2788 4212 et
2846 4156 2992 4211 nihil
3050 4174 3223 4213 suum
3284 4158 3514 4214 invenit
3572 4156 3723 4230 apud
3764 4147 3910 4209 Jacob

2302 4268 2581 4322 Revertere
2610 4267 2668 4319 in
2696 4268 2901 4319 terram
2925 4266 3105 4336 patris
3155 4264 3281 4336 tui,_
3325 4274 3380 4321 et
3414 4268 3476 4320 in
3534 4272 3739 4334 gentem
3771 4264 3910 4336 tuam,

2302 4346 2353 4393 et
2406 4352 2500 4407 ego
2547 4351 2637 4391 ero
2695 4339 2890 4390 tecum.
2925 4323 3107 4390 ‘Dives
3159 4323 3314 4390 valde
3363 4323 3559 4407 factus
3602 4341 3715 4407 erat
3784 4323 3911 4407 Iacob

2305 4397 2503 4463 bonum
2527 4422 2764 4477 gregem,
2797 4411 2904 4460 etc.
2942 4407 3153 4464 Iterum
3184 4397 3392 4462 eodem
3428 4406 3556 4463 loco
3574 4405 3705 4462 edit.
3724 4406 3851 4477 Ani.
3870 4397 3914 4450 ei

2303 4481 2457 4546 Era.,
2506 4470 2557 4533 et
2612 4470 2876 4532 varietate
2917 4482 3191 4535 virtutum
3236 4478 3581 4534 nobilitabat
3622 4470 3909 4546 insignibus.

529 4571 737 4613 versus
768 4556 972 4626 paucis
1002 4554 1320 4626 interjectis
1351 4534 1903 4626 inseruerat,vse_n_su
2219 4534 2266 4599 D
2298 4534 2527 4626 Gill._'_ac
2559 4549 2749 4626 Item”
2780 4552 2830 4602 et
2860 4534 3144 4626 variarum
3175 4551 3449 4626 virtutum
3500 4534 3811 4604 nobilitabat
3845 4541 3911 4594 in-

530 4627 692 4684 haud
723 4623 981 4693 inutiles,
1014 4627 1114 4682 sed
1147 4623 1295 4697 quos
1325 4641 1428 4679 nec
1458 4625 1516 4678 in
1564 4623 1692 4679 aliis
1749 4623 1887 4680 ullis
1935 4623 2074 4680 edit.
2127 4632 2184 4683 et

530 4715 655 4757 mss
675 4698 953 4757 reperias.
1833 4732 1839 4737 .

602 4771 721 4842 (38)
741 4764 943 4842 Dictio
967 4768 1084 4839 ejus
1115 4782 1184 4821 ex
1213 4766 1485 4842 omnibus
1538 4764 1680 4842 edit.
1734 4766 1952 4830 aberat,
2003 4783 2181 4838 quam

531 4835 639 4900 nos
668 4835 739 4898 ex
766 4835 1044 4895 omnibus
1077 4855 1222 4893 mss.
1260 4835 1405 4892 Gall.
1433 4835 1823 4891 restituimus.

601 4914 717 5040 (ait!)
748 4912 980 4984 Septem
1012 4926 1155 4965 mss.
1189 4909 1419 4981 optimae
1453 4912 1620 4973 notae,
1668 4908 1979 4977 magisterio
2026 4910 2181 4965 colli-

567 4994 707 5041 ebat.

604 5056 714 5129 (40)
768 5054 919 5129 Edit.
981 5053 1149 5129 Rom.
1364 5050 1669 5129 canalibus,
1730 5053 1951 5129 contra
2036 5050 2180 5129 alias

532 5119 737 5184 omnes
767 5126 904 5181 edit.
938 5128 995 5179 et
1042 5138 1185 5177 mss.
1242 5121 1300 5174 in
1357 5120 1571 5189 quibus
1632 5119 1862 5189 legitur.
1923 5123 2177 5176 inventis.

533 5197 680 5255 forte
757 5198 818 5251 in
872 5197 1027 5252 venis
1083 5198 1185 5250 aut
1241 5194 1302 5247 in
1367 5192 1526 5258 lenis,
1563 5199 1613 5246 ἐν
1641 5201 1743 5256 ταῖς
1766 5198 1969 5262 ίληνοω
2023 5192 2180 5262 quod

529 5270 702 5340 vertit
724 5268 1108 5340 Augustinus,
1142 5267 1200 5319 in
1220 5264 1418 5340 alveis.
1453 5263 1559 5319 Sed
1593 5261 1809 5317 nostris
1831 5261 2181 5333 conjecturis

531 5339 591 5392 in
623 5335 845 5394 textum
877 5338 1021 5393 nihil
1047 5335 1465 5409 permittimus.

603 5410 715 5480 (4-1)
766 5410 905 5465 Mss.
941 5403 1078 5476 duo',
1126 5406 1357 5479 fundere
1396 5404 1703 5467 consuevit;
1766 5403 1956 5469 totid.,
2001 5406 2182 5475 fovere

529 5481 829 5535 consuevit.

603 5551 717 5623 (42)
746 5548 834 5623 Ita
861 5565 1006 5623 mss.
1038 5564 1270 5623 omnes”
1291 5550 1465 5623 atque
1517 5544 1658 5623 edit.
1698 5548 1950 5623 excepta
2001 5545 2175 5623 item.

524 5615 619 5686 ln'
652 5615 771 5700 qua
818 5619 1058 5699 legitur:
1118 5621 1274 5681 Dixit
1318 5615 1501 5680 autem
1549 5617 1813 5681 Dominus
1850 5615 1932 5676 ἀα
1984 5618 2175 5683 Jacobs

2289 4620 2725 4693 signibus._Mss.
2759 4635 2962 4674 omnes
2983 4625 3047 4676 ut
3073 4621 3133 4677 in
3185 4624 3367 4676 textu.

2361 4677 2376 4764 (
2418 4694 2473 4759 3)
2499 4691 2651 4745 Edit.
2688 4691 2853 4764 Rom.
2885 4706 3020 4745 cum
3052 4692 3259 4764 paucis
3294 4708 3446 4764 mss.
3500 4689 3623 4764 voci
3669 4677 3909 4764 ριεηιξνςζο

2282 4754 2483 4835 jungit
2511 4777 2711 4835 vocem
2740 4762 3027 4835 virtutum,
3046 4754 3192 4835 iquze
3221 4764 3280 4835 in
3309 4762 3450 4817 aliis
3482 4754 3695 4835 melius
3726 4754 3909 4835 omitti:

2292 4831 2890 4904 turfNamplenitudo
2925 4832 3013 4904 hic
3044 4831 3225 4889 Deum
3260 4833 3468 4904 ipsum
3498 4832 3778 4904 designat,
3830 4835 3909 4904 qui

2290 4903 2555 4977 omnium
2586 4897 2873 4977 bonorum
2893 4903 3196 4977 plenitudo
3209 4897 3317 4960 est.
3349 4904 3585 4959 Rursus
3608 4897 3703 4977 ubi
3727 4897 3910 4977 cunei?

2291 4975 2429 5047 edit.
2463 4991 2530 5029 ac
2560 4974 2756 5047 plures
2789 4963 2933 5029 mss.
2967 4975 3255 5032 abundare
3278 4978 3547 5047 per/cite,
3583 4972 3679 5029 alii
3728 4963 3915 5036 aliun

2291 5046 2511 5101 habent
2533 5045 2815 5100 abundare
2837 5046 3094 5115 perfecto.

2362 5117 2474 5187 (44)
2509 5116 2673 5170 Rom.
2709 5115 2873 5178 edit.,
2920 5118 3073 5173 mnu
3119 5120 3173 5173 ei
3213 5120 3587 5187 superﬂuum.
3628 5120 3719 5187 aut

2288 5170 2520 5262 sarium.
2556 5170 2933 5262 Mss._'I_‘orn.,
2949 5170 2952 5171 ν
2967 5170 3170 5262 Longi,
3193 5170 3363 5262 Valle.
3380 5170 3460 5243 ’ἐξ
3476 5170 3743 5246 ΠΤΗθοόη

2288 5261 2341 5314 ei
2368 5260 2616 5314 nocivum
2632 5241 2665 5318 :7
2708 5241 2930 5312 Theod:
2968 5241 3489 5325 Eéiéﬁiida'niaxiu,
3521 5241 3759 5331 novatn}.
3790 5241 3908 5331 nihil

2288 5331 2647 5401 superﬂuum,
2707 5336 2805 5401 aut
2854 5346 2963 5385 non
3021 5333 3415 5387 necessarium.
3498 5333 3577 5383 At
3643 5327 3906 5401 lectionem

2288 5395 2704 5471 nostram,quae
2726 5399 2973 5456 aliorum
2987 5419 3224 5458 mss.ao.
3240 5405 3354 5456 vet.
3377 5401 3641 5466 edit.est,
3655 5395 3778 5471 aliis
3797 5401 3910 5471 pmj

2288 5478 2443 5529 stare
2473 5468 2873 5528 autumamus.
2894 5473 3044 5529 Sunt
3071 5474 3227 5530 enim
3245 5472 3552 5527 innumeri
3569 5468 3905 5542 quibusuova

2288 5549 2344 5603 et
2373 5543 2667 5619 superﬂua
2697 5543 2989 5619 opinionis
3020 5561 3217 5606 errore
3246 5548 3394 5603 sunt
3423 5538 3767 5603 necessaria.
