4012 6192
190 338 309 440 653

1205 378 1309 440 DE
1349 379 1593 445 JACOB
1637 379 1738 439 ΕΤ
1779 334 1960 440 νιΤΑ
2001 376 2258 440 BEATA
2304 378 2454 441 LIB.
2500 379 2580 441 11.

3476 382 3595 442 654

192 510 444 581 Magnus
474 508 580 575 vir,
614 510 673 565 et
700 525 829 567 vere
853 510 1079 579 beatus,
1114 510 1215 583 qui
1245 510 1390 567 nihil
1434 511 1621 584 potuit
1662 527 1835 565 suum
1867 512 1920 576 Α
1953 518 2108 565 tuam
2144 528 2209 565 eo
2235 512 2450 583 cespite
2490 511 2703 577 obruit,
2757 527 2871 583 quo
2929 526 3138 567 aurum
3190 509 3424 579 texeris,
3492 512 3591 582 qui

193 599 485 666 amittere,
518 597 665 653 nihil
698 598 956 655 alienum
988 599 1223 665 habere,
1264 600 1372 656 hoc
1402 606 1510 667 est,
1554 599 1697 654 nihil
1728 599 1842 653 mi-

187 704 307 744 nus
345 686 583 754 habere,
619 686 766 743 nihil
797 688 1396 761 superfluumJtaque
1426 688 1522 744 ille
1550 688 1843 761 perfectus

186 768 303 842 est,
336 775 430 832 cui
462 774 609 831 nihil
643 776 854 832 deest:
914 777 1140 847 justus,
1200 778 1294 833 cui
1347 776 1491 832 nihil
1552 780 1841 848 superest.

185 864 311 920 Hoc
340 863 498 921 enim
519 868 608 921 est
635 863 882 935 justitiae
941 868 1138 921 tenere
1188 881 1549 921 mensuram.
1617 865 1846 929 Quanta

185 953 383 1009 virtus
414 954 585 1023 cujus
614 953 862 1010 societas
890 953 1123 1010 lucrum
1155 954 1351 1021 dabat,
1386 970 1502 1009 non
1550 953 1847 1025 irrogabat

186 1041 571 1115 dispendium
602 1040 631 1095 ?
661 1041 779 1097 Hoc
818 1045 907 1098 est
936 1042 1258 1113 perfectum
1290 1059 1440 1109 esse,
1499 1041 1845 1097 adhaerenti-

181 1131 307 1186 bus
335 1128 451 1186 sibi
480 1130 772 1186 commodi
802 1129 1124 1203 plurimum
1155 1131 1314 1200 dare,
1350 1129 1491 1185 nihil
1525 1130 1727 1186 afferre
1756 1129 1844 1185 in-

184 1218 515 1276 commodi.

252 1310 354 1364 22.
386 1307 649 1380 Denique
682 1307 731 1362 is
763 1307 862 1379 qui
896 1324 1102 1363 nocere
1124 1306 1418 1379 cupiebat,
1444 1306 1679 1362 inanem
1711 1324 1845 1362 eum

182 1414 308 1453 non
346 1395 539 1469 potuit
568 1395 882 1453 dimittere.
915 1396 1162 1469 Sapiens
1193 1396 1349 1452 enim
1377 1412 1681 1469 nunquam
1726 1396 1849 1451 ina-

180 1487 279 1543 nis
319 1491 411 1542 est
440 1486 539 1557 (De
566 1487 762 1557 pamit.
796 1485 933 1542 dist.
997 1488 1053 1555 2,
1107 1503 1234 1559 cap.
1289 1485 1559 1557 Sapiens).
1620 1501 1852 1557 semper

182 1577 236 1632 in
280 1591 352 1632 se
381 1574 608 1631 habens
629 1575 911 1630 amictum
950 1574 1297 1647 prudentiae,
1341 1574 1442 1646 qui
1509 1578 1700 1646 potest
1756 1574 1849 1628 di-

180 1681 322 1720 cere
366 1682 379 1720 :
418 1687 446 1714 ‹‹
478 1663 777 1719 Justitiam
812 1663 1147 1730 induebam,
1198 1668 1257 1718 ct
1314 1663 1635 1718 vestiebam
1686 1662 1848 1734 judi-

181 1755 354 1810 cium
386 1753 527 1824 (Job.
561 1770 711 1816 xxxx,
747 1753 856 1824 14),
902 1776 930 1802 ››
989 1752 1142 1807 sicut
1200 1751 1344 1806 dixit
1398 1752 1525 1807 Job.
1588 1752 1850 1823 Namque

1952 605 2208 654 mentem
2240 605 2397 654 tuam
2431 599 2881 656 ceulesimarum
2914 599 3046 672 (45),
3081 599 3345 654 incurvat
3373 598 3592 667 usuris,

1951 690 2008 742 et
2042 686 2201 759 gravi
2236 687 2430 743 condit
2458 687 2789 759 sepulchro,
2820 688 2892 744 de
2930 704 3045 760 quo
3075 687 3275 743 nullus
3317 688 3591 761 resurgit.

1950 778 2202 847 Sequere
2231 779 2498 831 sanctum
2538 777 2738 844 Jacob,
2773 776 2872 848 qui
2900 793 3088 849 neque
3116 777 3187 832 de
3215 776 3421 832 alienis
3471 776 3596 833 viti-

1950 863 2001 919 is
2042 864 2368 936 quidquam
2398 864 2668 931 habebat,
2701 881 2889 936 neque
2909 882 3152 921 suarum
3168 865 3450 921 virtutum
3472 868 3597 922 erat

1952 952 2145 1008 inanis
2176 957 2234 1008 et
2265 969 2504 1023 vacuus,
2529 954 2628 1025 qui
2650 957 2774 1009 erat
2793 954 3039 1025 justitiae
3073 955 3266 1010 fructu
3315 953 3592 1027 repletus.

1952 1042 2059 1098 Sed
2102 1041 2222 1097 haec
2251 1042 2515 1098 moralia.

2023 1132 2113 1185 24.
2149 1130 2298 1186 Illud
2330 1131 2664 1203 mysticum,
2699 1132 2854 1203 quod
2891 1132 3048 1187 venit
3076 1133 3147 1187 ad
3206 1148 3340 1187 eum
3400 1132 3597 1188 Laban

1955 1220 2088 1292 (46),
2126 1219 2234 1274 hoc
2273 1225 2382 1287 est,
2416 1219 2742 1290 dealbatus,
2775 1220 2911 1292 quia
2945 1226 3001 1276 et
3060 1222 3305 1277 Satanas
3357 1223 3597 1279 transﬁ-

1955 1314 2127 1381 gurat
2159 1325 2221 1364 se
2252 1309 2312 1363 in
2340 1309 2615 1381 angelum
2654 1308 2823 1377 lucis,
2852 1314 2908 1365 et
2936 1310 3111 1383 ccepit
3139 1312 3210 1365 ab
3243 1327 3308 1367 eo
3348 1327 3456 1368 sua
3508 1327 3596 1367 re-

1954 1397 2202 1469 quirere.
2239 1397 2557 1470 Respondit
2586 1397 2638 1453 ei
2667 1398 2847 1453 Jacob
2882 1416 2895 1453 :
2951 1421 2979 1447 «
3012 1399 3305 1472 Cognosce
3351 1400 3400 1455 si
3453 1399 3595 1471 quid

1955 1491 2045 1541 est
2081 1490 2249 1541 tuum
2281 1487 2432 1558 apud
2468 1503 2560 1541 me
2590 1486 2747 1557 (Gen.
2776 1503 2925 1555 xxxx,
2953 1488 3064 1557 32),
3100 1510 3128 1536 »
3160 1488 3269 1543 hoc
3300 1493 3408 1557 est,
3450 1487 3599 1544 nihil

1957 1581 2191 1630 tuorum
2224 1574 2428 1629 habeo.
2476 1576 2674 1639 Quazre
2725 1574 2773 1629 si
2805 1576 2943 1647 quid
2999 1576 3268 1648 agnoscis
3324 1577 3597 1633 vitiorum

1956 1667 2195 1718 tuorum
2229 1666 2285 1718 et
2314 1662 2649 1718 criminum.
2682 1663 2837 1717 Nihil
2884 1680 3114 1719 meeum
3181 1666 3395 1721 abstuli
3450 1667 3602 1723 frau-

1959 1752 2099 1806 dum
2133 1755 2391 1819 tuarum,
2424 1750 2659 1822 dolique
2716 1752 3009 1807 consortia
3066 1752 3184 1807 ulla
3242 1771 3355 1809 non
3413 1754 3600 1811 habeo

178 1843 314 1899 hac
342 1841 560 1897 mentis
594 1846 732 1896 sunt
762 1841 992 1897 interna
1022 1839 1476 1912 velamina,quae
1508 1857 1677 1896 nemo
1699 1838 1849 1895 alius
1878 1874 1926 1940 Β
1957 1841 2093 1910 (47),
2127 1839 2325 1895 omnia
2376 1844 2476 1894 tua
2531 1844 2810 1911 tanquam
2880 1840 3215 1913 contagium
3274 1842 3481 1914 refugi.
3532 1843 3602 1898 Et

176 1930 383 2004 possit
413 1928 660 1996 auferre,
687 1929 798 1986 nisi
832 1946 965 1985 cum
997 1927 1254 2001 aliquem
1281 1946 1389 1985 sua
1421 1928 1594 2001 culpa
1639 1929 1847 2001 despo-

176 2020 314 2075 liat.
352 2018 612 2089 Denique
642 2019 727 2073 sic
757 2017 1118 2089 despoliatus
1146 2018 1353 2083 Adam,
1402 2018 1598 2073 nudus
1645 2018 1846 2072 inven-

176 2115 279 2164 tus
316 2111 415 2163 est
444 2124 456 2162 :
492 2110 550 2161 at
578 2122 710 2162 vero
739 2104 956 2177 Joseph
988 2106 1165 2161 etiam
1196 2106 1545 2160 vestimento
1577 2106 1731 2161 406
1760 2121 1851 2160 ex-

172 2196 409 2253 teriore
442 2194 675 2266 rejecto,
704 2194 901 2249 nudus
932 2210 1045 2249 non
1078 2198 1223 2262 erat,
1258 2193 1357 2265 qui
1390 2192 1551 2249 salva
1598 2193 1851 2248 habebat

176 2284 550 2340 indumenta
576 2282 828 2337 virtutis.
862 2281 1176 2353 Nunquam
1209 2298 1344 2353 ergo
1376 2281 1568 2336 inanis
1590 2280 1847 2352 sapiens.

177 2374 345 2430 Nam
380 2371 676 2444 quomodo
707 2370 923 2432 inanis,
956 2371 1055 2442 qui
1090 2371 1162 2425 de
1217 2370 1579 2443 plenitudine
1636 2369 1850 2426 Christi

177 2459 435 2533 accipit,
466 2463 521 2515 et
552 2463 742 2514 servat
772 2464 1075 2530 acceptum
1107 2459 1135 2512 ?
1164 2458 1463 2522 Quomodo
1493 2457 1707 2526 inanis,
1750 2475 1850 2513 cu-

167 2553 275 2623 jus
312 2547 546 2621 repleta
578 2553 665 2603 est
705 2547 923 2614 anima,
956 2564 1082 2619 quae
1125 2552 1373 2619 acceptas
1423 2546 1621 2618 gratias
1676 2546 1847 2601 vesti-

176 2642 399 2696 menta
431 2634 740 2692 custodit?
771 2634 919 2690 Illud
952 2636 1332 2691 metuendum
1363 2640 1470 2699 est,
1506 2652 1577 2690 ne
1607 2634 1738 2707 quis
1767 2634 1852 2688 in-

174 2726 483 2785 nocentiae
514 2724 774 2781 velamen
807 2722 1059 2791 amittat,
1095 2740 1165 2779 ne
1197 2724 1363 2797 impii
1394 2723 1690 2796 sacrilegae
1723 2741 1849 2795 per-

174 2814 522 2875 secutionis
549 2811 1233 2886 impressioneterminos
1247 2813 1491 2884 justitizs
1518 2828 1853 2884 supergres-

176 2907 249 2975 si,
285 2902 723 2961 vestimentum
759 2900 966 2956 animaa
998 2917 1065 2956 ac
1094 2902 1310 2957 mentis
1359 2901 1627 2972 eripiant.
1689 2901 1851 2965 Quod

176 3012 299 3050 non
346 2990 525 3048 facile
554 2990 783 3059 accidit,
818 2988 931 3045 nisi
960 2988 1124 3061 prius
1154 2989 1407 3062 aliquem
1439 3006 1545 3045 vox
1578 3006 1696 3045 sua
1737 2989 1852 3044 ini-

178 3080 457 3155 quitatis
488 3078 733 3135 exuerit.
765 3076 926 3134 Unde
956 3077 1206 3132 etDavid
1240 3077 1384 3133 dicit
1425 3094 1438 3132 :
1473 3102 1499 3127 ‹‹
1535 3077 1593 3132 Si
1624 3083 1714 3133 est
1740 3077 1850 3132 ini-

177 3172 400 3244 quitas
431 3168 493 3222 in
528 3167 799 3223 manibus
830 3165 1046 3221 meis...
1080 3166 1341 3221 decidam
1376 3166 1583 3221 merito
1613 3167 1688 3221 ab
1740 3165 1852 3220 ini-

178 3235 374 3316 micis
416 3256 564 3312 meis
596 3255 824 3311 inanis:
861 3260 1247 3328 persequatur
1275 3255 1549 3310 inimicus
1595 3255 1851 3311 animam
1884 3235 1926 3301 (ἶ

179 3363 424 3415 meam,
458 3344 914 3417 comprehendat
937 3346 1109 3418 (Psal.
1141 3361 1243 3411 vn,
1277 3345 1307 3397 4
1338 3348 1395 3399 et
1421 3344 1496 3414 5).
1544 3367 1564 3393 ο

251 3438 372 3494 23.
412 3434 596 3490 Nemo
621 3450 757 3507 ergo
788 3451 857 3489 ex
889 3434 1143 3489 inimicis
1175 3436 1365 3505 potest
1392 3437 1555 3487 tuam
1596 3432 1855 3487 animam

174 3522 726 3598 comprehendere,
781 3521 892 3578 nisi
952 3522 1117 3595 prius
1163 3519 1357 3576 inanis
1397 3520 1573 3575 fuerit
1630 3520 1851 3576 effecta.

175 3614 315 3672 Noli
347 3611 540 3685 igitur
569 3617 828 3666 metuere
861 3628 959 3666 eos
989 3610 1090 3682 qui
1148 3614 1396 3681 possunt
1442 3608 1567 3663 auri
1597 3608 1854 3679 argenti-

177 3721 301 3777 que
373 3698 692 3772 compilare
739 3698 1066 3754 thesauros.
1111 3696 1209 3753 Isti
1240 3697 1346 3752 tibi
1377 3695 1523 3751 nihil
1564 3697 1854 3751 auferunt.

178 3794 309 3849 Hoc
339 3789 509 3846 enim
541 3788 815 3843 auferunt
844 3788 997 3859 quod
1038 3804 1153 3842 non
1187 3786 1444 3841 habebas
1486 3802 1498 3840 :
1541 3785 1650 3840 hoc
1700 3786 1857 3841 aufe-

180 3884 337 3937 runt
373 3877 536 3950 quod
585 3876 885 3950 possidere
914 3893 1029 3932 non
1082 3880 1360 3948 poteras:
1422 3875 1531 3930 hoc
1589 3874 1862 3930 auferunt

181 3970 358 4042 quod
385 3966 635 4023 ornabat
655 3966 913 4021 animam
938 3968 1122 4032 tuam,
1148 3964 1248 4019 sed
1277 3965 1587 4019 onerabat:
1623 3963 1731 4019 hoc
1753 3980 1860 4019 an-

184 4061 406 4116 ferunt
437 4055 596 4129 quod
630 4071 743 4109 non
775 4052 1169 4125 locupletabat
1199 4069 1298 4107 cor
1326 4058 1515 4120 tuum,
1539 4051 1637 4107 sed
1671 4052 1865 4123 potius

184 4144 600 4221 deprimebat.
639 4164 667 4193 ‹‹
698 4141 807 4198 Ubi
833 4142 990 4198 enim
1030 4141 1205 4197 fuerit
1236 4141 1548 4197 thesaurus
1593 4145 1752 4207 tuus,
1786 4140 1867 4195 ibi

187 4237 309 4291 erit
340 4238 409 4290 et
439 4249 541 4289 cor
568 4236 738 4288 tuum
763 4231 969 4303 (Matth.
1000 4247 1078 4298 v1,
1102 4231 1218 4303 2t),
1254 4252 1280 4278 ››
1314 4230 1466 4284 sicut
1490 4228 1604 4301 legi
1653 4229 1867 4284 audisti

190 4324 410 4381 hodie.
446 4320 614 4376 Multi
645 4320 792 4376 seris
822 4324 1123 4391 portarum
1155 4334 1399 4373 suarum
1430 4316 1738 4372 includunt
1767 4335 1867 4373 au-

194 4430 344 4469 rum
392 4426 596 4475 suum,
628 4409 729 4465 sed
763 4408 800 4463 ii
835 4424 941 4463 nec
957 4407 1220 4463 vectibus
1250 4409 1307 4461 et
1322 4405 1594 4461 claustris
1608 4406 1872 4461 suiscre-

191 4503 367 4559 dunt
404 4516 418 4556 :
456 4496 627 4553 multi
656 4495 863 4570 vigiles
892 4494 1303 4562 adhibent,sed
1337 4494 1449 4565 ipsi
1478 4509 1710 4565 quoque
1738 4494 1872 4565 plus

200 4593 385 4663 ipsos
420 4585 616 4643 solent
645 4584 851 4640 timere
882 4583 1153 4640 custodes
1186 4599 1199 4637 :
1235 4581 1403 4636 multi
1447 4582 1678 4637 defosso
1738 4598 1879 4639 auro
1914 4600 1956 4664 D

196 4677 546 4743 incubant;
581 4689 793 4730 aurum
823 4689 1026 4728 eorum
1059 4672 1169 4728 sub
1207 4675 1380 4738 terra,
1425 4675 1481 4726 et
1519 4687 1618 4725 cor
1675 4687 1877 4726 eorum
1989 4698 2217 4766 Αηῃειος
2246 4701 2307 4751 τη
2336 4699 2534 4752 itinere
2563 4698 2704 4754 υίιιθι
2730 4699 2783 4754 δ,
2808 4702 2987 4756 πισοί),

197 4768 325 4824 sub
355 4771 538 4821 terra.
573 4763 719 4819 Cave
742 4778 878 4835 ergo
911 4777 982 4816 ne
1013 4765 1070 4817 et
1096 4766 1162 4817 tu
1194 4764 1463 4817 cortuum
1516 4764 1684 4815 terra:
1714 4759 1879 4816 vivus

198 4853 502 4911 infodias.
528 4851 657 4907 Non
684 4867 820 4923 ergo
851 4850 978 4907 auri
1024 4849 1198 4906 istius
1229 4849 1524 4905 metuendi
1556 4850 1733 4905 fures.
1782 4848 1884 4904 llle

200 4945 325 5000 tibi
361 4942 666 4998 cavendus
697 4945 786 4997 est
817 4940 1122 5007 fenerator,
1157 4937 1256 5010 qui
1305 4938 1697 4995 substantiam
1758 4939 1884 4993 ani-

204 5050 335 5089 mm
361 5036 502 5097 tuae,
526 5033 843 5097 scrutatur,
867 5028 917 5084 si
943 5045 1060 5100 qua
1081 5027 1298 5100 peccati
1321 5027 1604 5099 gravioris
1626 5045 1739 5083 tera
1755 5044 1888 5083 con—

200 5120 504 5183 traxeris,
537 5118 638 5191 qui
670 5135 770 5174 cor
796 5123 964 5173 tuum
994 5115 1243 5171 includit
1292 5115 1436 5183 solo,
1487 5115 1589 5187 qui
1628 5116 1885 5171 animam

290 5262 423 5333 (45)
456 5261 765 5316 Centesima
795 5276 975 5333 usura
1005 5263 1096 5314 est
1125 5256 1583 5333 qua_fener_at_ori
1642 5257 1892 5329 singulis

208 5327 550 5391 mensibus
582 5349 720 5404 pars
762 5331 1082 5407 centesima
1120 5327 1296 5407 sortis
1356 5327 1601 5407 solvitur
1633 5346 1646 5395 ;
1712 5327 1895 5400 atque
2003 5328 2523 5407 tuaramaere'l‘iqiu:
2546 5328 2839 5407 ‘consortia
2873 5345 2884 5382 :

208 5397 656 5475 adeosumma
696 5403 905 5475 capitis
952 5419 1054 5475 seu
1086 5402 1262 5475 sortis
1319 5398 1635 5475 centesimo
1695 5397 1896 5475 mense
2003 5399 2337 5475 noaliaeeo.
2371 5397 2618 5475 Frigida.

206 5474 443 5547 usuris
483 5470 841 5547 adsequatur.
876 5474 938 5528 In
969 5472 1119 5529 hanc
1148 5472 1296 5527 libro
1330 5472 1401 5526 De
1440 5470 1599 5526 Tobia
1629 5471 1899 5527 ardenter

207 5545 542 5607 invehitur
570 5545 940 5601 Ambrosius.

296 5617 432 5693 (46)
461 5618 689 5693 Confer,
722 5617 913 5693 sgdes,
945 5615 1107 5693 hunc
1127 5614 1486 5693 locum_cum
1517 5610 1590 5668 iis
1609 5628 1774 5693 ‘quzs

1957 1927 2225 2000 quaesivit
2254 1928 2468 1994 Laban,
2501 1932 2557 1982 et
2587 1927 2734 1983 nihil
2766 1945 2942 1984 suum
2975 1931 3206 2001 reperit.
3241 1931 3426 1996 Quam
3473 1932 3604 1988 bea-

1956 2023 2052 2072 tus
2089 2017 2177 2071 vir
2206 2017 2266 2071 in
2299 2033 2413 2088 quo
2453 2016 2730 2073 inimicus
2763 2018 2907 2072 nihil
2951 2018 3173 2074 invenit
3223 2021 3380 2091 quod
3424 2038 3600 2077 suum

1960 2110 2156 2178 posset
2182 2104 2371 2160 dicere
2405 2122 2417 2160 :
2450 2105 2507 2160 in
2540 2121 2655 2177 quo
2687 2105 2955 2161 diabolus
2987 2105 3133 2161 nihil
3162 2108 3423 2174 offendit,
3446 2111 3602 2181 quod

1958 2206 2133 2249 suum
2163 2199 2504 2266 agnosceret
2535 2193 2547 2246 l
2595 2194 2958 2265 Impossibile
2988 2195 3297 2251 videbatur
3334 2198 3493 2254 istud
3542 2199 3601 2255 in

1958 2282 2214 2349 homine,
2249 2282 2349 2337 sed
2380 2287 2582 2354 typum
2615 2284 2763 2338 401
2798 2284 3033 2355 gerebat
3060 2285 3189 2354 ejus
3219 2287 3319 2357 qui
3375 2287 3514 2343 dicit
3544 2288 3603 2343 in

1957 2371 2268 2443 Evangelio
2303 2389 2315 2426 :
2352 2393 2379 2420 ‹‹
2412 2370 2583 2425 Venit
2612 2371 2791 2442 hujus
2822 2374 3027 2428 mundi
3082 2374 3375 2447 princeps,
3431 2380 3490 2432 et
3541 2378 3602 2431 in

1960 2477 2051 2515 me
2082 2459 2339 2514 inveniet
2372 2458 2513 2512 nihil
2549 2460 2723 2530 (Joan.
2757 2477 2868 2527 xxv,
2901 2460 3012 2529 30).
3048 2484 3076 2510 ››
3118 2462 3273 2517 Nihil
3304 2468 3393 2519 est
3446 2465 3601 2520 enim

1959 2547 2245 2620 quidquid
2276 2550 2367 2601 est
2395 2547 2633 2616 diaboli,
2659 2548 2814 2618 quod
2871 2548 3094 2603 nullam
3145 2555 3336 2621 potest
3390 2552 3603 2609 habere

1960 2635 2405 2707 perpetuitatem
2439 2640 2613 2706 atque
2645 2636 3057 2692 substantiam.

2155 2725 2282 2796 Ipse
2313 2729 2506 2779 autem
2539 2728 2627 2779 est
2655 2723 2755 2794 qui
2799 2725 3281 2796 praefigurabatur
3310 2727 3370 2782 in
3424 2729 3605 2785 Jacob

1961 2812 2245 2867 Dominus
2273 2812 2468 2882 Jesus,
2503 2812 2751 2867 duorum
2782 2812 2872 2867 vir
2900 2813 3329 2885 conjugiorum,
3362 2816 3470 2873 hoc
3493 2822 3602 2887 est,

1961 2917 2200 2957 consors
2231 2900 2472 2972 quidam
2504 2899 2649 2972 legis
2682 2904 2738 2954 et
2768 2900 2988 2973 gratiae,
3021 2902 3122 2972 qui
3151 2903 3437 2977 virginem
3495 2906 3605 2963 Ra-

1962 2988 2087 3045 chel
2110 2994 2243 3044 ante
2274 2988 2496 3052 dilexit,
2529 2994 2586 3044 et
2617 2988 3088 3060 predestiuatam
3121 2989 3234 3045 sibi
3290 2995 3349 3048 in
3412 2996 3609 3067 conju-

1961 3079 2124 3151 gium
2155 3078 2250 3150 pio
2281 3078 2514 3132 amabat
2543 3077 2774 3133 affectu.
2827 3079 2939 3134 Sed
2996 3081 3274 3151 quoniam
3314 3082 3416 3139 Lia
3477 3088 3606 3140 tan-

1963 3183 2140 3238 quam
2179 3167 2270 3221 lex
2299 3166 2668 3230 subintravit,
2700 3169 2757 3221 et
2786 3166 2969 3222 oculis
3014 3168 3301 3226 inﬁrmior
3348 3173 3610 3245 obrepsit

1963 3261 2242 3325 tanquam
2276 3255 2743 3327 Synogoga,qum
2779 3256 2991 3311 mentis
3024 3258 3277 3315 caecitate
3309 3260 3608 3318 Christum

1963 3345 2155 3400 videre
2187 3359 2300 3397 non
2332 3345 2540 3414 potuit,
2600 3345 3098 3415 superabundavit
3153 3349 3341 3420 gratia
3395 3355 3609 3408 sanctas

1965 3430 2178 3488 Rachel
2211 3430 2362 3500 (Gen.
2395 3447 2549 3485 xxrx.
2586 3432 2672 3498 17,
2705 3433 2816 3501 30),
2851 3450 2978 3504 quae
3010 3452 3191 3507 supra
3221 3438 3477 3509 primum
3537 3441 3607 3496 il-

1964 3521 2064 3576 lud
2096 3524 2184 3575 est
2212 3520 2463 3591 expetita
2493 3520 2854 3591 conjugium,
2897 3539 3022 3594 quae
3063 3525 3328 3582 Ecclesiae
3386 3530 3599 3601 princi-

1965 3614 2167 3681 patum
2200 3608 2461 3661 futurum
2484 3607 2609 3678 jam
2643 3612 2783 3663 tunc
2814 3611 3071 3668 nominis
3111 3614 3202 3668 sui
3224 3615 3283 3670 in
3322 3618 3605 3692 interpre-

1964 3697 2184 3753 tatione
2215 3695 2504 3768 signabat.
2538 3695 2714 3750 Beata
2746 3696 2978 3765 Rachel,
3025 3716 3152 3771 quae
3206 3704 3453 3762 abstulit
3510 3727 3609 3781 op-

1969 3784 2268 3859 probrium
2302 3800 2408 3839 suo
2439 3789 2609 3855 partu
2644 3800 2656 3837 :
2693 3785 2855 3839 beata
2906 3786 3140 3857 Rachel,
3173 3807 3301 3861 quae
3357 3795 3611 3852 abscon-

1970 3875 2055 3929 dit
2080 3873 2644 3944 cultus,crroresque
2674 3874 3137 3948 gentilium,quae
3170 3880 3484 3939 simulacra
3518 3902 3613 3941 eo-

1972 3980 2102 4018 rum
2134 3961 2307 4035 plena
2336 3978 2465 4017 esse
2498 3962 2884 4018 immunditiae
2914 3964 3250 4023 declaravit.
3283 3968 3462 4027 Nemo
3494 3989 3617 4028 cre-

1974 4052 2075 4106 dat
2096 4054 2346 4123 paternze
2379 4049 2611 4122 pietatis
2643 4049 2839 4106 laesam
2871 4069 2998 4109 esse
3024 4058 3428 4126 reverentiam,
3461 4061 3619 4131 quod

1977 4144 2167 4196 stante
2198 4143 2361 4211 patre
2391 4139 2577 4205 sedit;
2632 4141 2908 4211 quoniam
2942 4143 3233 4214 scriptum
3259 4152 3347 4203 est
3378 4164 3391 4202 :
3452 4172 3479 4199 ‹‹
3514 4149 3622 4215 Qui

1977 4228 2110 4301 plus
2144 4228 2345 4282 fecerit
2376 4233 2600 4299 patrem
2626 4235 2725 4284 aut
2758 4235 3032 4298 matrem,
3094 4250 3272 4306 quam
3333 4253 3447 4303 me,
3506 4255 3624 4294 nou

1979 4321 2068 4373 est
2098 4333 2189 4372 me
2219 4317 2433 4387 dignus
2460 4317 2665 4385 (Matth.
2698 4336 2754 4384 x,
2776 4318 2886 4389 37).
2923 4340 2950 4368 »
2984 4319 3091 4375 Ubi
3122 4338 3300 4380 causa
3346 4326 3631 4398 agebatur

1982 4403 2300 4477 religionis,
2345 4404 2489 4459 fides
2518 4404 2720 4459 debuit
2760 4407 2957 4462 sedem
3017 4407 3232 4466 habere
3282 4414 3513 4483 judicii,
3574 4418 3632 4472 et

1985 4493 2151 4565 quasi
2186 4509 2283 4547 rea
2309 4500 2461 4547 stare
2492 4493 2755 4564 perfidia.

2614 4608 2845 4664 CAPUT
2898 4610 2986 4668 Vl.

3032 4703 3181 4777 Idem
3230 4709 3399 4777 fratri
3454 4723 3637 4761 occur—

2061 4785 2187 4847 rens
2216 4770 2407 4847 septies
2435 4769 2646 4847 adorat.
2682 4772 2925 4847 Denique
2954 4769 3301 4832 concordiam
3332 4779 3398 4833 ab
3429 4794 3489 4831 eo
3542 4794 3636 4847 pe-

2064 4842 2267 4921 titurus
2297 4842 2358 4893 in
2381 4844 2573 4921 castris
2604 4842 2839 4897 dormit.
2868 4845 3004 4912 Quae
3031 4850 3218 4901 omnia
3249 4848 3381 4918 quid
3425 4842 3638 4919 signiﬁ-

2064 4915 2202 4977 cent,
2236 4914 2505 4981 aperitur.

2066 5026 2154 5081 26.
2186 5025 2315 5081 Hazc
2344 5042 2409 5081 eo
2440 5042 2628 5098 usqne
2661 5030 2901 5099 probata
2949 5035 3105 5098 sunt,
3141 5036 3205 5085 ut
3252 5032 3646 5103 proficiscenti

1998 5116 2107 5187 (48)
2140 5118 2342 5169 sancto
2373 5116 2552 5171 Jacob
2586 5116 2778 5188 angeli
2810 5118 2909 5172 Dei
2941 5126 3331 5175 occurrerent.
3381 5120 3648 5194 Denique

2074 5257 2184 5327 (47)
2215 5256 2344 5333 vet.
2387 5255 2526 5333 edit.
2590 5273 2721 5310 cum
2771 5273 2918 5333 (mss.
2968 5260 3327 5333 quonuull‘is:
3385 5263 3651 5333 fraudum

2956 5330 3056 5384 illa
3113 5331 3314 5401 (vellat
3356 5330 3501 5391 mss.
3535 5336 3655 5392 ulla

2078 5470 2186 5544 (48)
2223 5470 2305 5524 Ita
2335 5467 2527 5544 cuncti
2560 5484 2702 5544 mss.
2735 5484 2800 5544 ac
2855 5470 2992 5526 edit.
3054 5479 3261 5544 praeter
3319 5477 3485 5533 Rom.
3547 5478 3656 5535 hoc

2010 5537 2239 5597 initium
2274 5539 2482 5611 capitis
2511 5537 2743 5594 exhibet
2773 5540 2831 5594 in
2883 5557 3011 5598 eam
3054 5537 3331 5604 formam.
3405 5554 3469 5604 Et
3497 5551 3658 5607 Jacob

2008 5615 2147 5693 atii}
2174 5613 2320 5668 viam
2348 5628 2368 5693 ς
2396 5613 2449 5693 et
2475 5611 2945 5693 respicgeaspz'git
2972 5620 3155 5693 castra
3193 5620 3287 5693 De:
3334 5624 3556 5693 metata,
3608 5625 3662 5683 et

214 5682 467 5756 cuntur
498 5688 605 5750 lib.
638 5690 712 5749 De
738 5682 1127 5765 Fuga'séecuh‘,
1161 5703 1289 5764 cap,
1321 5686 1375 5756 4,
1407 5697 1572 5745 num.
1606 5682 1675 5746 2‘2
1728 5690 1784 5744 et
1829 5687 1903 5745 25
2011 5685 2361 5747 obn’averunt
2397 5683 2449 5742 ei
2476 5682 2666 5757 angeli
2702 5682 2818 5742 Dei.
2849 5686 3242 5769 Proﬁciscenu',
3281 5695 3398 5758 etc.
