4012 6192
372 256 375 259 ’
418 257 535 321 635

1892 264 1957 324 s.
2001 262 2379 351 Amsaosn
2650 334 2653 339 ⁴

418 390 562 447 vidit
590 392 783 445 castra
821 388 923 444 Dei
950 388 1323 461 applicantia,
1355 395 1412 447 et
1441 391 1521 447 ait
1554 408 1566 446 :
1628 416 1656 441 ‹‹
1699 393 1901 449 Castra
1964 393 2065 449 Dei
2096 397 2146 463 Α
2179 393 2462 469 afﬂigitur
2488 392 2729 467 impius,
2763 409 2941 465 quam
2986 390 3196 448 alienis
3252 390 3505 466 plerique
3546 356 3753 454 verberi-

419 481 539 536 htec
571 481 709 541 sunt
738 477 893 550 (Gen.
925 495 1101 550 xxxn,
1134 479 1210 550 2).
1242 500 1271 529 ››
1302 480 1576 538 Perfectis
1606 482 1764 538 enim
1796 486 1853 538 et
1881 483 2065 539 ﬁdeli-

416 569 528 631 bus
549 567 745 626 divina
774 566 966 625 solent
994 569 1199 625 adesse
1228 568 1516 640 praesidia.
1549 571 1847 628 Perfectus
1866 575 2062 628 autem

419 656 713 731 cogitabat
741 657 811 714 de
858 656 1326 715 reconciliatione
1356 659 1648 730 fraterna;
1682 660 1763 716 ita
1781 665 1848 716 ut
1867 660 2061 717 humi-

416 745 583 804 litate
610 763 746 804 eum
778 746 1066 814 invitaret,
1095 746 1304 804 officiis
1335 748 1680 820 acquireret,
1715 750 2063 806 muneribus

421 853 655 909 quoque
685 836 998 892 emendum
1029 840 1258 908 putaret
1287 838 1421 907 (49).
1445 837 1709 895 Occurrit
1729 839 1926 911 itaque
1947 840 2062 895 fra-

421 924 497 981 tri
526 941 658 982 cum
692 925 1057 994 muneribus,
1086 926 1388 996 uxoribus,
1420 931 1477 983 et
1517 928 1859 1000 pignoribus
1889 929 2013 984 suis
2047 946 2059 983 :

390 1044 397 1049 ι
422 1018 488 1070 ut
515 1012 744 1069 etiamsi
773 1013 900 1086 ipse
929 1013 1355 1087 indignaretur,
1397 1017 1849 1074 necessitudinis
1896 1019 2065 1075 obse-

422 1101 577 1174 quiis
602 1097 1015 1159 inflecteretur.

489 1192 577 1247 27.
615 1212 645 1242 «
674 1191 744 1247 Et
772 1192 1034 1249 adoravit
1062 1195 1275 1266 septies
1315 1196 1373 1249 in
1428 1199 1583 1251 terra
1639 1195 1792 1267 (Gen.
1853 1214 2057 1264 XXXIII,

420 1280 496 1351 3).
522 1302 550 1331 »
580 1279 730 1343 Quid
760 1279 872 1336 sibi
903 1281 1061 1337 istud
1093 1283 1218 1337 vult
1244 1299 1372 1339 esse
1400 1283 1428 1338 ‘t
1457 1284 1573 1339 Lex
1602 1284 1741 1340 dicit
1765 1302 1778 1340 :
1813 1306 1841 1335 κ
1864 1285 2064 1340 Domi-

421 1384 564 1424 num
592 1369 777 1425 Deum
807 1373 976 1426 tuum
1022 1371 1312 1440 adorabis,
1382 1376 1438 1428 et
1503 1373 1617 1445 ipsi
1683 1371 1792 1428 soli
1853 1373 2067 1429 servies

421 1458 602 1527 (Deut.
643 1475 700 1513 v1
737 1459 819 1527 13)
849 1476 861 1514 :
900 1482 925 1508 »
958 1462 1015 1515 et
1042 1459 1135 1514 hic
1167 1460 1371 1516 adorat
1398 1461 1904 1534 intemperantem,
1956 1462 2070 1517 ira-

423 1547 704 1615 cundum,
739 1538 1064 1603 minantem
1103 1548 1451 1621 parricidale
1483 1549 1791 1622 ﬂagitium.
1824 1556 1915 1605 An
1947 1554 2068 1605 ter—

425 1652 548 1692 ram
578 1636 858 1702 adoravit,
903 1635 1064 1691 illam
1110 1636 1367 1693 humano
1443 1654 1647 1694 cruore
1714 1642 2067 1706 concretam,

424 1724 782 1796 serpentium
813 1725 1069 1780 infusam
1099 1727 1359 1794 venenis,
1393 1732 1494 1782 aut
1515 1728 1722 1799 jejuna
1778 1727 2066 1783 infelicem

424 1810 637 1883 glarea,
671 1816 771 1868 aut
801 1813 967 1870 duris
987 1817 1161 1885 atque
1190 1814 1414 1886 asperis
1443 1814 1841 1872 inhorrentem
1873 1817 2061 1872 cauti-

425 1900 538 1956 bus
568 1899 596 1953 ?
616 1898 764 1963 Quid
781 1899 893 1955 sibi
925 1899 1100 1955 etiam
1130 1901 1253 1956 vult
1282 1902 1435 1972 quod
1503 1902 1720 1974 septies
1785 1902 2063 1958 adorave-

428 1988 558 2044 rit?
588 1988 838 2048 Ηωιιθι-θι
865 1988 1097 2057 ςοΙιιιίο,
1159 1988 1274 2045 nisi
1312 1989 1458 2045 illud
1527 1994 1853 2046 occurreret
1909 1991 2065 2063 quod

427 2078 595 2133 Petro
624 2077 1006 2151 interroganti
1031 2078 1090 2132 in
1123 2079 1429 2150 Evangelio
1461 2095 1474 2133 ι
1510 2102 1535 2128 ‹‹
1572 2079 1629 2134 Si
1672 2080 1848 2135 frater
1899 2095 2066 2135 meus

427 2166 489 2221 in
523 2183 617 2225 me
628 2166 1202 2240 peccaverit,quoties
1232 2167 1525 2225 dimittam
1539 2168 1803 2240 ei,usque
1815 2168 2028 2239 septies
2043 2169 2071 2223 ‘2

426 2255 750 2328 Respondit
770 2257 819 2312 ei
853 2257 1138 2313 Dominus
1161 2257 1333 2313 Jesus
1368 2275 1380 2312 :
1414 2258 1537 2313 Non
1579 2257 1771 2313 solum
1830 2259 2065 2329 septies,

426 2346 526 2401 sed
592 2362 776 2417 usque
841 2345 1177 2418 septuagies
1244 2345 1451 2415 (Matth.
1518 2363 1675 2413 xvm,
1743 2347 1832 2414 2t,
1890 2346 2003 2417 22).
2040 2367 2067 2394 »

425 2434 543 2490 Hoc
645 2433 822 2506 igitur
888 2433 1224 2505 prophetico
1326 2434 1535 2506 spiritu
1641 2439 1879 2491 sanctus
1966 2451 2067 2506 pa-

424 2521 681 2578 triarcha
702 2522 991 2593 signiﬁcat
1033 2523 1165 2594 (50),
1195 2521 1253 2576 in
1288 2523 1692 2578 advenientem
1750 2523 2071 2594 respiciens

425 2609 526 2680 qui
557 2626 671 2665 non
703 2609 893 2665 solum
928 2626 1115 2681 usque
1144 2610 1378 2683 septies,
1406 2612 1505 2667 sed
1536 2611 1711 2667 etiam
1732 2628 1917 2683 usque
1939 2628 2069 2684 sep-

421 2698 651 2772 tuagies
682 2698 895 2770 septies
922 2699 1153 2755 veniam
1198 2700 1362 2755 fratri
1428 2699 1610 2756 laxari
1660 2701 1945 2772 juberet:
2007 2704 2073 2756 ut

429 2788 561 2860 ejus
627 2788 1117 2860 contemplatione
1182 2793 1500 2845 conventus
1565 2790 1717 2845 Esau
1790 2790 2070 2860 injuriam

427 2893 603 2948 quam
639 2892 700 2933 se
730 2878 1023 2949 accepisse
1071 2878 1333 2950 putabat,
1396 2877 1716 2934 remitteret
1776 2878 1961 2946 fratri,
2017 2882 2073 2934 et

429 2964 698 3037 quamvis
730 2964 903 3021 laesus
935 2966 992 3021 in
1024 2967 1177 3023 468
1219 2971 1467 3039 gratiam
1498 2968 1714 3022 rediret
1743 2985 1755 3023 :
1792 2967 1929 3039 quia
1948 2984 2074 3039 pro-

424 3057 625 3126 pterea
653 3071 887 3110 carnem
917 3060 1298 3127 suscepturus
1330 3060 1451 3112 erat
1479 3056 1764 3112 Dominus
1797 3056 1990 3123 Jesus,
2018 3060 2075 3112 et

2098 1771 2145 1835 B

2170 482 2283 539 bus
2316 499 2330 538 :
2364 482 2734 555 majoresque
2761 482 2983 538 vibices
3013 481 3323 541 vulnerum
3350 481 3408 539 in
3439 481 3555 553 ejus
3582 484 3758 558 animo,

2171 574 2514 645 sunt,quam
2531 571 2590 626 in
2603 588 2806 627 eorum
2824 587 3066 644 corpore
3079 570 3181 643 qui
3193 570 3267 631 ab,
3278 569 3408 629 aliis
3421 571 3759 643 verberantur.

2239 661 2329 715 29.
2362 660 2592 716 Grande
2621 663 2710 717 est
2731 659 2887 716 intra
2917 676 2979 716 se
3012 658 3271 732 aliquem
3303 659 3656 734 tranquillum
3692 664 3760 729 es;

2174 766 2257 814 se,
2279 754 2334 804 et
2362 748 2475 805 sibi
2505 748 3013 806 convenire.Foris
3040 766 3153 822 pax
3183 753 3286 807 aut
3312 747 3655 827 imperatoris
3673 750 3761 807 sol-

2177 836 2338 894 licita
2405 837 2790 911 providentia,
2824 841 2924 894 aut
2981 854 3158 895 manu
3213 835 3464 896 militum
3516 839 3765 913 quaeritur,

2173 931 2275 981 aut
2294 925 2584 982 bellorum
2601 943 2882 1000 prospero
2905 927 3060 984 cedit
3076 925 3767 1000 eventu,autinternecioue

2174 1015 2373 1088 aliqua
2393 1015 2799 1084 barbarorum,
2823 1015 2875 1072 si
2904 1016 2964 1072 in
2987 1031 3049 1072 se
3100 1014 3301 1089 hostili
3325 1024 3483 1071 motu
3512 1032 3612 1093 sua
3633 1033 3768 1093 arma

2173 1107 2530 1161 convertant.
2558 1107 2624 1159 In
2655 1120 2723 1160 ea
2753 1121 2894 1177 pace
2953 1102 3117 1160 nulla
3181 1107 3382 1160 nostra
3444 1103 3632 1175 virtus,
3682 1104 3763 1175 sed

2172 1198 2413 1250 eventus
2443 1197 2551 1249 est.
2574 1193 2739 1250 Certe
2769 1192 2955 1266 gloria
2983 1193 3146 1264 pacis
3188 1191 3351 1267 illius
3381 1192 3451 1248 ad
3504 1192 3767 1273 imperato-

2174 1298 2298 1338 rem
2329 1283 2577 1338 refertur
2609 1281 2822 1339 :‘istius
2849 1281 3009 1355 pacis
3035 1281 3260 1338 fructus
3284 1282 3344 1337 in
3372 1280 3535 1337 nobis
3562 1285 3770 1354 est,qua;

2175 1376 2263 1427 est
2293 1371 2350 1425 in
2372 1370 2666 1426 mentibus
2691 1370 3218 1443 singulorumque:
3243 1373 3476 1427 tenetur
3495 1368 3771 1429 affectibus.

2176 1460 2354 1516 Istius
2385 1458 2542 1532 pacis
2575 1460 2765 1531 major
2792 1463 2880 1516 est
2910 1459 3281 1532 fructus,quo
3312 1456 3586 1532 spiritalis
3614 1456 3776 1531 nequi-

2176 1550 2267 1603 tia:
2300 1551 2681 1615 tentamenta,
2705 1565 2882 1620 quam
2916 1564 3031 1619 quo
3054 1564 3220 1609 arma
3247 1546 3483 1603 hostilia
3535 1546 3775 1625 repellun-

2176 1642 2291 1692 tur.
2327 1637 2443 1692 I-sta
2466 1654 2576 1709 pax
2607 1636 2931 1693 sublimior.
2966 1653 3093 1709 quae
3149 1634 3538 1709 corporalium
3592 1636 3777 1711 passio-

2181 1743 2322 1781 num
2345 1725 2600 1781 excludit
2620 1725 2945 1793 illecebras,
2970 1724 3552 1798 perturbationesque
3568 1723 3774 1798 mitigat,

2177 1831 2353 1887 quam
2386 1831 2454 1870 ea
2484 1832 2611 1887 quae
2659 1815 2994 1872 barbaricos
3029 1814 3195 1870 sedat
3242 1814 3536 1872 incursus.
3570 1811 3687 1868 Plus
3711 1814 3779 1868 est

2172 1904 2328 1959 enim
2357 1902 2553 1959 clauso
2587 1904 2738 1959 intra
2764 1907 2823 1959 te
2852 1903 3006 1959 hosti
3037 1902 3327 1972 resistere,
3361 1919 3538 1976 quam
3567 1905 3777 1959 remoto.

2775 2027 3008 2083 CAPUT
3040 2026 3162 2083 VII.

2174 2117 2333 2173 Iacob
2362 2133 2485 2170 cum
2517 2118 2619 2171 Deo
2642 2117 2901 2183 luctatur,
2928 2120 2979 2173 et
3010 2119 3150 2171 tacto
3190 2116 3422 2186 femoris
3462 2130 3615 2173 nervo
3660 2114 3781 2173 clai-

2247 2189 2410 2262 dicat.
2444 2188 2559 2244 Vim
2584 2189 2743 2262 Dina?
2785 2188 3027 2262 z'l_lata_m_
3057 2189 3257 2262 fratres
3285 2189 3783 2262 ulciscuatug‘qw

2244 2259 2411 2317 Jacob
2436 2263 2596 2331 pater
2627 2259 2975 2323 improbatus
2997 2256 3228 2331 jubetur
3269 2260 3331 2313 in
3358 2256 3782 2324 Bethelhabitare,

2247 2347 2350 2402 quo
2377 2338 2568 2386 sancta
2599 2331 2833 2385 Ecclesia
2857 2331 3266 2401 przeﬁguratar.

2249 2437 2338 2490 30.
2371 2440 2575 2507 Itaque
2603 2435 2781 2491 Jacob
2813 2436 2914 2507 qui
2946 2451 3043 2490 cor
3076 2452 3252 2491 suum
3288 2436 3367 2491 ab
3390 2436 3542 2493 omni
3560 2432 3785 2490 simulta-

2179 2530 2234 2580 te
2268 2524 2669 2591 mandaverat,
2695 2530 2753 2580 et
2782 2524 3091 2596 paciﬁcum
3115 2526 3396 2583 affectum
3417 2524 3785 2599 gerebat,post-

2178 2630 2353 2686 quam
2389 2615 2585 2684 rejecit
2615 2613 2813 2669 omnia
2844 2631 2966 2681 sua,
3007 2612 3170 2669 solus
3200 2615 3510 2680 remansit,
3536 2618 3589 2669 et
3632 2612 3782 2666 lucta-

2180 2706 2277 2758 tus
2307 2706 2396 2758 est
2424 2718 2559 2757 cum
2590 2702 3522 2775 deo(Gen.xxxu,24).0uicuuque
3549 2701 3690 2758 enim
3714 2715 3790 2756 se-

2179 2791 2400 2847 cularia
2450 2790 2712 2863 negligit,
2773 2792 2845 2846 ad
2904 2791 3220 2864 imaginem
3270 2791 3789 2861 similitudinemque

2180 2880 2281 2935 Dei
2312 2879 2561 2952 propius
2618 2879 2857 2935 accedit.
2913 2880 3059 2945 Quid
3091 2884 3183 2935 est
3212 2879 3377 2938 enim
3437 2880 3635 2951 luctari
3685 2891 3791 2945 cum

2180 2969 2317 3034 Deo,
2354 2968 2465 3024 nisi
2513 2967 2811 3041 suscipere
2867 2972 3184 3036 certamen,
3234 2974 3294 3025 et
3343 2987 3481 3026 cum
3534 2966 3789 3043 superiore,

2183 3056 2479 3128 congredi,
2539 3055 2942 3127 potioremque
3006 3055 3229 3112 caeteris
3297 3057 3642 3114 imitatorem
3690 3050 3789 3109 ﬁeri

428 3146 709 3198 venturus
736 3142 796 3197 in
824 3147 1029 3210 terras,
1063 3148 1127 3199 ut
1158 3144 1606 3216 multiplicatam
1650 3145 1819 3200 nobis
1884 3146 2062 3200 dona-
2095 3141 2138 3208 C
2174 3144 2277 3200 Dei
2304 3145 2332 3199 ‘I
2358 3145 2426 3200 Et
2456 3144 2594 3217 quia
2624 3144 3038 3217 insuperabilis
3068 3149 3192 3201 erat
3222 3145 3374 3202 ﬁdes
3425 3151 3592 3218 atque
3642 3143 3788 3199 devo-

432 3235 518 3287 ret
547 3231 774 3287 veniam
806 3231 1173 3288 delictorum.

496 3322 586 3376 28.
618 3320 882 3392 Denique
911 3321 1200 3392 petiturus
1231 3338 1264 3377 a
1296 3321 1468 3377 fratre
1512 3321 1882 3377 concordiam
1939 3321 2073 3376 dor-

428 3409 595 3466 mivit
630 3410 689 3465 in
713 3410 944 3466 castris.
979 3409 1235 3465 Perfecta
1261 3410 1446 3465 virtus
1476 3410 1653 3466 habet
1682 3409 1897 3476 quietis
1913 3416 2068 3465 tran-

427 3498 777 3571 quillitatem
809 3503 867 3554 et
898 3498 1274 3555 stabilitatem
1311 3524 1325 3565 ;
1359 3499 1485 3555 ideo
1517 3499 1805 3555 Dominus
1850 3499 2072 3555 donum

428 3588 556 3659 ejus
586 3587 1029 3661 perfectioribus
1071 3589 1400 3656 reservavit,
1435 3588 1633 3644 dicens
1696 3605 1708 3642 :
1772 3613 1800 3637 «
1863 3593 2067 3645 Pacem

426 3694 620 3734 meam
670 3676 933 3750 relinquo
994 3677 1158 3732 vobis
1229 3695 1241 3732 :
1309 3678 1484 3749 (Joan.
1544 3696 1657 3744 xxv,
1721 3679 1833 3749 2‘7).
1866 3700 1892 3726 ››
1933 3677 2070 3733 Per-

426 3766 711 3822 fectorum
755 3771 843 3824 est
888 3767 1045 3823 enim
1084 3784 1199 3823 non
1244 3765 1413 3823 facile
1464 3767 1779 3822 mundanis
1830 3766 2068 3834 moveri,

425 3873 541 3911 non
571 3855 794 3911 turbari
826 3861 1008 3924 metu,
1055 3873 1168 3912 non
1204 3855 1482 3927 exagitari
1538 3855 1894 3927 suspicione,
1955 3873 2071 3911 non

425 3948 646 4001 terrore
676 3945 928 4013 concuti,
958 3962 1074 4001 non
1113 3944 1309 4000 dolore
1339 3944 1530 3999 vexari
1565 3960 1578 3997 :
1622 3944 1722 4000 sed
1781 3943 1950 4014 quasi
2008 3945 2068 3999 in

423 4031 613 4090 littore
634 4033 930 4089 tutissimo
961 4034 1269 4088 adversum
1303 4033 1671 4104 insurgentes
1704 4032 1916 4088 ﬂuctus
1963 4050 2067 4088 saa-

425 4122 715 4178 cularium
773 4121 1159 4194 procellarum
1217 4124 1472 4176 mentem
1530 4121 1893 4177 immobilem
1953 4123 2070 4178 fida

424 4211 673 4267 statione
720 4210 1033 4284 placidare.
1069 4212 1184 4266 Hoc
1238 4210 1677 4266 ﬁrmamentum
1719 4210 2068 4268 Christianis

425 4300 719 4356 mentibus
743 4300 1010 4357 Christus
1042 4300 1272 4365 invexit,
1307 4316 1508 4372 pacem
1559 4299 1849 4355 internum
1908 4300 2064 4357 inve-

425 4386 572 4441 hens
602 4388 813 4443 animis
843 4389 1268 4460 probatorum;
1336 4391 1400 4441 ut
1467 4404 1580 4442 non
1647 4387 1917 4442 turbetur
1969 4403 2067 4442 cor

2183 3233 2281 3301 tio,
2315 3238 2540 3289 secreta
2568 3233 2620 3288 ei
2660 3233 2944 3306 mysteria
3010 3232 3300 3291 Dominus
3357 3233 3654 3302 relevabat,
3693 3234 3793 3286 tan-

2182 3338 2326 3394 gens
2356 3321 2729 3378 latitudinem
2764 3320 2999 3378 femoris
3030 3321 3381 3396 ejus.(lbid.)
3404 3324 3523 3391 25),
3552 3339 3615 3378 eo
3663 3316 3791 3390 quod

2183 3427 2252 3466 ex
2273 3412 2425 3466 469
2494 3412 2623 3482 ejus
2690 3414 2813 3467 erat
2878 3409 3251 3485 generatione
3320 3411 3600 3467 Dominus
3649 3408 3799 3469 Jesus

2181 3499 2466 3555 oriundus
2499 3515 2567 3555 ex
2594 3499 2842 3573 virgine,
2873 3498 3122 3572 quiDeo
3155 3515 3260 3555 nec
3294 3499 3508 3573 impar,
3541 3515 3639 3555 nec
3680 3496 3791 3551 inae-

2182 3588 2371 3660 qualis
2401 3593 2555 3644 esset
2589 3607 2600 3644 :
2635 3589 2805 3660 cujus
2836 3604 3067 3645 crucem
3098 3589 3537 3662 obtupeseentis
3591 3581 3790 3643 femoris

2179 3677 2427 3733 latitudo
2455 3677 2747 3751 signabat,
2781 3694 2847 3734 eo
2879 3677 3037 3749 quod
3067 3676 3283 3733 diffusa
3342 3696 3446 3751 per
3497 3676 3793 3733 universum

2181 3765 2470 3821 mundum
2509 3764 2851 3822 remissione
2882 3766 3125 3839 peccati,
3161 3765 3444 3823 salutaris
3472 3767 3610 3822 foret
3633 3759 3789 3820 omni-

2179 3855 2289 3910 bus
2320 3855 2420 3926 qui
2452 3862 2691 3927 stupore
2720 3854 2812 3909 sui
2843 3855 3102 3926 corporis
3127 3872 3192 3910 ac
3213 3872 3424 3928 sopore
3462 3850 3792 3911 resurrectio-

2180 3961 2312 3999 nem
2326 3943 2607 4000 tribueret
2618 3943 2720 3999 def
2719 3943 3219 4000 unctoru’m.Unde
3235 3961 3357 4001 non
3373 3943 3651 4001 immerito
3665 3954 3793 3997 exor-

2178 4036 2273 4086 tus
2297 4036 2381 4087 est
2412 4031 2498 4100 sol
2523 4032 2942 4103 sanctoJacob,
2975 4033 3146 4104 cujus
3177 4034 3382 4105 generi
3422 4051 3559 4090 crux
3599 4025 3794 4088 Domini

2178 4119 2456 4175 salutaris
2485 4119 2713 4175 illuxit:
2756 4120 2935 4177 simul
2959 4121 3097 4193 quia
3128 4119 3223 4177 Sol
3256 4121 3312 4177 ei
3342 4123 3526 4179 oritur
3554 4116 3785 4193 justitia,

2178 4208 2278 4280 qui
2311 4208 2494 4263 Deum
2526 4208 2707 4264 cernit
2743 4227 2756 4264 :
2791 4209 2930 4282 quia
2958 4209 3083 4283 ipse
3113 4213 3200 4266 est
3230 4208 3434 4267 lumen
3456 4213 3735 4267 aeternum.

2246 4299 2335 4352 31.
2372 4296 2730 4354 Claudicavit
2758 4303 2953 4355 autem
2983 4298 3165 4354 Jacob
3195 4316 3230 4355 a
3251 4299 3472 4356 femore
3492 4314 3620 4355 suo:
3648 4294 3790 4364 Prop-

2174 4394 2255 4442 ter
2279 4386 2375 4442 hoc
2405 4403 2514 4442 non
2541 4386 2879 4442 manducent
2924 4387 3186 4460 hodieque
3240 4388 3354 4459 ﬁlii
3408 4387 3572 4445 Israel
3598 4394 3797 4441 neruum

424 4478 717 4544 nostrum,
750 4492 937 4547 neque
968 4477 1293 4548 exagitetur
1331 4475 1587 4531 animus.
1645 4475 1806 4530 Hanc
1863 4472 2140 4578 pacemD
2175 4476 2329 4547 (Gen.
2360 4493 2535 4544 xxxn,
2566 4476 2678 4546 32).
2714 4474 2946 4531 Utinam
2972 4477 3437 4534 manducassent
3463 4480 3519 4532 et
3546 4469 3791 4531 credidis-

1039 4571 1048 4578 .
2287 4563 2614 4578 ..,...
3682 4556 3766 4578 τω

424 4581 603 4637 super
632 4581 862 4621 omnem
896 4571 1153 4620 mentem
1172 4582 1310 4620 .esse
1343 4563 1642 4636 apostolus
1671 4565 1871 4619 doctor
1905 4582 2064 4620 asse-

421 4655 541 4711 ruit
572 4655 774 4710 dicens
807 4669 820 4709 :
847 4676 875 4703 «
910 4655 973 4708 El
1002 4671 1113 4726 pax
1159 4654 1259 4709 Dei
1292 4671 1418 4725 quae
1476 4658 1786 4726 exsuperat
1830 4671 2064 4710 omnem

421 4748 700 4810 mentem,
751 4741 1043 4798 custodiat
1106 4743 1283 4798 corda
1346 4745 1536 4798 vestra
1610 4746 1665 4797 et
1730 4758 1939 4799 sensus
2003 4743 2064 4799 in

418 4832 647 4889 Christo
677 4832 818 4889 Jesu
850 4832 1098 4903 (Pliillip.
1127 4849 1201 4898 ιν,
1232 4833 1309 4901 7).
1342 4852 1364 4881 ι
1402 4831 1646 4886 Fructus
1676 4831 1873 4903 itaque
1904 4832 2064 4904 pacis

417 4927 507 4978 est
536 4939 648 4977 non
683 4921 981 4994 pertubari
1024 4921 1083 4976 in
1114 4924 1362 4992 pectore.
1425 4919 1684 4991 Denique
1749 4920 1867 4976 vita
1913 4921 2063 4992 justi

419 5011 617 5082 quieta
643 5014 750 5080 est,
772 5011 1026 5081 injustus
1049 5013 1242 5065 autem
1267 5007 1692 5080 inquietudinis
1712 5013 1766 5063 et
1788 5009 2060 5080 pcrtuba-

416 5099 595 5155 tionis
627 5099 835 5171 plenus
857 5104 962 5155 est.
982 5104 1183 5171 Itaque
1209 5097 1460 5169 amplius
1480 5096 1604 5152 suis
1626 5096 2061 5169 suspicionibus

489 5240 600 5310 (49)
631 5239 844 5295 Omnes
874 5242 1010 5296 edit.
1046 5257 1111 5296 ac
1140 5257 1281 5295 mss.
1316 5239 1556 5310 aliquot,
1589 5255 1711 5293 eam
1730 5241 2056 5295 invitaret...

417 5312 695 5382 emendum
734 5318 969 5381 putaret.
1005 5312 1114 5366 Alii
1147 5329 1288 5367 mss.
1323 5312 1683 5382 antiquiores
1701 5314 1757 5365 et
1787 5326 2056 5382 numero-

420 5379 620 5454 siores,
670 5379 795 5454 cum
844 5384 1169 5454 invitaret...
1230 5379 1535 5449 emendum,
1607 5382 1810 5454 Long.,
1870 5380 2055 5454 Valc.,

416 5450 834 5526 emendandum,
872 5464 1106 5524 putaret.
1132 5449 1411 5526 Syllepsis
1440 5459 1531 5526 est
1560 5469 1676 5524 qua
1702 5449 2056 5526 constructio

417 5522 664 5607 refertur
693 5524 761 5577 ad
787 5522 992 5607 ‘vocem
1024 5522 1221 5607 patri}:
1250 5522 1309 5580 in
1329 5525 1518 5607 priori
1553 5522 1837 5607 membro.
1864 5529 2051 5607 potest

416 5597 534 5657 tate
550 5594 1049 5668 comprehensam.
1075 5598 1209 5658 Post
1227 5594 1469 5659 verbum
1484 5601 1725 5674 putaret,
1746 5594 2057 5673 subjungit

2175 4565 2340 4620 sentt
2374 4566 2483 4621 Sed
2517 4563 2656 4637 quia
2686 4581 2801 4620 non
2831 4569 2998 4620 erant
3027 4565 3236 4621 facturi
3286 4565 3641 4622 voluntatem
3682 4556 3787 4624 Dei.

2174 4654 2302 4710 ideo
2333 4671 2448 4709 non
2480 4654 3148 4711 manducaverent.Sunt
3178 4658 3234 4710 et
3262 4655 3366 4727 qui
3398 4655 3483 4710 ita
3510 4648 3783 4725 accipiant,

2173 4743 2329 4815 quod
2362 4743 2491 4798 ideo
2523 4741 2935 4799 clandicaverit
2958 4743 3031 4798 ab
3063 4760 3177 4799 uno
3211 4742 3432 4800 femore
3456 4738 3646 4807 Jacob,
3675 4733 3790 4810 quia

2172 4832 2404 4888 duobus
2435 4831 2668 4906 populis
2699 4849 2768 4888 ex
2795 4832 2924 4904 ejus
2981 4833 3356 4907 generatione
3416 4827 3781 4891 manantibus,

2172 4919 2349 4976 unius
2375 4925 2579 4993 stupor
2599 4922 2728 4992 jam
2758 4925 2913 4987 tunc,
2928 4922 3083 4978 circa
3113 4922 3247 4978 fidei
3287 4921 3537 4996 gratiam
3570 4913 3787 4973 declara-

2172 5010 2343 5065 batur
2371 5011 2625 5066 futurus.
2660 5010 2784 5084 ipse
2814 5015 2904 5067 est
2933 5028 3069 5086 ergo
3110 5011 3364 5085 populus
3419 5010 3521 5083 qui
3567 4998 3785 5089 perﬁdia

2170 5097 2537 5154 claudicavit.

2169 5239 2681 5308 edit.Rom.,Dixit
2711 5242 2856 5297 enim
2891 5258 2904 5297 :
2940 5243 3172 5300 Placabo
3200 5243 3400 5301 faciem
3424 5241 3541 5312 ejus
3571 5240 3625 5293 in

2163 5312 3201 5386 praecedentibus,quodsuperﬂuum
3233 5319 3340 5381 est,
3399 5318 3458 5368 et
3513 5312 3569 5365 in
3623 5317 3781 5363 omnl-

2167 5384 2277 5438 bus
2311 5400 2454 5440 mss.
2489 5388 2547 5438 et
2577 5383 2707 5439 aliis
2737 5384 2878 5440 edit.
2909 5383 3295 5445 desideratur.

2236 5455 2348 5528 (5Q)
2378 5454 2518 5528 Cod.
2555 5454 3021 5528 Long.,_Remig.
3056 5460 3114 5512 et
3142 5455 3361 5528 Theod.
3397 5449 3644 5510 secunda
3670 5460 3776 5528 ma-

2165 5525 2265 5607 nu,
2296 5526 2397 5607 hac
2428 5527 2604 5607 igitur
2626 5525 2914 5603 praphetia
2949 5525 3228 5607 Spiritum
3264 5534 3509 5587 sanctum
3554 5525 3781 5601 patriar-

2162 5598 2264 5659 cha
2289 5598 2586 5677 signiﬁcat.
