4012 6192
163 372 282 456 ειετ
1178 382 1281 450 nn
1322 380 1564 450 meos
1604 382 1706 449 ET
1748 381 1838 449 vr

1981 383 2244 451 BEATA
2283 386 2432 451 LIB.
2478 387 2557 452 II.
3446 382 3566 451 658

229 520 322 579 31.
355 517 617 595 Denique
654 533 768 578 non
790 514 977 578 multo
1011 522 1145 593 post
1190 518 1600 577 revelationem
1630 517 1828 573 istius-
1855 522 1907 588 Α
1938 537 2109 577 aures
2144 537 2345 577 eorum
2379 518 2702 594 sacrilegio,
2734 522 2792 578 et
2820 514 3261 578 mundenturad
3294 520 3564 594 gratiam.

160 610 321 671 modi
352 629 487 670 enm
506 608 857 685 virginitatis
886 610 1107 684 pudore
1122 613 1425 676 temerata,
1448 609 1655 664 fratres
1683 607 1813 679 ejus
1922 608 2044 664 Non
2063 609 2355 666 immerito
2385 609 2465 666 ibi
2497 614 2735 666 sanctus
2766 608 2968 666 Daniel
3027 609 3243 667 falsum
3286 611 3568 669 adversus

158 703 261 778 qui
295 719 413 759 non
460 699 870 757 intellexerunt
897 699 1264 771 mysterium,
1306 698 1665 769 alienigenas
1712 696 1813 768 qui
1921 698 2249 754 Susannam
2323 698 2726 755 testimonium
2783 699 3184 772 deprehendit.
3271 700 3355 757 Ibi
3412 700 3569 757 enim

157 790 504 849 societatem
534 788 669 846 fidei
702 806 804 863 per
833 787 1304 860 eonjunctionem
1356 786 1588 861 generis
1618 787 1814 842 olfere-
1917 786 2149 843 volebat
2179 787 2370 844 adhuc
2399 788 2624 844 radices
2673 804 2810 844 suas
2862 788 3053 844 locare
3109 789 3357 861 perfidia
3390 805 3403 845 :
3467 790 3567 845 sed

156 879 326 945 bant,
393 876 659 933 vindictae
742 877 937 934 studio
1002 880 1377 950 peremerunt
1433 876 1567 947 (51).
1633 874 1813 930 Jacob
1920 874 2100 933 latere
2128 894 2244 933 non
2274 876 2483 949 potuit,
2518 876 2656 948 quia
2700 876 3038 949 prophetico
3096 878 3305 949 spiritu
3364 878 3568 950 depre-

158 973 362 1026 autem
393 966 495 1040 qui
525 965 733 1023 morali
789 965 1243 1022 mansuetudine
1281 963 1649 1020 clementiam
1681 962 1813 1018 dili-
1921 964 2104 1021 hensa
2132 968 2240 1021 est.
2298 966 2603 1038 Congruus
2633 969 2827 1020 autem
2859 982 3018 1021 error
3061 966 3383 1038 presbyteri
3425 981 3570 1023 verae

157 1056 356 1131 gebat,
384 1054 473 1111 vel
505 1055 750 1128 mystico
772 1054 983 1127 spiritu
1007 1058 1442 1110 sacramentum
1461 1068 1815 1125 congregan-
1921 1054 2293 1122 confessioni,
2328 1059 2392 1110 ut
2424 1054 2503 1109 ibi
2546 1054 3002 1110 contaminatam
3060 1054 3277 1110 diceret
3331 1054 3572 1110 castita-

156 1144 248 1202 dae
278 1160 348 1199 ex
377 1143 650 1216 gentibus
706 1143 1077 1216 praevidebat.
1138 1140 1425 1208 Ecclesiae,
1486 1139 1702 1195 invitus
1759 1142 1817 1195 et
1920 1147 2039 1199 tem
2088 1144 2220 1215 (55),
2270 1143 2368 1199 ubi
2410 1143 2675 1216 gentium
2740 1143 2972 1199 defossa
3029 1143 3345 1198 simulacra
3409 1147 3567 1199 sunt.

158 1226 432 1291 dolenter
460 1248 696 1288 scenam
728 1231 840 1304 (52)
872 1230 1035 1289 illam
1065 1235 1274 1287 exactae
1305 1229 1545 1284 ultionis
1568 1227 1812 1301 accepit.
1923 1231 2034 1287 Sed
2066 1232 2278 1288 veritas
2311 1232 2576 1288 Ecclesiae
2632 1248 2748 1286 non
2780 1232 2923 1287 texit
2961 1232 3264 1304 perfidiam
3297 1231 3429 1305 (56),
3471 1232 3572 1289 sed

158 1314 328 1388 Unde
350 1319 721 1394 prophetanti
735 1319 1047 1376 adventum
1061 1318 1444 1375 DominiJesu
1468 1332 1815 1390 responsum
1926 1320 2247 1389 abscondit,
2288 1326 2346 1377 et
2377 1337 2547 1377 aures
2588 1320 2937 1393 gentilitatis
2962 1320 3273 1377 obstruxit.

156 1406 432 1495 divinum
463 1414 552 1465 est
579 1409 817 1464 datum:
853 1430 881 1458 ‹‹
905 1408 1237 1480 Exsurgens
1253 1406 1502 1462 ascende
1533 1407 1591 1460 in
1622 1405 1816 1461 locum
1994 1411 2083 1466 34.
2177 1411 2593 1467 Convenienter
2678 1427 2910 1481 quoque
2984 1409 3063 1464 ibi
3168 1410 3400 1482 sepulta
3484 1413 3575 1466 est

155 1494 361 1557 semel
396 1494 508 1569 (53)
540 1497 694 1567 (Gen,
727 1514 917 1565 xxxw,
958 1497 1029 1568 ι),
1066 1518 1088 1545 ι
1124 1495 1233 1551 hoc
1290 1499 1400 1562 est,
1458 1494 1517 1550 in
1577 1494 1816 1550 domum
1928 1503 2132 1556 sancta
2159 1499 2405 1566 Rachel;
2458 1499 2598 1571 quia
2661 1515 2864 1555 omnes
2930 1499 3031 1571 qui
3087 1499 3459 1571 baptizantur
3512 1498 3573 1553 in

156 1587 358 1667 panis,
421 1585 520 1641 ubi
580 1590 753 1642 natus
810 1590 901 1641 est
981 1584 1269 1652 Christus,
1336 1582 1489 1640 sicut
1554 1583 1821 1639 Michaeas
1930 1587 2181 1653 Christo,
2215 1588 2842 1659 consepeliunturcum
2882 1587 3131 1643 Christo.
3165 1586 3257 1643 Sic
3287 1585 3441 1643 enim
3474 1588 3576 1643 do-

156 1669 453 1750 propheta
481 1678 731 1730 testatus
762 1678 871 1742 est,
904 1674 1137 1729 dicens:
1177 1694 1205 1723 (ι
1248 1674 1317 1729 Et
1358 1676 1444 1738 tu,
1503 1671 1819 1739 Bethleem,
1932 1692 2136 1732 cemur
2164 1676 2392 1732 dicente
2421 1675 2694 1748 Apostolo
2722 1692 2734 1730 :
2769 1697 2797 1725 ‹‹
2826 1675 3160 1748 Consepulti
3190 1676 3345 1732 enim
3369 1690 3576 1731 sumus

154 1758 381 1821 domus
435 1761 712 1835 Ephrata,
774 1779 889 1818 non
948 1778 1010 1818 es
1066 1760 1334 1831 minima,
1394 1764 1459 1816 ut
1515 1760 1598 1816 sis
1672 1760 1826 1814 inter
1931 1780 2067 1821 cum
2094 1763 2190 1820 illo
2221 1780 2324 1837 per
2370 1764 2731 1835 baptismum
2762 1763 2822 1818 in
2852 1767 3119 1830 mortem,
3182 1769 3248 1819 ut
3295 1764 3576 1837 quemad-

153 1852 465 1941 principes
491 1850 525 1907 «Ι
534 1851 666 1907 uda.
695 1852 777 1907 Ex
804 1855 862 1906 te
890 1849 1047 1906 enim
1073 1850 1222 1906 exiet
1250 1850 1523 1923 princeps
1537 1848 1736 1918 Israel,
1768 1851 1826 1903 et
1856 1886 1903 1951 B
1934 1855 2171 1910 modum
2201 1851 2297 1908 ille
2336 1853 2586 1908 surrexit
2631 1869 2665 1908 ἃ
2694 1853 2941 1909 mortuis
2971 1870 3073 1924 per
3102 1854 3401 1926 propriam
3460 1853 3576 1908 vir-

152 1936 442 2017 egressus
463 1941 594 2013 ejus
615 1940 687 1995 ab
709 1938 947 2008 initi0,a
966 1937 1174 1995 diebus
1197 1936 1393 1994 seculi
1411 1937 1598 2006 (ΜὶϐΙι-
1622 1937 1768 2007 ν,2)ο
1793 1958 1821 1985 »
1856 1936 1903 1951 υ
1930 1948 2116 1999 tutem
2148 1942 2492 2008 suscitatus,
2530 1941 2612 1997 ita
2641 1945 2697 1999 et
2720 1958 2824 1997 nos
2849 1943 2973 2013 ejus
2993 1942 3182 2013 gratia
3203 1956 3580 2014 resurgamus

152 2026 314 2085 Vere
372 2026 587 2083 domus
625 2025 815 2098 panis,
849 2042 977 2096 quae
1008 2024 1220 2081 domus
1277 2022 1493 2079 Christi
1550 2027 1659 2091 est,
1720 2023 1821 2095 qui
1932 2033 2107 2104 (Rom.
2141 2048 2218 2098 v1,
2259 2031 2335 2101 4).
2379 2052 2406 2080 ››
2437 2030 2600 2085 Tunc
2630 2030 2809 2103 igitur
2827 2046 2955 2086 vere
2976 2031 3359 2087 absconditur
3385 2030 3579 2086 omnis

154 2115 342 2174 nobis
401 2114 571 2187 panis
629 2113 906 2170 salutaris
962 2112 1195 2168 advenit
1240 2128 1272 2167 ϐ
1331 2110 1523 2168 εωὶοε
1584 2115 1650 2167 ιιι
1698 2111 1821 2183 iam
1932 2137 2092 2177 error
2120 2118 2449 2192 gentilium,
2474 2135 2605 2174 cum
2629 2119 2761 2191 quis
2794 2119 2969 2174 fuerit
3000 2119 3239 2175 ablutus
3297 2136 3331 2174 a
3387 2119 3575 2187 vitiis;

152 2204 374 2263 nullus
403 2202 627 2259 esuriat
657 2201 855 2257 cibum
873 2200 984 2256 sibi
1004 2199 1463 2259 immortalitatis
1490 2199 1821 2271 acquirens.
1933 2208 2072 2281 quia
2110 2208 2373 2264 conﬁxus
2402 2208 2560 2263 cruci
2587 2212 2752 2262 Vetus
2782 2207 2961 2264 homo
3011 2211 3209 2263 noster
3234 2206 3421 2263 nescit
3451 2208 3580 2278 jam

156 2293 242 2376 Ibi
272 2292 531 2366 jUbGl-m‘
559 2290 825 2346 habitare
873 2288 1232 2356 Ρᾶῑνίατοδδι
1288 2288 1371 2344 ibi
1429 2287 1609 2376 alme
1638 2288 1825 2343 facere
1933 2297 2108 2354 veteri
2140 2296 2355 2353 servire
2376 2300 2633 2369 peccato.
2660 2297 3063 2368 Competenter
3092 2296 3267 2352 etiam
3309 2295 3583 2352 columna

154 2375 283 2441 Deo
322 2380 423 2455 qui
471 2379 743 2454 apparuit
788 2378 858 2435 ei.
894 2377 978 2434 Ibi
1034 2378 1173 2434 deos
1218 2376 1441 2448 accepit
1487 2375 1727 2443 alienos,
1770 2377 1827 2431 et

1981 2385 2214 2442 '.atuitur
2242 2401 2420 2457 supra
2451 2387 2901 2441 monumentum
2936 2384 3147 2441 Rachel
3173 2403 3186 2452 ;
3220 2384 3359 2457 quia
3387 2384 3581 2441 Eccle-

157 2469 485 2529 abscondit
538 2484 637 2524 eos
713 2466 958 2523 lentisco
991 2467 1102 2538 (54)
1122 2467 1153 2538 Ξῖ
1188 2464 1269 2521 ibi
1321 2480 1553 2537 quoque
1597 2463 1827 2536 ΒεΡιλῙιθη
1935 2475 2024 2531 sia
2060 2478 2152 2530 est
2190 2471 2463 2528 columna
2491 2476 2551 2528 et
2573 2472 3011 2529 ﬁrmamentum
3039 2473 3320 2529 veritatis.

156 2563 248 2616 est
284 2554 512 2613 Rachel
543 2555 602 2610 in
651 2553 744 2609 via
770 2552 1043 2626 Ephrata,
1104 2552 1215 2608 hoc
1244 2555 1335 2608 est
1363 2551 1678 2608 Bethleem.
1740 2551 1823 2607 Ibi
2540 2561 2775 2618 CAPUT
2804 2562 2952 2616 vm,

155 2646 349 2704 etiam
383 2639 719 2699 columnam
744 2641 949 2698 statuit
966 2638 1148 2697 Jacob
1171 2657 1351 2713 supra
1374 2644 1825 2696 monumentum

1981 2659 2019 2708 le
2048 2650 2320 2706 laudabili
2347 2650 2524 2705 sancti
2550 2651 2710 2707 Iacob
2757 2653 3050 2717 senectute,
3083 2652 3143 2704 iu
3198 2665 3306 2720 qua
3359 2651 3582 2720 futuras

155 2736 295 2809 ejus
333 2733 492 2806 (Gen.
523 2732 689 2800 xxxv,
713 2731 825 2802 20).
2004 2723 2440 2809 dubiasquefesl,‘
2459 2738 2525 2809 ac
2578 2724 2721 2809 vitas,
2776 2736 2895 2778 suae
2924 2721 3092 2790 ﬁnem
3115 2720 3377 2791 prevth
3406 2737 3426 2782 ;
3456 2735 3581 2775 nec-

1980 2810 2115 2865 jnon
2143 2792 2354 2865 agEnda
2381 2792 2639 2864 disponit.

2006 2884 2096 2939 35.
2137 2881 2343 2937 Senuit
2374 2885 2571 2935 autem
2599 2880 2776 2936 Jacob
2811 2885 2905 2949 ;et
2950 2881 3078 2951 jam
3136 2885 3269 2957 ante
3311 2881 3585 2936 senuerat

1937 2970 2237 3026 moribus:
2280 2969 2381 3024 sed
2414 2968 2715 3024 certabant
2764 2968 2824 3023 in
2873 2985 2940 3024 eo
2995 2969 3247 3041 impigre
3303 2966 3584 3023 vivacitas

159 3065 217 3123 in
248 3072 386 3137 qna
413 3064 651 3134 apparet
678 3060 854 3126 Deus,
882 3062 938 3114 et
958 3057 1220 3130 loquitur
1266 3072 1401 3113 cum
1452 3056 1632 3113 servis
1680 3055 1824 3112 suis.
1930 3057 2283 3131 juventutis,
2314 3059 2371 3112 et
2400 3054 2798 3127 tranquillitas
2821 3056 3158 3112 senectutis.
3192 3057 3295 3112 Est
3324 3055 3483 3112 enim
3528 3057 3587 3110 et

160 3155 241 3210 Ibi
268 3150 639 3223 eripiuntur,
654 3153 711 3204 et
735 3147 1182 3203 absconduntur
1202 3144 1523 3201 simulacra
1538 3145 1826 3218 gentium.
1938 3152 2211 3204 senectus
2231 3144 2424 3202 virens
2458 3144 2667 3217 gratia,
2686 3150 2742 3200 et
2756 3146 3035 3216 juventus
3052 3162 3197 3201 cana
3216 3144 3500 3212 consiliis,
3515 3142 3585 3197 de

162 3244 353 3300 Fides
379 3239 537 3296 enim
554 3235 821 3293 Ecclesiae
854 3252 1090 3291 omnem
1136 3232 1564 3291 observantiam
1595 3233 1827 3307 gentili-
1859 3249 1902 3315 ρ
1942 3253 2060 3309 qua
2088 3234 2231 3290 dicit
2257 3233 2559 3304 Scriptura
2587 3250 2600 3288 :
2638 3233 2962 3289 «Senectus
2987 3234 3145 3289 enim
3164 3231 3535 3290 venerabilis.
3556 3251 3584 3279 »

159 3330 309 3389 tatis
367 3324 639 3384 abolevit.
697 3322 809 3381 Sed
842 3340 947 3380 cur
988 3323 1099 3379 sub
1152 3322 1394 3378 lentisco
1435 3322 1825 3390 absconderit,
1936 3318 2026 3381 Et.
2059 3346 2087 3374 «
2126 3323 2283 3378 Etas
2313 3321 2628 3377 senectutis
2656 3321 2773 3376 vita
2798 3321 3175 3378 immaculata
3211 3321 3359 3394 (δαν.
3416 3336 3474 3376 1v
3528 3321 3590 3381 8.

160 3415 614 3489 liﬂ'qnzero?
635 3415 797 3470 Certe
826 3422 1015 3487 genus
1042 3411 1201 3466 istud
1258 3410 1688 3466 infructuosum
1721 3415 1828 3466 est.
1939 3414 2016 3485 9).
2053 3434 2080 3460 »
2111 3412 2191 3466 Ex
2220 3410 2329 3465 hac
2358 3409 2473 3464 vita
2506 3410 2615 3464 fuit
2637 3411 2817 3465 Jacob
2837 3411 2967 3482 (57),
2997 3411 3097 3481 qui
3119 3410 3289 3466 bonis
3317 3410 3591 3483 operibus

160 3507 245 3566 lbi
274 3518 431 3578 ergo
464 3506 606 3561 sunt
634 3501 715 3558 dii
747 3502 1036 3574 gentium,
1072 3499 1175 3555 ubi
1209 3498 1408 3554 nullus
1467 3504 1557 3555 est
1586 3499 1833 3556 fructus.
1943 3497 2220 3574 praevenit
2250 3501 2481 3568 tempus
2511 3496 2779 3569 longaevae
2802 3498 3139 3562 senectutis,
3174 3503 3239 3554 ut
3254 3503 3312 3555 et
3333 3500 3589 3556 fructum

160 3595 245 3655 liii
280 3598 534 3653 inaures
574 3589 882 3665 gentilium
914 3588 1282 3645 infodiuntur
1340 3604 1488 3661 quas
1550 3588 1838 3643 dederunt
1946 3588 2072 3660 ejus
2117 3590 2249 3642 ante
2295 3588 2529 3655 tempus
2579 3589 2857 3657 carperet,
2916 3589 2974 3642 et
3011 3591 3309 3659 postrema
3350 3589 3478 3660 ejus
3530 3586 3592 3642 in

162 3684 383 3753 J'acob,
418 3680 485 3738 ut
505 3683 632 3754 jam
662 3694 873 3736 novam
931 3678 1199 3751 linguam
1224 3676 1425 3732 audire
1456 3680 1834 3732 assuescant:
1949 3680 2209 3747 tempore
2248 3689 2363 3728 non
2394 3671 2643 3728 timeret.
2668 3673 2878 3728 Beatus
2909 3674 3148 3746 quidem
3169 3676 3477 3746 etjuvenis
3493 3675 3595 3748 qui

162 3779 435 3833 veterem
488 3768 745 3843 perfidiae
812 3783 1025 3824 sonum
1080 3764 1365 3836 nesciant,
1419 3764 1843 3821 obsurdescant
1950 3765 2095 3819 bene
2148 3760 2462 3817 vivitzsed
2492 3761 2697 3816 beatus
2744 3764 2801 3816 et
2856 3777 3034 3817 senex
3064 3762 3163 3832 qui
3231 3762 3378 3819 bene
3429 3763 3591 3819 vixit.

224 2977 336 3034 33.
368 2973 599 3041 Onanta
629 2968 926 3045 mysteria,
960 2969 1099 3042 quia
1156 2968 1264 3024 tibi
1294 2972 1385 3025 est
1404 2967 1660 3024 Ecclesia
1704 2969 1825 3039 Dei,

1963 3916 2022 3969 ut
2101 3913 2180 3969 ibi
2251 3913 2685 3967 contaminatam
2769 3912 2999 3967 disceret
3078 3915 3396 3969 castitatem.
3459 3911 3604 3968 Alite

1961 4001 2094 4042 cum
2123 4000 2267 4040 mss.
2303 3983 2577 4038 omnibus
2607 3984 2980 4050 conveniunt,
3035 3982 3149 4038 nisi
3194 3984 3347 4050 quod
3388 3983 3605 4039 habent

1959 4056 2332 4135 confessionis.
2372 4053 2564 4109 Minus
2594 4054 2764 4135 bene:
2792 4054 2980 4135 Hujus
3009 4053 3165 4135 enim
3197 4053 3434 4135 locinhic
3471 4070 3603 4109 sen-

239 3926 382 3997 (5‘1)
405 3922 585 3997 item.
612 3920 767 3997 _edit.
814 3918 942 3997 sola
974 3934 999 3997 _:

177 3990 307 4067 ﬁlia
344 3990 486 4063 Liae,
524 3994 657 4065 quia
698 3990 1142 4067 peperit___Jacob,
1199 3993 1261 4067 ut
1292 3992 1647 4067 _cognoscerct

183 4058 590 4142 indigenarum
650 4058 800 4142 εέῐί
830 4061 966 4116 vidit
1019 4076 1142 4142 eam
1194 4058 1409 4142 Sichem
1461 4060 1629 4142 ﬁlius.
1653 4059 1851 4142 Hemor

1066 3920 1294 3989 Egressa
1340 3922 1424 3972 est
1474 3919 1658 3972 autem
1701 3917 1845 3972 Dina

1066 3990 1142 4057 ob,
1199 3993 1261 4043 ut
1314 3992 1647 4058 cognosceret
1701 3988 1845 4058 ﬁlias

1767 4002 1847 4042 zas

185 4130 444 4209 mucius,
470 4134 731 4209 princeps
782 4141 984 4193 terras;
1014 4135 1066 4209 et
1092 4132 1369 4209 accipiens
1415 4146 1535 4185 eam
1590 4130 1851 4185 dormivit

186 4226 319 4267 cum
356 4203 487 4263 illa:
511 4203 755 4277 Denique
780 4221 891 4260 non
922 4203 1092 4277 multo
1126 4205 1245 4277 post
1271 4204 1669 4277 factumsupra
1698 4215 1850 4256 reve-

187 4283 478 4338 luionem
516 4272 833 4342 cum—esset,
892 4280 1002 4331 etc.
1061 4272 1284 4338 Quibus
1338 4272 1533 4327 verbis
1591 4288 1716 4343 cap.
1774 4287 1855 4325 v11

188 4351 552 4496 ἐιῗέἓῖὲῖἓῇ
560 4435 654 4475 am
667 4417 863 4496 locum
876 4414 1443 4496 arbgﬁbﬁusppagum
1457 4428 1585 4468 esse
1602 4412 1857 4496 diximus

188 4494 230 4551 l.
266 4482 338 4550 i1.
375 4482 661 4555 Hexaem,
691 4505 740 4544 c.
772 4488 828 4554 8,
860 4505 918 4542 n.
950 4484 1041 4557 32.
1092 4485 1202 4541 Sed
1233 4482 1371 4557 quia
1418 4487 1687 4557 poemata
1726 4482 1857 4538 dra-

191 4564 433 4621 matica'
455 4578 583 4637 quae
615 4559 747 4635 istic
779 4556 1107 4637 antiquitus
1136 4554 1480 4637 agebantur,
1538 4554 1596 4608 in
1628 4554 1858 4637 theatra

272 4612 585 4693 {Elimiam
616 4612 1127 4696 iranslataisunt;
1172 4612 1306 4682 ideo
1336 4612 1521 4681 scenae
1553 4641 1765 4681 nomen
1792 4625 1863 4680 ad
1894 4612 1939 4676 D

236 4724 327 4764 ac
398 4703 786 4778 signiﬁcanda
835 4706 893 4756 et
948 4699 1111 4778 _inde
1176 4713 1287 4778 per
1348 4696 1749 4778 synecdochen
1797 4696 1868 4778 ad

195 4767 794 4847 cruentas'actiones,
828 4770 1032 4844 quales
1051 4771 1114 4825 in
1138 4767 1359 4824 eisdem
1377 4767 1633 4847 exhiberi
1659 4767 1869 4833 solent,

196 4840 552 4905 traductum
583 4847 693 4915 est.
731 4840 1093 4915 Quapropter
1112 4857 1321 4913 parum
1354 4840 1494 4895 scite
1524 4856 1627 4911 pro
1657 4854 1873 4894 scenam

197 4922 363 4977 αἱδεὶ
397 4910 664 4973 nonnulli
698 4910 901 4972 eadem

246 4989 405 5061 (53)
431 4990 567 5061 Non
589 4987 685 5041 hic
716 4980 947 5061 solum;
970 4984 1070 5061 sed
1105 4980 1384 5061 etiam‘l.
1420 4999 1438 5035 1
1467 4981 1532 5035 de
1587 4980 1786 5061 Abrab.
1822 4997 1870 5060 ᾳ.

200 5065 261 5128 2,
285 5051 367 5118 in.
389 5051 433 5116 ’5
460 5064 521 5116 et
545 5060 601 5126 6,
633 5073 700 5113 ac
736 5057 779 5128 l.
810 5073 871 5123 ιι,
924 5071 1003 5128 eL
1035 5055 1093 5121 5,
1151 5070 1207 5108 n.
1266 5053 1357 5128 2i,
1387 5068 1560 5128 _mss.
1619 5051 1877 5128 melioris

202 5122 375 5207 note
403 5122 941 5207 leguntltetbleem.
965 5126 1037 5207 Et
1065 5128 1219 5207 certe
1274 5122 1580 5207 Ambrosio
1602 5122 1874 5202 eumdem

200 5192 575 5279 locu_1_1_1_é's’sé
592 5197 886 5279 Bethleem
911 5202 975 5252 ac
996 5193 1371 5279 Bethe‘lncum
1391 5192 1573 5279 hujus
1606 5194 1764 5279 vocis
1788 5208 1877 5275 ex-

204 5272 439 5349 positio
460 5284 648 5349 quam
679 5268 765 5325 illi
822 5265 1052 5349 semper
1096 5265 1540 5349 _subjieit,_tum
1599 5265 1878 5344 orationis

204 5333 407 5402 series
435 5333 553 5400 non
585 5343 830 5398 obscure
854 5333 1132 5394 indicant.
1163 5333 1235 5391 At
1261 5335 1565 5390 lectionem
1614 5333 1879 5389 omnium

205 5416 369 5472 edit.
401 5419 459 5472 et
488 5430 608 5471 non
656 5426 979 5472 paucorum
1008 5422 1179 5472 mss.,
1208 5407 1327 5462 imo
1356 5406 1672 5472 Scriptum
1702 5405 1879 5461 etiam

205 5419 369 5473 edit.
401 5419 459 5472 et
488 5430 608 5471 non
656 5426 979 5485 paucorum
1008 5422 1179 5476 mss.,
1208 5422 1327 5462 imo
1356 5419 1672 5477 Scriptum
1702 5421 1732 5461 e

207 5482 572 5559 auctoritate
603 5483 893 5541 munitam
923 5478 1295 5559 retinuimus.
1364 5551 1373 5559 Ι
1437 5547 1475 5559 “

286 5558 518 5684 Ita
549 5572 694 5637 mss.
728 5568 932 5637 omnes
965 5567 1032 5633 ac
1089 5549 1230 5615 edit,
1283 5551 1402 5603 ant.
1430 5547 1603 5629 .Rom.
1650 5561 1785 5601 vero
1816 5561 1883 5600 ex

209 5628 280 5685 Bi
331 5627 433 5685 lus
462 5630 728 5700 reposuit
753 5626 851 5700 hic
879 5628 935 5681 et
962 5621 1115 5700 infra
1142 5618 1591 5700 subterebmtho.
1618 5692 1628 5700 Δ
1727 5688 1736 5698 ,
1826 5689 1834 5698 ι

293 5699 419 5772 (55)
476 5691 646 5756 Rom.
707 5698 844 5755 edit.
932 5691 1267 5767 presbyterii
1317 5704 1441 5745 vere
1502 5691 1884 5759 confessionis,

928 4915 1271 4985 posuerunt.

1961 4125 2068 4183 sus
2091 4131 2215 4181 est:
2250 4126 2422 4180 Error
2459 4141 2562 4180 seu
2595 4125 2966 4180 mendacium
2996 4125 3338 4197 presbyterii
3380 4141 3605 4180 asseve-

1961 4198 2146 4254 rantis
2167 4197 2496 4251 Susannam
2531 4198 2641 4252 sub
2658 4198 2861 4252 arbore
2890 4197 3255 4252 infructuosa
3274 4200 3607 4266 corruptam

1964 4271 2165 4333 fuisse,
2193 4266 2546 4339 signiﬁcavit
2610 4268 2689 4322 ibi
2721 4268 3047 4323 castitatem
3077 4267 3212 4339 fidei
3250 4267 3610 4339 contamina-

1961 4345 2106 4408 tam,
2140 4337 2554 4410 ubi'gentium,
2597 4345 2705 4410 etc.
2767 4338 2912 4394 Nam
2953 4338 3106 4410 quod
3163 4355 3347 4410 supra
3399 4337 3612 4394 dicitur

1966 4409 2168 4468 Daniel
2198 4408 2295 4464 ibi‘
2311 4408 2524 4463 falsum
2563 4409 2963 4480 testimonium
2997 4408 3613 4480 deprehendisse,vox

1969 4484 2048 4539 ibi
2077 4497 2188 4536 non
2225 4480 2295 4534 ad
2325 4480 2589 4534 arborem
2640 4479 2860 4546 Bethel,
2894 4480 2993 4535 sed
3028 4479 3203 4535 aliam
3235 4480 3286 4536 ei
3336 4479 3615 4536 sterilita-

1966 4560 2022 4609 te
2053 4550 2307 4607 similem
2338 4550 2637 4605 referenda
2661 4557 2764 4607 est.

2044 4623 2157 4694 (56)
2185 4620 2333 4677 Edit.
2364 4625 2511 4694 vet.,
2534 4638 2643 4694 non
2671 4621 3128 4694 tezritperﬁdiam,
3160 4630 3210 4678 et
3275 4625 3616 4694 aures_,retc.,

1983 4692 2174 4759 nam,
2220 4708 2382 4765 non__
2412 4692 2616 4748 detexit
2672 4692 2981 4765 per/idiom,
3046 4694 3138 4749 sed
3220 4692 3540 4765 abscondit,
3568 4696 3620 4743 et

1980 4781 2160 4831 aures,
2192 4769 2299 4837 etc.
2330 4762 2471 4837 Mss.
2519 4780 2651 4837 vero
2672 4760 2685 4765 ’
2710 4760 2912 4837 legunt
2958 4766 3093 4837 texit
3122 4766 3407 4837 cum__vet._
3430 4760 3565 4816 edit.
3603 4775 3618 4824 ;

1982 4840 2040 4891 at
2071 4836 2128 4891 in
2163 4833 2405 4904 reliquis
2452 4850 2586 4888 cum
2620 4832 2797 4891 Rom:
2835 4835 3199 4890 cenveniunt.
3249 4832 3489 4904 Videtur
3519 4844 3622 4904 au-

1983 4914 2102 4962 tem
2163 4898 2374 4960 Doctor
2431 4910 2671 4961 sanctus
2730 4907 2785 4961 id
2853 4906 3116 4971 innuere,
3183 4900 3497 4958 Ecclesiam
3562 4898 3624 4953 in

1985 4976 2262 5043 Danielis,
2296 4975 2600 5049 calumniae
2632 4978 2996 5049 presbyteros
3024 4971 3460 5049 convincentis,_
3497 4986 3623 5041 per-

1984 5066 2129 5122 sona
2156 5045 2501 5122 gentilitatis
2522 5043 2839 5122 perfidiam
2882 5064 2995 5103 non
3033 5050 3243 5122 tegere,
3278 5043 3336 5122 id
3381 5044 3470 5097 est
3506 5056 3623 5122 non

1986 5117 2380 5185 dissimulare,
2439 5117 2555 5175 sedi
2604 5120 2994 5174 convincere:
3050 5118 3494 5187 postea_tam_en
3564 5117 3625 5165 in

1987 5190 2304 5265 gentilibus
2343 5183 2443 5260 qui
2472 5193 2887 5245 convertuntur
2942 5183 3070 5242 eam
3119 5200 3221 5256 per
3266 5183 3626 5262 baptismum

1987 5260 2342 5319 abscondere
2391 5276 2489 5314 seu
2551 5260 2806 5327 abluere,
2838 5262 2902 5312 ut
2941 5273 3067 5328 quae
3108 5260 3453 5327 sequuntur,
3484 5256 3628 5308 satis

2792 5300 2806 5327 ,
2842 5295 2902 5312 αν
2941 5295 3067 5327 Ὶυψ
3109 5295 3453 5327 υυῚυυιιυυιι,

1990 5332 2327 5390 ostendunt.

2061 5404 2177 5477 (57)
2206 5392 2595 5477 Rom.__edit.,_
2637 5400 2899 5477 senuerat
2955 5414 3079 5469 ergo
3138 5396 3315 5453 Iacob.
3364 5394 3631 5477 V-et.,'E:c

1993 5464 2097 5530 hac
2124 5464 2235 5529 vita
2267 5471 2407 5541 fugit
2445 5470 2624 5541 Jaccb.
2688 5469 2897 5525 Melius
2952 5464 3115 5541 mss,
3140 5484 3343 5541 onnes.
3403 5467 3486 5541 Ea}
3527 5464 3633 5541 hac

1991 5549 2103 5602 vita
2160 5534 2275 5614 fuit
2320 5534 2500 5614 Jacob,
2548 5540 2606 5614 id
2684 5543 2787 5614 est
2856 5540 3147 5612 ejusmodi
3204 5538 3382 5595 vitam
3444 5534 3629 5603 duxit,

1992 5610 2184 5689 qualis
2204 5627 2384 5684 supra
2409 5610 2816 5683 descriptaest.
2886 5610 2901 5663 ἶ
