4122 6146
484 303 603 370 659

1941 305 2008 367 S.
2052 305 2433 370 AMBROSII

3728 318 3821 384 660

484 439 647 507 Quod
684 437 842 495 enim
890 438 1122 510 juvenis
1172 442 1385 513 sperat,
1443 439 1690 511 adeptus
1741 443 1830 496 est
1886 438 2081 496 senior
2112 456 2124 496 :
2160 440 2216 507 Α
2244 440 2347 496 tia.
2380 440 2640 515 Denique
2685 442 2894 500 erravit
2950 445 3008 501 et
3054 442 3182 518 ipse
3236 443 3469 518 Joseph,
3499 447 3560 502 ut
3609 463 3725 507 cum
3771 452 3829 509 ad

481 530 635 601 quod
685 543 860 584 senex
915 528 1045 595 fuit,
1089 533 1248 601 optat
1277 530 1383 584 hoc
1438 546 1565 585 esse
1596 529 1693 600 qui
1721 530 1955 601 juvenis
2012 532 2121 585 est.

482 618 649 674 Certe
678 616 772 672 hic
802 616 1047 689 inquieti
1081 618 1259 673 maris
1280 618 1541 692 longiore
1572 619 1681 673 sibi
1732 619 1921 674 adhuc
1947 635 2123 674 cursu

482 709 774 772 manente,
800 707 1058 778 jactatur
1088 707 1395 763 fluctibus:
1448 724 1623 763 senex
1653 707 1804 763 sicut
1833 707 1888 762 in
1930 711 2122 779 portu,

483 794 567 849 ita
594 794 654 849 in
683 795 931 850 statione
960 799 1050 850 est
1096 796 1431 851 senectutis.
1494 797 1630 851 Erat
1684 797 1881 868 itaque
1913 796 2127 867 hujus-

484 883 643 939 modi
664 884 860 950 Jacob,
893 883 991 955 qui
1024 883 1114 937 vix
1134 885 1420 955 speranda
1469 885 1788 956 juvenibus
1835 886 1989 941 bona
2044 884 2128 939 in-

487 971 702 1027 columi
732 975 791 1026 et
819 975 944 1026 tuta
980 972 1176 1043 gratiae
1235 972 1392 1028 clave
1458 976 1604 1029 471
1649 975 1776 1045 jam
1828 973 2025 1030 clausa
2071 977 2128 1029 et

485 1059 790 1131 obsignata
818 1061 1071 1116 tenebat.
1107 1061 1267 1125 Quod
1298 1066 1492 1118 autem
1523 1063 1846 1134 possideas,
1879 1080 1945 1118 eo
1972 1063 2126 1135 quod

486 1148 677 1203 adhuc
705 1165 922 1220 speres,
992 1149 1384 1221 praestabilius
1416 1154 1522 1206 est.
1573 1152 1710 1207 Erat
1763 1168 1898 1223 ergo
1954 1167 2131 1207 senex

485 1237 685 1304 Jacob,
720 1239 790 1293 ad
824 1253 996 1308 quem
1022 1239 1267 1307 juvenes
1289 1238 1530 1294 adversa
1558 1239 1839 1311 temporis
1879 1238 2129 1310 alicujus

486 1330 834 1398 tempestate
863 1326 1113 1399 perculsi
1154 1331 1437 1398 tanquam
1481 1327 1541 1382 in
1572 1330 1805 1399 portum
1837 1343 1963 1383 sese
1994 1327 2132 1383 reci-

486 1414 759 1488 piebant:
792 1414 918 1486 ipse
955 1419 1153 1470 autem
1179 1419 1460 1487 tanquam
1499 1416 1559 1471 in
1581 1416 1815 1488 specula
1845 1418 1956 1487 (58)
2003 1417 2131 1470 vitis

486 1504 667 1577 hujus
697 1504 924 1576 positus
946 1503 1195 1560 sollicito
1218 1506 1609 1576 praetendebat
1626 1507 1854 1573 affectu,
1887 1511 1945 1561 et
1964 1506 2134 1578 longe

490 1598 626 1649 ante
654 1593 831 1649 rebus
860 1593 1057 1648 dubiis
1087 1593 1436 1664 prmvidebat
1466 1594 1741 1649 remedia.

561 1682 650 1737 36.
667 1682 928 1753 Denique
943 1682 1123 1737 fames
1136 1682 1321 1736 eratin
1334 1686 1457 1737 tota
1470 1683 1651 1754 terra(
1660 1682 1787 1737 Gen.
1810 1700 1922 1747 xu,
1939 1684 2052 1754 56),
2081 1688 2138 1739 et

492 1787 668 1827 senex
705 1769 1006 1840 depositus
1046 1786 1172 1840 qua:
1226 1769 1448 1825 alacres
1478 1772 1725 1840 juvenes
1762 1771 2132 1843 ignorabant,

491 1858 725 1915 interim
757 1858 984 1929 primus
1013 1862 1211 1913 utrum
1252 1858 1500 1914 audierit
1538 1859 1746 1925 videto,
1790 1860 2018 1932 primus
2040 1861 2140 1916 ad-

493 1947 722 2003 monuit
753 1946 904 2002 ﬁlios
933 1947 1043 2017 (59)
1077 1963 1215 2002 suos
1254 1947 1312 2000 in
1376 1947 1618 2019 Egypto
1686 1949 1999 2004 exuberare
2021 1949 2140 2005 fru-

493 2040 713 2102 menta,
741 2039 798 2090 et
834 2051 900 2090 eo
932 2034 1440 2106 proﬁciscendum,
1474 2040 1540 2090 ut
1567 2041 1825 2092 emerent
1870 2053 2000 2108 quas
2030 2037 2142 2093 sibi

495 2125 568 2181 ad
600 2140 776 2180 usum
805 2124 1134 2179 necessaria
1155 2124 1514 2195 forent(Gen.
1568 2142 1700 2191 xm,
1735 2126 1787 2192 l,
1820 2126 1895 2196 2).
1933 2125 2141 2181 Liben-
2200 2139 2203 2141 '

494 2217 584 2269 ter
611 2213 786 2268 etiam
810 2212 938 2284 ipse
972 2212 1261 2282 juvenum
1310 2210 1571 2267 consiliis
1620 2213 2043 2285 acquiescebat,
2076 2219 2141 2269 ut

495 2302 672 2359 etiam
707 2300 890 2356 ﬁlium
913 2299 1210 2371 juniorem
1263 2298 1440 2355 simul
1496 2301 1770 2357 mitteret.
1804 2304 1874 2357 Et
1932 2319 2143 2358 renun-

496 2390 780 2447 tiantibus
804 2388 924 2444 illis
954 2390 1104 2460 quod
1137 2388 1353 2460 Joseph
1386 2389 1544 2445 filius
1585 2392 1715 2461 ejus
1761 2390 1997 2460 viveret,
2048 2390 2137 2446 in-

497 2480 678 2535 fracto
708 2477 842 2533 licet
870 2493 1129 2549 corpore,
1162 2477 1263 2532 sed
1294 2476 1484 2532 vivida
1515 2478 1693 2533 animi
1746 2479 1979 2546 virtute,
2023 2497 2138 2535 non

497 2565 847 2639 exspectavit
876 2568 941 2620 ut
970 2564 1127 2619 ﬁlius
1157 2565 1229 2620 ad
1261 2582 1321 2621 se
1353 2566 1590 2632 veniret,
1625 2567 1726 2621 sed
1778 2566 1902 2639 ipse
1952 2570 2140 2640 magis

498 2655 749 2729 perrexit
777 2655 851 2710 ad
902 2653 1091 2709 ﬁlium
1157 2653 1309 2722 (Gen.
1367 2672 1495 2720 xnv,
1543 2655 1657 2725 28).
1720 2655 1922 2711 Pietati
1981 2657 2139 2712 enim

499 2760 777 2801 mensura
805 2743 1029 2799 ordinis
1073 2759 1186 2798 non
1251 2743 1682 2814 praeponderat.
1745 2743 1917 2799 Nulla
1946 2744 2142 2817 itaque

497 2833 683 2889 sensit
700 2831 1123 2904 impedimenta
1144 2830 1306 2885 fessae
1328 2831 1661 2898 senectutis,
1686 2848 1817 2886 cum
1842 2817 2140 2904 pergeret:

498 2921 686 2993 pietas
717 2919 873 2975 enim
927 2917 1157 2973 levabat
1193 2916 1472 2972 laborem.
1504 2918 1720 2974 Verum
1768 2920 1867 2974 ubi
1927 2922 2141 2992 recepti

500 3007 606 3063 ﬁlii
625 3008 818 3062 fructu
840 3005 1083 3078 potitus,
1107 3004 1423 3077 aliquando
1448 3011 1646 3062 exacto
1660 3011 1921 3080 tempore
1943 3008 2142 3065 decem

499 3096 551 3152 ei
583 3101 807 3169 septem
831 3092 1096 3149 videlicet
1124 3110 1434 3159 annorum,
1459 3095 1612 3166 quod
1635 3097 1958 3152 secundum
1982 3097 2140 3154 illam

2237 531 2534 586 dexteram
2567 533 2693 603 ejus
2722 533 3075 605 applicasset
3129 531 3315 589 ﬁlium
3362 550 3527 590 suum
3567 536 3829 606 seniorem,

2236 623 2296 674 et
2317 619 2389 674 ad
2420 620 2720 677 sinistram
2753 623 2968 695 ipsius,
3004 623 3114 678 hoc
3164 627 3277 697 est)
3312 622 3508 688 Jacob,
3539 624 3837 696 applicasset

2236 706 2425 762 ﬁlium
2450 709 2769 780 juniorem,
2820 716 2885 766 ut
2937 710 3124 766 aetatis
3174 712 3314 767 ordo
3358 712 3743 770 benedictionis
3764 733 3838 771 or-

2238 796 2437 852 dinem
2470 802 2824 855 reservaret:
2888 800 3225 856 extenderet
3253 801 3544 857 dexteram
3574 818 3726 859 suam
3762 820 3840 859 su-

2237 902 2343 957 per
2374 891 2640 957 nepotem
2662 888 2980 958 juniorem,
3007 892 3065 944 ct
3084 888 3386 945 sinistram
3410 906 3576 962 super
3594 891 3839 948 seniorem

2239 977 2532 1045 nepotem,
2570 979 2627 1030 et
2654 976 2866 1032 volenti
2910 976 3027 1032 ﬁlio
3084 968 3334 1049 patriam
3392 978 3670 1035 dexteram
3699 997 3843 1052 super

2238 1062 2547 1118 Manassen
2579 1065 2869 1125 seniorem
2892 1070 3227 1121 convertere
3248 1067 3527 1139 respende
3538 1067 3611 1122 rit
3640 1085 3653 1123 :
3677 1090 3703 1117 «
3722 1068 3845 1137 Seio,

2238 1149 2347 1219 ﬁli,
2380 1152 2519 1217 scio,
2545 1156 2604 1208 et
2630 1152 2725 1208 hic
2754 1154 2863 1208 erit
2885 1153 2945 1208 in
2967 1153 3275 1226 populum,
3297 1159 3355 1210 et
3374 1153 3465 1209 hic
3502 1153 3811 1211 exaltabitur
3835 1172 3846 1210 :

2240 1240 2392 1297 472
2424 1241 2525 1296 sed
2559 1241 2734 1296 frater
2760 1242 2888 1313 ejus
2912 1241 3115 1312 junior
3161 1243 3349 1313 major
3411 1241 3507 1297 illo
3563 1242 3663 1298 erit
3715 1243 3845 1314 (Gen.

2238 1345 2430 1397 vauI,
2460 1330 2565 1400 19).
2594 1350 2622 1379 ››
2644 1330 2713 1385 Et
2732 1346 2971 1386 causam
2994 1330 3350 1403 praelationis
3372 1331 3630 1402 adjunxit
3652 1330 3857 1389 dicens:

2243 1440 2271 1468 ‹‹
2317 1418 2527 1474 Semen
2587 1420 2715 1490 ejus
2773 1419 2884 1475 erit
2934 1418 3257 1475 multitudo
3311 1419 3573 1492 gentium
3626 1418 3851 1490 (lbid.).»

2242 1507 2401 1562 Adeo
2431 1505 2568 1562 licet
2597 1507 2877 1579 impedito
2907 1507 3168 1580 corporis
3198 1511 3466 1580 aspectu,
3486 1506 3683 1563 melius
3729 1507 3854 1562 vide-

2242 1596 2363 1661 bat,
2396 1603 2461 1650 ut
2489 1596 2782 1652 videntem
2806 1597 3039 1652 doceret
3060 1612 3310 1652 errasse.
3340 1596 3481 1664 Quis
3510 1596 3659 1651 enim
3679 1595 3854 1652 melius

2242 1684 2417 1754 videt,
2439 1701 2619 1756 quam
2650 1684 2750 1757 qui
2779 1685 2938 1741 videt
2983 1684 3279 1741 Christum
3303 1685 3332 1741 ?
3379 1687 3493 1740 Aut
3519 1684 3644 1757 quis
3697 1688 3853 1757 potest

2246 1774 2437 1828 dicere
2462 1772 2651 1829 oculis
2681 1773 3031 1847 impeditum
3056 1790 3212 1842 eum,
3245 1774 3346 1846 qui
3379 1774 3607 1829 videbat
3634 1773 3687 1828 in
3733 1771 3858 1827 Chri-

2250 1865 2339 1917 sto
2369 1862 2753 1934 refugientem
2811 1862 3175 1919 Ecclesiam?
3205 1863 3406 1919 Nonne
3451 1862 3625 1936 igitur
3669 1860 3854 1917 clarum

2250 1954 2360 2016 est,
2410 1950 2567 2021 quod
2631 1949 2908 2007 debilitas
2969 1951 3392 2007 beatitudinem
3444 1949 3712 2024 impedire
3765 1964 3857 2003 non

2251 2038 2488 2110 possit?
2512 2038 2613 2094 Ille
2643 2038 2945 2095 oculorum
2977 2039 3297 2112 impeditus
3336 2056 3595 2107 munere,
3622 2037 3709 2093 ille
3728 2036 3856 2092 defa-

2251 2127 2450 2198 tigatis
2482 2126 2741 2198 corporis
2770 2126 2992 2183 viribus
3022 2127 3082 2182 in
3114 2127 3260 2183 lecto
3297 2132 3579 2200 tanquam
3623 2127 3677 2182 in
3704 2122 3857 2196 sepul-

2251 2231 2348 2270 cro
2379 2231 2592 2287 corpus
2614 2214 2972 2288 relinquens,
3005 2217 3329 2272 assurrexit
3359 2216 3420 2271 in
3452 2231 3513 2271 se
3542 2219 3597 2271 et
3624 2213 3774 2286 longe
3800 2211 3857 2266 ab

2252 2302 2403 2372 aliis,
2435 2309 2607 2376 atque
2663 2304 2816 2359 intra
2872 2305 3256 2378 semetipsum
3289 2321 3423 2363 sese
3452 2303 3719 2377 colligens
3745 2318 3860 2375 pra-

2251 2393 2518 2448 sentibus
2566 2409 2628 2448 se
2667 2394 2841 2449 rebus
2898 2393 3281 2460 subduxerat,
3339 2397 3400 2451 et
3454 2391 3859 2450 novissimorum

2252 2480 2480 2536 dierum
2529 2484 2735 2537 futurae
2793 2482 3150 2538 miscebatur
3207 2483 3381 2539 aetati.
3429 2482 3525 2539 Sic
3575 2480 3720 2538 enim
3746 2476 3862 2534 scri-

2252 2572 2418 2641 ptum
2478 2574 2603 2626 est:
2667 2571 3119 2639 «Annuntiabo,
3169 2570 3385 2643 inquit,
3458 2571 3760 2647 vobisque:
3785 2581 3863 2621 oc—

2253 2674 2499 2714 cursura
2547 2663 2687 2714 sunt
2744 2659 2909 2715 vobis
2972 2660 3030 2714 in
3088 2659 3431 2716 novissimis
3488 2658 3695 2716 Diebus
3743 2654 3863 2727 (Gen.

2251 2764 2399 2815 xux,
2460 2747 2533 2818 l).
2572 2770 2597 2796 ››
3298 2754 3301 2759 ’

2323 2836 2410 2890 38.
2444 2836 2591 2901 Quid
2621 2835 2801 2909 igitur
2840 2838 2891 2892 ei
2944 2837 3145 2893 deerat
3193 2837 3284 2893 cui
3337 2837 3498 2893 Deus
3554 2834 3755 2901 aderat,
3782 2827 3861 2902 qui

2252 2924 2303 2978 ei
2337 2925 2663 2996 profecturo
2708 2924 2966 2981 dixerat:
3031 2949 3060 2975 ‹‹
3095 2926 3463 2982 Descendam
3496 2928 3683 2980 tecum
3710 2921 3761 2976 iu
3788 2919 3861 2974 1E-

2253 3013 2620 3082 gyptum:et
2649 3027 2754 3083 ego
2803 3012 3089 3067 deducam
3120 3017 3177 3067 te
3229 3013 3289 3068 in
3341 3016 3683 3085 perpetuum
3736 3005 3862 3075 (Cea.

2253 3114 2401 3164 XLVI,
2433 3098 2467 3153 3
2498 3106 2548 3153 et
2585 3099 2630 3169 ’1)
2658 3102 2680 3154 ?
2708 3121 2737 3148 ››
2768 3100 2884 3156 Nec
2904 3100 3110 3171 defuit,
3171 3101 3411 3173 quando
3442 3101 3503 3155 in
3530 3115 3594 3156 eo
3646 3094 3863 3169 Spiritus

502 3184 848 3241 Patriarchze
878 3181 1299 3254 longaevitatem
1341 3183 1560 3255 exigua:
1591 3184 1876 3255 portionis
1907 3190 2142 3258 tempus
2174 3169 2217 3236 C
2255 3190 2493 3242 sanctus
2538 3186 2907 3258 loquebatur.
2956 3188 3067 3253 Qui
3092 3169 3099 3171 ⁷
3122 3169 3246 3244 tam
3303 3194 3517 3261 potens
3566 3189 3624 3242 in
3664 3200 3760 3241 suo
3785 3182 3866 3236 do-

501 3278 612 3341 est,
652 3274 828 3329 ﬁnem
877 3273 1004 3327 vita":
1054 3271 1166 3326 sibi
1226 3271 1695 3343 appropinquare
1725 3274 2007 3346 cognovit,
2047 3292 2146 3331 vo-

501 3363 650 3418 cavit
677 3361 894 3433 Joseph
916 3359 1127 3424 ﬁlium,
1158 3362 1215 3414 et
1243 3376 1345 3430 per
1390 3361 1786 3430 generationis
1819 3379 1937 3416 suae
1988 3363 2144 3419 futu-

505 3467 636 3506 rum
677 3449 965 3504 haeredem
988 3446 1335 3502 constrinxit
1363 3463 1519 3514 eum,
1553 3465 1624 3502 ne
1655 3448 1712 3503 in
1761 3450 2004 3522 Egypto
2059 3469 2145 3508 se-

504 3537 785 3611 peliretur
821 3536 973 3608 (Gen.
1032 3551 1204 3603 van,
1236 3535 1347 3603 29).
1397 3538 1765 3608 Acceptaque
1823 3539 1958 3609 ﬁde,
2007 3556 2142 3596 cum

500 3625 674 3699 paulo
695 3628 827 3697 post
854 3623 1270 3689 inﬁrmaretur,
1301 3627 1357 3677 et
1385 3625 1640 3679 venisset
1690 3626 1761 3680 ad
1795 3642 1927 3682 eum
1984 3628 2140 3685 ﬁlius

499 3733 644 3774 suus
671 3713 906 3787 Joseph,
945 3711 1101 3767 velut
1156 3711 1474 3783 resumptis
1529 3712 1752 3769 viribus
1782 3715 1933 3770 sedit
1963 3733 2143 3788 supra

496 3803 713 3860 lectum
746 3819 942 3868 suum,
977 3805 1035 3855 et
1082 3799 1376 3854 benedixit
1405 3799 1773 3858 Patriarchas
1805 3804 2135 3874 duodecim,

495 3897 553 3950 et
580 3891 982 3964 prophetavit(
1015 3891 1143 3946 Gen.
1174 3904 1326 3955 xux,
1356 3888 1426 3958 1),

1130 3975 1365 4032 CAPUT
1405 3976 1495 4030 IX.

487 4070 647 4126 Iacob
700 4071 866 4124 morti
918 4070 1203 4138 proximus
1228 4137 1231 4138 γ
1252 4069 1416 4132 atque
1470 4066 1642 4119 oculis
1683 4071 1887 4136 captus,
1955 4075 2136 4125 tamen

561 4142 746 4196 beatus
776 4137 1114 4194 ostenditur:
1147 4137 1302 4207 cujus
1338 4144 1612 4208 praeterea
1668 4138 1962 4208 multiplex
1990 4156 2134 4195 com-

558 4210 853 4277 mendatio,
883 4209 973 4264 sed
1013 4206 1259 4262 maxime
1304 4206 1371 4263 ob
1414 4206 1860 4274 patriarcharum
1914 4210 2133 4267 benedi-

555 4284 760 4338 ctioues
811 4281 1160 4352 proponitur,
1228 4296 1293 4335 ac
1340 4277 1600 4352 demum;
1641 4279 1988 4334 concluditur
2032 4299 2135 4338 nec

556 4354 731 4423 ipsum
768 4367 868 4423 nec
912 4350 1234 4423 sanctorum
1293 4350 1469 4404 alium
1558 4357 1779 4420 prapter
1850 4366 2132 4408 aerumnas

555 4422 745 4477 minus
766 4422 982 4477 beatum
1012 4422 1204 4475 haberi
1235 4428 1496 4492 oportere.

2257 3273 2492 3341 micilio,
2528 3292 2707 3347 quam
2740 3276 2852 3332 iste
2882 3275 2941 3331 in
2990 3275 3227 3333 alieno?
3253 3277 3398 3343 Quis
3427 3281 3552 3333 tam
3602 3271 3868 3331 abundans

2253 3361 2312 3417 in
2336 3363 2618 3432 ubertate,
2652 3380 2831 3436 quam
2851 3363 2960 3420 iste
2990 3365 3049 3420 in
3082 3365 3235 3422 fame
3255 3366 3282 3421 ?
3313 3366 3459 3432 Quis
3494 3369 3614 3421 tam
3644 3360 3791 3418 fortis
3820 3356 3867 3410 in

2246 3452 2568 3521 iuventute,
2615 3469 2792 3524 quam
2824 3453 2935 3509 iste
2964 3453 3022 3508 in
3056 3454 3410 3510 senectute?
3451 3453 3594 3519 Quis
3640 3455 3751 3506 tam
3798 3460 3871 3502 ac-

2251 3534 2459 3596 tuosus
2478 3540 2537 3595 in
2561 3542 2812 3613 negotio,
2832 3558 3012 3614 quam
3033 3541 3142 3597 iste
3170 3542 3230 3597 in
3253 3544 3372 3598 otio
3393 3542 3423 3597 ?
3443 3532 3584 3607 Quis
3604 3546 3715 3596 tam
3736 3534 3870 3592 velox

2251 3627 2310 3682 in
2343 3628 2655 3695 curriculo,
2692 3646 2871 3701 quam
2901 3630 3011 3686 iste
3042 3630 3101 3685 in
3132 3630 3342 3687 lectulo
3366 3635 3392 3687 ἓν
3422 3630 3566 3697 Quis
3588 3633 3705 3684 tam
3731 3625 3870 3681 laetus

2252 3716 2308 3771 in
2333 3717 2472 3773 ﬂore
2519 3717 2943 3783 adolescentiae,
2987 3735 3165 3790 quam
3212 3719 3323 3775 iste
3371 3720 3435 3775 in
3486 3716 3686 3774 mortis
3718 3711 3867 3770 conﬁ-

2251 3805 2346 3859 nio
2420 3805 2560 3872 Quis
2593 3809 2716 3862 tam
2746 3807 2905 3862 dives
2939 3807 2997 3862 in
3026 3824 3225 3881 regno,
3259 3824 3444 3880 quam
3479 3807 3590 3863 iste
3631 3804 3689 3859 in
3739 3813 3870 3874 pere-

2248 3892 2414 3964 grino
2439 3894 2565 3950 loco
2584 3894 2613 3949 ?
2634 3894 2895 3967 Denique
2931 3912 3099 3969 reges
3131 3895 3523 3951 benedicebat
3550 3892 3697 3966 (Gen.
3724 3884 3867 3953 XLV")

2242 3982 2321 4051 7).
2348 3982 2461 4037 Nec
2494 3983 2785 4038 immerito
2825 4000 3048 4056 pauper
3100 4000 3214 4039 non
3263 3989 3413 4051 erat,
3478 3982 3580 4056 qui
3623 3977 3766 4036 nullo
3793 3973 3865 4028 in-

2244 4069 2498 4143 digebat.
2524 4071 2751 4143 Pauper
2792 4088 2907 4127 non
2955 4076 3101 4139 erat,
3153 4071 3252 4144 qui
3303 4088 3368 4128 se
3423 4084 3734 4145 pauperem
3771 4077 3865 4119 non

2243 4159 2507 4230 putabat.
2540 4160 2607 4213 Et
2632 4159 2765 4231 quis
2797 4177 3114 4234 pauperem
3167 4160 3343 4229 dicat,
3379 4162 3557 4233 cujus
3589 4167 3865 4214 conversa-

2242 4247 2399 4301 tione
2429 4248 2642 4320 dignus
2701 4249 2860 4305 orbis
2921 4254 3178 4307 terarum
3236 4266 3351 4304 non
3417 4248 3592 4305 fuit?
3646 4247 3712 4301 Et
3762 4240 3869 4296 ideo

2241 4335 2605 4390 conversatio
2636 4337 2765 4407 ejus
2786 4341 2910 4393 erat
2948 4338 3012 4392 in
3054 4337 3217 4393 caelo.
3270 4337 3379 4393 Hic
3440 4354 3579 4393 vero
3625 4330 3867 4408 praedives

2239 4422 2298 4476 in
2366 4422 2585 4478 divitiis
2635 4422 3031 4496 simplicitatis
3090 4431 3144 4482 et
3204 4424 3591 4491 sinceritatis,
3649 4423 3865 4478 decorus

555 4510 641 4564 36.
666 4509 872 4564 Dicant
904 4526 1059 4563 nunc
1092 4508 1273 4580 aliqui
1300 4525 1413 4563 non
1463 4508 1697 4563 beatum
1754 4510 1953 4577 Jacob,
1989 4528 2123 4567 cum
2158 4530 2204 4594 D
2239 4511 2457 4582 majore
2478 4513 2685 4568 animm
2735 4529 2912 4584 quam
2946 4515 3206 4586 corporis
3263 4511 3713 4587 pulchritudine
3766 4518 3868 4577 qua”!

484 4599 543 4653 in
566 4597 711 4669 ipsis
749 4596 954 4653 mortis
1003 4601 1157 4651 esset
1185 4598 1412 4659 diebus,
1463 4596 1563 4667 qui
1596 4612 1740 4668 pene
1794 4598 1959 4669 plura
1990 4616 2125 4656 cum
2237 4615 2594 4657 marcescere
2625 4618 2737 4657 non
2799 4603 2976 4669 novit,
3038 4607 3203 4659 aetate
3260 4602 3540 4676 impiger,
3565 4600 3656 4658 cui
3679 4596 3866 4655 liceret,

480 4687 597 4742 Deo
629 4702 805 4757 quam
838 4701 972 4739 cum
1005 4684 1344 4740 hominibus
1370 4684 1625 4755 alloquia
1653 4686 1972 4742 miscebat:
2008 4705 2121 4745 non
2234 4704 2369 4743 cum
2416 4688 2608 4755 vellet,
2659 4706 2931 4761 corporeo
2974 4692 3086 4748 isto
3134 4692 3287 4747 exire
3316 4689 3652 4764 gurgustio,
3684 4691 3739 4742 et
3786 4696 3865 4736 su-

477 4774 713 4831 beatum
743 4790 877 4829 cum
908 4771 1059 4828 oculi
1091 4773 1219 4843 ejus
1264 4778 1643 4844 gravarentur
1687 4773 1746 4828 in
1805 4779 2121 4845 senectute,

475 4866 533 4918 et
557 4862 697 4933 |nou
745 4865 943 4935 posset
992 4861 1204 4916 videre.
1260 4861 1497 4916 Videtur
1551 4862 1707 4915 enim
1766 4862 2121 4935 quibusdam

475 4951 701 5006 caecitas
730 4967 859 5007 esse
887 4949 1079 5022 gravis
1128 4965 1391 5004 aerumna
1436 4949 1804 5006 calamitatis.
1841 4952 1948 5006 Sed
1981 4957 2120 5009 tunc

473 5053 706 5111 quoque
751 5039 955 5094 beatus
1008 5037 1207 5103 Jacob,
1269 5037 1408 5108 quia
1460 5037 1825 5093 discernebat
1884 5041 2115 5112 spiritu,

472 5126 628 5196 quod
661 5125 844 5182 oculis
873 5125 1201 5181 discernere
1223 5128 1577 5196 aspectuque
1600 5142 1711 5179 non
1746 5130 1985 5196 poterat.
2018 5130 2115 5184 Vi-

471 5213 647 5268 debat
675 5212 892 5281 futura,
915 5214 1015 5286 qui
1067 5213 1469 5268 aestimabatur
1499 5229 1612 5268 non
1635 5213 1829 5269 videre
1867 5231 2117 5286 praesen-

539 5388 655 5528 ξὸϐζ
686 5388 822 5445 Cod.
853 5390 1097 5462 aliquot,
1132 5395 1393 5461 tanquam
1424 5390 1479 5444 in
1512 5390 1787 5460 spelunca.

562 5458 632 5512 59
694 5459 846 5516 Edit.
896 5479 1122 5527 omnes,
1158 5463 1379 5516 Primus
1416 5460 1688 5523 audierat,
1743 5479 1787 5528 p1

562 5458 661 5533 59),
694 5459 846 5533 Edit.
896 5458 1122 5527 omnes,
1158 5458 1379 5516 Primus
1416 5458 1688 5533 audierat,
1740 5463 1958 5533 primus
2012 5463 2109 5517 ad-

467 5531 681 5584 monuit
710 5531 873 5600 ﬁlios.
916 5537 990 5587 At
1021 5549 1163 5587 mss.
1226 5537 1428 5587 contra
1485 5531 1543 5586 in
1600 5531 1861 5589 nostram
1910 5532 2107 5590 lectio-

468 5615 601 5657 nem
659 5601 1011 5674 conspirant,
1055 5603 1167 5660 nisi
1223 5604 1377 5674 quod
1428 5619 1552 5676 pro,
1616 5604 1807 5675 videto,
1841 5604 2105 5661 nonnulli

2235 4792 2413 4847 perna
2452 4777 2703 4848 paradisi
2746 4779 2959 4834 mentis
2997 4780 3192 4852 vigore
3232 4784 3565 4852 penetrare,
3598 4772 3864 4834 exsultans

2232 4863 2461 4935 spiritu,
2497 4881 2629 4919 cum
2661 4864 2912 4937 sepulcri
2943 4871 3203 4923 extrema
3234 4869 3565 4924 mandaret.
3596 4858 3861 4921 Nonenim

2229 4955 2457 5008 terreno
2497 4969 2559 5007 se
2591 4952 2819 5009 tumulo
2878 4954 3293 5024 claudendum,
3360 4957 3467 5013 sed
3507 4966 3753 5027 superno
3788 4959 3860 5002 re-

2228 5039 2559 5112 cipiendum
2579 5041 2877 5099 domicilio
2898 5046 3290 5116 praesumebat
3312 5062 3325 5101 :
3361 5049 3423 5101 et
3447 5044 3580 5101 ideo
3601 5047 3855 5110 tanquam

2227 5127 2391 5184 alteri
2444 5130 2761 5185 mandabat
2819 5131 3157 5204 sepulcrum
3202 5151 3214 5189 :
3269 5132 3358 5189 sui
3399 5137 3604 5190 autem
3645 5135 3858 5185 securus

2225 5220 2473 5272 mortem
2506 5216 2667 5273 illam
2708 5218 3213 5278 immortalitatem
3252 5222 3529 5295 putabat.
3570 5216 3860 5274 Videbatur

2221 5393 2458 5469 habent,
2500 5394 2712 5469 uidero.
2766 5397 2929 5463 Quod
2969 5399 3112 5456 satis
3147 5415 3282 5455 cum
3328 5398 3503 5454 initio
3544 5413 3668 5469 cap.
3693 5384 3856 5448 Blibri

2220 5465 2292 5519 De
2332 5467 2564 5591 {oseptho
2619 5469 2909 5537 convenit,
2956 5470 3057 5526 ubi
3113 5470 3258 5527 illud
3304 5465 3707 5527 asscveranter
3748 5474 3856 5533 ιπο·

2220 5553 2341 5591 nun
2375 5553 2484 5591 1av1
2521 5578 2532 5590 .

2220 5553 2532 5592 nuntiavn.
