4012 6192
229 378 345 445 661

1248 385 1350 450 DE
1392 385 1635 453 JACOB
1678 390 1781 455 ET
1821 387 2007 455 VITA
2048 388 2306 456 BEATA
2347 392 2492 456 LIB.
2539 389 2619 455 ῙῙ.

3514 389 3637 454 662

230 493 496 591 corporis
520 515 855 592 implicatus
884 516 1326 594 impedimento,
1380 527 1438 579 et
1462 486 1757 597 ‘vigilanti
1818 526 1875 581 in
1909 527 1962 593 Α
1993 524 2206 582 sideria
2222 525 2458 582 collium
2491 530 2841 583 aeternorum
2875 523 3037 598 (Ibid.
3072 524 3184 598 26).
3220 546 3249 577 ν)
3292 523 3441 591 Quid
3499 524 3634 583 dul-

233 608 437 665 futura
501 613 765 682 tempora
814 613 1207 682 praecurrebat
1264 613 1494 682 affectu,
1535 613 1736 669 dicens
1807 615 1876 669 de

232 698 709 770 persecutoribus
740 700 993 768 Domini,
1028 702 1126 773 qui
1185 703 1257 757 de
1309 703 1464 757 tribu
1525 702 1762 758 Simeon
1822 707 1879 759 et

231 786 367 842 Levi
447 788 559 859 (60)
644 792 908 845 auctores
965 794 1131 845 erant
1178 792 1452 863 nequitiae
1496 793 1867 864 processuri:

227 879 298 930 In
329 875 642 932 consilium
664 893 865 933 eorum
896 895 1012 933 non
1055 879 1247 935 veniat
1301 880 1501 935 anima
1558 898 1688 937 mea
1739 882 1873 953 (61),

229 968 289 1019 et
342 964 405 1019 in
463 981 771 1022 occursum
824 982 1025 1022 eorum
1076 985 1191 1023 non
1250 970 1600 1025 contendant
1655 969 1878 1026 viscera

228 1069 362 1109 mea
394 1053 569 1122 (Gen).
602 1072 753 1122 XLIX,
785 1056 862 1123 6).
896 1077 925 1105 »
958 1056 1099 1120 Quis
1130 1061 1323 1113 autem
1355 1062 1474 1112 tam
1536 1058 1762 1114 validus
1814 1059 1874 1113 in

223 1141 462 1209 virtute,
495 1159 673 1214 quam
713 1144 877 1199 fortis
935 1144 1044 1199 iste
1100 1146 1161 1201 in
1220 1146 1578 1213 infirmitate,
1631 1147 1731 1219 qui
1787 1147 1873 1201 di-

228 1231 401 1287 cebat
434 1249 447 1286 :
488 1255 510 1280 ι
547 1231 894 1289 Maledictus
925 1234 1087 1289 furor
1114 1252 1338 1306 eorum,
1389 1236 1527 1307 quia
1585 1236 1873 1308 superbus

224 1324 287 1376 et
315 1320 701 1388 temerarius;
735 1326 791 1377 et
818 1322 906 1377 ira
935 1322 1193 1392 illorum,
1242 1324 1379 1395 quia
1428 1325 1704 1379 indurata
1762 1328 1868 1380 est.

225 1408 500 1464 Dividam
531 1426 630 1465 eos
668 1410 727 1465 in
755 1410 957 1478 Jacob,
990 1416 1047 1467 et
1075 1412 1407 1485 dispergam
1454 1412 1586 1469 illos
1618 1413 1677 1468 in
1698 1413 1870 1469 Israel

221 1499 387 1568 (Ibid.
425 1502 503 1565 7).
541 1520 567 1548 ›)

295 1587 385 1641 39.
422 1588 566 1651 Quis
595 1603 729 1643 vero
750 1594 869 1644 tam
898 1604 1146 1645 canorus
1176 1590 1465 1657 cantibus,
1530 1607 1706 1661 quam
1764 1590 1873 1645 iste

224 1676 494 1743 vocibus,
527 1677 628 1747 qui
659 1681 780 1733 toto
813 1678 1051 1734 auditus
1080 1684 1169 1735 est
1198 1680 1439 1747 mundo,
1473 1678 1693 1751 quiper
1749 1695 1872 1735 om-

224 1780 335 1819 nes
391 1765 661 1836 populos,
732 1783 833 1837 per
890 1783 1094 1823 omnes
1152 1767 1389 1823 auditur
1434 1768 1677 1824 aetates?
1733 1768 1873 1832 Quis

224 1857 349 1907 tam
383 1854 582 1910 suavis
630 1870 913 1910 numerus
971 1859 1192 1928 septem
1250 1872 1457 1911 vocum
1514 1856 1870 1911 differentias
1903 1891 1951 1955 Β

222 1939 544 1997 oblocutus
597 1942 733 2013 (62),
793 1959 969 2015 quam
1027 1944 1138 1999 iste
1200 1943 1565 2017 septemplici
1623 1943 1877 2015 Spiritus

219 2028 416 2084 sancti
449 2031 601 2086 413
634 2031 820 2103 gratia
847 2031 1198 2087 resultavit?
1226 2032 1352 2098 gQui
1396 2031 1531 2088 licet
1597 2032 1877 2087 membris

224 2116 548 2185 resolutus,
581 2124 776 2174 tamen
809 2119 1084 2176 attollens
1132 2138 1194 2177 se
1253 2121 1470 2187 animo,
1529 2124 1585 2176 et
1645 2121 1875 2194 erigens

225 2205 468 2278 spiritu,
491 2207 751 2279 corporis
783 2209 874 2264 sui
906 2213 1187 2281 tanquam
1233 2209 1467 2265 cithara:
1505 2209 1875 2265 harmoniam

223 2294 524 2351 dissoluta
546 2298 943 2353 membrorum
1002 2314 1281 2371 compage
1338 2298 1698 2354 destructam
1759 2297 1908 2353 alta'

221 2386 428 2437 mente
459 2384 787 2455 despiciens
818 2402 934 2440 non
965 2385 1318 2457 requirebat,
1354 2386 1453 2442 sed
1512 2386 1756 2441 otiosam
1789 2386 1878 2456 ja-

215 2488 351 2527 cere
382 2471 551 2527 humi
586 2473 935 2544 patiebatur.
970 2476 1097 2546 Ipse
1121 2478 1315 2530 autem
1375 2478 1549 2530 cantu
1611 2491 1672 2529 se
1729 2473 1877 2529 mul-

214 2561 393 2616 cebat
424 2561 673 2629 interno,
709 2567 767 2619 et
812 2562 1149 2635 prophetico
1200 2580 1262 2619 se
1321 2563 1719 2619 modulamine
1777 2564 1874 2618 de-

214 2647 482 2704 lectabat
512 2650 751 2706 dicens:
787 2674 815 2701 «
848 2652 1021 2719 Juda,
1053 2656 1110 2708 te
1139 2652 1467 2708 laudabunt
1498 2653 1704 2707 fratres
1750 2651 1871 2707 tui:

220 2754 444 2792 manus
467 2742 581 2794 tua:
639 2756 816 2810 super
872 2741 1114 2797 dorsum
1167 2740 1543 2797 inimicorum
1597 2745 1870 2797 tuorum:

223 2826 563 2881 adorabunt
588 2831 645 2882 te
675 2828 780 2882 filii
813 2829 996 2900 patris
1020 2828 1123 2884 tui.
1157 2829 1401 2885 Catulus
1431 2829 1620 2885 leonis
1677 2830 1708 2884 J
1718 2829 1869 2883 uda:

226 2931 298 2969 ex
326 2914 592 2985 germine
622 2916 745 2970 nihi
778 2918 1124 2973 ascendisti:
1188 2919 1537 2973 recumbens
1604 2916 1872 2972 dormisti

230 3012 299 3057 ut
325 3001 443 3068 leo,
476 3007 534 3058 et
554 3007 833 3076 tanquam
866 3006 1094 3062 catulus
1124 3006 1328 3062 leonis.
1384 3006 1523 3071 Quis
1566 3005 1877 3062 suscitabit

231 3089 405 3145 illum
439 3094 455 3162 (
489 3092 617 3148 Gen.
644 3109 798 3160 XLIX,
832 3094 933 3163 8)?
966 3116 992 3143 ››
1052 3096 1122 3149 Et
1150 3095 1303 3149 infra
1343 3114 1355 3150 :
1394 3116 1423 3144 ››
1449 3093 1685 3150 Lavabit
1710 3094 1769 3148 in
1798 3092 1878 3147 vi~

229 3196 309 3235 no
343 3179 554 3237 stolam
587 3199 775 3249 suam,
806 3183 856 3237 ei
887 3183 945 3237 in
978 3182 1263 3256 sanguine
1289 3200 1409 3238 uvae
1460 3182 1873 3239 anaboladium

1988 616 2115 671 cius
2159 616 2604 672 benedictione?
2664 617 2811 681 Quid
2865 616 3089 689 gratius
3147 615 3519 672 mternitate?
3566 616 3637 671 Et

1986 704 2115 775 ipsa
2141 706 2316 760 verba
2344 711 2485 761 sunt
2510 709 2741 772 cantus,
2774 710 2829 761 et
2862 706 2921 760 in
2968 705 3161 761 verbis
3202 721 3418 777 magna
3472 709 3634 760 voto-

1987 809 2118 848 rum
2152 796 2291 849 sunt
2319 793 2575 865 praemia,
2609 795 2949 850 meritorum
2973 793 3227 866 fastigia.

2059 881 2144 937 41.
2179 883 2326 946 Quid
2359 884 2597 938 suavius
2626 887 2826 939 sancto
2880 882 3120 953 Joseph,
3176 882 3277 953 qui
3334 898 3441 937 nos
3489 880 3633 937 libe-

1986 971 2134 1026 ravit
2170 972 2245 1026 ab
2261 972 2599 1043 Opprobrio,
2631 972 2824 1027 crucis
2856 971 3174 1027 Dominicse
3215 970 3634 1026 sacramento?

1984 1059 2146 1114 Sicut
2174 1060 2330 1115 enim
2357 1059 2734 1115 maledictum
2793 1061 2983 1114 factus
3041 1063 3129 1115 est
3210 1058 3503 1126 Christus,
3567 1062 3633 1114 ut

1985 1146 2360 1204 maledictum
2394 1148 2640 1204 solveret
2675 1149 2841 1221 chis
2865 1167 2878 1216 ;
2903 1152 2960 1204 et
2980 1152 3283 1220 peccatum
3308 1147 3496 1203 factus
3518 1150 3626 1213 est,

1983 1240 2049 1291 ut
2078 1237 2281 1291 mundi
2306 1241 2607 1308 peccatum
2632 1235 2857 1292 tolleret
2888 1254 2900 1291 :
2926 1236 3007 1291 ita
3026 1235 3403 1308 opprobrium
3440 1236 3630 1292 factus

1982 1329 2091 1391 est,
2124 1330 2187 1379 ut
2216 1324 2561 1398 gentilitatis
2588 1325 2966 1398 opprobrium
2998 1325 3287 1392 auferret;
3331 1324 3433 1379 sed
3482 1323 3627 1381 illud

1982 1413 2362 1484 opprobrium
2413 1412 2625 1469 Christi
2683 1412 2980 1469 thesauris
3028 1412 3256 1485 Egypti
3313 1412 3629 1485 pretiosius

1982 1502 2337 1558 aestimatum
2359 1506 2466 1557 est.
2499 1504 2568 1557 Et
2596 1502 2723 1557 ideo
2757 1502 2984 1575 Moyses
3038 1501 3257 1557 Pharao
3310 1501 3467 1574 regis
3524 1518 3628 1558 au-

1980 1590 2098 1647 lam
2130 1589 2389 1663 reliquit,
2413 1593 2470 1645 et
2527 1590 2660 1646 fidei
2718 1591 2892 1663 elegit
2947 1589 3352 1663 opprobrium,
3413 1590 3506 1646 cui
3567 1607 3630 1646 se

1982 1679 2296 1751 opprobrio
2328 1680 2515 1734 maria
2546 1679 2904 1735 dividebant.
2937 1680 3065 1751 Ipse
3095 1695 3231 1751 ergo
3252 1678 3627 1752 Nephthalim

1982 1767 2117 1822 vitis
2147 1771 2337 1823 totum
2396 1767 2645 1823 remissa
2700 1784 2804 1839 per
2860 1768 3173 1835 mundum,
3233 1772 3297 1823 ut
3353 1768 3629 1825 omnibus

1984 1854 2216 1928 populis
2299 1856 2624 1912 ubertatem
2684 1855 2874 1927 poculi
2934 1855 3214 1926 spiritalis
3270 1856 3625 1913 intunderet.

1986 1945 2115 2016 Ipse
2144 1933 2233 2000 est
2277 1944 2613 2016 ampliatus,
2648 1942 2871 1999 habens
2936 1960 3148 1999 nomen
3226 1960 3403 2016 super
3458 1960 3629 2001 omne

1987 2050 2220 2103 nomen,
2262 2032 2361 2104 qui
2395 2032 2673 2104 quoniam
2705 2048 2766 2086 se
2799 2049 2903 2103 pro
2934 2031 3206 2088 omnibus
3235 2033 3450 2089 obtulit
3480 2050 3631 2099 mor-

1984 2122 2049 2191 ti,
2085 2121 2213 2176 ideo
2246 2120 2470 2176 audivit
2498 2136 2532 2174 a
2560 2121 2729 2176 Patre
2765 2138 2778 2177 :
2812 2144 2841 2171 ‹‹
2872 2121 2957 2176 Ad
2990 2137 3085 2177 me
3113 2126 3417 2178 revertere.
3455 2145 3475 2172 ι
3521 2122 3629 2178 Lo-

1986 2211 2275 2282 quebatur
2301 2210 2502 2277 Jacob,
2536 2213 2593 2264 et
2624 2209 2778 2265 Deus
2827 2209 3191 2265 audiebatur.
3252 2210 3353 2266 Ille
3391 2211 3629 2267 benedi-

1985 2299 2171 2365 cebat,
2203 2303 2259 2354 et
2282 2299 2434 2353 Deus
2466 2298 2819 2369 personabat
2855 2298 3056 2354 dicens
3116 2298 3272 2355 Flio:
3309 2322 3337 2349 ‹‹
3394 2300 3483 2355 Ad
3538 2316 3633 2356 me

1985 2391 2351 2453 revertere,»
2412 2386 2521 2441 hoc
2588 2391 2695 2453 est,
2749 2390 2880 2458 post
2930 2386 3266 2458 passionem
3324 2392 3629 2444 revertere.

1988 2476 2292 2531 Revertere
2324 2476 2395 2531 ad
2430 2476 2627 2531 sedem
2658 2479 2843 2543 tuam,
2886 2479 3166 2531 revertere
3223 2493 3357 2531 cum
3388 2480 3628 2549 tropaeo,

1988 2568 2273 2619 revertere
2333 2565 2404 2619 ad
2460 2579 2592 2630 me;
2652 2568 2719 2619 ut
2776 2568 2831 2619 te
2879 2567 3283 2636 resurgentem
3367 2564 3630 2621 defuncti

1987 2656 2332 2723 sequantur,
2364 2656 2420 2707 et
2448 2657 2551 2707 tua
2580 2656 2865 2724 potestate
2886 2652 3127 2725 pariter,
3158 2656 3335 2723 atque
3365 2652 3630 2724 exemplo
3696 2658 3701 2663 ’

1985 2746 2324 2813 resurgant,
2357 2745 2421 2795 ut
2452 2741 2559 2795 fias
2593 2740 3018 2813 primogenitus
3047 2757 3115 2796 ex
3144 2740 3414 2807 mortuis,
3446 2743 3513 2794 ut
3555 2741 3626 2796 ad

1985 2829 2279 2883 dexteram
2346 2829 2549 2884 sedeas
2606 2828 2811 2883 Patris.
2872 2828 3036 2884 Unde
3091 2832 3149 2884 et
3205 2826 3386 2883 Filius
3443 2827 3624 2883 dixit:

1988 2939 2010 2966 σι
2046 2917 2273 2973 Amodo
2305 2916 2576 2973 videbitis
2630 2917 2840 2972 Filium
2888 2916 3146 2972 hominis
3204 2917 3504 2973 sedentem
3552 2918 3625 2974 ad

1986 3004 2281 3061 dexteram
2312 3005 2545 3061 virtutis
2577 3005 2678 3061 Dei
2706 3005 2908 3076 (Matth.
2941 3022 3092 3072 xxvx,
3120 3005 3231 3076 64).
3264 3027 3293 3056 »

2057 3095 2146 3147 42.
2181 3094 2359 3165 Neget
2391 3093 2523 3165 quis
2591 3094 2829 3149 beatum
2888 3094 3066 3150 Jacob
3124 3093 3184 3149 in
3242 3093 3371 3166 ipso
3425 3094 3631 3150 mortis

1989 3198 2289 3254 supremo,
2314 3182 2414 3253 qui
2440 3181 2637 3236 divina
2665 3182 2946 3238 fundebat
2974 3181 3210 3237 oracula
3228 3181 3256 3236 ‘2
3276 3182 3458 3255 Neget
3477 3185 3633 3239 474

229 3284 433 3325 suum.
469 3268 691 3325 Hilares
722 3269 875 3325 oculi
907 3272 1035 3341 ejus
1062 3253 1278 3338 a‘vino,
1307 3276 1364 3327 et
1418 3273 1621 3327 dentes
1678 3269 1875 3325 candi-
1908 3253 1951 3320 C
1992 3253 2230 3325 beatum
2260 3268 2478 3341 Joseph
2510 3269 2569 3324 in
2601 3286 2849 3339 carcere,
2906 3269 3007 3325 ubi
3064 3253 3386 3342 sapientiae-
3421 3269 3631 3341 spiritu

230 3355 431 3411 diores
474 3356 619 3413 lacte
667 3359 826 3428 (Ibid.
861 3360 921 3413 11
983 3360 1173 3431 et12).
1212 3382 1239 3407 ››
1299 3360 1439 3422 Quis
1488 3363 1696 3414 cautus
1754 3358 1880 3413 dul-

229 3444 379 3509 cior,
408 3445 542 3517 quis
572 3463 754 3502 sonus
784 3446 1037 3514 suavior,
1073 3463 1255 3518 quam
1288 3447 1554 3503 remissio
1612 3451 1881 3517 peccato.

230 3549 390 3600 rum,
434 3538 493 3589 et
540 3536 885 3591 resurrectio
943 3540 1308 3591 mortuorum
1338 3535 1366 3589 ?
1422 3535 1587 3590 Hunc
1646 3538 1880 3589 cantum

226 3626 475 3679 sanctus
505 3623 709 3688 David,
743 3623 839 3679 ille
869 3624 1075 3679 divinae
1103 3640 1392 3696 organum
1440 3624 1625 3687 vocis,
1658 3627 1717 3678 et
1774 3623 1880 3678 do-

228 3710 441 3766 minici
469 3711 757 3767 sermonis
783 3712 1067 3783 interpres
1099 3711 1322 3767 cithara
1350 3711 1560 3767 cecinit
1607 3709 1876 3781 spiritali.

229 3800 342 3855 His
365 3798 620 3855 modulis
649 3800 847 3872 gratiae
877 3800 1191 3857 sublimem
1218 3800 1385 3855 illum
1418 3800 1680 3855 animum
1714 3815 1879 3854 men-

230 3893 477 3959 temque
506 3888 820 3945 mulcebat.
856 3889 974 3944 Hoc
1005 3894 1180 3944 cantu
1214 3888 1419 3943 mundi
1450 3888 1624 3943 istius
1676 3904 1884 3959 aspera

231 3976 552 4049 mitigavit,
586 3976 693 4032 hoc
741 3978 936 4049 sonitu
996 3976 1193 4032 saeculi
1239 3978 1388 4032 dura
1448 3975 1714 4042 mollivit,
1776 3976 1883 4032 hoc

234 4063 515 4137 psalterio
545 4067 825 4121 terrorem
858 4065 1067 4121 mortis
1116 4064 1369 4136 infregit,
1430 4065 1538 4120 hac
1602 4064 1885 4119 suavitate

234 4154 594 4210 chordarum
624 4153 851 4208 inferna
879 4153 1143 4210 calcavit.

309 4243 402 4296 40.
432 4241 540 4296 Sed
573 4241 883 4297 audiamus
914 4242 1089 4297 etiam
1128 4240 1243 4297 alia
1273 4257 1400 4311 quae
1432 4245 1676 4297 sanctus
1705 4240 1885 4296 Jacoh

235 4329 572 4403 patriarcha
590 4330 921 4386 admirabili
955 4329 1055 4385 illo
1085 4346 1205 4386 suae
1256 4345 1473 4401 organo
1526 4329 1739 4385 mentis
1794 4330 1886 4383 in-

236 4418 498 4490 crepuit:
548 4440 575 4468 »
636 4418 1016 4490 Nephthalim
1074 4418 1208 4473 vitis
1263 4417 1530 4484 remissa,
1584 4419 1886 4490 porrigens

234 4508 299 4563 in
333 4506 596 4579 germine
629 4522 734 4561 suo
766 4506 1056 4562 decorem.
1118 4506 1298 4561 Filius
1349 4522 1516 4561 meus
1571 4506 1888 4577 ampliatus

1991 3356 2491 3429 interpretabatur
2520 3358 2886 3413 somniorum
2918 3373 3047 3430 quae
3087 3357 3370 3419 audierat.
3429 3358 3635 3413 verita-

1988 3449 2131 3510 tem,
2164 3450 2220 3500 et
2250 3445 2578 3500 futurorum
2611 3446 2819 3501 seriem
2839 3445 3132 3503 revolabat
3160 3446 3379 3520 ‘INeget
3398 3445 3634 3503 beatum

1993 3533 2230 3602 Isaiam,
2264 3548 2397 3587 cum
2430 3533 2664 3588 medius
2709 3538 3035 3602 secaretur;
3102 3535 3440 3603 Jeremiam,
3500 3552 3635 3592 cum

1992 3625 2391 3693 mergeretur,
2447 3620 2647 3675 Daniel
2707 3626 2996 3688 sanetum,
3053 3639 3186 3678 cum
3234 3622 3387 3679 inter
3440 3621 3637 3680 leones

1992 3712 2176 3764 staret
2202 3708 2553 3780 intrepidus,
2585 3712 2643 3764 et
2668 3709 2981 3780 prandium
3013 3710 3063 3765 ei
3095 3714 3299 3782 raptus
3328 3711 3402 3766 ab
3432 3694 3638 3783 angelo

1993 3797 2277 3869 propheta
2306 3796 2593 3852 deferret?
2622 3795 2748 3852 Non
2781 3797 2985 3868 utique
3030 3796 3161 3852 ideo
3221 3797 3448 3866 beatus,
3499 3799 3640 3869 quia

1993 3884 2247 3941 alienum
2286 3885 2609 3958 prandebat
2655 3884 3005 3958 prandium:
3064 3885 3164 3940 sed
3223 3885 3362 3956 quia
3414 3885 3639 3940 meritis

1993 3973 2117 4029 suis
2148 3973 2406 4045 impasta
2432 3972 2667 4029 leonum
2701 3991 2803 4029 ora
2858 3972 3181 4029 claudebat.
3244 3972 3386 4038 Quis
3442 3976 3638 4028 autem

1995 4080 2110 4118 non
2142 4062 2374 4117 beatam
2406 4062 2612 4117 dixerit
2656 4067 2904 4118 matrem
2963 4060 3450 4128 Machabaeorum,
3510 4076 3639 4133 quae

1996 4158 2215 4223 septem
2250 4150 2506 4205 filiorum
2540 4151 2847 4208 funeribus
2876 4154 3141 4207 octavam
3172 4167 3236 4207 se
3277 4149 3502 4206 addidit
3565 4149 3638 4205 ad

1998 4239 2230 4294 laudem
2257 4237 2506 4294 cmlestis
2530 4239 2859 4312 triumphi?

2649 4346 2876 4401 CAPUT
2915 4345 2981 4400 X.

1998 4436 2230 4502 Quantae
2264 4433 2418 4488 laudi
2463 4436 2676 4503 fuerint
2724 4432 2988 4489 sacerdoti
3052 4433 3316 4489 Eleazaro
3370 4434 3646 4505 supplicia

2067 4513 2380 4577 constanter
2421 4505 2674 4569 tolerata,
2726 4512 2948 4575 propter
3002 4520 3121 4577 qua
3176 4520 3299 4560 vere
3355 4505 3542 4560 beatus
3570 4507 3645 4561 sit

232 4575 484 4666 Joseph,
519 4593 677 4649 filius
709 4611 879 4651 meus
939 4593 1355 4665 adampliatus,
1415 4593 1535 4648 zelo
1595 4575 1879 4665 appetitus

2060 4575 2412 4647 judicandus.

235 4682 404 4738 ﬁlius
436 4698 625 4748 meus,
655 4680 813 4737 ﬁlius
844 4698 1012 4738 meus
1044 4680 1485 4747 adolescentior,
1517 4682 1590 4736 ad
1642 4698 1735 4737 me
1792 4699 1886 4738 re-

232 4774 467 4827 vertere
548 4770 707 4840 (Ibid.
769 4773 858 4838 21,
920 4770 1031 4841 22).
1061 4792 1088 4819 ››
1146 4770 1216 4824 Et
1271 4769 1458 4824 infra:
1496 4793 1521 4819 ››
1583 4769 1891 4826 Prtevuluit

234 4874 424 4931 super
443 4858 879 4915 henedictiones
908 4858 1199 4914 montium
1242 4858 1630 4927 manentium,
1677 4864 1734 4915 et
1788 4861 1887 4915 de-

313 5053 692 5125 (60)_Scilicet
723 5054 929 5110 scribae
973 5069 1039 5108 ac
1097 5053 1445 5125 sacerdotes,
1502 5057 1566 5107 ut
1611 5054 1736 5125 ipse
1792 5070 1887 5110 ex-

235 5123 544 5199 ponitlib.
578 5126 652 5180 De
682 5125 866 5199 bened.
897 5124 1199 5199 patriarch.
1234 5140 1357 5194 cap.
1389 5125 1447 5199 ᾇ.

313 5195 430 5265 (6|)
466 5195 629 5251 Rom.
663 5196 802 5251 edit.
838 5195 982 5260 sola,
1033 5200 1083 5250 et
1138 5197 1199 5249 in
1255 5196 1481 5250 consilio
1538 5211 1722 5249 eorum
1780 5213 1889 5249 non

192 5260 211 5277 ⁹
232 5260 639 5323 emittendum...
670 5270 831 5338 furor
858 5283 1069 5333 eorum,
1102 5267 1231 5338 quia
1255 5268 1530 5338 pertinax.

312 5337 431 5406 (62)
513 5338 599 5393 Ita
671 5335 816 5393 mss.
847 5335 1421 5399 Theod.,rVal’Vict.
1480 5341 1537 5391 et
1566 5336 1727 5391 Colb.
1778 5336 1889 5390 Alii

232 5425 379 5465 vero
420 5409 553 5476 Quis
604 5416 720 5463 tam
772 5410 957 5464 suavis
1015 5408 1287 5479 (Tbuan.,
1320 5407 1504 5479 suave)
1554 5424 1747 5462 nomen
1779 5409 1893 5474 ejus

233 5483 446 5551 septem
468 5495 659 5534 vocum
687 5480 1000 5551 (ti/ferentia
1021 5478 1315 5551 eblocutus.
1350 5478 1499 5551 Edit.
1562 5483 1698 5539 νει..
1762 5480 1895 5546 Quis

237 5549 361 5607 ta’m
418 5553 658 5623 suaviter
710 5549 909 5623 septem
954 5566 1144 5607 vocum
1198 5549 1540 5623 differentias
1597 5550 1890 5623 oblocutus.

240 5622 416 5678 Rom.
452 5620 730 5693 denique,
760 5619 895 5691 Quis
922 5625 1037 5677 tam
1084 5619 1345 5675 suavibus
1400 5621 1653 5693 numeris
1680 5629 1895 5693 septem

239 5708 442 5749 vocum
472 5690 748 5749 obloéutus
786 5690 1146 5749 discrimina.
1182 5694 1347 5746 Forte
1394 5690 1548 5761 quod
1603 5690 1895 5749 videretur

2069 4683 2157 4736 43.
2192 4685 2305 4735 Nec
2334 4684 2410 4746 te,
2443 4678 2730 4747 Eleazaro,
2790 4680 3262 4752 praetermittam,
3295 4683 3495 4754 utpote
3549 4697 3640 4735 sa-

2000 4770 2289 4825 cerdotem
2318 4768 2610 4834 sacerdos,
2644 4769 2744 4824 sed
2776 4770 2895 4825 tuis
2919 4770 3222 4841 juvandus
3255 4769 3366 4841 (63)
3423 4767 3638 4822 oratis:

2002 4858 2101 4931 qui
2162 4874 2336 4929 genre
2401 4857 2695 4928 sacerdos,
2751 4858 2976 4930 peritus
3036 4859 3094 4912 in
3158 4857 3310 4929 lege,
3372 4857 3641 4910 maturus

1999 5051 2348 5110 Ambrosius
2380 5051 2651 5109 allusisse
2706 5054 2779 5108 ad
2830 5052 2975 5108 illud
3030 5049 3214 5122 Virgil
3272 5065 3328 5104 VI
3384 5047 3639 5104 rEneid.:

2125 5157 2463 5221 Oblioquitur
2484 5159 2722 5208 numeris
2748 5161 2951 5221 septem
2972 5155 3279 5206 discrimina
3305 5165 3517 5203 vocum.

2069 5266 2161 5342 63)
2195 5265 2412 5342 Omnes
2452 5265 2611 5342 edit._
2652 5282 2727 5342 ac
2771 5263 3185 5342 pluresﬂmss‘”
3228 5264 3647 5342 utpotemsacer-

2000 5332 2183 5392 (totum
2216 5336 2487 5401 sacerdos,
2519 5336 2611 5390 sed
2642 5338 2752 5390 tuis
2767 5332 3062 5405 ⁸ἷαυιιηιίτὶδ.
3115 5332 3301 5405 Βοωξ
3322 5332 3529 5405 _.edit.,_
3564 5333 3647 5405 ju-

2004 5407 2243 5461 vandum
2272 5408 2466 5473 gratis.
2502 5405 2730 5476 Optime
2760 5402 2886 5460 cod.
2918 5407 3120 5476 Torn..
3144 5403 3364 5459 Theod.
3398 5407 3456 5459 et
3484 5402 3644 5476 Vale,

2002 5488 2062 5533 ul
2088 5483 2212 5549 pote
2240 5474 2570 5531 sacerdotem
2596 5476 2865 5549 sacerdos,
2917 5482 3028 5532 etc.
3092 5475 3319 5549 Rursus
3350 5491 3497 5549 mss.
3541 5474 3645 5531 ali-

2002 5545 2165 5621 quot,
2201 5552 2256 5603 et
2288 5552 2510 5602 cunctae
2543 5547 2704 5610 cdit.,
2737 5549 2835 5618 qui
2862 5564 3059 5617 genere
3102 5547 3370 5617 sacerdos,
3425 5545 3648 5620 aliquot

2002 5620 2121 5677 alii.
2175 5620 2272 5677 aui
2326 5633 2495 5677 genus
2522 5617 2873 5674 sacerdotale.
2895 5620 3121 5677 Tbuan.
3149 5635 3216 5676 ac
3275 5618 3501 5677 Remig.
3560 5617 3647 5674 le-

2002 5634 2121 5686 am,
2175 5636 2270 5690 qut
2325 5634 2495 5688 genus
2522 5634 2873 5674 sacci-aetate.
2896 5634 3121 5677 '1'nuan.
3149 5635 3216 5676 ac
3276 5634 3501 5693 nemig.

2005 5694 2174 5764 gunt,
2202 5691 2299 5761 qui
2326 5690 2501 5760 gentis
2526 5689 2792 5747 sacerdos.
