4012 6192
414 342 534 410 663

1869 342 1934 405 S.
1979 339 2351 406 AMBROSII

3657 344 3753 407 θαι

419 479 542 547 aevi,
574 493 710 534 cum
736 475 966 535 oblatus
994 493 1154 534 esses
1178 474 1458 533 Antiocho
1517 476 1894 550 persecutori,
1951 490 2053 529 nec
2083 474 2139 540 Α
2168 474 2346 532 animi
2376 473 2556 530 victor
2594 489 2722 531 esse
2765 489 3095 546 pinnarum,
3152 470 3494 544 pietatisque
3552 475 3752 548 ιηθωὶρο

416 567 658 626 tentatis
689 568 928 640 potuisti
977 567 1126 639 capi,
1189 583 1292 622 nec
1350 565 1601 638 przemiis
1661 564 1898 630 inﬂecti,
1954 579 2058 618 nec

417 649 840 729 suppliciorum
872 656 1289 712 acerbitatibus
1335 655 1519 728 frangi
1544 656 1615 727 (II
1647 655 1824 711 Much.
1854 671 1928 722 vn,
1963 652 2058 706 18-

421 748 535 817 30).
569 747 827 816 Denique
861 763 894 802 a
928 745 1348 800 blandimentis
1407 745 1599 817 cmpit,
1653 744 1792 816 quia
1830 742 2059 814 judica-

420 835 523 891 bat
553 839 842 891 tormenta
884 850 992 888 sua
1042 850 1212 905 posse
1269 833 1553 905 superari.
1615 833 1922 895 Erubesce,
1974 831 2061 883 in-

425 925 573 996 quit,
604 923 872 979 canitiem
910 927 1092 988 tuam,
1129 938 1390 977 revereor
1446 925 1825 986 senectutem,
1884 919 2065 973 miror

423 1012 834 1084 prudentiam:
869 1027 973 1065 cur
1011 1011 1424 1066 abstinendum
1459 1009 1625 1065 bonis
1656 1008 1846 1080 epulis
1896 1010 2064 1079 putes

422 1117 570 1172 quas
602 1103 810 1155 natura
839 1099 1126 1171 largitur?
1173 1098 1387 1154 Relaxa
1445 1098 1777 1153 istiusmodi
1811 1095 2064 1168 pervica-

424 1189 596 1257 ciam,
629 1188 1024 1260 expergiscere
1073 1187 1408 1258 aliquando,
1466 1187 1608 1241 dum
1665 1186 1855 1240 adhuc
1915 1182 2066 1238 malo

422 1277 528 1334 tibi
560 1279 930 1350 persuadere,
963 1294 1139 1348 quam
1183 1281 1520 1348 extorquere
1547 1294 1558 1343 ;
1593 1292 1664 1330 ne
1708 1275 1896 1329 victus
1928 1289 2067 1344 sup-

424 1365 618 1439 pliciis
651 1366 850 1433 facias,
899 1367 1049 1437 quod
1095 1365 1312 1420 refutas
1345 1364 1567 1419 ratione
1629 1363 1929 1418 invitatus.
1983 1360 2068 1415 Ad

425 1453 546 1508 hzec
579 1453 880 1525 respondit
909 1470 1121 1509 senex:
1156 1453 1291 1519 Nos,
1342 1452 1646 1520 Antioche,
1705 1468 1819 1506 non
1880 1450 2068 1504 inten-

429 1542 584 1597 tione
606 1543 716 1613 (64)
749 1542 1038 1608 ducimur,
1072 1543 1172 1597 sed
1205 1541 1528 1598 reverentia
1573 1541 1721 1613 legis
1779 1543 2067 1602 tenemur,

427 1647 555 1702 quae
588 1648 622 1686 a
651 1630 825 1686 suilla
855 1647 1028 1686 carne
1058 1629 1470 1685 abstinendum
1498 1628 1777 1700 praecipit.
1808 1625 2073 1681 Pulcher-

428 1717 638 1774 rimam
663 1719 898 1790 judicas
919 1723 1278 1783 creaturam;
1313 1733 1524 1788 negare
1555 1722 1748 1771 tamen
1765 1732 1878 1770 non
1909 1719 2072 1786 potes

429 1807 582 1877 quod
612 1807 798 1878 potior
824 1806 900 1861 sit
924 1806 1327 1876 temperantia,
1359 1821 1537 1876 quam
1567 1803 1855 1875 voluptas,
1888 1801 2076 1874 potior

427 1893 576 1966 legis
599 1893 947 1960 obedientia,
985 1911 1161 1965 quam
1194 1893 1606 1964 pravaricatio.
1659 1892 1822 1956 Quod
1875 1891 1924 1946 si
1964 1890 2074 1944 hoc

429 1982 552 2038 leve
582 1987 774 2054 putas,
809 1985 873 2036 ut
902 1998 1076 2036 carne
1103 1997 1410 2036 vescamur
1450 1979 1659 2036 suilla:
1695 1979 1794 2051 qui
1845 1979 1904 2033 in
1965 1978 2074 2033 mi-

431 2071 610 2126 nimis
657 2070 842 2142 legem
888 2069 1322 2140 contempserit,
1380 2070 1670 2141 quomodo
1729 2069 1787 2122 in
1847 2066 2075 2140 magnis

429 2157 700 2215 tenebit?
729 2161 845 2214 Aut
875 2158 923 2212 si
955 2157 1214 2229 pretiosa
1242 2161 1330 2212 est
1369 2161 1636 2212 creatura
1693 2156 2032 2228 bujusmodi
2059 2173 2072 2221 ;

430 2245 774 2314 vindicaris,
807 2263 941 2302 cum
972 2263 1038 2300 eo
1070 2246 1223 2317 quod
1248 2245 1323 2299 sit
1345 2245 1825 2316 pulcherrimum,
1851 2244 2076 2299 defrau-

433 2335 663 2391 damur.
697 2334 1072 2388 Abstinentia
1121 2337 1313 2388 autem
1372 2337 1572 2388 nostra
1628 2331 1941 2403 disciplina
1988 2336 2076 2386 est

433 2421 814 2478 castimoniae.
872 2422 1166 2477 Discimus
1227 2421 1382 2476 enim
1442 2437 1700 2476 resecare
1756 2420 2071 2486 luxuriam,

433 2509 787 2582 cupiditates
852 2509 1102 2574 vincere,
1175 2509 1479 2566 excludere
1550 2508 2072 2581 concupiscentias,

433 2597 918 2655 delectationibus
949 2597 1205 2670 corporis
1227 2598 1480 2654 obviare.
1521 2597 1900 2654 Fortitudinis
1931 2614 2073 2668 quo-

434 2703 548 2759 que
586 2687 922 2743 exercitium
954 2692 1060 2754 est,
1086 2687 1273 2759 poenis
1334 2704 1436 2758 pro
1497 2685 1621 2759 lege
1673 2703 1786 2741 non
1848 2685 2070 2740 cedere.

433 2775 683 2832 Justitiae
735 2793 968 2848 quoque
998 2776 1228 2847 insigne
1260 2779 1434 2846 atque
1467 2775 1807 2847 prudentia),
1835 2779 1898 2828 ut
1919 2773 2074 2845 quod

436 2865 800 2936 sequendum
818 2864 1104 2936 elegimus
1137 2865 1343 2921 timore
1373 2863 1494 2930 Dei,
1539 2868 1722 2918 morte
1779 2862 2078 2934 proposita

436 2967 817 3008 reservemus.
850 2953 989 3016 Quis
1020 2969 1214 3008 escam
1248 2950 1714 3023 imperetliberis
1738 2951 1764 3005 ?
1811 2951 1916 3014 Qui
1973 2967 2076 3004 au-

436 3043 555 3096 tem
589 3057 650 3096 se
681 3041 990 3095 ridendum
1025 3040 1276 3112 praebeat
1308 3045 1370 3095 ut
1400 3039 1460 3094 in
1491 3039 1599 3094 hoc
1629 3039 1861 3103 serviat,
1887 3043 1944 3094 et
1960 3056 2074 3094 non

436 3128 723 3185 ridebitur
752 3129 1060 3200 (65)?Non
1102 3145 1236 3183 sum
1267 3127 1349 3182 ita
1405 3143 1598 3195 senex,
1660 3132 1724 3182 ut
1771 3127 1913 3182 mihi
1961 3144 2076 3183 non

429 3218 772 3288 juvenescat
795 3217 975 3272 animi
1001 3218 1296 3272 fortitudo.

512 3307 596 3361 44.
626 3307 960 3378 Suspensus
994 3307 1188 3377 itaque
1221 3321 1354 3360 cum
1388 3305 1522 3360 hinc
1554 3309 1727 3377 atque
1766 3306 1899 3360 inde
1946 3323 2082 3378 gra-

2173 578 2399 618 servare
2431 563 2718 636 integram
2753 564 2808 618 in
2865 561 3043 622 tantis
3102 561 3379 620 ﬂuctibus
3430 561 3757 634 passionem?

2810 677 3044 733 CAPUT
3081 677 3175 730 XI.

2172 771 2264 839 De
2277 769 2598 839 admirabili
2623 769 2890 839 patientia
2919 781 2983 821 ac
3001 765 3326 836 fortitudine
3343 770 3544 839 septem»
3563 767 3760 835 fratrum

2241 837 2690 903 Mue/labrorum,
2751 838 2945 909 quibus
2999 841 3175 909 mater
3220 841 3406 892 octava
3447 837 3620 892 addita
3658 841 3760 906 fuit,

2245 918 2341 978 qui
2369 913 2482 965 suis
2523 908 2805 982 suppliciis
2835 908 3097 964 meritum
3141 908 3316 975 beatae
3372 910 3497 973 vitae
3544 911 3764 979 acquisie-

2253 990 2404 1041 runt.

2247 1103 2334 1155 45.
2361 1103 2497 1154 Post
2524 1097 2719 1168 ipsum
2752 1093 2952 1152 statuti
2982 1097 3123 1148 sunt
3179 1091 3344 1164 pueri
3399 1096 3609 1163 septem
3658 1109 3767 1149 cum

2177 1195 2362 1248 matre
2392 1189 2465 1260 (ll
2492 1187 2658 1242 Much.
2694 1200 2794 1251 vn,
2831 1183 2994 1254 1-41).
3032 1181 3322 1245 Insultare
3367 1179 3499 1238 licet
3542 1186 3768 1253 tyranno,

2179 1279 2277 1351 qui
2309 1279 2449 1332 dum
2480 1275 2686 1331 callide
2717 1291 2748 1328 a
2779 1289 2916 1328 sene
2937 1271 3340 1343 incipiendum
3395 1275 3571 1342 putat,
3624 1271 3774 1342 magi-

2179 1371 2367 1422 strum
2397 1363 2559 1436 eligit
2588 1379 2702 1434 quo
2731 1359 3050 1432 discipulos
3081 1360 3296 1422 faceret
3328 1359 3602 1425 fortiores,
3656 1376 3774 1430 quo.

2179 1471 2310 1510 rum
2339 1453 2499 1508 velut
2529 1449 2810 1523 puerilem
2837 1454 3063 1504 aetatem
3096 1447 3353 1520 praemiis
3383 1449 3776 1519 provocabatad

2179 1543 2434 1616 culpam,
2469 1539 2712 1611 urgebat
2739 1538 3061 1594 terroribus
3093 1537 3164 1598 ad
3188 1536 3578 1597 formidinem.
3607 1540 3670 1598 At
3712 1535 3778 1590 illi

2182 1650 2296 1688 non
2315 1633 2628 1702 degeneres
2677 1631 2836 1683 tanto
2885 1625 3032 1682 duce
3084 1624 3475 1696 respondent:
3516 1625 3652 1688 Quid
3693 1641 3791 1679 nos

2182 1717 2506 1778 contemnis
2536 1715 2624 1772 vel
2654 1713 3110 1780 circumscribis,
3145 1717 3209 1767 ut
3239 1729 3453 1783 pueros
3491 1712 3640 1784 (66)?
3690 1712 3779 1769 Sed

2187 1811 2329 1866 fides
2389 1824 2534 1863 cana
2597 1809 2706 1870 est,
2760 1803 2862 1864 sed
2915 1801 3107 1858 valida
3163 1800 3496 1872 disciplina.
3555 1801 3782 1873 Experire

2184 1903 2355 1963 certe,
2386 1895 2608 1966 subjice
2637 1893 2851 1964 quibus
2882 1889 3069 1962 placet
3099 1889 3288 1961 poenis
3317 1889 3562 1961 puerilia
3577 1889 3780 1952 viscera,

2185 2004 2300 2044 non
2332 1983 2590 2042 invenies
2621 1981 2794 2038 corda
2826 1977 3109 2052 puerilia:
3137 1994 3242 2036 nec
3273 1978 3628 2050 potentiores.
3644 1987 3783 2034 erunt

2185 2077 2610 2134 tormentorum
2643 2069 2948 2135 machinae,
2982 2065 3449 2139 quamlegitimte
3478 2066 3784 2126 observatio-

2184 2164 2276 2219 nis
2307 2161 2581 2218 excubizn.
2615 2160 2796 2224 Quem
2814 2155 2954 2214 vicit
2982 2159 3276 2222 senectus,
3299 2153 3595 2225 superabit
3613 2153 3787 2212 aemula

2183 2250 2502 2315 senectutis
2524 2246 2790 2320 pueritia.
2814 2244 3129 2314 Sequimur
3153 2246 3382 2315 patrem
3406 2242 3530 2309 ﬁlii,
3553 2241 3788 2313 discipuli

2183 2342 2498 2398 doctorem.
2523 2335 2739 2408 Collige
2764 2332 3187 2406 suppliciorum
3211 2331 3604 2390 instrumenta
3619 2347 3790 2402 propo-

2185 2430 2334 2485 sita:
2368 2424 2804 2483 meditationem
2830 2421 3145 2493 patientiae,
3178 2437 3295 2478 non
3327 2425 3602 2478 terrorem
3633 2419 3788 2475 infan-

2152 2545 2160 2552 -
2185 2519 2274 2572 tiae
2306 2518 2555 2572 afferunt
2584 2513 2716 2585 (67),
2751 2512 2894 2566 dum
2918 2511 3206 2568 videntur.

2254 2608 2342 2662 46.
2375 2603 2565 2660 Jussit
2596 2601 2920 2658 maximum
2951 2602 3092 2654 natu
3122 2597 3277 2671 eligi.
3334 2602 3407 2660 At
3453 2597 3548 2655 ille
3592 2596 3788 2652 ridens:

2186 2697 2378 2760 Recte,
2409 2691 2621 2764 inquit,
2650 2695 2870 2745 naturae
2901 2688 3168 2746 ordinem
3199 2703 3422 2749 servas.
3456 2686 3563 2742 Sed
3593 2702 3686 2742 cur
3707 2681 3788 2739 Dei

2185 2781 2372 2854 legem
2403 2777 2804 2836 temerandam
2835 2774 3050 2846 putas?
3081 2776 3148 2832 Et
3178 2791 3282 2845 pro
3313 2774 3540 2846 pietate
3584 2772 3788 2845 quidem

2186 2886 2389 2926 omnes
2421 2867 2659 2923 maximi
2690 2881 2934 2926 sumus:
2961 2864 3070 2920 sed
3093 2868 3291 2919 tamen
3326 2881 3476 2920 ame
3496 2863 3791 2920 inchoatum

2186 2959 2430 3031 gaudeo.
2448 2956 2595 3022 Quid
2611 2955 2846 3027 quaeris,
2875 2957 3120 3026 tyranne
3131 2954 3158 3007 ?
3172 2953 3468 3010 Conﬁteor
3480 2968 3582 3009 nos
3595 2964 3793 3008 summo

2189 3053 2300 3104 Deo
2332 3046 2563 3113 servire,
2587 3048 2644 3100 et
2673 3045 2844 3110 doces
2873 3043 3015 3114 quid
3054 3057 3222 3113 agere
3270 3042 3608 3104 debeamus.
3655 3038 3708 3094 Si
3742 3041 3794 3092 tu

2191 3140 2353 3192 tanta
2382 3133 2702 3208 pertinacia
2727 3132 2815 3189 vis
2844 3135 3189 3203 extorquere
3211 3130 3538 3196 veritatem,
3573 3146 3669 3186 cur
3700 3143 3792 3182 non

2111 3202 2154 3270 (ἶ
2193 3225 2352 3282 omni
2382 3202 2595 3279 virtute
2623 3238 2730 3277 nos
2751 3237 2880 3276 eam
2930 3202 3243 3276 tenendam
3307 3220 3625 3291 putemus?
3673 3213 3794 3280 Quid

2191 3314 2362 3386 plura
2380 3313 2407 3366 ‘?
2438 3309 2804 3366 Adhibentur
2821 3307 3117 3368 variarum
3140 3323 3360 3380 genera
3381 3322 3690 3379 pinnarum.
3705 3302 3792 3359 Sed

436 3395 582 3449 viter
609 3395 965 3461 verberatur,
999 3411 1103 3449 nec
1133 3395 1259 3465 jam
1292 3394 1508 3450 ferrent
1557 3394 1763 3452 senilia
1820 3395 2084 3450 membra
2188 3402 2324 3458 vicit
2341 3397 2923 3472 pietasimmanitatis
2946 3391 3794 3458 furoremzexelusaestanima,

436 3481 742 3538 verberum
775 3499 997 3554 pmnas,
1034 3482 1268 3540 lassatis
1318 3481 1688 3538 carnificibus
1756 3489 1929 3554 atque
1984 3501 2078 3538 cx-

433 3569 788 3640 tensoribus,
821 3569 881 3625 in
913 3575 1124 3626 terram
1149 3571 1405 3628 deﬂexus
1427 3570 1801 3626 inflexibilem
1826 3577 2079 3628 mentem

431 3657 688 3731 gerebat.
727 3659 793 3713 Et
822 3659 1061 3729 quidam
1095 3676 1197 3715 seu
1228 3659 1545 3732 longaevam
1596 3661 1907 3716 miseratus
1945 3666 2077 3716 mta-

429 3749 570 3814 tem,
614 3763 717 3802 seu
773 3748 1150 3803 tentamentis
1210 3748 1630 3804 circumvenire
1690 3749 2073 3805 desiderans:

425 3833 750 3908 Responde,
783 3833 995 3908 inquit,
1027 3837 1432 3891 tantummodo
1465 3837 1615 3892 475
1654 3841 1708 3891 te
1751 3838 2074 3892 manducae

424 3926 658 3978 turum:
693 3939 801 3979 nos
831 3928 885 3980 te
916 3941 1064 3980 esca:
1104 3926 1231 3994 ejus
1263 3925 1588 3980 immunem
1640 3925 2069 3995 praestabimus.

423 4010 622 4067 Atille
663 4011 967 4068 clamans:
1033 4013 1440 4084 Nequaquam,
1507 4013 1720 4084 inquit,
1779 4014 2075 4086 contingat

424 4099 590 4166 mihi,
624 4103 689 4154 ut
721 4101 854 4156 {iam
887 4115 1066 4155 senex
1123 4099 1480 4155 incentivum
1503 4101 1781 4169 juvenilis
1834 4103 2069 4169 erroris,

423 4187 524 4258 qui
547 4188 661 4242 huc
692 4204 876 4258 usque
907 4203 1066 4243 eram
1102 4191 1287 4243 torma
1335 4188 1609 4244 salutaris
1655 4188 1928 4246 instituti.
1968 4192 2070 4247 His

422 4291 528 4347 ego
559 4274 851 4341 ludibriis,
888 4280 952 4330 ut
982 4276 1292 4347 paululum
1325 4278 1512 4332 vivam
1549 4277 1836 4343 lucrabor,
1871 4284 1927 4333 et
1979 4285 2066 4334 to-

422 4361 541 4417 tius
569 4363 696 4416 vitae
729 4363 957 4420 labores
979 4364 1242 4421 abdicam
1269 4365 1461 4421 brevis
1478 4366 1684 4421 viatico
1711 4368 2067 4422 senectutis?

421 4453 698 4506 Senectus
729 4456 930 4522 portus
963 4452 1134 4508 debet
1180 4469 1328 4518 esse,
1389 4473 1502 4510 non
1559 4454 1685 4509 vitae
1745 4455 2064 4528 superioris

2191 3507 2305 3546 non
2339 3488 2541 3560 religio
2565 3487 2728 3560 (Ibid.
2751 3487 2889 3557 2.6).

2255 3581 2344 3640 (.7.
2378 3575 2682 3634 Secundus
2709 3574 2971 3641 accessit,
3004 3590 3109 3630 nec
3129 3573 3388 3646 degener
3405 3571 3595 3630 fratris
3627 3568 3796 3624 munia

2185 3669 2293 3741 pia:
2375 3664 2758 3722 confessionis
2842 3661 3105 3734 implevit
3147 3662 3307 3732 (Ibid.
3378 3661 3514 3733 7-9).
3585 3659 3644 3716 Et
3685 3671 3796 3712 cum

2184 3755 2582 3813 detraheretur
2601 3751 2947 3810 membrana
2965 3750 3192 3822 capitis,
3219 3751 3524 3824 respondit
3549 3767 3560 3806 :
3579 3744 3794 3804 Aufertis

2183 3845 2421 3916 quidem
2455 3841 2881 3907 membranam,
2905 3839 3008 3902 sed
3031 3838 3218 3902 habeo
3232 3837 3468 3912 galeam
3488 3833 3793 3909 spiritalem,

2183 3949 2359 4005 quam
2401 3947 2515 3986 non
2564 3928 2806 4001 potestis
2867 3928 3113 3983 auferre.
3175 3928 3248 3983 Et
3289 3944 3427 3987 vere
3470 3928 3612 3984 hanc
3665 3921 3792 3980 41.0

2180 4020 2405 4094 galeam
2420 4033 2590 4073 nemo
2622 4020 2812 4088 potest
2827 4016 3075 4085 auferre,
3108 4015 3262 4076 sicut
3291 4020 3502 4088 postea.
3518 4009 3792 4086 Apostolus

2179 4107 2376 4164 docuit
2424 4108 2478 4160 in
2539 4104 2794 4160 Ecclesia
2866 4105 3138 4169 Domini:
3178 4125 3206 4154 ‹‹
3252 4105 3404 4168 Quia
3477 4105 3641 4175 caput
3702 4096 3790 4150 viri

2176 4196 2440 4252 Christus
2509 4197 2596 4248 est
2655 4193 2698 4258 (1
2753 4193 2873 4248 Cor.
2937 4210 3014 4257 x1,
3067 4193 3142 4263 3).
3180 4217 3206 4242 α
3269 4192 3341 4252 Et
3419 4193 3544 4263 ejus
3612 4201 3789 4244 sumus

2179 4281 2658 4353 membra(Ephcs.
2692 4299 2746 4348 v,
2781 4282 2870 4351 30)
2928 4304 2956 4330 ››
2982 4282 3154 4340 Recte
3185 4297 3332 4352 puer
3389 4281 3562 4338 istam
3618 4276 3790 4333 divino

2177 4374 2385 4446 spiritu
2401 4371 2725 4447 doctrinam
2745 4365 3786 4442 apostolicam.prmvidebatﬂxuebant

2175 4463 2463 4518 immanes
2514 4457 2707 4519 bestia:
2759 4458 2990 4514 corium
3045 4457 3277 4530 capitis,
3364 4463 3425 4514 et
3508 4450 3786 4529 pardalicis

423 4538 816 4608 naufragium.
850 4544 973 4594 Non
1007 4546 1060 4594 te
1092 4544 1334 4612 negabo,
1365 4541 1454 4596 lex
1486 4542 1692 4613 patria,
1742 4560 1855 4598 non
1901 4544 2059 4614 abju-
2090 4563 2135 4626 Ι)
2167 4550 2494 4608 feritatibus
2522 4547 2864 4603 saeviebant.
2883 4549 2953 4604 At
2975 4545 3078 4607 ille,
3102 4547 3422 4606 deficiens:
3447 4539 3790 4612 Quamdulce

421 4626 561 4682 rabo
599 4641 721 4692 vos,
747 4627 1232 4684 sanctainstituta
1247 4632 1558 4700 majorum,
1584 4648 1696 4685 non
1717 4631 2057 4689 decolorabo

418 4731 544 4785 vos,
578 4713 774 4790 infulae
807 4715 1230 4783 sacerdotales;
1267 4735 1379 4772 non
1405 4725 1458 4773 te
1515 4719 1767 4790 perfidiae
1828 4719 2062 4792 pulvere

419 4803 667 4876 turpabo
708 4803 927 4875 palam,
961 4804 1202 4860 canities
1228 4805 1402 4868 lQuid
1422 4807 1605 4862 multa
1625 4807 1652 4861 ‘?
1671 4809 2061 4865 Immoriendo

416 4892 722 4949 tormentis
752 4892 943 4947 factus
974 4897 1064 4946 est
1096 4893 1315 4947 caeteris
1348 4896 1748 4966 magisterium
1800 4913 2059 4968 perseve-

419 4981 642 5047 rantiae,
677 4981 776 5053 qui
831 4979 1052 5038 electus
1083 4986 1205 5036 erat
1235 4982 1681 5039 adinfirmitatis
1704 4986 2056 5059 exemplum.

425 5069 636 5125 Beatus
668 5069 870 5141 igitur,
929 5069 986 5123 in
1048 5086 1162 5141 quo
1224 5087 1338 5124 non
1399 5075 1714 5142 potuerunt
1773 5077 2063 5130 tormenta

422 5157 704 5214 rationem
746 5157 994 5214 vincere.
1035 5161 1235 5214 Annon
1268 5159 1602 5231 beatus,qui
1633 5162 1822 5231 potuit
1849 5163 2061 5219 virtute

491 5281 601 5361 (64)
677 5282 1018 5361 Intentioue,
1061 5283 1146 5361 ἰᾷΔ
1196 5288 1286 5339 est
1333 5284 1592 5361 propria
1641 5284 1936 5361 voluntate
1994 5305 2060 5343 ac

419 5349 1060 5431 electionez‘nisidforte
1095 5355 1245 5410 idem
1297 5349 1393 5425 sit,
1454 5349 1627 5427 atque
1683 5356 1861 5411 animi
1923 5374 2057 5413 con-

419 5425 676 5494 tentione
707 5427 762 5477 et
784 5425 1119 5494 pertinacia.

488 5492 760 5573 (6§)_V’et._
785 5492 903 5549 edit
933 5501 1260 5573 cum_part_e
1308 5514 1450 5552 mss.
1507 5497 1798 5573 praebeat?
1842 5502 1907 5573 In
1963 5499 2061 5553 hoc

415 5564 761 5644 serviat,_sed
799 5583 908 5644 non
939 5564 1158 5644 ridebit.
1223 5569 1406 5644 Rom_._
1445 5564 1720 5644 praebet?
1769 5570 1898 5644 Quis
1964 5587 2058 5624 uu-

417 5642 523 5690 tem
554 5636 612 5688 in
641 5634 738 5690 hoc
768 5639 984 5702 serviat,
1047 5648 1094 5693 et
1155 5655 1258 5693 non
1323 5634 1628 5696 ridebitur?
1657 5640 1743 5696 Ab
1774 5634 1883 5698 hac
1944 5659 2056 5697 non

2170 4645 2280 4706 est,
2316 4637 2526 4709 inquit,
2561 4634 2707 4692 mori
2739 4652 2840 4707 pro
2871 4634 3368 4708 religione,quam
3399 4626 3786 4694 suavisomnis

2171 4727 2457 4784 acerbitas
2489 4724 2695 4784 mortis
2727 4741 2828 4795 pro
2887 4724 3139 4796 pietate;
3174 4724 3314 4796 quia
3374 4726 3569 4781 manet
3596 4721 3782 4775 horum

2172 4812 2584 4874 remumeratio
2639 4811 2952 4868 laborum!
3008 4815 3135 4870 Tua
3166 4817 3326 4878 sunt,
3387 4829 3504 4879 rex,
3553 4807 3785 4884 graviora

2170 4906 2460 4959 tormenta
2485 4919 2496 4956 :
2530 4906 2585 4955 te
2613 4901 2730 4956 tuis
2752 4901 3154 4956 vehementius
3168 4901 3461 4972 torqueris
3482 4893 3780 4971 suppliciis;

2171 4993 2312 5064 quia
2340 4990 2500 5046 vides
2529 4994 2584 5043 te
2617 4989 2768 5044 vinci
2799 4989 2860 5044 in
2892 4993 3198 5062 potestate.

2242 5082 2327 5134 48.
2364 5079 2428 5133 Et
2457 5077 2565 5132 hoc
2590 5077 2886 5145 defuncto,
2941 5078 3184 5136 tertium
3233 5078 3413 5138 statui
3465 5075 3578 5133 sibi
3627 5069 3782 5144 jussit

2170 5169 2242 5239 (ll
2320 5166 2489 5222 Much.
2553 5183 2652 5230 vn,
2706 5167 2758 5235 1,
2829 5164 3038 5237 1042).
3100 5167 3170 5222 Et
3225 5182 3360 5222 cum
3405 5180 3536 5222 eum
3594 5159 3777 5236 partim
3843 5195 3848 5202 ς

2170 5290 2423 5346 multum
2455 5289 2733 5346 recedunt
2754 5287 2854 5344 alii
2894 5287 3124 5361 aliquot
3147 5306 3294 5348 mss.
3323 5305 3471 5361 quos
3504 5284 3678 5343 secuti
3698 5297 3777 5337 suo

2170 5379 2351 5503 militi)
2383 5432 2520 5487 Post
2546 5446 2746 5503 vocem
2777 5446 2992 5503 pueros,
3022 5431 3182 5488 addit
3211 5430 3350 5503 edit.
3404 5430 3588 5492 Rom.,
3637 5422 3777 5497 pueri

2165 5501 2378 5573 sumus,
2413 5502 2565 5574 quod
2598 5518 2892 5574 nusquam
2925 5501 3060 5558 alibi
3095 5502 3368 5574 reperias.

2241 5572 2524 5644 (67)Mss.
2559 5590 2674 5629 non
2725 5573 2916 5644 pauci,
2967 5590 3069 5630 nec
3114 5572 3404 5634 inferioris
3459 5575 3621 5640 nota),
3680 5579 3772 5635 Mn

2169 5654 2431 5704 terrorem
2467 5647 2708 5722 inscitiae.
2729 5645 2990 5716 aﬂerunt.
