4012 6192
1210 383 1313 451 DE
1355 387 1599 453 JACOB
1643 386 1749 452 ET
1790 387 1979 452 VI‘I‘A
2019 386 2275 451 BEATA
2322 384 2470 449 LIB.
2517 382 2599 450 II.

3492 380 3610 447 666

197 522 457 579 tentaret
480 519 739 589 insidiis,
763 502 977 593 partim
1006 525 1244 593 cuperet
1273 523 1489 576 terrore
1521 520 1848 594 percellere,
1880 528 1937 592 Α
1965 537 2139 576 suum
2169 518 2403 591 abrupit
2431 517 2729 591 spiritum,
2763 513 3141 590 animamque
3169 513 3353 572 victor
3383 515 3605 573 etl‘udit.

201 609 509 683 respondit
537 609 608 666 ad
642 625 775 666 eum
808 625 821 664 :
866 608 991 665 Non
1024 609 1232 665 faciam
1271 608 1629 665 voluntatem
1661 614 1848 675 tuam,

2028 610 2118 663 50.
2156 607 2404 672 Quintus
2452 623 2585 663 cum
2637 607 2959 673 sisteretur,
3011 623 3156 662 caeso
3207 605 3370 678 prius
3419 605 3607 662 eidem

117 750 121 753 .
201 716 321 756 non
372 698 753 755 succumbam
797 697 1042 770 imperio
1093 702 1213 754 tuo.
1267 698 1376 753 Per
1414 698 1644 754 beatam
1689 698 1848 753 illam
1951 698 2134 769 jussit
2164 697 2329 768 ignes
2360 696 2675 763 admoveri,
2709 694 2922 766 subjici
2954 693 3607 767 incendia(Ibz‘d.lS-l7).

199 789 454 844 fratrum
485 803 750 843 meorum
781 786 1213 858 possessionem
1245 791 1302 843 et
1330 786 1713 857 nobilitatem,
1735 805 1849 843 non

199 877 435 948 negabo
466 875 620 949 piam
652 874 1119 947 germanitatem.
1147 872 1370 937 Quzevis
1401 873 1672 929 adhibeto
1713 888 1849 945 sup-

201 963 625 1038 plicia,quibus
656 961 846 1035 magis
868 977 1083 1034 urgens
1110 961 1221 1017 hoc
1251 961 1521 1033 proﬁcias
1542 962 1852 1034 asperitate

199 1056 609 1125 pcenarum,ut
628 1052 854 1122 majora
872 1050 1211 1105 testimonia
1226 1054 1434 1105 nostra
1453 1049 1852 1123 germanitatis

200 1134 483 1213 accipias.
514 1139 703 1196 Jussit
732 1140 928 1212 itaque
952 1139 1002 1194 ei
1035 1138 1296 1210 linguam
1328 1138 1638 1211 amputari.
1658 1141 1729 1193 At
1760 1138 1854 1195 ille

200 1229 540 1286 exclamans
566 1245 581 1284 :
603 1228 807 1283 Victus
828 1226 1544 1299 es,inquit,Antioche,qui
1567 1243 1851 1299 organum

197 1319 363 1375 vocis
394 1316 657 1374 abscindi
698 1318 896 1387 jubes.
927 1316 1241 1372 Confessus
1288 1332 1350 1371 es
1400 1319 1456 1371 te
1503 1317 1854 1388 respondere

200 1422 323 1463 non
355 1421 531 1477 posse
558 1404 1140 1476 rationi,majoraque
1170 1404 1382 1477 probas
1403 1402 1614 1476 linguai
1644 1407 1857 1460 nostra;

199 1493 459 1567 ﬂagella,
491 1510 669 1566 quam
699 1499 801 1548 tua
830 1493 1089 1548 verbera.
1122 1493 1239 1548 Nos
1282 1492 1438 1548 enim
1484 1497 1589 1548 tua
1617 1493 1855 1549 verbera

196 1599 321 1640 non
352 1583 657 1648 timemus,
680 1585 744 1637 tu
795 1584 1006 1637 nostris
1057 1581 1216 1637 vocis
1255 1580 1482 1654 ﬂagella
1519 1598 1633 1637 non
1668 1586 1852 1654 potes,

199 1670 527 1739 sustinere;
562 1671 667 1727 sed
682 1670 805 1725 haec
821 1669 1051 1741 pietatis
1080 1669 1310 1741 ﬂagella
1324 1673 1483 1737 sunt,
1497 1674 1601 1725 tua
1630 1670 1859 1742 flagella

193 1758 498 1833 perﬁdiae;
529 1759 634 1815 sed
664 1759 840 1814 etiam
870 1757 1074 1830 lingua
1100 1757 1332 1814 sublata
1362 1758 1597 1830 gravius
1645 1762 1702 1812 te
1750 1775 1856 1813 suo

192 1847 422 1904 cadens
477 1861 778 1902 murmure
836 1843 1169 1917 ﬁagellabit.
1238 1844 1489 1899 Evadere
1540 1848 1595 1899 te
1662 1849 1854 1916 putas,

192 1934 509 2002 Antioche,
582 1934 631 1993 si
700 1949 900 1989 vocem
956 1932 1208 2005 eripias?
1263 1933 1334 1988 Et
1383 1936 1641 1988 tacentes
1697 1933 1852 1988 Deus

195 2023 399 2091 audit,
423 2027 481 2079 et
511 2021 700 2093 magis
730 2020 913 2081 audit.
946 2022 1090 2077 Ecce
1121 2020 1320 2093 aperui
1346 2037 1411 2077 os
1442 2014 1853 2088 meum,laxavi

195 2111 469 2184 linguam
503 2109 999 2177 meam,abscinde
1025 2108 1321 2182 linguam;
1354 2108 1455 2165 sed
1488 2125 1600 2173 non
1628 2108 1854 2165 abscin-

196 2198 759 2269 desconstantiam,
790 2214 906 2254 non
936 2197 1212 2253 virtutem
1245 2196 1492 2263 auferes,
1519 2214 1635 2253 non
1677 2197 1851 2253 ratio-

196 2304 340 2353 nem
401 2286 782 2353 oblitterabis,
844 2302 960 2341 non
1020 2285 1233 2357 eripies
1283 2285 1688 2341 testimonium
1758 2303 1851 2341 ve-

196 2374 425 2443 ritatis,
457 2391 585 2437 non.
631 2373 842 2446 eripies
900 2373 1093 2429 cordis
1150 2372 1484 2431 clamorem.
1537 2373 1597 2429 Si
1651 2373 1856 2447 lingua

197 2466 562 2537 amputetur,
622 2462 865 2534 sanguis
924 2460 1223 2527 clamabit,
1282 2465 1340 2517 et
1395 2461 1622 2517 dicetur
1678 2462 1783 2517 tibi
1840 2480 1853 2517 :

202 2573 233 2602 ι(
276 2554 406 2608 Vox
456 2550 761 2623 sanguinis
786 2550 986 2607 fratris
1035 2550 1121 2607 tui
1173 2549 1388 2607 clamat
1428 2551 1500 2606 ad
1551 2567 1645 2607 me
1701 2550 1852 2623 (Gen.

196 2656 276 2709 ιγ,
308 2640 425 2711 10).
460 2661 488 2688 ››
518 2637 697 2703 Audit
743 2638 897 2697 enim
948 2637 1257 2711 sanguinis
1305 2654 1527 2707 vocem,
1560 2639 1659 2711 qui
1693 2640 1857 2695 audit

193 2728 469 2803 internas
524 2726 925 2801 cogitationes,
978 2726 1229 2783 tenebrae
1274 2725 1410 2782 licet
1467 2727 1749 2798 operiant,
1799 2733 1858 2785 et

196 2816 497 2893 parietum
556 2819 723 2887 septa
768 2814 1154 2873 circnmdent.
1206 2814 1369 2871 Dicat
1419 2816 1659 2887 impius,
1719 2817 1858 2889 quia

196 2904 411 2971 nullus
438 2904 552 2960 sibi
581 2903 748 2961 testis
779 2903 1023 2961 assistat
1055 2922 1069 2959 :
1102 2902 1365 2975 explorat
1395 2903 1686 2972 universa,
1703 2905 1859 2961 videt

197 2992 406 3069 omnia
434 2992 619 3059 Deus;
662 3008 765 3055 nec
794 2996 884 3052 est
914 2991 1152 3065 aliquod
1204 2991 1432 3048 facinus
1479 2993 1636 3064 quod
1671 2994 1858 3066 possit

196 3081 388 3149 latere
428 3078 691 3143 omnium
735 3079 1019 3151 judicem,
1067 3079 1165 3151 qui
1217 3079 1516 3152 cognoscit
1563 3081 1854 3149 universa,

198 3174 523 3242 antequam
572 3168 731 3237 ﬁant.
775 3168 925 3233 Quid
972 3168 1153 3229 verba,
1196 3168 1443 3225 damus?
1502 3169 1858 3242 Lequaciora

1884 1894 1935 1961 B

1962 786 2235 841 Manabat
2264 802 2293 840 e
2323 784 2662 840 vulneribus
2714 801 2903 852 cruor,
2936 787 2994 839 et
3038 783 3265 839 effossis
3316 782 3610 839 ulceribus
3716 826 3724 832 .

1963 875 2204 947 sanguis
2233 874 2454 929 eﬁ'usus
2488 873 2648 945 ipsos
2667 873 3037 927 flammarum
3058 872 3466 945 exstinguebat
3487 871 3609 943 glo-

1961 962 2688 1033 bos.Atilleinterignium
2722 959 2978 1033 crepitus
3009 960 3357 1015 audiebatur
3378 960 3608 1016 dicens:

1962 1052 2191 1108 Gratias
2227 1051 2357 1119 tibi,
2392 1050 2658 1117 Domine,
2696 1066 2809 1121 quo
2863 1048 3084 1104 dedisti
3136 1049 3313 1104 nobis
3362 1048 3552 1103 dicere
3596 1064 3608 1104 :

1963 1162 1992 1190 «
2026 1139 2432 1195 Transivimus
2462 1154 2564 1210 per
2587 1138 2781 1209 ignem
2815 1136 2986 1207 (Psal.
3022 1153 3146 1202 va,
3182 1136 3329 1207 12).»
3361 1136 3430 1190 Et
3460 1135 3610 1191 sicut

1964 1228 2098 1283 alibi
2133 1228 2286 1283 idem
2322 1233 2460 1283 tuus
2491 1226 2635 1281 dicit
2666 1226 2953 1297 Propheta
2986 1243 2999 1280 :
3033 1247 3061 1274 «
3097 1226 3234 1296 Igne
3265 1241 3371 1280 nos
3402 1224 3613 1280 exami-

1963 1317 2140 1381 nasti,
2173 1316 2324 1371 sicut
2355 1315 2488 1388 igne
2520 1314 2887 1369 examinatur
2916 1316 3221 1385 argentum
3255 1306 3413 1384 (Ibid.
3448 1312 3558 1384 10).
3584 1334 3611 1361 ››

1961 1406 2177 1461 Astabo
2209 1404 2315 1459 tibi
2368 1404 2517 1459 sicut
2549 1409 2758 1458 aurum
2801 1406 3089 1474 purgatus
3137 1399 3441 1466 incendio;
3473 1404 3529 1455 et
3560 1399 3612 1454 si

1963 1494 2105 1566 quid
2138 1493 2245 1548 fuit
2274 1492 2479 1565 culpae,
2514 1490 2666 1564 ignis
2697 1489 2937 1546 exussit.
2972 1490 3171 1561 Itaque
3202 1493 3255 1539 cl
3292 1489 3396 1544 iste
3430 1494 3612 1544 trans-

1928 1582 2249 1655 ,ﬂguratus
2307 1598 2340 1636 a
2387 1578 2714 1651 corruptela
2762 1579 2833 1634 ad
2886 1578 3402 1649 incorruptionem,
3433 1576 3611 1632 vitam

2117 1668 2274 1723 lavit.

2117 1669 2128 1723 1
2212 1669 2274 1723 it.

1964 1669 2121 1813 61g:
2137 1686 2325 1813 8.Svexto
2357 1773 2590 1828 quoque
2622 1756 2858 1811 admota
2887 1758 3178 1810 tormenta
3224 1758 3363 1810 sunt
3393 1754 3472 1825 (II
3502 1753 3611 1809 Μα-

1969 1846 2127 1902 chab.
2191 1863 2286 1915 vu,
2342 1846 2429 1911 48,
2491 1845 2600 1908 19).
2633 1847 2703 1899 At
2762 1842 2902 1899 ille:
2951 1842 3100 1910 Noli,
3156 1842 3366 1914 inquit,
3402 1843 3618 1897 frustra

1963 1952 2175 2003 errare,
2209 1940 2266 1990 et
2312 1938 2422 1991 tua:
2474 1933 2581 1989 hoc
2632 1933 2920 1989 ascribere
2970 1931 3266 2003 potestati,
3296 1931 3457 2003 quod
3503 1930 3617 1985 ista

1962 2024 2272 2081 adversum
2357 2039 2464 2077 nos
2548 2038 2834 2078 exerceas.
2904 2021 3249 2076 Nostrorum
3331 2019 3440 2075 hoc
3515 2019 3614 2074 de-

1962 2111 2230 2168 llctorum
2287 2115 2375 2167 est
2433 2111 2708 2182 pretium,
2770 2115 2834 2164 ut
2892 2112 3200 2181 peccantes
3276 2107 3610 2180 puniamur.

1962 2200 2030 2256 Et
2093 2200 2311 2273 gratias
2390 2198 2657 2266 Domino,
2733 2198 2887 2271 quod
2968 2197 3061 2252 hic
3143 2214 3176 2252 a
3254 2194 3423 2251 nobis
3503 2195 3613 2267 (69)

1962 2289 2220 2361 duplicia
2252 2292 2487 2359 peccata
2516 2288 2848 2359 exiguntur,
2892 2290 2956 2341 ut
2989 2285 3067 2341 ibi
3098 2286 3267 2342 nobis
3288 2284 3608 2341 consolatio

1964 2378 2275 2434 deferatur.
2309 2377 2538 2433 Gratias
2570 2380 2764 2431 autem
2796 2380 2853 2431 et
2894 2375 3017 2444 tibi,
3052 2375 3205 2448 quod
3258 2379 3378 2430 tam
3432 2375 3616 2429 durus

1964 2471 2022 2523 et
2052 2466 2296 2522 immitis
2328 2469 2484 2535 es,ut
2503 2464 2720 2521 talibus
2753 2464 2969 2520 nostris
2999 2462 3302 2536 suppliciis
3331 2463 3617 2518 Dominus

1965 2556 2022 2610 in
2053 2571 2228 2627 quem
2276 2553 2662 2627 peccavimus,
2697 2552 2855 2626 genti
2905 2557 3115 2608 nostris
3165 2552 3452 2623 propitius
3494 2551 3614 2606 ﬁat.

1964 2644 2080 2699 Nos
2113 2658 2344 2715 quoque
2375 2642 2715 2698 ablevamus
2732 2640 3224 2709 aerumnam,dum
3247 2639 3381 2694 fidei
3399 2638 3618 2712 passio-

1964 2731 2139 2787 nibus
2172 2731 2549 2787 delectamur.
2572 2732 2644 2786 Et
2673 2730 2780 2785 iste
2811 2729 2976 2785 duris
3008 2734 3182 2800 atque
3213 2728 3436 2801 asperis
3468 2727 3612 2783 dila-

1963 2824 2195 2876 ceratus
2225 2819 2509 2892 sppliciis,
2543 2818 2845 2891 appositus
2874 2821 2963 2874 est
2994 2818 3065 2873 ad
3099 2818 3307 2873 fratres
3338 2834 3497 2873 suos.

2033 2911 2124 2963 52.
2149 2909 2464 2980 Supererat
2487 2909 2685 2978 junior
2713 2924 2782 2963 ex
2813 2907 3179 2974 fratribus,et
3200 2906 3325 2978 jam
3358 2906 3616 2978 pudebat

1962 2997 2313 3052 Antiochum
2353 2997 2682 3052 immaturis
2736 2996 2894 3052 artati
2926 3012 2987 3051 se
3018 2995 3099 3051 ita
3146 2995 3328 3050 fuisse
3357 2993 3611 3050 ludibrio

1965 3085 2125 3158 (Ibid.
2156 3087 2270 3159 24).
2302 3088 2501 3157 ltaque
2531 3085 2682 3141 dolis
2713 3101 2845 3140 eum
2874 3084 3214 3140 desiderans
3246 3082 3615 3139 circumscri-

1964 3174 2121 3241 bere,
2191 3174 2575 3247 pollicebatur
2638 3174 2911 3242 honores,
2972 3172 3225 3239 divitias,
3295 3171 3614 3227 amicitiam

195 3263 346 3323 sunt
371 3257 613 3315 vulnera
645 3275 658 3312 :
688 3256 800 3315 etsi
830 3257 1223 3317 abscondatur
1262 3257 1519 3325 cicatrix,
1553 3275 1668 3314 non
1717 3259 1849 3315 abs-
1882 3259 1925 3326 C
1964 3280 2155 3331 suam,
2189 3263 2549 3319 consortium
2598 3265 2978 3318 secretorum.
3029 3263 3102 3316 At
3147 3278 3279 3317 vero
3312 3260 3407 3331 pia
3435 3264 3619 3315 mater

193 3346 476 3415 conditur
506 3346 670 3410 ﬁdes.
704 3345 817 3401 Nec
849 3349 1046 3405 tamen
1071 3345 1317 3418 plaudas
1351 3346 1506 3417 quod
1538 3347 1854 3404 auferendo
1964 3352 2241 3407 monebat
2270 3351 2456 3407 ﬁlium
2489 3350 2893 3417 suum,dicens
2923 3355 2979 3406 et
3010 3350 3145 3406 huic
3172 3349 3324 3406 sicut
3356 3348 3613 3405 caeteris:

190 3435 491 3508 linguam,
535 3433 963 3491 confessionem
1011 3433 1205 3491 laudis
1254 3434 1489 3507 eripias.
1533 3435 1687 3493 Satis
1726 3438 1852 3508 jam
1966 3439 2202 3495 «Nescio
2233 3440 2807 3511 quemadmodumin
2827 3443 3060 3495 uterum
3085 3438 3611 3503 meumintroistis,

195 3524 393 3582 Deum
424 3538 693 3585 sermone
719 3521 1116 3591 laudavimus,
1146 3539 1302 3579 nunc
1331 3523 1606 3595 passione
1649 3522 1854 3581 laude-
1966 3544 2151 3600 neque
2181 3544 2285 3599 ego
2318 3527 2591 3600 spiritum
2635 3527 2844 3583 donavi
2887 3529 3074 3593 vobis,
3108 3545 3297 3600 neque
3350 3527 3617 3584 membra

198 3628 365 3683 mus.
1963 3615 2207 3672 formavi
2238 3631 2252 3671 :
2285 3616 2383 3672 sed
2436 3615 2558 3671 haec
2606 3615 3023 3686 omnipotentis
3056 3617 3159 3672 Dei
3196 3633 3441 3673 munera
3479 3621 3619 3671 sunt

272 3701 364 3769 49,
397 3699 466 3755 Et
487 3698 597 3756 hoc
626 3703 947 3771 perempto,
972 3700 1161 3772 jussit
1204 3704 1487 3773 quartum
1530 3700 1739 3756 vinciri
1780 3702 1850 3756 ad
1964 3704 2121 3777 (Ibid.
2154 3706 2307 3777 22).»
2339 3704 2569 3759 Putavit
2593 3704 2914 3759 Antiochus
2944 3705 3149 3760 videns
3181 3710 3425 3761 matrem
3452 3704 3613 3760 solli-

191 3791 488 3861 rotam,ut
514 3787 643 3859 ejus
671 3787 952 3861 vertigine
967 3789 1263 3847 membris
1295 3790 1570 3847 omnibus
1600 3789 1854 3846 solvere—
1963 3792 2320 3864 citam,quod
2338 3792 2513 3848 saluti
2534 3794 2662 3863 ejus
2686 3792 3052 3864 timeret,ipsi
3071 3794 3343 3865 quodque
3368 3794 3615 3849 suadere

193 3882 305 3961 tu;
346 3876 555 3947 (Matth.
586 3891 688 3943 vn,
731 3877 820 3943 43,
873 3877 987 3953 14).
1034 3879 1109 3934 At
1154 3877 1252 3935 ille
1299 3895 1434 3935 cum
1485 3882 1855 3950 torqueretur
1963 3881 2151 3954 cmpit,
2188 3885 2253 3937 ut
2283 3879 2470 3937 ﬁlium
2502 3882 2573 3937 ab
2601 3881 2922 3937 intentione
2952 3898 3060 3936 sua
3091 3880 3615 3936 revocaret.Atilla

194 3963 591 4043 immaniter:
636 3963 935 4032 Dissol-vis,
979 3965 1194 4037 inquit,
1243 3968 1503 4039 corporis
1550 3966 1851 4036 membra;
1960 3986 2097 4026 voce
2128 3970 2315 4043 patria
2342 3968 2571 4025 dicebat
2608 3969 2726 4025 ﬁlio
2777 3986 2789 4024 :
2843 3970 2930 4025 'l‘u
2982 3969 3143 4025 solus
3193 3984 3454 4041 superes,
3502 3967 3606 4036 ﬁli,

194 4054 306 4131 sed
339 4052 615 4126 adjungis
642 4053 895 4125 gratiam
925 4053 1207 4126 passioni,
1238 4070 1344 4111 nec
1374 4055 1552 4128 eripis
1576 4055 1852 4112 solatium

193 4140 400 4215 morti.
432 4138 539 4213 Est
567 4141 726 4211 enim
757 4158 873 4199 vox.
893 4140 1137 4207 tonitrui
1169 4142 1230 4199 in
1259 4147 1406 4211 rota,
1439 4144 1580 4218 quia
1608 4144 1669 4201 in
1699 4144 1851 4200 bono

190 4234 256 4286 et
286 4228 730 4303 inoﬁﬁensoyitw
759 4230 935 4291 istius
966 4247 1144 4293 cursu
1174 4230 1405 4289 caeleste
1436 4232 1682 4289 resultat
1722 4250 1851 4289 ora-

189 4316 429 4393 culum,
472 4315 634 4385 sicut
678 4318 738 4372 in
784 4317 1007 4381 Joanne
1055 4323 1113 4377 et
1158 4318 1374 4376 Jacobo
1422 4320 1559 4376 ﬁliis
1608 4320 1851 4376 tonitrui

187 4404 524 4477 multabat
553 4405 688 4478 (68).
720 4406 919 4477 Itaque
946 4405 1090 4473 illud
1123 4408 1279 4479 quod
1310 4407 1443 4481 legi,
1478 4424 1633 4464 nunc
1662 4410 1847 4465 mani-

186 4494 408 4551 festius
435 4509 790 4567 recognosco
825 4511 876 4550 ζα
909 4493 1055 4559 Quia
1083 4499 1212 4551 rota
1242 4495 1396 4550 intra
1424 4500 1611 4551 rotam
1643 4497 1845 4567 currit,

188 4598 301 4639 nec
346 4581 669 4655 impeditur
714 4582 1104 4654 (Ezech.1,46
1153 4588 1210 4638 et
1257 4585 1366 4653 17).
1415 4605 1442 4632 ››
1489 4587 1637 4640 477
1675 4586 1847 4641 Tercs

186 4671 509 4727 enim-vita
535 4671 663 4729 sine
693 4669 815 4727 ulla
844 4671 1163 4728 oﬂensione
1213 4671 1274 4726 in
1331 4673 1536 4744 quavis
1577 4674 1847 4745 passione

184 4764 481 4827 vereatur,
513 4758 752 4827 etiptca
792 4760 913 4816 haec
956 4777 1190 4833 quoque
1239 4765 1365 4816 rota
1416 4762 1617 4818 currit.
1652 4763 1846 4819 Currit

184 4847 477 4915 lexintra
496 4849 767 4921 gestiam,
802 4853 860 4905 et
888 4849 1257 4906 observantia
1283 4849 1429 4924 legis
1457 4850 1607 4906 intra
1637 4851 1844 4908 divinae

187 4934 999 4994 cuniculummiserieondias
1029 4941 1120 4993 est
1145 4955 1156 4993 :
1191 4955 1329 4994 nam
1360 4954 1476 5010 quo
1508 4939 1695 5013 magis
1724 4939 1843 4998 vol-

183 5022 1049 5097 vimn,plus.pnobatur.Potius
1078 5032 1167 5084 est
1194 5027 1289 5083 hic
1306 5028 1392 5083 .ab
1418 5029 1616 5100 impiis
1649 5030 1843 5086 adver-

184 5128 256 5168 sa
305 5110 577 5182 tolerare,
626 5117 692 5168 ut
736 5114 818 5170 ibi
866 5132 902 5170 a
950 5115 1197 5171 Domino
1248 5115 1706 5174 consolationem
1753 5118 1844 5174 in-

182 5200 391 5281 venire
425 5202 745 5281 possimus.
812 5203 882 5258 Et
943 5202 1056 5265 iste
1121 5219 1541 5269 consummans
1602 5221 1842 5263 cursum

257 5340 623 5423 (6§)Videtur
655 5344 1010 5423 quibusdam
1042 5345 1136 5423 hic
1166 5347 1449 5423 memoria
1480 5346 1683 5423 lapsus
1704 5351 1840 5423 Arn:

183 5411 605 5490 emissum
626 5411 770 5490 testu
801 5421 1005 5490 raptus
1035 5417 1377 5490 eloquentiae
1402 5411 1732 5490 machabzeo
1755 5419 1840 5476 illi

183 5482 589 5560 apostolorum
621 5486 723 5560 qui
754 5482 964 5560 multis.
984 5493 1118 5560 post
1145 5482 1319 5560 annis
1365 5488 1424 5544 in
1477 5488 1665 5544 lucem
1700 5492 1840 5547 editi

184 5557 1090 5637 simt,mentionem_tribujt.Sed
1115 5559 1609 5637 quidni‘dicamus
1632 5567 1838 5637 quarto

182 5623 618 5711 huic-fratrum.
631 5623 1042 5711 eodem-modo
1067 5623 1486 5711 prbpheticum
1507 5623 1837 5711 spiritum}

184 5700 388 5755 sancto
417 5699 683 5758 antistite
713 5699 1214 5775 ascriptuquub
1246 5718 1426 5775 supra
1470 5699 1723 5775 legimus
1766 5705 1837 5761 de

1961 4075 2195 4115 summa
2225 4062 2489 4114 votorum
2520 4074 2782 4114 meorum
2815 4075 2829 4114 :
2880 4063 2941 4112 tu
2984 4061 3317 4130 postremus
3352 4056 3615 4114 clausisti

1961 4150 2164 4219 partus
2197 4163 2378 4212 meos,
2405 4150 2467 4201 tu
2499 4151 2833 4218 postremus
2866 4144 3144 4202 conclude
3194 4146 3413 4220 gaudia
3462 4162 3611 4202 mea.

1961 4235 2233 4291 Miserere
2265 4234 2532 4305 mei,quae
2567 4238 2623 4290 te
2658 4234 2715 4289 in
2748 4239 2907 4291 utero
2940 4237 3025 4290 tot
3047 4235 3337 4290 mensium
3362 4236 3617 4289 curricu-

1959 4323 2014 4379 lo
2046 4323 2391 4395 portavi;ne
2424 4340 2540 4379 uno
2573 4328 2867 4379 momento
2900 4322 3221 4378 confundat
3250 4328 3611 4381 senectutem

1959 4428 2172 4479 meam,
2203 4428 2275 4467 ne
2308 4410 2606 4467 decolores
2637 4415 2723 4466 tot
2753 4412 3000 4466 fratrum
3050 4416 3290 4467 tuorum
3342 4418 3610 4485 tropezea,

1957 4516 2030 4556 ne
2058 4516 2289 4556 sacrum
2326 4515 2529 4555 eorum
2563 4498 2908 4554 comitatum
2941 4499 3340 4572 relinquas,nc
3372 4518 3611 4557 consor-

1955 4589 2110 4644 tium
2141 4590 2396 4644 deseras.
2431 4592 2507 4644 Te
2537 4587 2728 4643 adhuc
2776 4587 2874 4643 isti
2922 4592 3261 4661 exspectant
3304 4588 3608 4662 triumphi.

1955 4677 2201 4749 Aspiced
2236 4677 2293 4732 in
2312 4676 2704 4742 cmlum,unde
2719 4676 2968 4733 hausisti
2986 4677 3363 4749 spiritum,ad
3380 4679 3609 4735 Patrem

1955 4766 2250 4834 omnium;
2284 4766 2478 4837 aspice
2504 4766 2561 4820 in
2586 4772 2960 4838 terram,quze
2982 4767 3086 4821 tibi
3113 4772 3248 4823 ante
3270 4765 3606 4822 alimoniam

1955 4854 2336 4921 ministravit;
2372 4855 2567 4927 aspice
2594 4855 2663 4910 ad
2694 4855 2921 4927 fratres,
2963 4857 3064 4927 qui
3090 4854 3370 4927 collegam
3415 4852 3606 4924 requi-

1956 4947 2123 5011 runt;
2155 4943 2348 5015 aspice
2379 4943 2450 4998 ad
2481 4947 2749 5010 matrem,
2783 4961 2908 5016 quae
2925 4944 3032 4999 tibi
3084 4943 3171 4999 lac
3212 4943 3398 5009 dedit;
3433 4941 3607 4996 redde

1956 5020 2281 5087 mercedem
2317 5032 2395 5104 pii
2428 5032 2736 5106 sanguinis
2770 5051 2783 5087 :
2820 5031 2936 5087 noli
2974 5049 3008 5087 a
3054 5031 3353 5095 fratribus,
3402 5028 3520 5085 noli
3574 5049 3608 5086 a

1953 5124 2138 5176 matre
2167 5120 2382 5176 divelli.
2402 5121 2780 5193 Temporales
2810 5137 2949 5193 opes
2980 5125 3118 5175 sunt
3148 5135 3294 5190 quas
3319 5118 3608 5190 promittit

1950 5208 2293 5278 Antiochus,
2324 5209 2682 5281 temporales
2716 5209 2965 5265 honores
3013 5227 3025 5265 :
3077 5210 3356 5280 perpetua
3394 5223 3606 5263 corona

1950 5352 2228 5419 secundo,
2266 5354 2418 5407 Recte
2443 5366 2582 5422 puer
2630 5352 2795 5422 ister};
2828 5348 3025 5422 divino
3053 5348 3604 5422 spirilaaoctrinam

1949 5424 2300 5495 apostolicam
2322 5418 2838 5495 praebidebat?_Nisi
2873 5420 3013 5495 quis
3037 5418 3205 5495 malit
3258 5419 3359 5495 illa
3403 5421 3599 5489 verba,

1946 5490 2093 5552 sicut
2118 5490 2438 5559 resultabat,
2472 5491 2811 5563 parenthesi
2841 5490 2969 5548 esse
2999 5490 3371 5548 includenda.

2021 5566 2131 5637 (69)
2161 5564 2416 5637 Duplicia
2438 5562 2678 5637 peccata,
2711 5563 2947 5635 propria
2986 5562 3287 5634 nimirum,
3336 5568 3393 5621 et
3440 5580 3597 5622 com-

1949 5633 2152 5695 munia
2180 5633 2358 5694 totius
2389 5633 2597 5707 gentis.
