4012 6192
445 334 562 399 66⁸7

1901 333 1968 397 S.
2014 330 2394 399 AMBROSII

3671 332 3770 401 668

447 468 600 527 418
630 483 755 540 quae
787 483 821 523 a
850 464 966 523 Deo
1012 463 1406 540 omnipotente
1452 464 1729 524 defertur.
1773 464 1891 524 Vos
1939 464 2085 523 mihi
2111 466 2168 535 Α
2196 463 2445 523 invicem
2476 462 2953 533 cohortabantur,
3005 460 3108 539 qui
3155 460 3424 522 dicebant
3448 481 3554 523 uno
3596 469 3768 541 studio,

447 561 668 630 septem
701 556 929 611 dierum
959 556 1186 611 lumina
1215 557 1377 611 dedit
1406 557 1945 625 Dominus,sextum
1963 556 2090 627 jam

446 647 599 702 diem
632 645 836 714 clausi,
872 652 928 701 et
958 647 1221 701 omnium
1274 663 1450 717 opera
1496 647 1647 701 bona
1688 645 1873 701 valde.
1910 646 2092 701 Debes

448 735 614 802 mihi,
644 734 747 804 fili,
782 740 843 789 ut
877 752 999 806 quae
1028 736 1085 788 in
1114 733 1230 806 illis
1262 751 1361 789 sex
1390 734 1668 803 laboravi,
1702 736 1759 789 in
1788 733 2093 805 te,requie-

448 842 608 881 scam
669 825 1252 896 septimo,tanquam
1311 841 1345 878 a
1402 823 1598 878 saeculi
1655 823 1931 895 cperibus
1964 822 2090 891 jam

450 915 673 970 feriata.
737 915 935 983 Itaque
994 911 1319 982 proripiens
1376 928 1438 967 se
1484 912 1712 982 juvenis
1770 911 1849 965 ait
1895 928 1908 965 :
1954 909 2095 977 Quid

446 1004 724 1059 sustinetis
766 1001 924 1071 (Ibid.
975 1001 1110 1069 30)?
1169 1002 1235 1055 Et
1297 1000 1481 1056 multa
1534 1000 1876 1066 vociferans,
1937 998 2093 1070 quod

448 1107 822 1162 nequaquam
878 1088 1071 1144 divelli
1132 1094 1327 1159 posset
1383 1107 1415 1142 a
1466 1090 1709 1143 fratrum
1762 1087 2090 1155 consortiis,

448 1195 698 1251 quorum
733 1176 920 1232 multo
953 1178 1211 1233 beatiora
1242 1182 1438 1233 essent
1467 1178 1690 1242 funera,
1725 1193 1901 1248 quam
1941 1175 2095 1247 regis

449 1268 710 1340 imperia,
745 1284 876 1322 cum
910 1271 1143 1339 urgeret
1174 1266 1446 1322 conviciis
1480 1271 1758 1339 regem,et
1784 1266 1907 1337 ipse
1936 1280 2093 1319 acer-

446 1356 537 1411 bis
567 1355 934 1411 excruciatus
964 1360 1391 1411 tormentorum
1423 1357 1738 1427 generibus
1767 1354 1894 1409 vitae
1917 1352 2095 1423 hujus

449 1462 667 1501 munus
686 1444 935 1499 absolvit
954 1444 1110 1516 (Ibid.
1142 1445 1354 1514 31-40).

516 1537 604 1590 53.
665 1533 993 1589 Novissima
1051 1536 1237 1587 mater
1267 1531 1459 1587 oblata
1488 1536 1576 1587 est
1601 1532 1726 1587 neci
1768 1532 1947 1604 (Ibid.,
1982 1532 2089 1603 4.).

447 1624 556 1689 Qui
586 1622 737 1677 hanc
770 1623 999 1677 beatam
1032 1626 1224 1693 neget,
1257 1637 1383 1692 quae
1418 1621 1587 1691 quasi
1627 1625 1854 1691 septem
1884 1620 2098 1677 vallata

447 1708 1093 1782 muneribus(70),inter
1122 1726 1365 1781 corpora
1387 1708 1639 1763 ﬁliorum
1668 1708 1896 1764 nullum
1922 1709 2097 1765 sentit

445 1801 654 1855 mortis
688 1797 1034 1853 incursum?
1063 1798 1224 1863 Quis,
1257 1796 1520 1869 inquam,
1567 1797 1794 1853 dubitet
1844 1798 1914 1853 de
1966 1798 2094 1869 ejus
2124 1831 2172 1896 B

446 1887 827 1943 beatitudine,
860 1903 985 1957 qum
1033 1892 1255 1957 septem
1315 1885 1576 1941 turribus
1620 1886 2000 1949 circumdata,
2033 1887 2094 1942 in

446 1976 703 2049 paradisi
735 1975 931 2030 sedem
986 1978 1162 2046 caput
1209 1973 1452 2029 extulit?
1500 1991 1627 2045 quae
1678 1978 1897 2046 septem
1957 1975 2095 2031 filiis

445 2066 633 2120 cincta
663 2062 1127 2120 sacratissimum
1160 2063 1275 2119 Deo
1308 2063 1552 2118 chorum
1603 2081 1718 2118 non
1767 2064 1959 2119 solum
2001 2081 2094 2119 ca-

446 2170 654 2210 norum
685 2154 1054 2219 vocibus,sed
1086 2152 1261 2207 etiam
1295 2152 1666 2223 passionibus
1699 2152 1768 2207 ad
1793 2152 2096 2209 concinen-

447 2243 552 2299 das
584 2241 829 2297 Domino
874 2240 1076 2295 laudes
1127 2240 1460 2295 cmlestibus
1509 2240 1723 2295 invexit
1752 2239 2039 2297 altaribus
2069 2241 2096 2295 ?

444 2331 630 2395 Quam
649 2330 838 2384 bonus
863 2328 992 2383 ﬁdei
1014 2333 1423 2399 partus,quam
1450 2332 1611 2383 tutus
1624 2332 1827 2400 portus
1850 2329 1957 2385 iste
1975 2328 2095 2400 pie-

444 2418 605 2485 tatis,
642 2434 819 2489 quam
843 2415 1148 2487 splendida
1170 2414 1407 2471 lucerna
1429 2414 1693 2471 Ecclesiae
1712 2421 1951 2488 septeno
1981 2416 2093 2471 ful-

448 2523 592 2579 gens
615 2506 856 2570 lumine,
888 2509 945 2559 et
967 2508 1166 2559 octavo
1190 2509 1355 2559 utero
1375 2504 2095 2576 (71):cunctis;luminibus

443 2596 637 2652 oleum
661 2593 1151 2650 subministransl
1200 2594 1279 2648 De
1321 2593 1534 2664 quibus
1555 2593 1797 2665 pulchre
1830 2594 2053 2657 dicitur
2083 2610 2096 2649 :

444 2690 618 2740 «Date
646 2686 865 2757 partem
889 2681 1003 2737 illis
1027 2685 1330 2753 septem,et
1355 2680 1472 2736 illis
1496 2681 1735 2752 quidem
1758 2683 2089 2753 octo(Eccle.

442 2774 709 2844 x1,2),»eo
734 2772 890 2844 quod
908 2771 965 2826 in
988 2775 1235 2843 utroque
1259 2786 1499 2826 numero
1522 2771 1878 2826 consortium
1895 2770 2092 2843 gratia:

442 2859 964 2931 consequantur,in
991 2858 1116 2931 lege
1147 2858 1371 2925 nutriti,
1395 2875 1498 2929 per
1536 2859 1782 2930 gratiam
1810 2857 2092 2925 coronati,

442 2953 663 3021 septem
694 2953 977 3019 tanquam
1010 2946 1067 3001 in
1098 2947 1507 3011 Sabbato,oeto
1527 2950 1808 3017 tanquam
1832 2946 1893 3001 in
1915 2950 2092 3001 Evan-

444 3037 614 3112 gelio,
649 3035 746 3108 pia
775 3041 960 3090 matre
990 3034 1398 3107 supplemento
1448 3034 1739 3107 passionis
1787 3035 2091 3107 adjuncta,

446 3143 575 3199 qua:
604 3125 662 3179 in
695 3123 911 3179 talibus
940 3122 1077 3177 filiis
1108 3123 1393 3195 integram
1419 3121 1713 3195 pietatatis
1754 3122 2003 3179 formam
2035 3126 2092 3178 et

447 3219 614 3288 partu
626 3212 757 3269 rivit
786 3216 842 3269 et
870 3212 1113 3284 peperit.

1067 3317 1301 3374 CAPUT
1344 3317 1463 3373 XII.

446 3409 865 3481 Elegantissime
914 3408 1089 3463 beatae
1127 3407 1301 3481 illius
1324 3408 1551 3476 feminae
1598 3414 1803 3481 septem
1848 3407 2094 3477 ﬁliorum

743 3483 1052 3549 martyrum
1079 3479 1345 3548 parentis,
1376 3479 1789 3533 cmnmendatio.

516 3569 606 3624 55.
653 3568 981 3622 Recurrunt
1030 3565 1089 3621 in
1138 3566 1482 3621 memoriam
1532 3583 1831 3622 sermones
1880 3571 2093 3623 sanctaa

448 3657 677 3714 feminea
708 3655 954 3712 dicentis
985 3655 1057 3709 ad
1089 3654 1239 3709 filios
1274 3672 1286 3710 :
1317 3656 1435 3727 Ego
1460 3671 1560 3710 vos
1592 3654 1900 3727 genui,ego
1932 3656 2095 3711 vobis

446 3762 689 3803 succum
732 3744 899 3800 lactis
957 3743 1166 3813 infudi,
1215 3742 1393 3799 nolite
1443 3743 1808 3800 nobilitatem
1840 3747 2094 3800 vestram

448 3834 803 3908 perdere.Sie
833 3832 957 3889 alim
991 3838 1213 3888 matres
1244 3848 1509 3888 revocare
1538 3849 1573 3887 a
1602 3832 1877 3905 martyrio
1907 3832 2097 3888 solent

447 3924 619 3991 filios,
644 3939 756 3978 non
800 3938 1026 3977 vocare.
1058 3921 1268 3977 Atista
1295 3924 1627 3976 maternum
1670 3920 1728 3975 in
1769 3920 1878 3976 hoc
1916 3937 2096 3992 pone-

445 4014 544 4068 bat
575 4010 933 4078 all‘ectum,si
967 4009 1102 4064 filiis
1129 4009 1307 4063 vitam
1327 4008 1518 4080 magis
1546 4012 2096 4081 perpetuam,quam

445 4099 824 4171 temporalem
858 4098 1148 4153 suaderet.
1183 4096 1493 4168 Spectabat
1523 4096 1721 4168 itaque
1765 4097 1863 4169 pia
1913 4102 2099 4154 mater

448 4188 701 4244 filiorum
734 4186 1089 4252 certamina;
1122 4188 1177 4239 et
1206 4184 1474 4256 quamvis
1496 4188 1896 4240 maternorum
1922 4186 2096 4242 visce-

448 4294 578 4332 rum
607 4275 1012 4348 compassione
1043 4278 1399 4346 quateretur,
1419 4278 1616 4329 tamen
1648 4274 1879 4345 pietatis
1901 4274 2097 4331 studio

447 4365 748 4437 premebat
801 4363 1082 4419 dolorem.
1139 4364 1206 4418 Et
1265 4362 1542 4418 offerente
1598 4362 1903 4428 Antiocho,
1962 4380 2097 4419 cum

449 4450 646 4524 posset
671 4451 919 4507 salutem
950 4450 1161 4524 eligere
1185 4449 1719 4517 filiorum,malebat
1750 4450 2095 4523 periculum:

449 4538 919 4611 compressisque
952 4544 1174 4594 naturas
1205 4538 1752 4612 gemitibus,pcenas
1782 4538 1919 4593 filiis
1942 4544 2101 4610 opta-
2129 4559 2177 4623 D

450 4629 551 4683 bat
584 4626 878 4699 augeri,ut
907 4644 1063 4682 mors
1095 4627 1269 4683 citius
1292 4627 2099 4699 appropinquaret.Videmus

449 4733 727 4774 conversa
756 4719 888 4770 vota
918 4715 1124 4770 matris
1155 4714 1211 4769 in
1246 4714 1426 4784 ﬁlios;
1484 4732 1556 4770 ne
1604 4733 1777 4788 quem
1810 4716 2100 4787 supersti-

448 4814 564 4863 tem
598 4804 1046 4876 derelinqueret,
1081 4804 1180 4859 sed
1213 4820 1415 4860 omnes
1445 4804 1551 4876 pia:
1582 4804 1914 4860 cohazredes
1945 4820 2100 4860 mor-

446 4896 523 4953 tis
546 4895 889 4968 acquireret.

518 4987 605 5041 55.
643 4984 753 5039 Sed
804 4998 908 5038 nec
957 4981 1058 5036 lilii
1110 4981 1366 5037 minores
1416 4979 1520 5036 tali
1580 4984 1838 5052 parente,
1884 4982 1983 5053 qui
2042 4998 2103 5038 se

519 5144 633 5215 (70)
667 5143 832 5198 Rom.
866 5143 1005 5198 edit.
1044 5144 1252 5197 vallata.
1275 5141 1750 5215 inuralz'tgus.A_liae
1783 5158 2004 5215 omnes,
2038 5160 2104 5199 ac

452 5212 623 5280 mss.,
654 5216 859 5269 vallata
886 5216 1229 5276 muneribus,
1262 5214 1317 5268 id
1352 5217 1457 5279 est,
1491 5212 1702 5269 hostiis
1733 5230 1797 5269 ac
1826 5214 2101 5283 victimis,

453 5286 667 5358 quibus
694 5285 807 5358 illa
826 5288 935 5358 Deo
954 5287 1168 5358 litavit.
1203 5285 1332 5340 Vat.
1375 5286 1502 5341 cod.
1554 5286 1613 5340 in
1668 5286 1951 5358 margine,
2003 5285 2103 5357 al.,

453 5357 759 5425 funeribus.
794 5357 917 5410 Non
950 5357 1338 5413 incommode.

526 5426 637 5498 (7ρὲ
674 5427 765 5475 Rie
798 5428 989 5480 cuncti
1043 5445 1185 5481 mss.
1243 5434 1417 5498 atque
1468 5428 1608 5483 edit.
1662 5426 2102 5498 excepta‘Rom.

457 5498 552 5549 ubi
590 5494 819 5563 legitur,
856 5508 905 5551 et
934 5502 1114 5554 crtare
1148 5508 1281 5553 utre.
1323 5494 1432 5554 Sed
1483 5498 1674 5570 potuit
1719 5494 1822 5552 vas
1870 5496 2107 5570 aliquod

457 5587 489 5621 ιι
520 5570 707 5637 tigura
737 5580 939 5623 uterus
968 5570 1103 5637 dici,
1137 5571 1221 5625 vel
1258 5571 1399 5627 forte
1430 5567 1626 5642 ipsum
1659 5567 1950 5643 lampadis
1970 5567 2105 5625 icor-

456 5655 589 5711 pus.

2199 561 2257 612 et
2286 556 2540 629 quadam
2571 555 2906 612 animorum
2933 555 3055 611 acie
3088 572 3100 611 :
3135 554 3335 611 Mortis
3363 554 3592 613 adversa:
3628 557 3772 631 impe-

2199 649 2323 700 tum
2370 649 2736 717 proteramus
2766 645 2900 715 (72).
2954 645 3117 699 Tunc
3166 644 3323 699 enim
3366 645 3624 713 vivemus,
3673 665 3774 703 cum

2202 734 2485 790 fuerimus
2517 734 2751 789 mortui.
2784 733 2965 788 Nemo
3012 732 3243 805 pietatis
3286 733 3537 789 ordinem
3580 735 3776 791 derelin-

2202 827 2364 894 quat,
2425 839 2595 878 ncmo
2626 839 2689 878 se
2717 821 3031 878 subtrahat
3076 820 3274 893 praelia
3332 821 3665 893 triumphali.
3688 824 3781 879 Non

2202 910 2446 977 homini,
2488 911 2589 966 sed
2640 909 3026 981 omnipotenti
3075 909 3190 965 Deo
3240 914 3464 965 nostras
3506 910 3782 967 devovimus

2203 999 2431 1056 animas
2462 1016 2474 1055 :
2511 1016 2628 1054 non
2658 997 2904 1067 homini,
2938 999 3039 1054 sed
3070 998 3290 1054 auctori
3322 999 3572 1055 omnium
3616 999 3785 1055 milita-

2204 1104 2359 1144 mus.
2388 1087 2549 1143 Talis
2578 1089 2698 1143 hasc
2728 1103 2927 1159 pugna
2952 1091 3061 1154 est,
3095 1091 3161 1142 ut
3202 1086 3299 1142 ille
3345 1086 3634 1159 gloriosius
3667 1090 3785 1144 419

2202 1176 2425 1242 vicerit,
2458 1176 2555 1248 qui
2587 1175 2881 1231 crudelius
2928 1174 3157 1231 occisus
3205 1176 3399 1231 fuerit.
3429 1175 3614 1247 Itaque
3654 1193 3788 1233 nemo

2202 1264 2420 1330 timuit,
2454 1281 2627 1321 nemo
2658 1263 2985 1337 trepidavit,
3021 1262 3220 1320 nullus
3249 1265 3320 1319 ad
3355 1268 3592 1319 mortem
3633 1281 3690 1321 ex
3728 1269 3790 1321 tot

2206 1353 2484 1409 fratribus
2539 1353 2761 1427 pigrior
2808 1353 2919 1409 fuit
2970 1370 2983 1408 :
3034 1353 3135 1410 sed
3187 1369 3395 1409 omnes
3439 1356 3693 1425 tanquam
3737 1355 3791 1409 ad

2206 1441 2665 1497 immortalitatis
2693 1441 2961 1512 viam,ita
2987 1441 3058 1497 ad
3082 1445 3330 1496 mortem
3355 1457 3458 1513 per
3480 1442 3668 1497 acerba
3691 1458 3794 1512 sup-

2204 1530 2378 1601 plicia
2443 1533 2859 1598 cucurrerunt;
2914 1532 2973 1585 et
3031 1533 3219 1586 mater
3292 1545 3548 1586 consona
3597 1545 3795 1585 cernens

2208 1618 2462 1675 filiorum
2492 1618 2750 1692 agmina,
2778 1622 3062 1691 tanquam
3093 1618 3192 1690 pia
3215 1617 3418 1675 anima
3453 1619 3540 1674 sui
3582 1619 3798 1674 membra

2206 1707 2464 1779 corporis
2494 1707 2553 1762 in
2585 1706 2722 1763 filiis
2768 1706 3067 1775 offerebat,
3115 1711 3173 1762 et
3228 1722 3330 1779 per
3379 1710 3539 1763 artus
3582 1705 3795 1779 proprios

2204 1796 2508 1852 videbatur
2534 1795 2645 1851 sibi
2670 1795 2858 1851 votiva
2886 1794 3086 1852 subire
3117 1799 3429 1851 tormenta.

2273 1930 2362 1985 56.
2396 1929 2691 1985 Gadebant
2740 1927 2845 1982 ﬁlii
2888 1928 3197 1984 tormentis
3256 1927 3585 1996 exulcerati,
3627 1926 3800 1983 mortui

2206 2034 2384 2091 super
2412 2021 2674 2073 mortuos
2722 2016 3198 2085 advolvebantur,
3232 2033 3479 2090 corpora
3508 2033 3670 2088 super
3704 2032 3801 2071 cor-

2205 2122 2348 2179 pora
2375 2103 2807 2171 volutabantur,
2843 2106 3035 2176 capita
3065 2121 3242 2177 super
3282 2105 3478 2177 capita
3504 2104 3801 2161 exsecaban-

2204 2200 2319 2249 tur.
2352 2193 2620 2250 Refertus
2649 2196 2773 2249 erat
2802 2194 2967 2249 locus
2997 2193 3384 2249 cadaveribus
3433 2192 3690 2259 filiorum,
3716 2209 3801 2247 non

2206 2283 2363 2339 ﬂevit
2394 2287 2605 2350 mater,
2634 2299 2750 2337 non
2782 2280 3104 2337 lamentata
3147 2285 3254 2349 est,
3287 2299 3410 2337 non
3442 2281 3632 2339 oculos
3655 2281 3807 2352 cujus-

2209 2388 2383 2445 quam
2417 2370 2653 2444 pressit,
2685 2375 2787 2425 aut
2815 2386 2919 2427 ora
2947 2369 3252 2425 morientis
3292 2370 3528 2437 clausit,
3560 2388 3665 2426 non
3704 2368 3809 2425 lavit

2201 2460 2463 2527 vulnera,
2496 2459 2683 2516 sciens
2734 2458 3109 2531 gloriosiores
3158 2475 3309 2523 esse,
3363 2459 3418 2514 si
3466 2459 3738 2515 eviscerati
3769 2461 3809 2512 et

2204 2548 2456 2605 concreti
2510 2548 2724 2621 pariter
2770 2547 3005 2619 pulvere
3052 2554 3107 2603 et
3167 2548 3460 2619 sanguine
3506 2549 3808 2613 viderentur,

2204 2637 2404 2710 quales
2434 2635 2626 2692 solent
2655 2636 2727 2691 de
2758 2634 2910 2692 bello
2942 2636 3131 2691 redire
3158 2636 3633 2710 victores,quales
3660 2635 3809 2691 solent

2200 2731 2416 2799 tropaea
2462 2741 2530 2780 ex
2573 2724 2842 2781 hostibus
2888 2729 3201 2797 reportare.
3233 2726 3361 2781 Non
3417 2724 3810 2800 superjacienda

2198 2814 2511 2881 velamina,
2543 2830 2659 2869 non
2708 2814 3145 2886 prosequendas
3202 2816 3534 2887 exsequias,
3566 2815 3668 2870 nisi
3716 2828 3807 2868 sua:

2201 2918 2435 2975 quoque
2466 2902 2748 2958 comitatu
2783 2902 2988 2957 mortis
3020 2900 3300 2959 arbitrata
3330 2908 3446 2959 est.
3472 2905 3602 2968 Quae
3630 2900 3812 2958 cithara

2200 2991 2491 3048 dulciores
2540 2990 2735 3046 ederet
2782 2994 3015 3060 cantus,
3047 3006 3224 3063 quam
3269 2993 3588 3048 morientes
3631 2989 3721 3045 ﬁlii
3760 2988 3805 3042 in

2197 3085 2318 3137 tam
2336 3079 2614 3153 gravibus
2644 3078 2949 3151 suppliciis
2965 3078 3667 3155 ediderunt?Erumpebat
3684 3076 3809 3134 enim

2204 3173 2425 3225 natura
2457 3166 2734 3241 gemitus,
2766 3168 2944 3223 etiam
2977 3167 3192 3223 invitis.
3222 3169 3650 3242 Spectares'per
3689 3166 3812 3224 ordi-

2202 3274 2337 3314 nem
2368 3256 2805 3329 peremptorum
2839 3256 3120 3312 cadavera
3149 3256 3302 3312 sicut
3340 3257 3449 3314 ﬁla
3486 3257 3815 3318 chordarum,

2202 3346 2438 3401 audires
2491 3343 2953 3416 heptachordum
2984 3343 3329 3416 psalterium
3400 3343 3817 3419 triumphalibus

2203 3433 2519 3507 gemitibus
2545 3431 2851 3489 resultare.
2910 3433 3037 3488 Non
3096 3433 3180 3489 sic
3233 3433 3564 3491 illecebrosi
3626 3432 3718 3496 illi,
3767 3434 3817 3485 ut

2203 3521 2387 3587 aiunt,
2422 3524 2629 3576 cantus
2660 3520 3000 3576 Sirenarum
3054 3520 3422 3578 attraherent
3473 3522 3777 3579 audientem
3806 3533 3815 3570 :

2201 3609 2287 3666 illi
2308 3608 2463 3665 enim
2495 3610 2568 3665 ad
2600 3608 2975 3682 naufragium
3013 3609 3349 3675 trahebant,
3402 3611 3499 3667 isti
3556 3611 3621 3667 ad
3666 3606 3819 3664 sacri—

2205 3698 2322 3754 ficii
2351 3696 2677 3753 victoriam.
2710 3697 2827 3753 Nec
2857 3697 2942 3753 sic
2972 3714 3192 3771 cygnea
3220 3700 3494 3755 carmina
3539 3715 3697 3755 aures
3723 3695 3823 3752 aui-

2206 3803 2489 3859 mumque
2520 3787 2675 3843 480
2732 3784 3055 3843 mulcerent
3113 3804 3126 3842 :
3190 3787 3359 3860 cygni
3428 3788 3582 3845 enim
3633 3789 3819 3842 natura

2206 3881 2362 3932 sorte
2394 3875 2749 3943 moriuntur,
2781 3875 2879 3931 isti
2912 3874 3313 3932 moriebantur
3360 3893 3564 3933 amore
3604 3873 3821 3949 pietatis.

2205 3966 2330 4021 Non
2362 3964 2447 4020 sic
2478 3981 2656 4020 rauca
2679 3966 2954 4019 resonant
2992 3967 3210 4020 secreto
3259 3964 3319 4019 in
3369 3981 3607 4022 nemore
3632 3962 3819 4019 colum-

2205 4056 2416 4111 barum
2446 4057 2843 4121 murmura,ut
2870 4052 3081 4109 ultima
3108 4053 3284 4109 verba
3316 4055 3685 4112 morientium
3712 4065 3821 4107 cum

2208 4160 2442 4200 summa
2480 4142 2766 4198 suavitate
2808 4142 3183 4198 resonabant.
3215 4141 3333 4199 Nec
3381 4144 3469 4200 sic
3519 4142 3653 4198 luna
3697 4141 3824 4195 inter

2208 4230 2406 4288 stellas
2436 4230 2703 4303 refulget,
2738 4234 2803 4301 ut
2851 4230 3003 4286 inter
3047 4229 3202 4286 ﬁlios
3233 4235 3446 4299 mater,
3478 4235 3535 4288 et
3578 4245 3704 4287 cum
3743 4242 3823 4282 eos

2208 4320 2281 4377 ad
2320 4320 2665 4391 martyrium
2718 4317 3124 4374 illuminatura
3171 4319 3508 4387 deduceret,
3540 4316 3825 4391 refulgebat

2208 4413 2266 4465 et
2293 4425 2428 4464 cum
2460 4406 2789 4480 amplexata
2815 4407 3065 4464 victores
3091 4406 3151 4462 in
3184 4408 3377 4465 medio
3410 4408 3660 4465 ﬁliorum
3694 4406 3823 4477 jace-

2209 4501 2315 4553 ret.

2279 4632 2370 4686 57.
2403 4630 2446 4686 0
2478 4646 2615 4685 vera
2648 4632 2835 4685 mater
2881 4630 3193 4685 adamante
3243 4629 3471 4695 fortior,
3516 4626 3681 4683 melle
3720 4620 3826 4679 dul-

2210 4719 2353 4787 cior,
2385 4719 2524 4775 ﬂore
2554 4717 2934 4791 fragrantiorl
2968 4734 3001 4773 o
3032 4715 3444 4774 indissolubile
3473 4715 3701 4791 pietatis
3723 4712 3826 4766 vin-

2212 4806 2441 4864 culum!
2474 4806 2517 4862 Ο
2555 4821 2685 4862 vere
2731 4804 2924 4861 valida
2974 4804 3231 4862 cbaritas
3280 4805 3438 4862 sicut
3487 4821 3643 4862 mors
3683 4801 3828 4863 dura,

2212 4896 2368 4952 sicut
2395 4894 2566 4950 inferi
2612 4891 2773 4950 zelus
2822 4894 2936 4966 (73)
2984 4892 3307 4950 devotionis
3355 4910 3424 4951 ac
3472 4892 3639 4949 ﬁdei!
3684 4885 3831 4945 Nulla

2212 4987 2513 5041 tantarum
2544 4981 2766 5038 diluvia
2787 4980 3132 5053 passionum
3153 4986 3318 5041 tuam
3344 4982 3658 5054 potuerunt
3674 4972 3832 5034 chari-

2285 5141 2400 5213 (72)
2428 5141 2645 5197 Omnes
2674 5140 2842 5209 edit.,
2862 5143 3124 5213 impetum
3145 5150 3426 5213 petamus.
3456 5142 3665 5198 Omnes
3686 5151 3829 5213 mss"

2216 5211 2478 5285 impetum
2503 5220 2867 5281 proteramus,
2899 5211 3284 5285 eicepto'uno
3313 5214 3469 5281 ναι..
3500 5212 3560 5268 in
3591 5226 3699 5283 quo
3740 5211 3830 5262 imo

2209 5293 2400 5358 return
2426 5291 2809 5358 erwoptamus-
2872 5353 2886 5358 _
3025 5357 3029 5358 ,
3392 5354 3405 5358 _
3623 5354 3632 5358 _
3708 5357 3712 5358 ,
3769 5348 3777 5357 .

2287 5356 2399 5427 (73)
2427 5353 2770 5427 Rom.__edit.
2805 5353 3119 5427 sola,‘sicut
3163 5372 3328 5427 mors,
3370 5354 3544 5427 durus
3583 5354 3716 5409 sicut
3756 5353 3832 5427 ia-

2214 5419 2324 5552 {eri
2358 5419 2529 5482 zelus.
2566 5424 2651 5480 Illi
2699 5430 2897 5480 tamen
2924 5419 3158 5507 favent.
3188 5419 3343 5509 LXX,
3374 5426 3533 5498 apud
3581 5439 3719 5495 quos
3755 5419 3835 5505 hic

2240 5515 2380 5552 ocus
2431 5498 2597 5552 Cant.
2646 5513 2766 5552 vm.
2816 5498 2871 5552 6.
2921 5502 3002 5552 Ita
3049 5498 3325 5552 scribltur
3370 5513 3382 5552 :
3422 5498 3760 5552 ’Ὀτιιραταιά
3784 5512 3835 5549 ως

2240 5515 2380 5554 ocus
2431 5498 2597 5554 Cant.
2646 5513 2766 5564 vm,
2816 5498 2871 5565 6,
2921 5496 3002 5553 ita
3049 5496 3325 5554 scribitur
3370 5494 3760 5566 ετότιιραταιά
3784 5494 3835 5549 ὡς

2217 5578 2427 5635 Θάνατος
2455 5577 2647 5643 ἀγάπη,
2682 5575 2898 5641 σκληρὸς
2928 5576 2988 5636 ὡς
3016 5576 3135 5643 ᾅδης
3163 5577 3325 5640 ζῆλος.
