4012 6192
197 346 332 425 .69
978 348 1211 413 LIBER
1253 350 1357 412 DE
1400 351 1696 415 JOSEPH
1740 351 2272 416 PATRIARCHA.
2298 350 2859 418 —ADMONITIO.
3485 355 3622 421 '670

196 485 395 541 tatem
426 482 750 552 excludere,
783 482 947 540 nulla
976 482 1262 541 inundare
1297 500 1425 541 eam
1461 484 1704 542 ﬁumina
1733 489 1865 542 tan-
1893 489 1950 555 Α
1980 487 2175 543 formae
2217 491 2420 543 vestra:
2469 490 2525 543 et
2572 487 2900 543 animarum
2950 486 3447 546 similitudinem?
3492 492 3621 548 Ste-

199 576 408 628 tarum
442 573 849 629 acerbitatum.
882 572 1048 629 Sicut
1078 589 1214 629 arca
1246 572 1304 628 in
1339 572 1440 629 ille
1474 574 1677 629 mundi
1711 574 1863 629 dilu-
1974 575 2131 631 tistis
2160 576 2313 632 inter
2333 577 2617 633 exercitus
2648 576 2861 649 regies,
2886 578 3100 649 quibus
3132 583 3290 633 totus
3323 579 3432 634 fuit
3461 581 3621 637 orbis

196 661 294 717 vio
328 661 517 717 totius
563 661 721 717 orbis
768 660 974 734 spatiis
1024 662 1278 718 innocua
1326 662 1621 718 ferebatur
1652 680 1665 717 :
1700 663 1782 718 ita
1810 668 1865 719 et
1973 668 2262 719 terrarum
2294 665 2767 737 subactus,ques
2805 666 2967 720 India
2995 683 3227 738 quoque
3270 667 3329 722 in
3377 669 3617 725 extremi

198 754 264 806 tu
292 752 584 807 adversus
606 751 818 807 ﬂuctus
840 756 959 807 tam
982 751 1249 823 gravium
1277 752 1620 823 passionum
1650 752 1866 824 pietate
1975 752 2156 808 maris
2187 757 2409 809 secreta
2453 754 2748 825 refugiens
2798 771 2911 809 non
2946 754 3278 822 declinavit,
3309 759 3365 810 et
3393 756 3500 811 soli
3549 758 3622 813 de

197 839 537 896 immobilis
585 839 876 905 restitisti,
906 844 963 896 et
992 856 1126 924 cum
1160 856 1361 912 posses
1412 840 1663 897 salutem
1716 841 1862 896 ﬁlio-
1975 859 2108 915 rege
2147 843 2399 913 superbo
2448 842 2571 897 sine
2623 843 2829 898 bellico
2860 843 3131 899 conﬂictu
3181 844 3480 899 victoriam
3532 864 3619 902 re-

200 945 346 984 rum
376 928 614 1001 eligere,
647 928 911 985 noluisti.
1038 966 1041 969 ν
1974 931 2270 1001 portastis.
2301 930 2579 986 Vicerunt
2608 931 2665 985 in
2693 932 2858 987 vobis
2888 931 3013 986 sola
3041 949 3207 988 arma
3233 934 3466 1005 pietatis
3492 953 3504 990 :
3528 936 3621 991 de-

274 1019 375 1073 58.
409 1018 528 1082 Quo
578 1018 789 1075 affectu
833 1034 934 1073 ves
996 1034 1337 1090 prosequar,
1388 1022 1600 1073 sancta
1660 1019 1865 1075 matris
1974 1020 2061 1074 dit
2110 1036 2311 1091 poenas
2361 1024 2666 1092 tyrannus,
2699 1026 2755 1074 et
2784 1021 2923 1091 quia
2950 1038 3053 1076 vos
3096 1038 3210 1077 non
3262 1023 3450 1093 potuit
3495 1024 3620 1078 vin-

200 1104 309 1177 pia
342 1105 627 1177 pignora?
648 1108 771 1172 Quo
795 1105 1065 1179 penicillo
1088 1105 1379 1161 sermonis
1401 1106 1512 1161 mei
1537 1106 1861 1162 describam
1974 1124 2122 1171 cere,
2156 1112 2211 1162 et
2244 1108 2379 1179 quia
2410 1108 2588 1164 atroci
2622 1114 2956 1181 peremptus
2988 1115 3075 1164 est
3108 1115 3312 1166 morte.

201 1257 1492 1285 επ

495 1404 608 1486 ΙΝ
667 1401 1104 1489 LIBRUM
1162 1398 1303 1486 DE
1360 1402 1775 1489 JOSEPH
1833 1403 2595 1488 PATllllIAllCHA
2658 1403 3337 1491 ADll'IONll'ii).

2564 1278 2797 1285 ——.——————

270 1676 630 1733 Ambrosius
648 1677 772 1748 jam
805 1676 942 1731 inde
971 1677 1045 1731 ab
1075 1674 1309 1731 exordio
1340 1675 1518 1746 hujus
1548 1676 1740 1748 operis
1772 1677 1894 1748 ipse
1925 1692 2226 1732 sacrorum
2260 1676 2621 1732 voluminum
2656 1676 2859 1732 ordine
2890 1677 3205 1733 adductum
3240 1695 3301 1734 se
3333 1696 3459 1736 esse
3491 1697 3624 1753 pro-

195 1766 410 1821 ﬂtetur
440 1766 590 1837 (cap.
627 1765 676 1830 1,
712 1779 876 1819 num.
911 1766 983 1835 1),
1020 1768 1084 1818 ut
1114 1763 1279 1819 libris
1309 1764 1382 1819 De
1411 1764 1705 1829 Abraham,
1732 1766 1899 1830 Isaac,
1931 1773 1981 1819 et
2009 1765 2199 1830 Jacob,
2223 1763 2281 1819 in
2313 1763 2502 1819 lucem
2536 1765 2728 1832 editis,
2762 1765 3027 1820 nonnihil
3062 1767 3117 1819 in
3148 1768 3363 1838 Josepb
3396 1786 3626 1841 quoque

193 1854 520 1910 historiam
553 1852 954 1909 meditaretur.
988 1852 1268 1915 Quocirca
1316 1856 1447 1923 post
1497 1853 1818 1924 expositam
1866 1855 1928 1907 in
1977 1854 2250 1908 Abraham
2300 1855 2597 1924 impigram
2642 1854 2773 1924 ﬁdei
2816 1854 3154 1909 devotionem
3186 1855 3393 1926 (Ibid),
3427 1857 3484 1911 id
3517 1861 3623 1938 est,

194 1942 480 1999 animum
511 1941 725 1997 divinis
778 1940 1082 2013 imperatis
1131 1941 1753 2012 obsequentissimum,
1786 1944 1845 1996 in
1894 1943 2046 1996 Isaac
2092 1943 2323 1998 sincerae
2372 1944 2571 1997 mentis
2616 1945 2939 2014 puritatem,
2970 1943 3025 1997 id
3076 1946 3183 2007 est,
3214 1949 3469 1999 mentem
3500 1961 3627 2015 qua

192 2030 494 2087 omnibus
521 2028 716 2085 seculi
745 2028 921 2084 naavis
968 2045 1033 2084 ac
1086 2029 1358 2085 sordibus
1388 2030 1671 2085 abstersis
1701 2047 1835 2085 cum
1864 2030 2054 2085 Verbo
2101 2036 2313 2086 aeterno
2364 2031 2638 2086 intimum
2691 2032 2985 2103 quoddam
3040 2030 3320 2102 spiritalis
3351 2034 3629 2088 connubii

194 2120 401 2175 fdzdus
434 2118 611 2185 ineat,
634 2118 887 2189 denique
916 2120 974 2173 in
998 2118 1160 2174 Jacob
1187 2119 1525 2189 singularem
1555 2121 1759 2186 animi,
1791 2120 2146 2190 laborumque
2168 2120 2527 2189 patientiam,
2551 2120 2720 2189 cujus
2753 2118 3031 2174 beneﬁcio
3054 2119 3140 2173 vel
3166 2120 3220 2173 in
3248 2120 3630 2177 atrocissimis

190 2206 550 2263 infortuniis
579 2207 876 2262 beatitudo
908 2206 1228 2263 retineatur
1258 2223 1271 2260 ε
1308 2224 1422 2262 non
1456 2212 1763 2263 contentus
1792 2207 1900 2262 has
1948 2223 2151 2263 omnes
2179 2208 2425 2263 virtutes
2477 2207 2625 2279 style
2672 2206 3017 2267 celebrasse.
3056 2206 3274 2279 aliquid
3311 2208 3501 2263 adhuc
3533 2202 3628 2264 ex-

194 2294 478 2369 pressius
506 2310 573 2349 ac
604 2293 793 2367 magis
822 2295 1275 2350 determinatam
1305 2295 1364 2349 in
1393 2294 1671 2367 Jesephe,
1704 2296 1873 2366 cujus
1903 2296 2195 2366 praecipua
2223 2294 2352 2350 laus
2382 2296 2439 2349 in
2472 2295 2737 2350 castitate
2770 2296 2958 2366 posita
2984 2300 3090 2362 est,
3122 2311 3444 2367 proponere
3473 2297 3629 2369 apud

194 2400 263 2441 se
294 2382 533 2439 statuit.
567 2383 630 2437 In
662 2382 1064 2454 superioribus
1095 2383 1309 2438 nostris
1338 2383 1854 2438 Admonitionibus
1884 2383 2382 2455 quemadmodum
2415 2384 2472 2438 S.
2507 2383 2717 2455 praesul
2753 2387 3107 2438 memoratas
3136 2385 3475 2439 eorumdem
3510 2385 3627 2457 pri-

198 2488 448 2529 morum
495 2470 957 2543 patriarcharum
1004 2470 1250 2527 virtutes
1296 2472 1670 2528 edisserendo
1725 2472 1990 2544 ipsorum
2047 2472 2351 2527 historiam
2383 2471 2893 2535 demonstraverit,
2927 2471 3254 2543 expositum
3305 2478 3423 2539 est;
3474 2490 3628 2529 nunc

199 2560 417 2634 paucis
450 2576 567 2631 qua
592 2559 814 2615 ratione
843 2560 915 2615 ad
945 2559 1140 2632 ipsum
1170 2566 1230 2616 in
1262 2560 1509 2617 historia
1536 2560 1774 2633 Jesepbi
1803 2560 2153 2634 praestiterit,
2189 2560 2626 2633 inquirendum.

272 2648 572 2721 Principio
602 2649 771 2704 docet
822 2649 1143 2721 Josephum
1178 2650 1346 2706 nobis
1406 2650 1649 2723 proponi
1711 2655 1974 2721 tanquam
2009 2651 2291 2721 speculum
2319 2651 2587 2704 castitatis
2619 2649 2774 2719 (Ibid.
2813 2665 2975 2702 num.
3009 2648 3087 2719 2),
3121 2664 3255 2703 cum
3314 2664 3382 2703 ea
3440 2650 3625 2705 virtus

202 2737 388 2794 simul
421 2740 481 2791 et
510 2737 734 2808 quidam
776 2738 1114 2794 castimonia
1161 2753 1335 2794 comes
1363 2741 1516 2794 nitor
1553 2741 1755 2809 gratim
1782 2739 1840 2793 in
1871 2740 1999 2810 ejus
2031 2738 2295 2792 moribus
2325 2736 2611 2809 factisque
2661 2736 2934 2792 omnibus
2983 2736 3403 2808 perfectissime
3452 2736 3628 2791 reful-

199 2830 363 2900 geat.
395 2825 681 2889 Quoniam
708 2842 842 2881 vero
896 2842 1190 2898 nusquam
1251 2826 1459 2897 majori
1490 2842 1623 2882 cum
1682 2827 1991 2900 splendore
2022 2826 2207 2882 sancti
2240 2824 2627 2881 adolescentis
2685 2824 2965 2897 pudicitia
3020 2825 3249 2893 enituit,
3286 2844 3461 2898 quam
3493 2844 3627 2884 cum

201 2915 405 2988 ipsam
441 2930 586 2970 uxor
613 2914 949 2987 Putipbaris
980 2916 1133 2986 apud
1165 2931 1338 2987 quem
1370 2914 1468 2970 ille
1516 2916 1825 2983 serviebat,
1852 2914 2163 2987 multiplici
2196 2915 2483 2971 lenocinio
2528 2914 3104 2987 improbissimisque
3136 2915 3441 2971 conatibus
3470 2916 3627 2973 labe-

201 3004 429 3060 factare
459 3006 667 3059 conata
694 3008 810 3070 est;
844 3018 913 3058 ea
960 3008 1195 3075 propter
1239 3002 1535 3075 singulare
1582 3004 1691 3060 hoc
1741 3004 2006 3076 ejusdem
2056 3003 2398 3076 patriarcha:
2445 3008 2853 3058 ornamentum
2884 3008 2939 3057 S.
2977 3004 3323 3059 Ambrosius
3361 3009 3483 3060 tota
3511 3006 3630 3061 elo-

204 3092 467 3164 quentiaa
516 3091 717 3148 suaevi
758 3090 1050 3164 praedicat,
1082 3091 1216 3147 licet
1271 3108 1389 3147 uno
1442 3095 1673 3148 tantum
1728 3093 1913 3165 capite
1943 3094 2092 3165 (cap.
2124 3095 2200 3164 5),
2237 3092 2656 3147 difﬁcillimum
2714 3091 2857 3147 illud
2909 3097 3201 3148 certamen
3262 3110 3326 3148 ac
3380 3094 3626 3165 periculi

204 3178 628 3253 plenissimum
661 3178 1185 3251 comprehenderit.
1221 3179 1344 3235 Illic
1402 3180 1588 3252 aperit
1616 3181 1815 3237 omnia
1870 3181 2278 3237 illecebrarum
2338 3185 2513 3253 atque
2570 3180 2787 3235 artium
2828 3196 3041 3252 genera
3098 3181 3316 3252 quibus
3348 3188 3629 3255 corruptae

203 3266 493 3323 mulieres
541 3271 767 3323 amatos
819 3283 1213 3340 corrumpere,
1245 3283 1564 3339 eorumque
1592 3268 2013 3325 continentiam
2064 3286 2396 3342 expugnare
2447 3268 2889 3341 aggrediuntur.
2925 3270 3327 3325 Constantiam
3377 3288 3630 3343 acepru-

204 3355 472 3412 dentiam
503 3354 719 3427 quibus
748 3355 808 3410 S.
840 3354 1058 3428 Josepb
1090 3354 1249 3411 illius
1295 3355 1606 3426 petitiones
1636 3373 1791 3411 nunc
1839 3358 2182 3424 resistendo,
2219 3375 2373 3413 nunc
2403 3358 2679 3430 fugiendo
2731 3375 2929 3413 cessas
2979 3358 3251 3425 reddidit,
3286 3359 3623 3432 amplificat.

205 3443 432 3499 Monita
457 3443 707 3499 subinde
752 3443 963 3499 inserit
1006 3442 1389 3499 instituendis
1420 3444 1685 3501 moribus
1717 3444 2053 3501 utilissima.
2089 3451 2387 3502 Postremo
2437 3448 2577 3501 dum
2631 3446 3033 3502 castissimum
3083 3447 3307 3503 huncce
3352 3448 3627 3504 victorem

203 3533 607 3598 commendat,
641 3530 884 3587 minime
932 3531 1293 3598 dubitanter,
1321 3548 1422 3603 pro
1468 3534 1736 3599 castitate,
1768 3532 1961 3604 inquit
1991 3536 2147 3605 (Ibid.
2184 3551 2345 3589 num.
2382 3537 2491 3604 26).
2523 3537 2857 3606 martyrium
2898 3537 3133 3603 subibat,
3168 3537 3447 3591 nimirum
3496 3554 3629 3592 eum

204 3620 466 3676 scelestis
491 3618 653 3675 illius
679 3620 915 3676 virtutis
940 3635 1117 3675 causa
1162 3619 1220 3675 in
1269 3620 1503 3677 vincula
1534 3621 1656 3693 rapi
1688 3637 1750 3677 se
1780 3623 2129 3694 patiebatur,
2163 3624 2233 3678 de
2265 3622 2598 3678 refellendis
2632 3622 2781 3677 herae
2814 3640 2931 3678 suae
2964 3623 3275 3680 calumniis
3324 3626 3630 3697 haudqua-

207 3724 392 3782 quam
425 3706 735 3764 sollicitus.

281 3798 568 3855 Ceterum
598 3802 805 3870 prater
854 3796 1006 3853 hanc
1057 3797 1292 3853 laudem
1351 3802 1490 3853 sunt
1546 3803 1603 3854 et
1660 3798 1774 3853 alia
1830 3799 2017 3856 multa
2051 3801 2109 3855 in
2138 3800 2254 3855 vita
2281 3799 2545 3871 Jesephi,
2580 3817 2706 3871 quae
2749 3816 3044 3855 summam
3099 3801 3626 3858 considerationem

212 3890 571 3943 mereantur.
602 3886 707 3941 Illa
735 3886 941 3942 beatus
972 3886 1173 3943 doctor
1218 3885 1451 3943 silentio
1499 3888 1893 3959 praetermissa
1921 3888 2127 3955 noluit,
2159 3890 2259 3944 sed
2312 3905 2379 3944 ea
2427 3888 2647 3944 ratione
2694 3888 3083 3960 pertractavit,
3119 3906 3296 3959 quam
3345 3889 3627 3945 hactenus

213 3975 273 4031 in
305 3974 658 4031 exornandis
709 3975 1038 4048 priscorum
1090 3975 1556 4049 patriarcharum
1586 3976 1772 4049 gestis
1805 3994 1920 4033 non
1950 3978 2318 4033 adhibuerat.
2353 3976 2704 4048 Auspicatur
2732 3978 2881 4050 (cap.
2921 3978 2970 4043 1,
3006 3993 3169 4031 num.
3203 3978 3257 4048 3)
3289 3978 3361 4031 ab
3410 3975 3627 4033 invidia

209 4080 341 4136 qua;
371 4063 578 4120 fratres
623 4063 686 4119 in
732 4062 1053 4136 Jesepbum
1113 4062 1543 4120 stimulaveratf
1577 4081 1643 4120 ac
1673 4066 1802 4135 ejus
1834 4066 2140 4121 occasione
2172 4065 2471 4121 nonnullis
2503 4067 2657 4121 circa
2688 4065 2903 4121 amoris
2936 4081 3111 4136 quem
3170 4069 3438 4137 parentes
3489 4081 3627 4137 erga

202 4150 422 4207 liberos
454 4168 568 4223 prae
599 4167 660 4207 se
692 4150 841 4207 ferre
890 4155 1172 4224 oporteat,
1199 4151 1590 4223 aequalitatem
1622 4153 2128 4209 observationibus
2171 4152 2513 4225 przemissis,
2544 4153 2867 4226 Josephum
2899 4152 3108 4207 Christi
3165 4153 3389 4207 Domini
3419 4157 3625 4225 typum

203 4257 270 4296 ac
302 4240 553 4312 ﬁguram
584 4239 829 4295 somniis
860 4239 985 4295 suis
1016 4239 1311 4295 exstitisse
1352 4241 1718 4296 demonstrat
1747 4242 1896 4313 (cap.
1930 4244 2007 4313 2).
2040 4242 2259 4298 Deinde
2291 4242 2577 4315 quidquid
2613 4243 2670 4297 in
2704 4242 2910 4298 Genesi
2945 4242 3017 4297 de
3046 4247 3247 4297 sancto
3298 4242 3626 4313 patriarcha

199 4328 441 4403 legitur,
467 4327 611 4384 satis
640 4332 911 4384 accurate
948 4343 1322 4400 percenseas,
1352 4345 1556 4385 omnes
1587 4331 2012 4401 propemodum
2069 4333 2198 4401 ejus
2245 4331 2502 4386 actiones
2555 4331 2795 4403 mystice
2842 4335 3016 4402 atque
3063 4329 3122 4384 in
3176 4331 3366 4400 ﬁgwxa
3395 4329 3623 4387 Christo

196 4415 525 4485 convenire,
560 4417 921 4489 proindeque
946 4417 1102 4474 hunc
1132 4418 1328 4489 ipsum
1359 4434 1462 4489 pre
1493 4435 1626 4474 vero
1657 4420 1968 4491 Scriptura:
1997 4419 2250 4491 Jesephe
2293 4419 2631 4475 habendum
2663 4420 2848 4475 docet.
2888 4420 2947 4474 Id
2981 4419 3215 4490 quidem
3251 4420 3392 4475 adeo
3423 4427 3620 4477 exacte

195 4505 430 4577 probat,
461 4508 528 4560 ut
555 4506 703 4561 bene
750 4505 956 4561 multis
985 4505 1222 4577 Jesephi
1254 4522 1323 4561 ex
1351 4505 1499 4562 libre
1526 4506 1755 4573 Genesi,
1787 4511 1844 4563 et
1873 4507 2083 4569 Christi
2119 4524 2188 4562 ex
2220 4508 2531 4579 Evangelio
2566 4508 2757 4564 verbis
2790 4508 2900 4563 sibi
2932 4508 3178 4563 invicem
3212 4509 3520 4581 oppositis,
3556 4527 3624 4565 ea

196 4594 521 4649 maximam
550 4594 707 4650 inter
736 4610 799 4650 se
830 4594 1237 4667 cognationem
1271 4595 1485 4650 habere
1515 4596 1821 4667 patefaciet
1851 4596 1997 4667 (cap.
2042 4600 2105 4651 12
2136 4602 2192 4652 et
2225 4597 2332 4665 13).
2362 4596 2621 4668 Denique
2654 4613 2786 4651 cum
2821 4597 2878 4651 in
2912 4596 3019 4651 hec
3054 4597 3182 4669 ipsa
3210 4597 3457 4654 historia
3488 4599 3619 4653 reli-

196 4681 333 4754 quis
362 4681 541 4737 etiam
572 4682 710 4738 ﬁliis
738 4682 918 4738 Jaeeb
948 4700 1066 4738 sua:
1100 4687 1293 4754 partes
1337 4682 1575 4749 fuerint,
1606 4683 1859 4739 indictos
1890 4685 2124 4740 eosdem
2160 4702 2271 4740 non
2320 4684 2479 4750 sinit,
2511 4686 2613 4740 sed
2644 4684 2701 4740 in
2732 4686 3035 4757 Benjamin
3068 4686 3387 4742 exhibitam
3438 4687 3619 4741 fuisse

198 4769 364 4826 Pauli
394 4786 571 4842 quem
604 4770 836 4827 eximiis
866 4770 1142 4827 laudibus
1171 4771 1568 4843 prosequitur,
1601 4772 1915 4844 imaginem
1950 4773 2148 4838 tradit,
2180 4773 2240 4827 in
2273 4772 2406 4828 aliis
2437 4790 2569 4829 vero
2603 4775 2881 4829 fratribus
2913 4790 3246 4847 expressam
3280 4775 3613 4830 Judaeerum

193 4858 256 4914 in
286 4874 443 4930 quos
469 4858 783 4928 invehitur,
816 4859 1119 4931 perﬁdiam
1170 4863 1344 4931 atque
1397 4860 1849 4929 immanitatem,
1880 4862 2148 4933 quamvis
2177 4862 2338 4933 ipsos
2382 4878 2616 4934 quoque
2662 4864 2736 4919 ad
2788 4863 2961 4918 ﬁdem
3011 4862 3248 4917 tandem
3300 4860 3615 4931 aliquando

194 4950 578 5020 perventuros
608 4947 920 5021 signiﬁcet.

263 5036 515 5093 Crebrae
544 5037 781 5108 quidem
812 5037 1204 5111 expositiones
1251 5054 1317 5093 ac
1365 5038 1779 5111 praeceptiones
1809 5055 1936 5110 quas
1970 5037 2312 5095 Christiane:
2367 5039 2546 5111 plebis
2598 5041 2860 5096 moribus
2909 5040 3255 5096 conducant.
3292 5036 3398 5092 toti
3452 5036 3612 5108 operi

188 5125 332 5197 pius
359 5124 563 5181 doctor
590 5125 895 5198 inspergit,
926 5131 1328 5182 verumtamen
1380 5126 1437 5181 in
1486 5127 1742 5183 eruende
1774 5126 2019 5199 mystice
2049 5145 2227 5183 sensu
2272 5128 2497 5184 laborat
2530 5130 2875 5201 impensius.
2914 5128 3073 5182 Unde
3126 5142 3241 5180 uno
3290 5125 3463 5180 verbo
3496 5142 3609 5181 non

186 5212 418 5285 injuria
444 5217 703 5269 statuere
728 5214 862 5286 quis
891 5215 1081 5287 possit
1110 5215 1220 5271 hoc
1248 5214 1397 5271 libro
1429 5214 1509 5270 nil
1544 5216 1827 5271 contineri
1861 5216 1975 5270 nisi
2009 5216 2318 5288 mysticam
2368 5218 2789 5289 expositionem
2840 5232 3042 5271 eorum
3092 5214 3357 5270 omnium
3389 5230 3516 5284 qua:
3549 5213 3607 5268 in

186 5300 405 5357 Genesi
439 5302 512 5357 de
539 5305 742 5358 sancte
770 5303 985 5377 Jeseph
1018 5320 1053 5359 a
1080 5303 1446 5359 somniorum
1491 5303 1678 5375 ipsius
1726 5305 2057 5360 narratione
2087 5306 2159 5361 ad
2191 5311 2526 5377 susceptam
2561 5306 2973 5378 protectionem
3008 5320 3121 5375 quo
3171 5302 3319 5374 patri
3351 5302 3422 5356 ad
3455 5319 3518 5357 se
3550 5302 3604 5356 in

181 5392 508 5463 Egyptum
535 5391 789 5447 venienti
820 5393 1050 5448 obviam
1083 5392 1212 5460 iret,
1246 5398 1666 5449 memorantur.

257 5477 506 5535 Minime
536 5496 678 5536 sane
707 5482 1025 5537 obscurum
1060 5486 1150 5537 est
1192 5482 1343 5538 hanc
1393 5481 1860 5538 lucubrationem
1891 5500 2008 5539 non
2039 5500 2208 5540 secus
2240 5501 2305 5539 ac
2336 5483 2666 5555 superiores
2698 5497 2899 5536 omnes
2932 5499 2965 5536 a
2993 5481 3159 5536 libris
3208 5482 3282 5536 De
3330 5481 3605 5537 Abraham

178 5567 572 5624 cencionibus
603 5569 913 5626 Mediolani
945 5570 1343 5644 pronuntiatis
1375 5574 1662 5625 constare.
1697 5570 1807 5625 Sed
1839 5587 1972 5627 cum
2004 5571 2250 5627 aliorum
2295 5574 2521 5624 aetatem
2556 5585 2584 5623 ο
2618 5578 2877 5641 tempore
2909 5585 3023 5641 quo
3074 5569 3254 5642 hujus
3305 5584 3606 5625 sermones

178 5655 377 5714 habiti
409 5655 646 5724 fuerint,
678 5659 969 5733 precipue
1019 5659 1288 5733 cognosci
1319 5676 1499 5732 supra
1546 5658 2056 5728 afﬁrmaverimus,
2088 5676 2243 5716 nunc
2274 5657 2442 5715 nobis
2497 5662 2562 5714 ut
2624 5657 2767 5713 illud
2823 5657 3064 5731 planum
3123 5658 3605 5734 exploratumque
