4012 6192
452 342 611 416 απ
1247 376 1257 387 ι
1917 346 1984 412 s.
2029 326 2409 413 AMBROSII
3696 326 3789 416 et

455 485 758 552 faciamus,
791 493 969 557 epera
997 478 1266 540 navanda
1294 483 1402 539 est.
1434 476 1673 539 Nullum
1722 496 1896 556 porro
1923 479 2175 540 validius
2203 496 2333 539 esse
2364 485 2642 558 putamus
2672 478 2749 539 ad
2776 476 2929 538 hanc
2958 474 3085 538 rem
3126 482 3535 562 argumentum
3572 471 3793 555 quam

448 574 625 629 verba
654 588 782 644 quae
814 572 1118 629 occasione
1146 572 1327 628 unius
1357 589 1389 629 e
1419 571 1651 629 duobus
1682 570 2001 628 Pharaonis
2030 569 2319 627 eunuchis
2347 568 2441 626 cui
2472 571 2532 626 in
2563 574 2795 627 carcere
2819 562 3039 643 Joseph
3069 564 3392 626 exn-omum
3422 566 3596 628 crueis
3619 566 3794 647 suppli-

449 662 610 718 cium
640 661 992 718 vaticinatus
1040 666 1147 732 est,
1181 661 1454 717 dicantur
1484 678 1515 717 a
1549 662 1607 718 S.
1643 660 1923 717 antistite.
1957 661 2186 717 Etenim
2238 659 2391 716 alius
2439 659 2747 716 eunuchus
2776 659 2859 716 ibi
2907 657 3262 715 describitur
3289 658 3435 731 (cap.
3464 654 3515 729 6‘,
3545 666 3686 716 num.
3711 656 3797 731 33),

452 750 553 824 qui
586 754 723 807 ante
751 750 1053 806 biennium
1087 748 1457 820 imperatoris
1496 749 1687 804 favore
1717 748 2003 820 tumidus,
2036 747 2302 805 Ecclesia;
2334 752 2559 804 tantam
2604 748 2962 821 irrogaverat
3004 742 3439 815 contumeliam,
3469 750 3532 803 ut
3553 762 3666 804 eam
3689 748 3801 805 Sau-

453 844 585 896 ctus
616 846 818 896 noster
846 839 1017 895 dictis
1047 855 1296 910 quorum
1343 837 1684 893 meminisse
1724 838 1850 909 jam
1900 854 2014 893 non
2065 836 2304 905 libebat,
2335 837 2647 894 retundere
2696 841 2853 894 esset
2898 838 3155 893 coactus.
3187 835 3292 892 Hic
3351 836 3501 892 idem
3554 837 3803 893 eunuchus

450 934 732 1000 tanquam
767 928 913 984 alter
940 927 1130 983 Doech
1180 927 1380 999 fraude
1423 944 1603 999 regem
1656 928 1943 983 commovit
1970 927 2029 981 in
2060 925 2378 995 sacerdotis,
2409 925 2467 980 id
2521 930 2612 980 est
2667 925 2981 997 ipsiusmet
3022 922 3334 992 Ambrosii,
3363 925 3650 998 periculum
3676 925 3803 995 (Ibid.

450 1034 614 1074 num.
649 1017 763 1087 35),
797 1020 854 1071 et
880 1021 1162 1087 tanquam
1197 1016 1345 1071 alter
1392 1018 1581 1071 Aman
1632 1014 1949 1071 crudeliter
1980 1014 2377 1070 orthodoxam
2407 1011 2691 1086 populum
2740 1013 3042 1086 exagitans
3090 1017 3264 1085 atque
3312 1010 3594 1079 divexans,
3622 1013 3806 1070 nullum

448 1104 704 1176 lapidem
738 1122 853 1160 non
886 1105 1177 1170 movebat,
1210 1110 1275 1160 ut
1302 1105 1388 1159 illi
1420 1122 1561 1160 suas
1590 1103 1878 1160 Ecclesias
1928 1104 2197 1175 eriperet,
2228 1116 2445 1175 easque
2488 1100 2741 1172 Arianis,
2774 1114 3026 1175 quorum
3075 1100 3435 1175 impietatem
3481 1102 3807 1186 sequebatur,

452 1198 758 1250 assereret.
788 1194 874 1248 Ad
905 1198 1228 1258 extremum
1261 1210 1326 1249 eo
1357 1193 1537 1248 crevit
1587 1194 1715 1264 ejus
1764 1193 2020 1248 amentia
2049 1195 2115 1248 ut
2142 1190 2291 1259 aliis,
2324 1208 2536 1264 nempe
2574 1196 2778 1249 sancte
2804 1191 3079 1264 episeopo
3106 1191 3421 1249 intentaret
3460 1192 3653 1248 mortis
3690 1192 3811 1264 peri-

453 1280 652 1337 culum
688 1298 701 1337 :
735 1282 837 1337 sed
871 1298 985 1336 non
1018 1282 1325 1337 advertens
1351 1300 1479 1354 quae
1526 1282 1638 1353 ipsi
1666 1281 1754 1336 vir
1783 1286 2021 1337 sanctus
2074 1281 2429 1354 praediceret,
2461 1280 2785 1336 minabatur
2805 1280 2938 1337 aliis
2978 1282 3096 1354 ipse
3137 1295 3270 1337 mox
3296 1281 3561 1353 supplicio
3587 1279 3812 1337 dedendas

454 1380 699 1427 e.l'tremo
732 1370 888 1442 (Ibid.
925 1387 1087 1425 num.
1121 1370 1232 1442 34).
1266 1371 1336 1425 Et
1362 1387 1421 1425 re
1449 1386 1580 1425 vera
1611 1368 1767 1425 haud
1799 1369 1878 1425 ita
1908 1369 2092 1426 multo
2124 1373 2256 1443 post
2284 1369 2475 1426 favore
2518 1368 2894 1442 imperatoris
2912 1368 3143 1437 excidit,
3175 1372 3235 1425 et
3261 1370 3398 1426 licet
3418 1368 3627 1443 impius
3652 1368 3735 1426 ille
3758 1370 3813 1424 ad

450 1458 663 1516 Christi
695 1459 865 1530 cujus
898 1457 1263 1513 divinitatem
1314 1456 1701 1525 inﬁciabatur,
1736 1474 1989 1527 servum,
2022 1458 2132 1514 hoc
2179 1462 2268 1514 est
2313 1457 2716 1529 Ambrosium,
2748 1474 2926 1530 quem
2957 1462 3079 1514 tam
3109 1457 3430 1515 insolenter
3475 1460 3653 1515 fuerat
3693 1457 3814 1514 inse-

449 1551 664 1615 ctatus,
698 1546 1077 1619 confugisset,
1112 1562 1247 1601 mox
1277 1550 1472 1601 tamen
1504 1545 1795 1602 carnificis
1826 1544 2020 1617 gladio
2051 1548 2358 1601 truncatus
2386 1550 2494 1600 est.

517 1637 600 1691 Ex
630 1635 740 1691 hac
773 1639 896 1691 tota
924 1632 1206 1691 orationis
1261 1634 1410 1689 serie
1467 1650 1814 1707 cognoscere
1843 1637 1933 1689 est
1960 1638 2081 1689 tam
2120 1633 2327 1689 sedulo
2355 1632 2661 1690 historiam
2720 1633 2872 1690 hanc
2929 1634 3053 1690 suis
3111 1633 3390 1692 omnibus
3443 1633 3718 1705 adjwtnot'ls
3761 1634 3817 1689 ab

445 1723 759 1780 Ambrosio
774 1722 1079 1779 ‘excultam
1112 1727 1169 1777 et
1198 1721 1367 1794 quasi
1398 1723 1668 1778 vestitam
1700 1722 1902 1791 fuisse,
1936 1725 2001 1777 ut
2032 1721 2113 1777 nil
2152 1721 2267 1778 nisi
2315 1721 2475 1779 illius
2504 1736 2682 1794 quem
2730 1721 3127 1795 spectabatea
3154 1722 3436 1792 narratio,
3467 1734 3667 1779 nomen
3691 1721 3817 1778 desi-

445 1811 638 1868 derari
678 1811 990 1867 videretur.
1024 1811 1086 1866 Id
1138 1816 1290 1867 certe
1338 1827 1456 1866 non
1506 1815 1736 1882 poterat
1781 1810 2147 1868 auditoribus
2177 1810 2725 1884 esseiincogaitum,
2756 1824 2955 1883 neque
2974 1810 3153 1868 etiam
3179 1808 3423 1867 difﬁcile
3474 1808 3636 1866 nobis
3681 1808 3820 1868 merit

443 1898 643 1974 ipsum
675 1900 1131 1973 deprehendere,
1166 1900 1217 1956 si
1248 1900 1422 1956 modo
1455 1899 1613 1956 hunc
1666 1899 1861 1956 locum
1892 1915 2231 1972 compuare
2261 1898 2548 1971 placuerit
2574 1912 2709 1956 eum
2738 1898 2813 1956 iis
2842 1912 2975 1972 qua
3002 1897 3163 1955 idem
3191 1901 3396 1954 noster
3422 1897 3742 1954 Ambrosius
3765 1896 3822 1953 de

444 1991 851 2062 persecutione
897 2006 1073 2062 quam
1123 2006 1157 2044 a
1203 1990 1437 2045 Justina
1468 1989 1834 2062 imperatrice
1865 1989 2209 2061 eaeterisque
2234 1988 2467 2045 Asianis
2520 2002 2734 2060 passus
2789 1988 3002 2057 fuerat,
3034 1988 3119 2044 ad-
3163 1986 3561 2044 Mareellinam
3605 1998 3821 2043 sororem

445 2080 700 2152 scripsit.
736 2079 837 2135 Ille
866 2078 1160 2150 siquidem
1192 2079 1251 2134 in
1284 2077 1439 2134 calce
1469 2077 1728 2150 epistolas
1771 2079 1853 2134 ita
1898 2076 2161 2150 loquitur
2192 2094 2205 2133 :
2239 2077 2482 2148 Denique
2509 2078 2681 2132 etiam
2719 2076 2966 2148 speciali
2989 2076 3337 2147 estproximo
3368 2075 3675 2144 Calligenes
3695 2086 3820 2147 prae-

439 2170 652 2240 positus
681 2169 924 2224 cubiculi
949 2168 1213 2224 mandare
1242 2169 1386 2222 mihi
1427 2184 1595 2223 ausus
1641 2176 1721 2223 est
1746 2186 1765 2223 :
1794 2167 1873 2222 Me
1918 2170 2058 2231 vivo,
2090 2170 2152 2222 tu
2196 2167 2499 2222 contemnis
2550 2166 3003 2223 Valentinianum
3020 2163 3211 2237 (epist.
3249 2165 3341 2230 1’4,
3370 2164 3674 2221 adﬂat-celo.
3700 2161 3824 2218 circa

447 2256 616 2325 fin)?
644 2256 928 2312 Videlicet
957 2256 1111 2328 quod
1144 2255 1343 2327 impiis
1373 2254 1531 2310 illius
1563 2255 1880 2320 mandatis,
1914 2258 1972 2310 et
2002 2254 2074 2310 iis
2104 2253 2360 2310 maxime
2387 2252 2608 2325 quibus
2646 2265 2825 2311 unam
2856 2269 2927 2310 ex
2952 2252 3213 2310 ecclesiis
3241 2252 3672 2310 Catholicorum
3690 2249 3823 2306 Aria-

450 2344 542 2400 nis
576 2348 643 2400 ut
671 2362 811 2401 suos
841 2344 920 2400 ibi
952 2348 1272 2400 conventus
1300 2348 1555 2417 agerent,
1590 2344 1817 2400 tradere
1837 2343 2177 2414 jubebatur,
2211 2356 2434 2398 morem
2482 2341 3093 2415 gerere’detmctabat.
3126 2341 3301 2415 Caput
3347 2342 3452 2399 tibi
3497 2342 3642 2410 tollo,
3667 2339 3826 2411 inquit

450 2448 732 2505 arrogans
762 2432 873 2489 iste
902 2432 1227 2501 eunuchus,
1263 2432 1355 2488 cui
1388 2433 1735 2490 Ambrosius
1781 2430 2192 2488 tantummodo
2229 2430 2431 2487 retulit
2482 2446 2673 2503 pauca
2719 2428 2819 2486 illa
2852 2447 2866 2486 :
2896 2432 3043 2487 Dem
3077 2432 3523 2504 permittat-tibi,
3550 2433 3613 2486 ul
3637 2429 3826 2501 impleat

451 2520 593 2590 quod
619 2522 876 2576 minaris.
909 2523 1017 2592 Ego
1048 2523 1197 2576 enim
1238 2522 1425 2592 patior
1453 2520 1595 2592 quod
1621 2522 1860 2592 episcopi
1888 2538 1905 2576 :
1937 2528 1997 2575 tu
2051 2519 2224 2593 facies
2279 2519 2427 2593 quod
2474 2519 2761 2591 spadones,
2785 2522 2896 2576 etc.
2929 2519 3067 2576 Hae
3111 2529 3249 2577 esse
3296 2520 3481 2577 verba
3508 2515 3743 2592 quorum
3757 2515 3831 2572 vir

449 2614 689 2667 sanctus
712 2611 837 2681 jam
870 2610 1214 2666 memoriam
1258 2608 1492 2665 abolere
1522 2626 1585 2665 se
1614 2609 1760 2665 velle
1790 2609 2105 2682 signiﬁcat,
2136 2608 2437 2681 probabile
2468 2606 2663 2665 est.>Si
2693 2606 3021 2665 cui'autem
3061 2620 3422 2681 cognoscere
3448 2608 3649 2665 visum
3678 2603 3825 2661 fuerit

447 2713 568 2769 qua
597 2698 818 2755 ratione
847 2699 1005 2755 idem
1036 2699 1347 2755 eunuchus
1378 2697 1734 2771 supplicium
1783 2698 1940 2770 quod
1972 2702 2176 2754 sancto
2205 2698 2483 2770 episeopo
2516 2697 2922 2768 minitabatur,
2953 2697 3085 2771 ipse
3126 2695 3458 2770 pertulerit,
3482 2696 3603 2754 hoe
3634 2696 3826 2767 Augusé

443 2788 608 2843 tinus
636 2786 895 2845 declarat
928 2787 1049 2845 illis
1076 2788 1270 2844 verbis
1304 2805 1319 2845 :
1354 2787 1721 2857 Calligonum,
1752 2786 1964 2859 inquit,
2003 2787 2376 2844 Valentiniani
2393 2787 2637 2859 juniorie
2665 2786 2979 2844 eunuchum
3003 2786 3195 2857 gladio
3216 2783 3827 2857 ﬂammariipr

443 2880 580 2942 tum,
612 2878 914 2932 meretricis
947 2877 1289 2948 con/essione
1314 2876 1622 2931 convictum
1650 2874 1775 2946 (lib.
1808 2892 1888 2946 γι,
1921 2875 2103 2931 Contr.
2136 2876 2346 2943 Julian,
2377 2876 2566 2946 Pelag.
2599 2887 2728 2949 cap.
2763 2875 2875 2945 14)»

515 2964 589 3020 Ut
615 2963 795 3036 igitur
826 2981 942 3035 quo
980 2969 1243 3036 tempore
1272 2963 1367 3020 hic
1396 2963 1546 3018 liber
1601 2963 1857 3039 scriptus
1912 2963 2107 3031 fuerit,
2138 2963 2519 3038 intelligatur,
2550 2963 2691 3036 quid
2738 2964 2871 3039 jam
2911 2963 3079 3022 aliud
3116 2966 3324 3033 restat,
3357 2964 3479 3020 nisi
3531 2966 3604 3020 ut
3644 2973 3830 3018 annum

445 3067 562 3123 quo
592 3049 742 3106 hanc
771 3052 841 3106 ad
873 3050 1281 3107 Mareellinam
1311 3050 1619 3124 epistolam
1652 3051 1999 3108 Ambrosius
2047 3052 2230 3119 misit,
2262 3051 2692 3126 dispiciamus?
2720 3052 3028 3111 Credimus
3056 3057 3267 3111 autem
3306 3061 3453 3109 eum
3499 3056 3830 3123 nequemer

456 3144 675 3196 temere
704 3139 995 3195 facturum
1029 3139 1130 3212 qui
1161 3139 1381 3197 eisdem
1407 3140 1616 3199 litteris
1646 3156 1869 3197 annum
1898 3142 2006 3217 385
2033 3140 2437 3214 assignaverit,
2470 3153 2595 3213 quo
2628 3140 2858 3199 seilieet-
2897 3140 3074 3199 festis?
3107 3141 3503 3214 paschalibus
3524 3140 3587 3196 in
3611 3134 3833 3196 Galbuli;

448 3245 548 3285 eos
580 3227 775 3300 prima
803 3228 1052 3284 Justinae
1081 3227 1301 3295 exarsit
1327 3229 1675 3301 persecutio,
1706 3246 1833 3301 quas
1865 3228 2132 3301 sequenti
2160 3229 2339 3286 etiam
2372 3230 2794 3286 anno-iisdem
2837 3228 3031 3287 sacris
3069 3229 3291 3287 diebus
3330 3228 3650 3287 recruduit.
3678 3228 3838 3298 Atque

445 3317 589 3373 adeo
618 3317 932 3374 dicendum
964 3322 1055 3373 est
1088 3333 1385 3374 sermones
1414 3317 1589 3374 hosce
1634 3317 1695 3373 in
1742 3317 1959 3391 Joseph
1991 3317 2386 3390 patriarcham
2413 3335 2567 3375 anno
2592 3318 2973 3376 38Thabitos"
3009 3318 3213 3386 fuisse,
3245 3324 3385 3376 cum
3436 3320 3684 3392 ipsemet
3723 3318 3835 3371 Am-

446 3405 640 3462 brosio
672 3407 884 3462 reduce
914 3422 980 3463 ex
1011 3405 1299 3478 legatione
1339 3407 1410 3462 ad
1460 3407 1780 3463 Maximum
1812 3411 2152 3480 tyrannum,
2182 3406 2349 3465 Italia
2395 3418 2587 3480 usque
2627 3408 2700 3465 ad
2748 3414 3025 3465 mensem
3066 3410 3425 3482 Augustum
3447 3412 3564 3480 quo
3592 3404 3740 3461 illam
3763 3403 3836 3458 in-

444 3494 597 3550 vasit
623 3493 779 3551 idem
811 3498 1097 3568 tyrannus
1127 3500 1331 3567 pacata
1362 3495 1490 3551 fuit.
1523 3496 1688 3552 Certe
1733 3495 1970 3567 quidem
2025 3499 2085 3550 et
2129 3494 2460 3568 superiores
2486 3495 2621 3553 libri
2652 3495 2777 3568 (lib;
2808 3497 2889 3554 De
2911 3498 3072 3553 [me
3088 3496 3271 3554 et'Air.
3306 3500 3439 3569 c'ap.
3473 3497 3530 3562 4,
3561 3504 3716 3551 num.
3743 3491 3837 3572 31),

443 3587 502 3640 et
533 3582 692 3653 alibi,
725 3587 783 3639 et
809 3582 905 3639 hic
936 3584 1008 3639 de
1038 3600 1154 3656 quo
1214 3583 1538 3657 loquimur,
1566 3584 1712 3642 satis
1756 3589 1954 3657 aperte
1983 3584 2247 3641 indicant
2297 3585 2536 3642 beatum
2565 3586 2862 3643 duetorem
2920 3592 3028 3659 per
3074 3589 3315 3659 tempus
3690 3578 3849 3635 Verbs

445 3670 652 3726 fecisse
685 3687 698 3724 :
733 3671 875 3743 quin
919 3671 1114 3727 etiam
1175 3671 1319 3729 locis
1375 3672 1676 3729 nonnullis
1707 3672 1831 3745 (lib.
1865 3674 1942 3728 De
1970 3673 2105 3729 bono
2134 3681 2295 3730 mort.
2328 3689 2455 3746 cap.
2492 3675 2579 3741 12,
2615 3691 2780 3731 num.
2810 3674 2902 3742 53,
2933 3677 2991 3730 et
3031 3673 3196 3747 alibi)
3227 3673 3523 3730 innuitur’
3556 3667 3847 3729 Ecclesium

443 3758 501 3814 id
533 3759 812 3829 temporis
843 3774 1044 3815 eorum
1096 3760 1197 3831 qui
1247 3776 1318 3815 ex
1364 3759 1572 3817 haaresi
1622 3760 2064 3833 resipiscebant,
2096 3760 2437 3819 accessione
2455 3760 2893 3835 locupletatam.
2925 3760 3089 3827 Quod
3129 3766 3265 3835 post
3314 3757 3840 3818 sedatam-MUO-

446 3862 657 3902 norum
690 3846 1155 3919 persecutionem
1188 3848 1258 3904 de
1288 3864 1407 3920 qua
1433 3852 1597 3904 tanta
1626 3865 1759 3905 cum
1796 3848 1968 3906 laude
1995 3865 2104 3905 nee
2132 3848 2269 3906 sine
2291 3848 2585 3907 miraculo.
2603 3848 3393 3923 triumphavitwAmbrosiuet
3426 3841 3849 3921 ﬂbile'pﬂhlﬂ'lt'

444 3949 694 3990 evenire.
1652 3968 1663 3977 -
2889 3969 2899 3977 ε

516 4022 577 4079 Si
610 4026 812 4078 nostra
838 4023 958 4078 haec
988 4023 1271 4096 temporis
1305 4024 1455 4081 ratio
1489 4040 1639 4079 .vera
1685 4025 1782 4093 sit,
1816 4025 2017 4097 procul
2048 4026 2237 4084 dubio!
2259 4026 2553 4083 afﬁrmare
2581 4026 2785 4085 licebit
2824 4027 2985 4085 inter
3015 4026 3179 4085 alios
3208 4025 3513 4085 Ambrosii
3556 4023 3839 4085 mdith

444 4111 599 4167 sicut
630 4115 688 4166 et
718 4112 870 4167 inter
902 4112 1221 4185 neophytos
1251 4128 1400 4184 quos
1431 4112 1527 4169 ille
1557 4112 1667 4169 hoc
1697 4130 1854 4169 anno
1882 4114 1988 4169 387
2018 4114 2427 4187 baptiuvenat,
2451 4114 3335 4189 annumqmdumteue'etiam
3361 4114 3842 4189 ωδειωιιωςυέ

446 4200 690 4256 stinum.
727 4199 900 4257 Porro
931 4217 1068 4256 cum
1100 4200 1196 4256 hic
1227 4200 1454 4274 legatur
1486 4201 1702 4258 mirum
1733 4203 1794 4258 in
1825 4203 2067 4259 modum
2100 4203 2379 4275 probasse
2409 4203 2762 4261 methoduxm
2794 4202 2967 4260 illam
2988 4219 3108 4276 qua
3133 4198 3844 4272 smnis'nosterspirith‘

442 4286 577 4343 liter
607 4304 673 4343 ac
704 4289 948 4361 mystice
977 4289 1341 4362 Scripturam
1379 4288 1711 4346 edisserens
1741 4293 1921 4363 (Gaul.
1954 4293 2202 4364 August.
2234 4291 2337 4348 lib.
2371 4308 2445 4361 γι,
2478 4308 2606 4364 cap.
2638 4294 2861 4361 dmum
2880 4291 2972 4365 6),;
2993 4308 3119 4349 nou
3140 4282 3849 4366 litterm‘q‘ne'oeeidw

446 4375 679 4446 spiritui
712 4377 813 4448 qui
844 4376 1117 4445 viviﬁcat,
1150 4379 1523 4451 praecipiebat
1551 4379 1997 4448 adhaerendnm;
2031 4384 2266 4437 non-est
2308 4395 2415 4437 cur
2443 4379 2755 4454 quisquam
2803 4379 3244 4455 mbigatquinx
3266 4378 3328 4435 hi
3356 4377 3843 4446 ιτκιαίιιουθοιμυ

445 4463 710 4518 triarchis
738 4464 788 4518 ei
821 4464 1192 4522 vehementer
1220 4467 1543 4537 arriserint,
1578 4485 1695 4541 pra;
1724 4468 1951 4525 ceteris
1976 4485 2110 4525 vero
2149 4468 2283 4526 libri
2313 4470 2397 4526 De
2430 4470 2589 4525 Isaae
2611 4473 2675 4525 et
2696 4470 2773 4527 De
2797 4471 3009 4543 Jouph-
3038 4469 3113 4525 in!
3143 4467 3368 4541 quibus
3410 4472 3549 4525 tum
3584 4464 3851 4538 εἰδείησα-

444 4549 731 4622 mysticus
763 4553 1217 4627 reconditusque
1247 4572 1461 4613 sensus
1490 4556 1778 4613 evolvitur
1806 4574 1873 4614 ac
1903 4558 2207 4614 enodatur.

515 4638 1084 4698 Prmtermittendum
1116 4643 1225 4699 hoc
1255 4643 1381 4702 loco
1413 4663 1526 4702 non
1558 4650 1838 4719 putamus
1866 4646 2268 4715 Ambrosium,
2299 4649 2365 4704 ut
2392 4646 2644 4713 videtur,
2678 4646 2873 4704 semel
2902 4650 3093 4720 atque.
3108 4640 3840 4718 iterlrm-sighittcam’klﬁ

442 4731 497 4795 6,
531 4744 697 4785 num.
731 4730 822 4799 30,
856 4732 915 4785 et
942 4747 1070 4803 cap.
1102 4734 1158 4797 7,
1192 4750 1355 4789 num.
1390 4735 1480 4806 38)
1511 4734 1663 4792 hanc
1700 4735 1891 4809 ipsam
1922 4734 2231 4793 historiam
2262 4748 2389 4792 a-se
2409 4736 2534 4808 jam
2566 4734 2750 4793 fuisse
2798 4734 3353 4808 emplioatam,»t‘0rte
3374 4760 3379 4764 -
3402 4729 3846 4806 superiorum”

443 4833 579 4873 cum
612 4817 783 4874 statis
815 4818 1182 4891 temporibus
1211 4837 1283 4876 ex
1311 4837 1471 4879 more
1504 4822 1604 4878 illa
1656 4842 1795 4897 pars
1825 4825 2114 4881 Geuescoe
2145 4823 2507 4881 recitaretur.
2541 4823 2746 4880 Prima
2776 4821 2907 4880 illam
2934 4822 3259 4895 incleuph‘
3284 4810 3848 4881 constituerim-

444 4905 612 4973 dere;
646 4909 1011 4978 testaturque
1043 4908 1152 4963 hac
1183 4909 1241 4963 in
1272 4913 1762 4969 commentatione
1794 4913 1853 4968 S.
1887 4912 2100 4985 praesul
2132 4929 2262 4970 sese
2293 4928 2410 4985 quo
2439 4918 2701 4984 tempore
2729 4911 2861 4968 illas
2889 4910 3116 4979 habuit,
3149 4906 3850 4983 de'GalliphmeilererW-

442 4994 644 5066 luisse.
684 4994 815 5049 Fuit
845 4994 954 5051 hoc
985 4996 1234 5070 insignis
1281 4998 1579 5055 modestiae
1609 5006 1784 5073 atque
1828 5001 2154 5071 charitatis;
2188 5000 2525 5074 quibuetvix
2554 4998 2998 5074 post'elapsum'
3031 4998 3353 5057 biennium
3386 4987 3845 5069 ιωιθὶοειιιίιύι

443 5087 708 5149 eventus,
738 5099 912 5155 quem
948 5085 1146 5157 populi
1177 5087 1266 5143 sui
1295 5088 1591 5144 mentibus
1621 5090 1997 5162 profuturum
2030 5089 3155 5166 haud'ignorabat,-mentionemrfmem
3178 5087 3512 5162 permissus
3540 5088 3651 5142 est:
3671 5079 3845 5139 Sedes

447 5171 770 5228 moderatio
801 5190 915 5229 non
946 5174 1143 5230 minus
1173 5174 1231 5230 in
1263 5192 1329 5233 eo
1360 5176 1561 5244 eluxit,
1589 5178 1746 5250 quod
1777 5178 2253 5236 Valentinianum
2285 5180 2458 5251 cujus
2502 5177 2767 5236 ministri»
2807 5178 2943 5235 subw
2963 5176 3347 5251 imperatoria:
3368 5170 3844 5233 auctoritatem

447 5260 722 5318 atrociter
752 5261 812 5318 in
842 5277 977 5319 eum
1010 5263 1349 5322 debacchati
1379 5266 1631 5336 fuerant,
1664 5272 1900 5325 excuset
1922 5271 2079 5341 (cap.
2109 5270 2166 5337 ὃ,
2197 5284 2362 5327 num;
2393 5268 2506 5341 35).

364 5586 807 5807 [Ἅι

788 5948 921 6077 L
