4012 6192
205 330 325 399 677

1266 330 1500 395 LIBER
1541 328 1642 393 DE
1682 330 1975 397 JOSEPH
2018 332 2552 395 PATRIARCHA.

3492 339 3612 407 678

207 462 381 533 longe
427 462 777 532 venientem,
810 467 1125 536 antequam
1165 465 1564 537 appropriaret
1595 467 1665 521 ad
1703 466 1851 530 illos,
1887 470 1938 533 Α
1970 466 2149 528 Quem
2184 466 2498 537 signiﬁcari
2532 465 2591 520 in
2625 482 2686 521 se
2718 464 3140 537 intelligebant,
3167 466 3275 521 nisi
3309 468 3477 523 illum
3511 473 3606 542 qui

206 556 265 607 et
294 551 693 620 insazviebant,
733 556 799 609 ut
844 552 1173 609 occiderent
1220 552 1388 609 illum
1435 554 1590 626 (Gen.
1622 570 1856 619 xxxvm,

208 641 319 712 18).
352 662 382 691 ››
418 640 622 696 Merito
654 640 826 713 longe
857 646 1041 707 erant,
1075 642 1175 715 qui
1202 646 1367 698 erant
1412 642 1471 697 in
1516 642 1855 709 defectione,

204 731 265 783 et
321 729 455 791 ideo
495 727 897 797 insaeviebant,
948 730 1087 803 quia
1134 747 1249 786 non
1300 730 1744 803 appropiaverat
1786 729 1860 786 iis

202 817 496 873 Christus.
546 817 692 873 Nam
753 818 802 873 si
863 819 1268 891 appropiasset
1322 818 1415 875 his
1470 824 1645 892 typus
1702 818 1853 875 481

202 905 691 972 Cbristi,fratrem
722 906 926 978 utique
954 906 1361 964 dilexisssent:
1389 908 1491 963 sed
1524 923 1699 979 prope
1729 922 1860 963 esse

204 1009 323 1048 non
358 998 647 1065 poterant,
681 993 782 1066 qui
816 993 1197 1066 parricidium
1242 994 1596 1067 cogitabant.
1634 1016 1662 1044 ‹‹
1694 994 1857 1066 Ecce,

202 1081 507 1154 inquiunt,
542 1083 867 1139 somniator
896 1082 992 1138 ille
1022 1083 1177 1139 venit
1210 1101 1223 1139 :
1257 1100 1415 1139 nunc
1460 1099 1594 1155 ergo
1644 1083 1857 1150 venite,

204 1170 548 1226 occidamus
612 1188 747 1227 eum
813 1171 971 1243 (Ibid.
1045 1173 1132 1239 19,
1196 1173 1311 1243 20.)
1380 1194 1409 1221 »
1476 1171 1677 1227 Nonne
1738 1171 1860 1226 haec

204 1260 385 1315 verba
457 1259 748 1326 dicebant,
817 1260 916 1332 qui
998 1260 1069 1316 de
1144 1260 1477 1333 parricidali
1557 1258 1860 1331 sacrilegio

207 1348 587 1421 cogitabant?
643 1348 808 1404 Sicut
853 1349 924 1403 de
972 1348 1119 1420 ipsis
1166 1348 1437 1405 Salomon
1493 1348 1618 1404 ait:
1660 1368 1682 1398 ι
1729 1348 1858 1404 Tol-

204 1437 406 1493 lamus
454 1438 712 1508 justum,
771 1437 910 1509 quia
968 1436 1195 1493 inutilis
1252 1440 1340 1493 est
1396 1436 1564 1493 nobis
1596 1438 1754 1508 (ϐαρ.
1796 1453 1859 1505 ιι,

206 1528 322 1597 12).
359 1549 388 1574 »

282 1616 371 1671 12.
401 1615 471 1670 Et
500 1614 856 1671 addiderunt
902 1614 960 1669 in
1010 1614 1216 1670 Genesi
1254 1630 1267 1668 :
1319 1637 1347 1664 «
1412 1616 1477 1670 Et
1530 1614 1861 1670 videbimus

206 1703 352 1776 quid
382 1703 704 1776 proderunt
752 1703 982 1759 somnia
1028 1702 1185 1758 illius
1235 1703 1389 1773 (Gen.
1426 1720 1635 1769 xxxv",
1681 1703 1796 1773 20).
1833 1728 1855 1754 ι

205 1792 328 1848 Hoc
357 1793 644 1864 scriptum
694 1797 782 1848 est
840 1792 911 1847 de
940 1791 1180 1863 Joseph,
1238 1791 1594 1862 completum
1651 1797 1742 1847 est
1790 1792 1861 1846 de

201 1881 463 1949 Christo,
497 1881 732 1953 quando
761 1880 948 1936 Judaei
978 1882 1037 1935 in
1063 1881 1192 1951 ejus
1222 1880 1496 1952 passione
1543 1880 1814 1936 dixerunt
1844 1897 1857 1934 :

207 1996 234 2019 «ι
272 1970 333 2026 Si
367 1987 467 2025 rex
516 1968 692 2027 Israel
739 1973 848 2037 est,
882 1968 1198 2024 descendat
1245 1985 1400 2023 nunc
1448 1969 1518 2023 de
1566 1985 1756 2036 cruce,
1807 1973 1864 2023 et

206 2059 507 2114 credimus
537 2057 614 2113 ei.
653 2057 906 2113 Conﬁdit
935 2057 993 2112 in
1025 2057 1232 2123 Deum,
1267 2055 1471 2112 liberet
1517 2074 1673 2113 nunc
1702 2073 1860 2123 eum,

207 2148 257 2203 si
313 2146 441 2203 vult
472 2147 677 2219 (Matth.
723 2163 898 2213 xxvn,
931 2148 1020 2215 42,
1053 2146 1164 2215 43).
1222 2167 1249 2195 ››
1301 2145 1596 2217 Numquid
1647 2151 1703 2201 et
1749 2146 1861 2217 ipsi

206 2240 423 2292 fratres
454 2240 574 2291 tam
605 2235 793 2307 impii,
826 2241 892 2290 ut
939 2235 1174 2290 fratrem
1225 2234 1588 2290 occiderent?
1616 2235 1680 2289 Et
1711 2235 1865 2289 unde

210 2329 511 2381 tantorum
558 2324 767 2379 merita
810 2322 1275 2396 patriarcharum
1326 2327 1392 2378 ut
1437 2322 1528 2378 lex
1557 2322 1746 2378 tribus
1777 2326 1865 2377 to-

209 2413 333 2469 tius
364 2414 442 2483 (8)
472 2411 660 2484 plebis
706 2428 909 2468 eorum
956 2412 1257 2468 vocabulis
1306 2411 1677 2485 designaret?
1715 2412 1867 2483 Quo-

213 2502 391 2558 modo
422 2501 773 2558 conveniunt
802 2500 1039 2573 pietatis
1078 2500 1338 2568 nomina,
1387 2505 1445 2557 et
1492 2499 1727 2556 sceleris
1777 2500 1866 2556 in-

212 2590 451 2663 signia?
474 2590 566 2645 Sic
598 2590 774 2646 etiam
805 2590 907 2645 isti
945 2594 1080 2661 typo
1131 2588 1354 2661 populi,
1386 2605 1500 2645 non
1550 2589 1731 2644 animi
1775 2587 1868 2643 sui

210 2680 356 2735 vitio
379 2679 743 2734 laborabant.
781 2678 920 2733 inde
953 2677 1145 2733 omnis
1175 2676 1413 2744 invidia,
1446 2677 1582 2733 inde
1628 2676 1867 2749 parrici-

211 2769 294 2824 dii
330 2767 634 2824 meditatio
671 2784 682 2822 :
716 2767 933 2823 invidia
958 2782 1061 2838 per
1092 2766 1364 2839 ﬁguram,
1388 2765 1576 2838 pietas
1607 2782 1709 2838 per
1737 2765 1869 2821 affe-

212 2863 401 2913 ctum.

290 2947 378 3002 13.
412 2946 670 3017 Denique
727 2944 932 3000 Ruben
994 2947 1051 2999 et
1106 2942 1292 2999 Judas
1342 2942 1744 3015 germanitatis
1774 2944 1872 3016 pia

203 3036 354 3108 jura
382 3037 700 3099 servantes,
733 3033 805 3087 de
837 3031 1109 3088 manibus
1156 3035 1495 3087 czeterorum
1541 3047 1675 3087 eum
1728 3030 1868 3087 libe-

213 3139 349 3180 rare
377 3122 710 3194 cupiebant,
741 3121 1070 3193 meritoque
1111 3120 1295 3176 Judas
1344 3124 1589 3192 paterna
1633 3120 1870 3176 benedi-

1890 1838 1937 1903 B

1969 552 2235 607 omnium
2271 553 2480 608 merita
2511 554 2975 626 supereminens,
3011 572 3189 627 supra
3218 557 3479 611 omnium
3513 559 3611 612 de-

1968 640 2183 695 sideria
2214 645 2549 696 sanctorum
2580 643 2882 698 immensae
2926 648 3143 699 teneret
3196 645 3419 716 apicem
3453 650 3612 718 pote-

1968 728 2158 797 statis,
2203 745 2376 800 quem
2426 734 2556 784 voto
2607 730 2807 785 nullus
2856 732 3148 802 aequaret?
3195 733 3618 805 Compensatur

1968 832 2106 888 ergo
2155 816 2215 871 in
2262 818 2607 889 patriarchis
2665 818 2882 874 invidia
2938 836 3042 891 per
3096 822 3368 891 gratiam,
3403 824 3503 895 qui
3561 828 3618 879 et

1969 910 2323 960 excusantur
2371 924 2405 962 a
2452 906 2625 978 culpa
2671 908 2804 978 (10),
2850 915 2905 963 et
2958 911 3326 965 revelationis
3377 928 3619 968 munere

1969 1000 2402 1050 consecrantur.
2438 996 2560 1051 Non
2595 996 2750 1050 enim
2781 1001 2900 1051 tam
2935 997 3223 1069 culpabile
3267 1003 3357 1054 est
3403 1001 3618 1057 dixisse

1968 1098 2093 1152 quae
2123 1081 2308 1153 plebis
2339 1087 2496 1150 sunt,
2531 1099 2707 1154 quam
2742 1084 2976 1139 beatum
3027 1086 3242 1141 vidisse
3275 1103 3402 1158 qua
3452 1088 3617 1143 Chri-

1970 1170 2044 1224 sti
2076 1174 2233 1225 sunt.
2286 1172 2604 1227 Subierunt
2653 1189 2962 1244 personam
3025 1176 3342 1245 peccatoris
3396 1176 3617 1248 populi,

1970 1262 2034 1313 ut
2064 1259 2394 1331 acciperent
2449 1262 2697 1332 gratiam
2757 1262 2986 1315 Domini
3040 1264 3445 1335 redemptoris.
3482 1267 3621 1321 Cer-

1970 1350 2026 1402 te
2056 1346 2290 1419 culpam
2327 1349 2574 1404 abolevit
2616 1351 2822 1420 gratia,
2856 1351 3102 1422 gratiam
3153 1352 3325 1424 culpa
3351 1370 3465 1408 non
3501 1354 3615 1408 mi-

1971 1436 2119 1491 nuit.

2048 1526 2131 1580 15.
2169 1526 2235 1579 Et
2266 1531 2329 1580 ut
2358 1543 2780 1598 cognoscamus
2814 1544 2986 1581 omne
3034 1529 3143 1583 hoc
3192 1530 3261 1585 de
3310 1531 3525 1603 populo
3565 1537 3621 1587 et

1971 1613 2041 1668 de
2084 1614 2324 1668 Domino
2354 1614 2492 1669 Jesu
2520 1615 2859 1687 mysterium
2892 1633 3017 1671 esse
3052 1635 3063 1671 :
3100 1639 3128 1666 «
3159 1617 3382 1683 Venite,
3406 1620 3618 1691 inquit,

1971 1702 2295 1757 vendamus
2339 1703 2551 1774 Ioseph
2602 1703 2912 1758 lsniaelitis
2959 1704 3111 1775 (Gen.
3164 1724 3377 1777 xxxvn,
3419 1710 3531 1780 27).
3589 1730 3618 1759 »

1974 1790 2121 1854 Quid
2184 1790 2683 1863 interpretationis
2751 1793 2926 1847 habet
2992 1810 3200 1849 nomen
3250 1796 3468 1868 Joseph
3508 1797 3622 1851 nisi

1977 1879 2128 1949 quod
2189 1879 2444 1934 divinam
2495 1881 2744 1952 gratiam
2796 1882 2948 1936 488
2999 1882 3285 1954 signiﬁcet
3314 1889 3369 1938 et
3399 1902 3625 1956 expres-

1976 1968 2199 2023 sionem
2232 1968 2329 2023 Dei
2364 1968 2621 2023 summi?
2652 1969 2789 2034 Quis
2818 1970 2996 2037 igitur
3025 1971 3313 2039 venditur,
3366 1973 3474 2028 nisi
3530 1973 3625 2030 ille

1976 2080 2003 2104 ‹‹
2038 2057 2135 2126 qui
2171 2073 2301 2111 cum
2338 2057 2393 2111 in
2428 2058 2616 2112 forma
2645 2060 2735 2113 Dei
2770 2064 3064 2117 esset.non
3098 2060 3363 2132 rapinam
3386 2062 3627 2119 arbitra-

1975 2150 2070 2198 tus
2115 2151 2203 2199 est
2254 2161 2383 2201 esse
2434 2163 2495 2201 se
2544 2147 2824 2217 mqualem
2879 2147 2991 2202 Deo
3042 2165 3054 2203 :
3109 2149 3208 2203 sed
3242 2152 3622 2223 semetipsum

1975 2234 2313 2303 exinanivit,
2349 2234 2595 2289 formam
2631 2224 2775 2290 servi
2830 2236 3119 2307 arripiens
3150 2238 3413 2310 (Philipp.
3474 2257 3534 2307 ιι,
3568 2242 3623 2305 6,

1973 2322 2074 2391 7)?
2110 2344 2130 2370 ι
2167 2322 2365 2394 Neque
2405 2323 2562 2378 enim
2617 2340 2719 2378 nos
2768 2340 2899 2379 eum
2950 2325 3320 2395 emissemus,
3354 2328 3466 2384 nisi
3498 2346 3629 2384 ven-

1977 2411 2267 2466 didissent
2294 2427 2429 2466 eum
2463 2413 2596 2483 (11).
2650 2415 2829 2477 Quem
2883 2415 2975 2468 sui
3036 2416 3187 2470 male
3215 2417 3624 2484 vendiderunt,

1978 2498 2151 2554 alieni
2183 2501 2350 2572 pejus
2381 2506 2668 2556 emerunt.
2723 2501 3124 2558 Vendiderunt
3169 2506 3627 2576 negotiatoribus

1979 2588 2198 2642 bonum
2265 2588 2502 2643 odorem
2570 2589 2704 2659 (l2),
2775 2597 3042 2644 emerunt
3100 2609 3133 2645 a
3208 2593 3623 2662 proditoribus.

1978 2675 2253 2731 Vendidit
2283 2693 2413 2731 eum
2448 2676 2653 2744 Judas,
2706 2683 2975 2733 emerunt
3032 2679 3359 2747 Ismaelitae,
3395 2683 3494 2752 qui
3555 2684 3629 2738 si-

1978 2764 2334 2837 gniﬁcantur
2371 2765 2572 2821 Latina
2622 2766 3117 2837 interpretatione,
3165 2769 3297 2824 odio
3347 2768 3629 2827 habentes

1980 2853 2163 2908 Deum
2222 2869 2417 2908 suum.
2474 2853 2606 2909 Ideo
2656 2853 2793 2908 alibi
2843 2854 3068 2927 viginti,
3122 2856 3260 2911 alibi
3310 2858 3514 2929 viginti
3574 2864 3630 2915 et

1981 2942 2240 3014 quinque
2275 2942 2492 3008 aureis,
2525 2941 2661 2996 alibi
2705 2942 2946 3014 triginta
2975 2944 3307 3000 invenimus
3367 2953 3629 3018 emptum

1978 3030 2232 3101 Joseph;
2293 3030 2431 3100 quia
2488 3045 2605 3084 non
2664 3032 2942 3086 omnibus
3008 3033 3183 3088 unius
3257 3035 3629 3091 aestimationi

1982 3118 2151 3191 pretii
2184 3118 2333 3173 valet
2369 3118 2656 3173 Christus.
2692 3118 2835 3174 Aliis
2892 3119 3109 3189 minus,
3171 3121 3301 3176 aliis
3352 3123 3626 3194 amplius.

214 3212 413 3268 ctione
461 3211 782 3283 praefertur,
817 3226 951 3266 cum
1000 3209 1051 3264 ei
1096 3208 1309 3264 dicitur
1343 3226 1355 3263 :
1390 3229 1418 3258 ‹‹
1448 3209 1789 3265 Adorabunt
1814 3212 1872 3265 te
1902 3203 1945 3269 C.
1981 3207 2150 3263 Fides
2181 3206 2447 3275 ementis,
2480 3207 2904 3263 incrementum
2955 3214 3044 3264 est
3093 3211 3304 3265 mercis
3340 3227 3351 3266 :
3402 3213 3629 3283 religio-

214 3300 327 3355 ﬁlii
361 3298 542 3371 patris
596 3298 700 3354 tui.
751 3296 993 3354 Catulus
1041 3296 1250 3352 Leonis
1300 3296 1475 3363 Juda,
1508 3300 1564 3351 et
1594 3296 1718 3368 ipse
1766 3297 1878 3353 erit

215 3387 576 3461 exspectatio
607 3385 1369 3459 gentium(Gen.xux,8-10).
1404 3406 1431 3433 ››
1466 3385 1626 3450 Quod
1673 3384 1876 3457 utique

216 3477 336 3534 soli
367 3475 636 3534 convenit
663 3474 911 3541 Christo,
945 3474 1038 3529 cui
1069 3472 1390 3546 repositum
1424 3472 1532 3529 fuit
1562 3477 1627 3527 ut
1665 3474 1873 3529 adora-

214 3570 387 3622 retur
418 3582 452 3620 a
480 3564 778 3631 fratribus,
812 3567 871 3618 et
900 3566 1335 3634 exspectaretur
1387 3578 1420 3616 a
1465 3562 1757 3634 gentibus,
1790 3562 1872 3617 la-

215 3659 388 3711 varet
413 3654 473 3708 in
522 3652 657 3708 vino
708 3651 918 3708 stolam
968 3667 1138 3707 suam
1189 3649 1406 3722 proprii
1447 3649 1704 3722 corporis
1739 3667 1874 3720 pas-

214 3745 410 3812 sione,
427 3741 565 3813 quia
596 3756 828 3795 carnem
862 3755 1030 3794 suam
1064 3738 1228 3794 nulla
1259 3738 1479 3811 peccati
1512 3736 1641 3793 labe
1671 3755 1873 3793 macu-

208 3832 384 3888 lavit.
439 3836 586 3885 Aser
615 3845 846 3902 quoque
878 3845 992 3883 non
1025 3828 1227 3898 utique
1257 3825 1367 3882 sibi
1400 3826 1705 3882 convenire
1748 3843 1874 3882 cre-

210 3921 417 3977 debat.
453 3921 597 3974 Aser
625 3916 861 3990 pinguis
891 3915 1061 3988 panis
1092 3916 1240 3986 ejus,
1273 3918 1330 3970 et
1375 3915 1502 3986 ipse
1543 3916 1684 3970 Aser
1738 3932 1871 3971 cum

208 4007 590 4083 principibus
619 4007 717 4079 (9).
753 4005 901 4071 Quid
931 4020 1068 4059 vero
1100 4005 1226 4076 ipse
1254 4003 1494 4076 Joseph,
1526 4003 1620 4059 cui
1651 4003 1870 4060 dictum

209 4103 312 4154 est
347 4114 412 4151 ;‹‹
446 4093 626 4150 Filius
658 4092 1035 4165 ampliandus
1065 4108 1230 4147 meus
1254 4091 1493 4164 Joseph,
1542 4090 1699 4148 ﬁlius
1747 4109 1869 4147 am-

210 4185 496 4261 pliandus
526 4200 694 4239 meus
745 4200 757 4237 :
808 4181 1029 4237 zelatus
1072 4179 1230 4237 ﬁlius
1276 4195 1467 4249 meus,
1500 4178 1657 4236 ﬁlius
1702 4197 1871 4236 meus

212 4272 663 4338 adolescentior,
714 4270 786 4326 ad
833 4285 926 4325 me
974 4273 1255 4325 revertere
1311 4268 1470 4339 (Ibid.
1532 4268 1672 4340 22)?
1729 4290 1757 4317 »
1808 4269 1870 4323 In

213 4379 398 4436 quem
431 4359 740 4417 consilium
772 4359 1134 4415 conferentes
1182 4354 1626 4426 maledicebant,
1660 4356 1720 4411 in
1754 4373 1869 4428 quo

215 4448 548 4508 benedictio
579 4446 882 4521 praevaluit
929 4461 1107 4516 super
1153 4443 1661 4503 benedictionibus
1702 4461 1867 4500 mon-

208 4540 370 4596 tium
404 4536 854 4603 manentium,et
885 4533 1192 4612 desideriis
1223 4531 1462 4588 collium
1495 4536 1866 4589 aeternorum.
1901 4569 1948 4633 D

290 4662 369 4733 (8)
401 4660 545 4733 Mss.
581 4659 805 4733 aliquot
834 4663 891 4714 et
920 4657 1212 4733 edit_.Am._
1232 4654 1602 4733 ac_Gill.,Lex
1631 4659 1866 4733 totiys...

206 4728 361 4790 Era.
388 4748 455 4787 ac
504 4728 698 4800 Rom.,
748 4729 896 4786 Grex
941 4731 1107 4800 totius
1153 4728 1327 4800 plebis
1374 4743 1564 4800 eorum
1590 4730 1875 4784 vocabulis

206 4805 620 4872 designantur.
685 4799 760 4856 At
824 4817 967 4856 mss.
1031 4799 1229 4872 plures
1265 4803 1350 4872 _et
1419 4799 1692 4872 potiores,
1762 4801 1875 4872 Lex

210 4869 436 4945 Trib'us,
468 4875 702 4931 totius...
760 4869 1087 4945 designaret.
1138 4869 1727 4945 _Optime.'_Na_mque
1780 4871 1873 4945 hic

209 4950 334 5004 Lex
364 4941 620 5016 sumitur
649 4958 753 5016 pro
776 4941 944 5016 libris
971 4941 1229 5016 Moysis,‘
1263 4941 1363 5016 ubi
1412 4942 1720 5016 duodecim
1763 4943 1874 4998 tri-

209 5019 332 5074 bus
366 5015 544 5072 Israel
574 5011 1041 5089 patriarcharum
1071 5011 1413 5069 nominibus
1438 5013 1659 5086 passim
1692 5016 1876 5086 expri-

214 5092 491 5145 muntur.

288 5158 373 5231 (9)
405 5159 572 5214 Rom.
611 5157 752 5213 edit.
786 5155 930 5225 sola,
962 5160 1012 5211 et
1051 5157 1166 5228 ipse
1193 5155 1347 5211 dabit
1388 5171 1566 5210 escam
1598 5157 1873 5227 principi-

291 5300 412 5372 (lO)
456 5298 828 5372 Ambrosius
865 5314 1013 5372 sup._
1055 5313 1212 5372 cap._
1249 5298 1308 5372 1,_
1333 5313 1520 5372 _num.
1556 5299 1613 5372 _lg
1670 5298 1879 5354 asserit

214 5366 591 5447 patriarchas
637 5386 770 5426 vere
816 5369 875 5424 in
916 5366 1157 5447 culpam
1198 5366 1474 5447 incidisse
1506 5383 1521 5447 ξ
1555 5368 1877 5447 hicautem

214 5439 277 5500 et
305 5458 485 5514 num.
512 5458 636 5514 seq.
671 5458 804 5514 eam,
849 5439 1113 5496 minuere
1162 5443 1426 5514 conatur,
1469 5439 1541 5494 ob
1593 5440 1876 5495 rationem

214 5512 491 5589 mysterii
524 5510 709 5589 :_quo_
733 5513 909 5569 etiam
964 5510 1292 5589 argumenti
1343 5525 1553 5589 genere
1580 5528 1751 5589 _usus
1791 5516 1881 5589 est

214 5583 362 5644 cu'm
384 5602 393 5609 κ
420 5585 495 5641 de
539 5583 781 5641 Abrahae
834 5600 968 5640 cum

214 5658 330 5721 lib.
380 5672 401 5717 ι
449 5657 526 5719 De
566 5655 770 5720 Abrah.
823 5671 953 5735 cap.
1000 5652 1219 5719 4.'Sed
1268 5668 1386 5716 non
1437 5652 1720 5735 putamus
1749 5654 1879 5719 ideo

1061 5598 1169 5658 gar
1199 5580 1536 5658 _conc'ubitu
1562 5581 1881 5658 disputavit
1918 5620 1929 5629 ο

1984 3295 2121 3352 siori
2166 3295 2473 3367 pretiosior
2519 3300 2609 3350 est
2655 3297 2829 3361 Deus,
2864 3300 3145 3368 peccatori
3198 3301 3503 3370 pretiosior
3544 3306 3633 3356 est

1985 3385 2335 3455 redemptor.
2371 3384 2565 3439 Pluris
2595 3388 2653 3439 et
2682 3384 2764 3438 illi
2797 3385 2946 3441 valet
2970 3387 3069 3457 qui
3108 3388 3240 3459 plus
3283 3388 3461 3444 habet
3507 3406 3634 3461 gra-

1982 3474 2074 3529 tiae
2122 3491 2134 3527 :
2176 3474 2277 3529 sed
2336 3475 2510 3528 etiam
2570 3474 2660 3527 cui
2725 3474 2909 3529 multa
2966 3476 3179 3531 donata
3229 3484 3384 3541 sunt,
3444 3478 3630 3550 pluris

1981 3563 2171 3632 valet;
2227 3561 2362 3633 quia
2416 3563 2507 3615 cui
2563 3561 2696 3632 plus
2748 3564 3061 3619 remissum
3097 3571 3204 3633 est,
3243 3567 3374 3637 plus
3417 3566 3628 3638 diligit,

1984 3652 2136 3706 sicut
2166 3650 2291 3722 ipse
2322 3649 2605 3704 Dominus
2655 3648 2715 3703 in
2768 3650 3077 3722 Evangelio
3126 3656 3524 3723 pronuntiavit
3561 3656 3631 3710 de

1983 3738 2083 3793 illa
2141 3737 2382 3792 muliere
2441 3753 2571 3808 quae
2628 3754 2804 3808 super
2860 3740 2988 3807 ejus
3047 3741 3221 3809 pedes
3277 3744 3480 3798 effudit
3523 3761 3630 3798 un-

1983 3832 2291 3899 guentum,
2322 3832 2379 3881 et
2409 3826 2685 3898 lacrymis
2712 3825 2871 3889 lavit,
2905 3831 2962 3881 et
3005 3828 3231 3899 capillis
3273 3831 3397 3884 suis
3443 3832 3630 3896 tersit,

1983 3918 2040 3968 et
2106 3912 2289 3967 oculis
2357 3912 2613 3980 siccavit,
2678 3912 2747 3966 de
2804 3929 2919 3983 qua
2989 3913 3069 3967 ait
3122 3916 3193 3970 ad
3250 3916 3547 3971 Simonem
3614 3935 3626 3972 :

1986 4024 2014 4051 ‹‹
2047 4002 2283 4073 Propter
2314 4001 2465 4073 quod
2499 4001 2627 4056 dico
2656 4001 2758 4055 tibi
2794 4018 2805 4056 :
2842 4001 3105 4057 Remissa
3137 4010 3275 4058 sunt
3306 4005 3352 4058 ei
3398 4010 3631 4074 peccata

1982 4090 2185 4155 multa,
2215 4090 2493 4161 quoniam
2526 4089 2727 4145 dilexit
2756 4089 3033 4146 multum.
3068 4092 3170 4146 Cui
3204 4098 3398 4148 autem
3432 4094 3630 4147 minus

1980 4179 2321 4249 dimittitur,
2356 4180 2552 4234 minus
2583 4178 2777 4251 diligit
2805 4183 2955 4246 (Luc.
2992 4198 3091 4245 v11,
3122 4182 3230 4250 47).
3269 4208 3290 4234 »
3330 4183 3628 4238 Interdum

1979 4267 2344 4323 diversitates
2388 4266 2555 4338 pretii
2606 4284 2721 4322 non
2772 4267 2964 4322 solum
3010 4270 3359 4339 quantitatis
3389 4270 3628 4342 habent,

1979 4357 2081 4412 sed
2111 4356 2283 4411 etiam
2317 4356 2543 4410 numeri
2575 4357 3006 4426 expressionem
3040 4358 3190 4428 (13);
3244 4358 3393 4413 sicut
3448 4359 3630 4414 habes

1980 4446 2051 4501 de
2100 4448 2398 4516 unguento
2449 4444 2601 4515 quod
2649 4444 2719 4498 ad
2781 4443 3181 4515 sepeliendum
3236 4465 3297 4502 se
3349 4448 3629 4503 Dominus

1978 4533 2174 4588 fusum
2209 4548 2335 4587 esse
2367 4531 2726 4599 memoravit,
2762 4533 2914 4587 sicut
2943 4534 3229 4606 scriptum
3269 4542 3359 4591 est
3404 4536 3630 4592 dicente

1981 4672 2214 4711 omnem
2243 4654 2424 4726 culpae
2457 4656 2737 4711 rationem
2773 4656 3060 4713 sublatam
3109 4660 3483 4715 Ambrosium
3532 4678 3633 4715 vo-

1982 4727 2183 4791 luisse,
2216 4726 2347 4781 licet
2379 4742 2548 4781 secus
2570 4728 2898 4798 Augustino
2927 4730 3118 4785 visum
3151 4732 3343 4787 fuerit.

2053 4800 2164 4869 (11)
2195 4798 2410 4852 Omnes
2441 4798 2581 4869 edit.
2632 4805 2689 4853 et
2735 4801 2862 4854 cod.
2915 4801 3069 4863 Vat.,
3123 4802 3294 4865 Full.,
3329 4802 3522 4856 Germ.
3576 4805 3634 4854 et

1982 4870 2208 4937 Theol.,
2240 4869 2359 4923 Nisi
2388 4868 2756 4925 vendidissent
2783 4888 2907 4926 eum
2935 4875 3040 4927 sui.
3075 4874 3210 4928 Male
3248 4872 3628 4938 vendiderunt,

1978 4942 2449 5025 pejgshemeivnt.
2502 4940 2904 5025 bis-ennium,
2957 4944 3427 5025 Benig.,__Torn.,
3470 4941 3627 5025 Vinio.

1984 5010 2252 5078 et‘Colb.,
2286 5012 2405 5066 Nisi
2450 5012 2815 5067 vendidissent
2863 5030 2988 5068 eum
3033 5010 3139 5067 sui.
3169 5010 3336 5068 'Mnle
3378 5013 3630 5067 vendide-

1984 5086 2134 5145 runt,
2189 5088 2325 5145 etc..
2386 5082 2554 5138 Corb.
2617 5089 2859 5140 autem:
2896 5086 3017 5141 Nisi
3075 5084 3435 5139 vendidissent
3485 5100 3629 5139 eum.

1987 5157 2123 5210 Cum
2174 5155 2264 5208 sui
2309 5156 2475 5217 male,
2508 5160 2637 5225 etc.
2691 5155 2952 5225 Denique
3000 5155 3126 5210 cod.
3176 5155 3373 5219 Mieh.,
3405 5156 3532 5209 Alb.
3567 5172 3632 5208 ac

1984 5227 2144 5295 Ebr.,
2174 5226 2294 5281 Nisi
2322 5224 2687 5281 vendidissent
2717 5224 2875 5280 eum}
2897 5227 3062 5293 Quem
3089 5228 3180 5279 sui
3209 5226 3349 5279 male
3381 5227 3630 5281 vendide-

1984 5299 2135 5363 runt,
2168 5298 2341 5369 alieni
2362 5298 2521 5368 pejus
2550 5304 2815 5351 emerunt.
2852 5297 2983 5360 Quae
3016 5296 3182 5351 lectio
3214 5298 3436 5352 caeteris
3487 5315 3632 5369 pree-

1986 5373 2139 5424 stare
2173 5367 2339 5422 nobis
2368 5367 2492 5422 viSa
2520 5372 2625 5422 est.

2058 5440 2169 5511 (12)
2201 5439 2416 5511 Omnes
2439 5438 2584 5511 pedit.
2616 5454 2681 5492 ac
2713 5453 2854 5511 mss.
2889 5439 3027 5506 duo,
3049 5441 3480 5508 negotiatoribus
3505 5441 3634 5497 boni

1986 5508 2165 5567 oderis
2194 5528 2212 5565 :
2246 5508 2473 5580 reliqui,
2507 5509 2706 5580 bonum
2735 5508 2950 5580 odorem
2972 5552 2984 5565 .

2194 5554 2205 5565 ’
3020 5584 3277 5661 mysterii
3329 5584 3633 5658 expressio-

1986 5668 2132 5717 nem.
