4122 6146
541 246 661 308 6⁵19
980 301 993 311 ,
2000 247 2065 306 S.
2112 245 2169 305 A1

2236 242 2484 306 BROSII
3772 241 3864 313 Μ)

532 380 563 435 J
573 379 684 434 uda
716 394 729 432 :
765 400 790 426 ‹‹
826 375 1018 430 Potuit
1067 376 1174 431 hoc
1224 376 1567 432 venumdari
1627 376 1879 432 denariis
1912 374 2184 432 trecentis
2213 376 2267 442 Α
2299 381 2363 430 ut
2393 376 2652 448 gentium
2684 377 2919 446 peccata
2949 373 3146 430 resina
3173 372 3285 429 ista
3313 377 3551 430 curaret.
3583 374 3654 431 De
3696 380 3867 450 quibus

534 465 715 537 (Marc.
752 480 864 533 xlv,
897 464 974 534 5).
1015 488 1041 513 ››
1074 466 1198 531 Quo
1227 480 1470 520 numero
1529 482 1642 520 non
1675 463 2176 537 quantitatis,'sed
2292 464 2508 519 dicitur
2539 483 2552 520 :
2585 461 2999 533 Convalescite,
3052 478 3263 518 manus
3318 463 3594 532 demissas,
3631 469 3684 520 et
3719 472 3869 540 genus

532 552 880 625 significatio
912 554 1105 609 crucis
1133 553 1360 609 videtur
1388 569 1682 625 expressa.
1712 554 1794 608 Ita
1823 553 1916 608 hic
1946 569 2180 624 quoque
2289 552 2575 608 dissoluta
2605 553 2731 623 (Isa.
2766 569 2935 618 xxxv,
2964 551 3041 622 3).
3081 574 3108 601 ››
3144 551 3313 608 Fides
3343 551 3561 609 sincera
3587 550 3757 611 resina
3779 558 3864 614 est.

530 640 837 697 diversitas
894 641 981 697 vel
1034 642 1237 714 viginti
1292 643 1402 712 (14)
1453 642 1538 698 vel
1588 642 1828 713 triginta
1870 657 2179 697 aureorum
2290 641 2447 697 Hanc
2478 641 2794 697 adhibebat
2823 641 3048 707 Petrus,
3083 656 3218 695 cum
3269 641 3481 697 diceret
3513 642 3736 699 claudo:
3765 666 3789 694 «
3820 645 3869 703 In

528 729 620 785 vel
648 729 1269 802 argenteorum,habet
1296 730 1383 785 vel
1413 730 1716 803 geminatae
1746 729 1833 786 vel
1868 729 2177 802 triplicata;
2291 730 2527 786 nomine
2581 730 2719 786 Jesu
2778 729 2989 785 Christi
3046 730 3327 786 Nazareni
3384 742 3552 803 surge
3586 734 3640 787 et
3683 733 3872 789 ambula

468 821 477 825 ’
530 818 898 892 perfectionis
926 818 1230 874 indicium.
1267 818 1413 874 Nam
1445 819 1649 891 viginti
1682 820 1945 891 quinque
1992 817 2174 885 aurei,
2289 820 2423 889 (Act.
2461 836 2549 890 ιιι,
2587 821 2673 890 6);
2727 840 2754 869 υ
2800 818 3129 890 meritoque
3184 818 3453 887 surrexit,
3493 825 3547 875 et
3590 821 3868 879 ambulavit.

520 906 745 979 jubilasi
793 905 894 978 qui
942 911 1031 961 est
1081 907 1445 963 remissionis
1500 924 1801 977 numerus,
1842 906 2180 980 signiﬁcant
2288 908 2449 963 Hanc
2507 908 2761 963 habebat
2814 923 2949 962 cum
3003 907 3223 964 diceret
3253 908 3562 981 paralytico
3604 925 3676 963 :«
3711 911 3874 978 Enen,

528 994 1017 1069 pretiosissimam
1049 996 1398 1068 portionem.
1433 996 1536 1052 Hic
1579 1012 1832 1067 quoque,
1867 1000 1932 1051 ut
1980 995 2177 1051 Domi-
2288 1001 2456 1053 sanet
2485 1002 2539 1051 te
2570 995 2854 1051 Dominus
2882 995 3059 1051 Jesus
3088 996 3356 1052 Christus
3390 1014 3403 1052 :
3436 1010 3601 1069 surge
3632 1000 3685 1052 et
3719 1002 3873 1055 sterne

527 1083 668 1139 uicae
716 1083 1009 1155 passionis
1058 1085 1308 1156 ﬁguram
1357 1080 1647 1155 advertas,
1696 1084 1777 1140 ait
1832 1085 2017 1140 Judas
2076 1100 2175 1157 pa-
2286 1085 2492 1141 tibi.Et
2547 1084 2891 1152 surrexexit,
2945 1089 3005 1140 et
3047 1086 3253 1141 stravit
3296 1085 3406 1141 sibi
3449 1086 3591 1157 (Αει.
3637 1084 3874 1159 11,34)»

524 1171 780 1228 triarcha
811 1190 859 1228 ;‹‹
883 1172 1211 1229 Tradamus
1239 1173 1455 1245 Joseph
1486 1173 1797 1230 Ismaelitis
1830 1190 1843 1229 :
1877 1176 1935 1228 at
1965 1189 2176 1228 manus
2286 1173 2446 1230 Hanc
2490 1173 2759 1244 habebat,
2810 1185 2956 1229 cum
2999 1173 3215 1229 diceret
3260 1179 3498 1230 mortua
3530 1184 3598 1230 εκ
3637 1166 3795 1248 Surge
3826 1174 3872 1230 in

526 1264 737 1316 nostrae
787 1277 902 1316 non
962 1260 1081 1317 sint
1138 1262 1362 1333 injecta
1417 1278 1591 1334 super
1618 1278 1750 1318 eum
1778 1262 1929 1333 (Gen.
1963 1278 2174 1328 xxxvu,
2286 1263 2521 1318 nomine
2570 1261 2799 1317 Domini
2848 1262 3037 1317 nostri
3081 1262 3223 1319 Jesu
3266 1260 3497 1319 Christi.
3541 1254 3608 1319 Et
3648 1263 3876 1319 defuncta

523 1350 633 1420 27).
689 1372 718 1397 »
769 1350 837 1403 Et
885 1350 1030 1405 bene
1083 1351 1356 1421 superius
1408 1351 1631 1406 dixerat
1684 1351 1844 1421 (15):
1884 1373 1911 1399 ‹‹
1964 1351 2175 1406 Manus
2284 1351 2537 1406 surrexit
2566 1350 2750 1420 (Ibid.,
2783 1351 2894 1420 40).
2931 1373 2959 1399 ιι
2995 1352 3184 1421 Hujus
3223 1351 3426 1406 resinae
3475 1353 3875 1423 temperMento

523 1443 717 1494 autem
752 1438 930 1493 nolite
960 1438 1176 1494 inferre
1208 1438 1288 1493 illi
1323 1439 1504 1509 (112211.,
1554 1441 1666 1511 22).
1704 1462 1732 1488 »
1781 1440 1944 1504 Quod
1987 1439 2173 1494 Judaei
2283 1438 2506 1510 lapides
2540 1438 2623 1493 illi
2657 1439 2728 1493 de
2758 1439 2977 1510 quibus
3002 1444 3204 1510 potens
3235 1444 3325 1494 est
3353 1439 3625 1496 Dominus
3669 1437 3874 1494 resusci-

522 1526 581 1581 in
630 1526 861 1582 Domini
913 1527 1185 1598 passione
1234 1528 1548 1583 dixerunt:
1585 1552 1611 1577 ‹‹
1656 1528 1836 1583 Nobis
1879 1544 1993 1584 non
2039 1526 2175 1582 licet
2282 1532 2405 1583 tare
2446 1527 2596 1582 ﬁlios
2655 1527 2918 1593 Abrahae,
2946 1529 3451 1601 compaginantur.
3510 1526 3685 1599 Hujus
3713 1526 3875 1583 resina

521 1615 843 1671 interﬁcere
875 1632 1233 1688 quemquam
1266 1617 1441 1687 (Joan.
1476 1634 1635 1685 xvm,
1667 1618 1757 1686 31)
1791 1632 1805 1670 :
1840 1637 1867 1665 »
1888 1621 1951 1670 ut
1979 1631 2171 1671 sermo
2283 1616 2709 1671 medicamento
2756 1616 3004 1672 claudus
3060 1616 3324 1689 erigitur,
3359 1615 3703 1689 paralyticos
3732 1615 3872 1671 refor-

518 1704 661 1760 Jesu
692 1704 1053 1775 impleretur,
1089 1705 1427 1777 signiﬁcans
1458 1722 1576 1776 qua
1615 1710 1800 1760 morte
1849 1705 2170 1759 moriturus
2201 1741 2248 1805 B
2284 1709 2500 1773 matur,
2534 1710 2767 1760 mortua
2796 1704 3195 1760 resuscitatur.

520 1797 694 1849 esset.
2201 1792 2247 1805 υ
2352 1793 2437 1846 18.
2475 1792 2623 1848 Illud
2670 1809 2904 1864 quoque
2935 1794 3091 1865 quod
3123 1793 3269 1848 haedi
3305 1794 3590 1865 sanguine
3635 1794 3876 1864 respuet

592 1883 678 1937 15.
711 1882 841 1938 Jam
877 1886 1013 1936 tunc
1040 1898 1176 1954 ergo
1207 1883 1397 1938 crucis
1429 1883 1637 1937 futura:
1685 1881 2169 1954 praeﬁgurabatur
2277 1886 2415 1935 runt
2442 1880 2699 1936 tunicam
2734 1882 2863 1953 ejus
2893 1882 3045 1953 (Gen.
3079 1898 3291 1947 xxxvn,
3322 1882 3438 1951 32),
3469 1882 3690 1938 videtur
3727 1880 3879 1952 signi-

520 1970 780 2041 insigne;
833 1969 1010 2025 simul
1059 1974 1115 2024 et
1164 1971 1319 2042 quod
1369 1975 1577 2025 exutus
1625 1975 1714 2025 est
1764 1969 1965 2024 tunica
2008 1968 2160 2037 (Gen.
2277 1968 2451 2024 ficere
2508 1968 2786 2039 quoniam
2842 1969 3006 2025 falsis
3064 1969 3418 2026 testimoniis
3471 1973 3798 2043 appetentes,
3828 1968 3881 2023 ιιι·

517 2076 727 2127 XXXVII,
759 2059 872 2130 23),
903 2059 960 2113 id
993 2063 1101 2126 est,
1133 2076 1305 2115 carne
1358 2076 1534 2130 quam
1585 2059 1910 2130 assumpsit
1956 2062 2165 2113 exutus
2276 2055 2558 2111 invidiam
2591 2057 2880 2113 deduxere
2911 2058 3131 2130 peccati
3161 2058 3427 2114 omnium
3454 2059 3682 2131 peccata
3699 2055 3878 2112 donan-

518 2152 625 2215 est,
694 2148 903 2204 decora
972 2146 1305 2202 diversitate
1378 2148 1684 2202 virtutum.
1753 2147 1900 2217 Ergo
1966 2145 2166 2200 tunica
2275 2148 2415 2199 tem.
2466 2144 2643 2205 Nobis
2694 2161 2879 2216 agnus
2930 2150 3039 2213 est,
3071 2144 3190 2202 illis
3236 2146 3461 2203 haedus.
3513 2146 3685 2202 Nobis
3724 2144 3881 2216 agnus

518 2237 665 2308 ejus,
701 2237 756 2291 id
817 2240 925 2301 est,
958 2252 1112 2300 caro,
1147 2252 1261 2290 non
1319 2235 1592 2289 divinitas
1647 2239 1952 2290 cruentata
2008 2240 2095 2288 est
2146 2249 2159 2287 :
2276 2232 2375 2288 Dei
2405 2232 2635 2288 occisus
2666 2238 2775 2303 est,
2803 2234 3023 2304 quibus
3054 2234 3299 2291 abstulit
3331 2240 3631 2307 peccatum
3662 2231 3874 2288 mundi:

518 2331 576 2381 et
638 2326 1048 2380 indumentum
1107 2324 1158 2380 ei
1226 2323 1438 2389 carnis,
1491 2340 1606 2378 non
1663 2322 2163 2379 immortalitatem
2274 2320 2392 2377 illis
2418 2321 2645 2387 haedus,
2679 2338 2928 2394 quorum
2962 2324 3248 2380 acervavit
3292 2336 3540 2393 errores,
3572 2321 3765 2379 delicta
3796 2332 3875 2374 cu-

517 2416 649 2470 vitze
705 2413 931 2469 auferre
988 2416 1320 2485 potuerunt.
1371 2413 1531 2467 Hanc
1593 2412 1853 2467 tunicam
1908 2410 2163 2466 Judaicaa
2276 2409 2537 2465 mulavit.
2572 2411 2821 2482 Ideoque
2849 2410 2933 2467 ait
2965 2429 3016 2466 :«
3051 2412 3290 2484 Implete
3320 2422 3654 2469 mensuram
3682 2402 3879 2483 patrum

518 2504 715 2560 bestiae
746 2506 1214 2569 cruentaverunt,
1247 2499 1357 2556 illa:
1390 2502 1461 2556 de
1491 2500 1708 2572 quibus
1733 2499 1918 2556 dicit:
1953 2522 1980 2549 «
2022 2500 2165 2555 Ecce
2273 2503 2601 2554 vestrorum
2649 2500 2857 2569 (Matth.
2907 2516 3068 2567 xxm,
3122 2502 3233 2571 32).
3288 2523 3315 2550 »
3367 2501 3682 2572 Meritoque
3730 2494 3881 2553 Iacob

518 2609 622 2666 ego
677 2593 843 2648 mitto
894 2608 995 2647 vos
1044 2590 1196 2647 sicut
1243 2606 1424 2662 agnos
1483 2590 1633 2644 inter
1680 2589 1852 2661 lupos
1901 2589 2053 2657 (Luc.
2103 2605 2159 2653 x,
2273 2587 2630 2658 posteritatis
2660 2605 2779 2644 suae
2826 2588 3138 2660 deplorans
3183 2589 3515 2662 dispendia,
3547 2585 3706 2660 quasi
3744 2589 3879 2668 pater

519 2684 591 2754 4).
633 2706 653 2732 ι
2272 2674 2456 2729 ﬁlium
2485 2675 2662 2731 ﬂebat
2691 2677 3000 2744 amissum,
3034 2678 3202 2749 quasi
3235 2678 3523 2751 propheta
3551 2675 3769 2749 lugebat
3806 2672 3875 2727 iu-

585 2771 673 2825 16.
706 2768 869 2836 Quod
899 2772 1094 2823 autem
1139 2767 1304 2822 lacus
1353 2766 1544 2821 siccus
1590 2769 1712 2820 erat
1762 2766 1915 2831 (Gen.
1948 2780 2159 2833 xxxvu,
2272 2764 2507 2818 teritum
2554 2764 2911 2821 Judaaorum.
2947 2765 3207 2837 Denique
3282 2766 3461 2823 scidit
3515 2765 3682 2821 etiam
3731 2758 3875 2816 vesti-

513 2861 625 2927 24),
660 2858 801 2930 quid
826 2856 1041 2911 mirum
1091 2854 1140 2909 si
1188 2854 1526 2909 Judaeorum
1575 2852 1737 2908 lacus
1786 2868 2000 2923 aquam
2044 2868 2160 2907 non
2270 2856 2471 2908 menta
2501 2868 2610 2909 sua
2641 2871 2653 2909 :
2690 2854 2842 2925 quod
2872 2853 2935 2909 in
2969 2855 3239 2926 passione
3267 2854 3506 2911 Domini
3536 2854 3740 2909 factum
3767 2846 3876 2920 legi-

516 2946 712 3013 habet,
740 2944 838 3016 qui
858 2943 1308 3013 .dereliquerunt
1337 2942 1490 2997 489
1524 2941 1742 2997 fontem
1786 2958 1951 3012 aquae
1997 2940 2158 3007 vivas,
2271 2957 2403 2996 mus
2448 2942 2657 3012 (Matth.
2706 2959 2857 3009 xxvr,
2901 2943 2993 3013 65)
3044 2959 3078 2998 a
3122 2942 3386 3015 principe
3435 2941 3801 3005 sacerdotum,-
3826 2935 3874 2988 in

514 3040 569 3091 et
602 3034 864 3090 fecerunt
892 3031 1002 3087 sibi
1035 3031 1197 3086 lacus
1228 3029 1546 3086 contritus?
1578 3030 1645 3085 Et
1675 3035 1738 3084 ut
1768 3030 1918 3085 scias
1957 3045 2159 3084 verum
2269 3044 2386 3100 quo
2416 3033 2568 3085 esset
2600 3046 2716 3085 non
2757 3028 2982 3101 privata
3012 3047 3281 3103 persona,
3312 3032 3417 3088 sed
3455 3028 3667 3104 publici
3695 3032 3879 3084 mum

515 3125 624 3181 hoc
653 3138 780 3179 esse
810 3118 1177 3193 mysterium,
1209 3118 1335 3190 ipse
1362 3119 1432 3173 de
1462 3135 1524 3175 se
1554 3118 1838 3174 Dominus
1868 3118 1948 3174 ait
1980 3135 2031 3173 :«
2061 3116 2161 3173 Po-
2193 3105 2235 3172 C
2270 3117 2465 3173 ofﬁcii.
2501 3118 2569 3173 Et
2597 3118 2790 3174 velum
2834 3118 3039 3191 templi
3089 3118 3339 3177 scissum
3382 3124 3473 3176 est
3504 3117 3700 3191 (Mutat.
3729 3121 3874 3177 mn.

514 3217 758 3269 suerunt
804 3226 897 3265 me
953 3208 1011 3262 in
1058 3207 1189 3263 lacu
1239 3206 1517 3275 inferiori,
1552 3207 1610 3262 in
1671 3206 1943 3274 tenebris,
1986 3210 2043 3262 et
2094 3204 2155 3260 in
2263 3206 2391 3278 51);
2452 3210 2518 3261 ut
2572 3207 2875 3278 profanata
2925 3208 3223 3280 mysteria,
3292 3209 3587 3265 nudatum
3631 3202 3877 3278 pepulum

515 3302 726 3358 umbra
756 3298 961 3354 mortis
992 3296 1159 3368 (Psal.
1197 3313 1442 3363 Lxxxvn,
1470 3297 1547 3367 7).
2266 3292 2624 3351 salutaribus
2676 3294 3058 3363 indumentis,
3090 3296 3345 3353 divisum
3399 3311 3642 3367 regnum
3693 3290 3885 3347 talibul

586 3390 673 3444 47.
710 3388 793 3442 llli
825 3386 1005 3458 igitur
1033 3390 1239 3440 emunt
1266 3384 1561 3440 Christum
1592 3385 1691 3456 qui
1744 3385 1925 3439 honos
1951 3384 2158 3439 odores
2267 3384 2741 3440 manifestaretur
2795 3383 3128 3457 insignibus
3199 3386 3627 3443 destruendum
3691 3397 3703 3437 :
3765 3372 3880 3451 qui!

514 3479 802 3541 deferunt,
836 3473 1157 3548 thymiama
1185 3490 1300 3545 quo
1344 3472 1577 3529 adolent
1606 3472 1813 3530 altaria
1854 3472 1963 3544 pias
1994 3488 2155 3527 men-
2266 3488 2438 3528 omne
2469 3488 2715 3544 regnum
2767 3472 3023 3528 divisum
3075 3473 3241 3529 facile
3289 3473 3645 3530 destruetur.
3678 3469 3742 3524 Et
3775 3474 3882 3520 ven!

518 3568 611 3623 lis.
667 3564 827 3621 Unde
873 3568 932 3620 et
980 3562 1158 3618 David
1204 3567 1395 3618 Graece
1441 3562 1551 3619 hoc
1601 3562 1773 3617 modo
1804 3562 1885 3616 ait
1918 3579 1930 3617 :
1977 3574 2155 3616 Κατευ-
2266 3561 2542 3627 divisum,
2577 3561 2810 3632 quando
2843 3560 2951 3616 hoc
2982 3562 3137 3632 quod
3169 3566 3294 3618 erat
3319 3562 3567 3629 Christi,
3590 3556 3754 3631 capit
3777 3560 3883 3609 em

514 3655 731 3715 Θυνθήτω
821 3656 857 3711 ὴ
945 3652 1201 3717 προσευχή
1294 3667 1386 3713 μου
1478 3652 1539 3706 ὡς
1642 3650 1859 3713 θυμίαμα
1958 3648 2142 3697 ἐνώπιόι

2264 3649 2439 3706 etiam
2471 3649 2921 3720 diaboli.Neque
2949 3650 3107 3705 enim
3138 3655 3412 3723 poterant
3441 3646 3672 3706 indivisi
3714 3652 3882 3700 mane-

515 3744 807 3817 σου’(Ρ.ςιιι.
841 3758 961 3809 exn,
986 3742 1063 3812 2).
1100 3741 1375 3797 Resinam
1425 3756 1659 3812 quoque
1707 3756 1824 3812 qua
1866 3754 2161 3796 marmora
2269 3755 2350 3808 re,
2378 3737 2479 3810 qui
2509 3754 2543 3793 a
2572 3738 2739 3793 Patre
2769 3737 2980 3793 Filium
3011 3740 3386 3812 separabant.

514 3834 808 3889 confracta
838 3831 1155 3897 sociantur,
1187 3836 1276 3886 est
1306 3831 1502 3886 resina
1539 3828 1821 3901 spiritalis
1870 3845 1995 3899 quae
2045 3828 2158 3883 fra-
2814 3828 2971 3884 4ου
3008 3826 3242 3884 CAPUT
3280 3828 3375 3885 IV.
3852 3900 3855 3901 ν

516 3929 712 3979 cturas
764 3922 972 3976 anima:
1020 3924 1133 3975 tum
1177 3918 1408 3989 solidet,
1456 3922 1513 3973 et
1558 3915 1790 3973 divulsa
1836 3920 2160 3983 connectat,
2268 3917 2460 3988 Ioseph
2488 3914 2796 3999 ducitur__in
2846 3915 3164 3999 {Em/ptuli},
3192 3919 3363 3999 atque
3419 3932 3455 3972 a

516 4012 771 4068 resoluta
815 4008 1195 4081 constringat.
1251 4008 1381 4063 Hac
1436 4006 1594 4062 enim
1641 4005 1921 4078 spiritalis
1969 4006 2144 4061 resin:

683 4100 695 4115 .
829 4102 840 4115 .
919 4102 929 4115 .
1060 4114 1063 4115 ν
1276 4096 1623 4115 -μ,μςμ,ι,
1664 4094 2144 4115 ηιμ-μωμμ

2342 3976 2573 4112 inerunt
2600 3988 2825 4053 emitur,
2850 3976 3045 4058 ἐπ’ᾆὰο
3077 3976 3281 4043 Christi
3308 4004 3416 4043 sua
3445 3976 3706 4071 servitute
3724 3995 3815 4035 nos
3834 3976 3888 4030 li-

2377 4060 2582 4114 erantis
2614 4057 2790 4115 ﬁaura
2817 4061 2913 4112 est.
2945 4059 3009 4113 In
3035 4059 3218 4115 eodem
3247 4058 3559 4114 ostenditur
3586 4073 3645 4110 ιη
3686 4067 3793 4115 ipsa
3815 4062 3888 4101 ca-

516 4057 771 4068 ...υνη-η.
818 4057 1195 4081 ---ω----οη
1251 4057 1377 4063 ---η
1441 4057 1593 4062 ---η-
1644 4057 1916 4078 γαπ---
1970 4057 2143 4061 -ηπ

515 4100 938 4165 corroborat,et
968 4098 1233 4169 quaedam
1268 4096 1633 4151 comminuta
1660 4094 1869 4149 animus
1899 4094 2143 4149 membr:

2345 4057 2582 4140 hei-antis
2612 4057 2790 4140 ﬁgura
2817 4061 2913 4112 est.
2945 4057 3009 4113 In
3035 4059 3218 4115 eodem
3247 4058 3559 4114 ostenditur
3586 4057 3645 4110 in
3686 4057 3793 4131 ipso
3815 4062 3888 4126 ca;

2340 4132 2590 4200 pravitate
2619 4129 2927 4185 libertatem
2960 4145 3114 4200 posse
3152 4130 3385 4185 retineri
3433 4147 3452 4184 :
3502 4144 3602 4185 nec
3628 4136 3811 4200 norim
3836 4117 3889 4199 ιε-

519 4189 837 4262 componit,
890 4191 955 4242 ut
997 4186 1125 4242 sine
1174 4184 1496 4241 offensione
1540 4184 1854 4272 sociantur.
1902 4183 2165 4272 Denique
2340 4183 2548 4256 ᾖέηαιε
2589 4183 3810 4272 νερρνίνῖοαρτέιῷᾗαεεξῂξῠοὴίςιιεότπηίὸιιε
3844 4184 3901 4242 in‘

516 4279 803 4334 Jeremias
832 4276 983 4332 hanc
1015 4278 1221 4347 quaerit
1249 4274 1525 4341 resinam,
1560 4277 1626 4327 ut
1656 4270 2031 4344 Babyloniam
2071 4288 2166 4328 cu-
2342 4270 2657 4343 exemptum
2678 4271 2872 4342 Ioseph
2895 4270 3245 4344 prapanitur.

519 4371 606 4422 ret
633 4382 858 4431 sanare,
915 4364 963 4419 si
1014 4346 1218 4437 possit,
1270 4362 1470 4418 dicens
1503 4378 1516 4416 :
1552 4384 1581 4411 ‹‹
1611 4361 1870 4433 Accipite
1908 4359 2163 4415 resinam
2348 4362 2435 4415 19.
2471 4358 2756 4415 Venditus
2786 4364 2876 4414 est
2904 4375 3041 4433 ergo
3068 4360 3309 4432 Josepb,
3342 4360 3568 4416 ductus
3615 4357 3673 4411 in

523 4453 881 4526 corruptioni
930 4436 1079 4523 ejus,
1114 4453 1162 4506 si
1211 4468 1327 4523 quo
1378 4450 1548 4506 modo
1580 4449 1904 4505 sanabitur.
1936 4448 2167 4504 Curavi-
2195 4471 2242 4535 D
2274 4454 2424 4516 tum,
2475 4451 2709 4519 emptus
2758 4464 2793 4503 a
2841 4449 3172 4521 praepositio
3220 4463 3554 4521 coquerum
3613 4444 3739 4515 (16).
3785 4436 3895 4535 ΔΝυῐξ

522 4560 655 4599 mus
686 4524 1084 4612 Dabyloniam,
1116 4545 1175 4596 et
1225 4544 1428 4594 sanata
1474 4556 1590 4594 non
1636 4543 1724 4594 est
1753 4539 1969 4609 (Jerem.
2005 4555 2077 4605 LI,
2109 4539 2164 4605 8,
2195 4524 2238 4535 ”
2280 4538 2465 4593 otiosa
2520 4553 2770 4609 persona
2818 4553 2943 4608 quae
2992 4538 3173 4594 cruda
3216 4538 3493 4594 ciborum
3541 4531 3818 4609 coqueret.
3844 4524 3896 4578 ui

520 4634 597 4701 9).
655 4656 682 4681 ››
726 4630 851 4686 Νοιι
900 4636 989 4685 est
1035 4633 1240 4684 sanata
1289 4629 1613 4700 Synagoga,
1648 4626 1788 4699 quia
1835 4626 2026 4681 resina
2054 4626 2169 4681 ista
2277 4626 2654 4699 epularentur
2709 4625 2891 4682 animi
2942 4626 3079 4682 ﬁdei
3134 4625 3448 4683 suavitate.
3510 4621 3716 4679 Nullus
3766 4612 3896 4701 enim

519 4698 792 4795 migravit
819 4720 891 4775 ad
945 4716 1281 4774 Ecclesiam.
1316 4698 1563 4771 lideo‘eit
1610 4715 1825 4771 Galaad
1860 4715 2169 4771 veniebant
2277 4698 2443 4771 cibus
2491 4714 2736 4770 scientia
2783 4718 2840 4769 et
2884 4715 3148 4771 doctrina
3195 4714 3448 4771 dulcior.
3496 4713 3634 4769 Erat
3682 4709 3803 4765 ante
3849 4698 3905 4797 itl'

520 4811 932 4884 negotiatores,
967 4807 1074 4862 hoc
1107 4809 1215 4873 est,
1247 4805 1318 4861 de
1361 4805 1730 4876 possessione
1777 4803 1864 4859 vel
1910 4802 2167 4860 incolatu
2276 4806 2518 4877 [Egypto
2549 4803 2730 4858 cruda
2759 4802 3023 4876 perﬁdia,
3056 4819 3235 4876 quam
3265 4802 3475 4859 nullus
3507 4799 3710 4884 divinas
3735 4796 3897 4884 0080.1"

520 4873 1093 4965 testimoniimierces
1125 4910 1263 4949 suas
1293 4873 1708 4949 ad—Ecclesiam
1733 4892 2166 4963 transferentes,
2280 4873 2457 4949 tionis
2487 4891 2679 4960 ardor,
2708 4873 2936 4948 et—veraz
2967 4873 3219 4948 scientia:
3250 4890 3556 4965 cupiditas
3586 4883 3743 4945 nulla
3775 4873 3896 4938 mol-

592 5058 717 5129 (14)
738 5055 881 5111 LXX
912 5053 1134 5129 legunt_
1145 5059 1357 5127 χρυσῶν,
1394 5051 1607 5129 aureis,
1629 5051 1758 5129 sed
1810 5051 2172 5129 castigantur
2278 5053 2883 5129 tribuuntur._Verum
2916 5051 3161 5129 aliarum
3192 5052 3332 5129 edit.
3372 5068 3452 5129 ac_
3475 5064 3620 5129 mss:
3667 5039 3895 5129 01nng

592 5059 682 5129 (14
738 5059 881 5111 LXX
912 5059 1116 5128 legunt
1145 5059 1357 5127 χρυσῶν,
1394 5059 1607 5118 aureis,
1659 5059 1758 5106 sed
1810 5059 2172 5124 castigantur
2278 5059 2637 5110 tribuuntur.
2671 5059 2883 5108 Verum
2916 5059 3161 5109 aliarum
3192 5059 3332 5109 edit.
3372 5068 3443 5108 ac
3475 5064 3620 5129 mss:
3667 5059 3895 5101 omnium

524 5129 622 5206 ab”
651 5059 1031 5206 liieronymo.
1102 5125 1276 5206 Porro
1351 5123 1505 5206 quod
1574 5122 1736 5177 addit
1772 5124 2167 5206 Ambrosius,
2280 5141 2601 5206 consensus
2638 5123 2791 5206 facit,
2825 5128 2890 5178 ut
2920 5140 3017 5180 eas
3057 5125 3128 5180 ab
3175 5122 3497 5206 Ambrosio
3547 5108 3897 5206 etiam

524 5200 659 5254 alibi
688 5191 893 5271 ινίθίηιῖ
934 5191 1386 5271 quinque_,_etc.,'
1421 5198 1491 5250 de
1540 5210 1658 5271 suae
1688 5194 1903 5271 aetatis
1958 5191 2171 5271 codici-
2280 5196 2594 5271 attributas
2622 5196 2931 5271 credamus
2982 5212 3182 5271 :__cum
3231 5192 3565 5271 praesertim
3614 5191 3891 5271 ιιιιπιωξίξθ

526 5271 637 5342 bus
689 5264 983 5342 lo'quitur'.
1021 5264 1318 5340 Siquidem
1371 5265 1788 5342 vetustisssimi
1825 5267 2033 5342 nostri
2075 5282 2170 5322 co-
2280 5267 2677 5342 deliberando
2704 5265 2921 5339 Joseph
2951 5264 3266 5323 sollicitum
3295 5266 3488 5322 fuisse
3526 5276 3701 5335 supra
3725 5264 3892 5314 nm

524 5340 684 5395 dices
742 5337 806 5396 ac
864 5340 1013 5396 Bibl.
1071 5337 1407 5395 constanter
1461 5337 1666 5410 legunt
1719 5338 1919 5408 viginti
1972 5355 2169 5408 argen-
2278 5340 2444 5394 verit.

520 5413 645 5468 teis.
1518 5398 1589 5482 UA
1750 5398 1796 5482 -ν
2002 5398 2064 5482 ξ
2352 5412 2463 5482 (16)
2524 5409 2677 5466 Edit.
2735 5410 2903 5482 Rom.
2955 5409 3114 5467 hunc
3162 5420 3399 5482 versum
3472 5398 3888 5482 praeminebat:

596 5485 705 5553 (le)
757 5484 920 5540 Rom.
979 5483 1138 5555 edit.,
1188 5485 1443 5555 superius
1489 5480 1673 5536 Ruben
1729 5480 2063 5555 (11:.tefatp.Et
2111 5496 2171 5537 re
2280 5474 2473 5555 Ioseph
2529 5490 2716 5539 autem
2772 5480 2963 5539 ductus
2992 5484 3157 5539 estin
3187 5474 3513 5555 (Ερωτικηῂ
3540 5474 3742 5536 eremi!
3769 5478 3903 5530 Mf

516 5557 657 5625 ipsa
692 5552 874 5614 voces
918 5552 1003 5611 ibi
1035 5555 1227 5616 relatae
1255 5552 1336 5611 ἰιι
1384 5555 1685 5630 Scriptura
1709 5552 1817 5611 soli
1850 5552 2052 5611 Ruben
2085 5556 2172 5613 at-
2281 5559 2389 5616 etc.
