  <div class='ocr_page' id='page_1' title='image "/cluster/home/n/w/nwhite01/storage/ocr_20150623/14/hvd.32044048207138/346.png"; bbox 0 0 4012 6192; ppageno 0'>
   <div class='ocr_carea' id='block_1_1' title="bbox 198 306 311 367">
    <p class='ocr_par' dir='ltr' id='par_1_1' title="bbox 198 306 311 367">
     <span class='ocr_line' id='line_1_1' title="bbox 198 306 311 367; baseline -0.009 0"><span class='ocrx_word' id='word_1_1' title='bbox 198 306 311 367; x_wconf 76' lang='grc'><strong>681</strong></span> 
     </span>
    </p>
   </div>
   <div class='ocr_carea' id='block_1_2' title="bbox 1264 308 2554 371">
    <p class='ocr_par' dir='ltr' id='par_1_2' title="bbox 1264 308 2554 371">
     <span class='ocr_line' id='line_1_2' title="bbox 1264 308 2554 371; baseline -0.001 -1"><span class='ocrx_word' id='word_1_2' title='bbox 1264 308 1491 371; x_wconf 74' lang='lat' dir='ltr'><strong>LIBER</strong></span> <span class='ocrx_word' id='word_1_3' title='bbox 1540 310 1638 370; x_wconf 83' lang='lat' dir='ltr'><strong>DE</strong></span> <span class='ocrx_word' id='word_1_4' title='bbox 1683 310 1977 371; x_wconf 76' lang='lat' dir='ltr'><strong>JOSEPH</strong></span> <span class='ocrx_word' id='word_1_5' title='bbox 2026 309 2554 369; x_wconf 74' lang='lat' dir='ltr'><strong>PA&#39;l‘ltlAllCHA.</strong></span> 
     </span>
    </p>
   </div>
   <div class='ocr_carea' id='block_1_3' title="bbox 3501 309 3624 372">
    <p class='ocr_par' dir='ltr' id='par_1_3' title="bbox 3501 309 3624 372">
     <span class='ocr_line' id='line_1_3' title="bbox 3501 309 3624 372; baseline 0 -1"><span class='ocrx_word' id='word_1_6' title='bbox 3501 309 3624 372; x_wconf 75' lang='lat'><strong>682</strong></span> 
     </span>
    </p>
   </div>
   <div class='ocr_carea' id='block_1_4' title="bbox 198 440 3613 514">
    <p class='ocr_par' dir='ltr' id='par_1_4' title="bbox 198 440 3613 514">
     <span class='ocr_line' id='line_1_4' title="bbox 198 440 3613 514; baseline 0.002 -19"><span class='ocrx_word' id='word_1_7' title='bbox 198 441 431 503; x_wconf 86' lang='lat' dir='ltr'><strong>liverat,</strong></span> <span class='ocrx_word' id='word_1_8' title='bbox 494 456 606 495; x_wconf 87' lang='lat' dir='ltr'><strong>non</strong></span> <span class='ocrx_word' id='word_1_9' title='bbox 660 440 889 513; x_wconf 89' lang='lat' dir='ltr'><strong>eloquia</strong></span> <span class='ocrx_word' id='word_1_10' title='bbox 942 443 1171 499; x_wconf 87' lang='lat' dir='ltr'>Domini</span> <span class='ocrx_word' id='word_1_11' title='bbox 1241 443 1426 514; x_wconf 81' lang='lat' dir='ltr'><strong>ignita</strong></span> <span class='ocrx_word' id='word_1_12' title='bbox 1484 443 1849 498; x_wconf 80' lang='lat' dir='ltr'><strong>decoxerant.</strong></span> <span class='ocrx_word' id='word_1_13' title='bbox 1883 453 1935 514; x_wconf 73' lang='grc' dir='ltr'>Α</span> <span class='ocrx_word' id='word_1_14' title='bbox 1968 442 2067 498; x_wconf 88' lang='lat' dir='ltr'><strong>Ille</strong></span> <span class='ocrx_word' id='word_1_15' title='bbox 2101 459 2233 497; x_wconf 79' lang='lat' dir='ltr'><strong>vero</strong></span> <span class='ocrx_word' id='word_1_16' title='bbox 2268 442 2323 497; x_wconf 89' lang='lat' dir='ltr'><strong>in</strong></span> <span class='ocrx_word' id='word_1_17' title='bbox 2352 443 2557 513; x_wconf 84' lang='lat' dir='ltr'><strong>quavis</strong></span> <span class='ocrx_word' id='word_1_18' title='bbox 2590 442 3154 499; x_wconf 84' lang='lat' dir='ltr'><strong>conditione-servitii</strong></span> <span class='ocrx_word' id='word_1_19' title='bbox 3181 459 3414 514; x_wconf 83' lang='lat' dir='ltr'><strong>semper</strong></span> <span class='ocrx_word' id='word_1_20' title='bbox 3441 442 3613 512; x_wconf 88' lang='lat' dir='ltr'><strong>liber,</strong></span> 
     </span>
    </p>
   </div>
   <div class='ocr_carea' id='block_1_5' title="bbox 199 529 1855 603">
    <p class='ocr_par' dir='ltr' id='par_1_5' title="bbox 199 529 1855 603">
     <span class='ocr_line' id='line_1_5' title="bbox 199 529 1855 603; baseline -0.001 -18"><span class='ocrx_word' id='word_1_21' title='bbox 199 529 494 585; x_wconf 85' lang='lat' dir='ltr'><strong>Venditus</strong></span> <span class='ocrx_word' id='word_1_22' title='bbox 524 534 613 585; x_wconf 88' lang='lat' dir='ltr'><strong>est</strong></span> <span class='ocrx_word' id='word_1_23' title='bbox 643 535 838 585; x_wconf 87' lang='lat' dir='ltr'><strong>autem</strong></span> <span class='ocrx_word' id='word_1_24' title='bbox 867 530 1083 602; x_wconf 85' lang='lat' dir='ltr'><strong>Josepb</strong></span> <span class='ocrx_word' id='word_1_25' title='bbox 1118 531 1175 586; x_wconf 92' lang='lat' dir='ltr'><strong>in</strong></span> <span class='ocrx_word' id='word_1_26' title='bbox 1210 531 1469 603; x_wconf 68' lang='lat' dir='ltr'><strong>.Egypto,</strong></span> <span class='ocrx_word' id='word_1_27' title='bbox 1501 530 1639 601; x_wconf 88' lang='lat' dir='ltr'><strong>quia</strong></span> <span class='ocrx_word' id='word_1_28' title='bbox 1693 531 1855 587; x_wconf 87' lang='lat' dir='ltr'><strong>Chri-</strong></span> 
     </span>
    </p>
   </div>
   <div class='ocr_carea' id='block_1_6' title="bbox 199 618 1853 690">
    <p class='ocr_par' dir='ltr' id='par_1_6' title="bbox 199 618 1853 690">
     <span class='ocr_line' id='line_1_6' title="bbox 199 618 1853 690; baseline 0 -16"><span class='ocrx_word' id='word_1_29' title='bbox 199 624 334 675; x_wconf 91' lang='lat' dir='ltr'><strong>stus</strong></span> <span class='ocrx_word' id='word_1_30' title='bbox 382 622 666 672; x_wconf 86' lang='lat' dir='ltr'><strong>venturus</strong></span> <span class='ocrx_word' id='word_1_31' title='bbox 720 622 845 674; x_wconf 88' lang='lat' dir='ltr'><strong>erat</strong></span> <span class='ocrx_word' id='word_1_32' title='bbox 891 620 961 675; x_wconf 86' lang='lat' dir='ltr'><strong>ad</strong></span> <span class='ocrx_word' id='word_1_33' title='bbox 1021 636 1119 675; x_wconf 88' lang='lat' dir='ltr'><strong>eos</strong></span> <span class='ocrx_word' id='word_1_34' title='bbox 1176 620 1393 690; x_wconf 82' lang='lat' dir='ltr'><strong>quibus</strong></span> <span class='ocrx_word' id='word_1_35' title='bbox 1450 618 1670 673; x_wconf 91' lang='lat' dir='ltr'><strong>dictum</strong></span> <span class='ocrx_word' id='word_1_36' title='bbox 1729 624 1853 674; x_wconf 89' lang='lat' dir='ltr'><strong>est:</strong></span> 
     </span>
    </p>
   </div>
   <div class='ocr_carea' id='block_1_7' title="bbox 202 705 1859 780">
    <p class='ocr_par' dir='ltr' id='par_1_7' title="bbox 202 705 1859 780">
     <span class='ocr_line' id='line_1_7' title="bbox 202 705 1859 780; baseline 0.004 -22"><span class='ocrx_word' id='word_1_37' title='bbox 202 706 520 764; x_wconf 67' lang='lat' dir='ltr'><strong>«Peccatis</strong></span> <span class='ocrx_word' id='word_1_38' title='bbox 576 706 787 761; x_wconf 83' lang='lat' dir='ltr'><strong>vestris</strong></span> <span class='ocrx_word' id='word_1_39' title='bbox 836 708 1058 763; x_wconf 89' lang='lat' dir='ltr'><strong>venditi</strong></span> <span class='ocrx_word' id='word_1_40' title='bbox 1116 708 1258 764; x_wconf 86' lang='lat' dir='ltr'><strong>estis</strong></span> <span class='ocrx_word' id='word_1_41' title='bbox 1308 710 1430 780; x_wconf 83' lang='lat' dir='ltr'><strong>(Isa.</strong></span> <span class='ocrx_word' id='word_1_42' title='bbox 1494 724 1543 774; x_wconf 88' lang='lat' dir='ltr'><strong>L,</strong></span> <span class='ocrx_word' id='word_1_43' title='bbox 1606 705 1679 777; x_wconf 91' lang='grc'><strong>1).</strong></span> <span class='ocrx_word' id='word_1_44' title='bbox 1711 728 1738 755; x_wconf 84' lang='grc'><strong>››</strong></span> <span class='ocrx_word' id='word_1_45' title='bbox 1793 708 1859 764; x_wconf 90' lang='lat' dir='ltr'><strong>Et</strong></span> 
     </span>
    </p>
   </div>
   <div class='ocr_carea' id='block_1_8' title="bbox 194 795 1859 869">
    <p class='ocr_par' dir='ltr' id='par_1_8' title="bbox 194 795 1859 869">
     <span class='ocr_line' id='line_1_8' title="bbox 194 795 1859 869; baseline -0.002 -18"><span class='ocrx_word' id='word_1_46' title='bbox 194 796 330 859; x_wconf 86' lang='lat' dir='ltr'><strong>ideo</strong></span> <span class='ocrx_word' id='word_1_47' title='bbox 363 812 470 853; x_wconf 92' lang='lat' dir='ltr'><strong>suo</strong></span> <span class='ocrx_word' id='word_1_48' title='bbox 502 795 791 866; x_wconf 83' lang='lat' dir='ltr'><strong>sanguine</strong></span> <span class='ocrx_word' id='word_1_49' title='bbox 822 795 1092 864; x_wconf 83' lang='lat' dir='ltr'><strong>redemit,</strong></span> <span class='ocrx_word' id='word_1_50' title='bbox 1135 813 1282 868; x_wconf 91' lang='lat' dir='ltr'><strong>quos</strong></span> <span class='ocrx_word' id='word_1_51' title='bbox 1334 795 1567 869; x_wconf 85' lang='lat' dir='ltr'><strong>propria</strong></span> <span class='ocrx_word' id='word_1_52' title='bbox 1623 801 1859 864; x_wconf 89' lang='lat' dir='ltr'><strong>peccata</strong></span> 
     </span>
    </p>
   </div>
   <div class='ocr_carea' id='block_1_9' title="bbox 192 879 1855 941">
    <p class='ocr_par' dir='ltr' id='par_1_9' title="bbox 192 879 1855 941">
     <span class='ocr_line' id='line_1_9' title="bbox 192 879 1855 941; baseline 0 -1"><span class='ocrx_word' id='word_1_53' title='bbox 192 883 596 940; x_wconf 78' lang='lat' dir='ltr'><strong>vendiderant.</strong></span> <span class='ocrx_word' id='word_1_54' title='bbox 652 883 765 939; x_wconf 90' lang='lat' dir='ltr'><strong>Sed</strong></span> <span class='ocrx_word' id='word_1_55' title='bbox 830 885 1103 941; x_wconf 91' lang='lat' dir='ltr'><strong>venditus</strong></span> <span class='ocrx_word' id='word_1_56' title='bbox 1152 885 1422 941; x_wconf 80' lang='lat' dir='ltr'><strong>Christus</strong></span> <span class='ocrx_word' id='word_1_57' title='bbox 1501 879 1855 940; x_wconf 86' lang='lat' dir='ltr'><strong>conditionis</strong></span> 
     </span>
    </p>
   </div>
   <div class='ocr_carea' id='block_1_10' title="bbox 194 971 1853 1047">
    <p class='ocr_par' dir='ltr' id='par_1_10' title="bbox 194 971 1853 1047">
     <span class='ocr_line' id='line_1_10' title="bbox 194 971 1853 1047; baseline 0.001 -18"><span class='ocrx_word' id='word_1_58' title='bbox 194 971 589 1047; x_wconf 77' lang='lat' dir='ltr'><strong>susceptione,</strong></span> <span class='ocrx_word' id='word_1_59' title='bbox 619 988 733 1026; x_wconf 91' lang='lat' dir='ltr'><strong>non</strong></span> <span class='ocrx_word' id='word_1_60' title='bbox 768 971 974 1043; x_wconf 69' lang='lat' dir='ltr'><strong>culpae,</strong></span> <span class='ocrx_word' id='word_1_61' title='bbox 1008 974 1223 1045; x_wconf 84' lang='lat' dir='ltr'><strong>peccati</strong></span> <span class='ocrx_word' id='word_1_62' title='bbox 1277 974 1461 1045; x_wconf 89' lang='lat' dir='ltr'><strong>pretio</strong></span> <span class='ocrx_word' id='word_1_63' title='bbox 1520 975 1634 1047; x_wconf 76' lang='lat' dir='ltr'><strong>(l7)</strong></span> <span class='ocrx_word' id='word_1_64' title='bbox 1691 981 1853 1031; x_wconf 86' lang='lat' dir='ltr'><strong>tene-</strong></span> 
     </span>
    </p>
   </div>
   <div class='ocr_carea' id='block_1_11' title="bbox 192 1058 1857 1135">
    <p class='ocr_par' dir='ltr' id='par_1_11' title="bbox 192 1058 1857 1135">
     <span class='ocr_line' id='line_1_11' title="bbox 192 1058 1857 1135; baseline 0.001 -19"><span class='ocrx_word' id='word_1_65' title='bbox 192 1064 339 1125; x_wconf 83' lang='lat' dir='ltr'><strong>tur:</strong></span> <span class='ocrx_word' id='word_1_66' title='bbox 382 1058 522 1131; x_wconf 91' lang='lat' dir='ltr'><strong>quia</strong></span> <span class='ocrx_word' id='word_1_67' title='bbox 565 1064 869 1130; x_wconf 91' lang='lat' dir='ltr'><strong>peccatum</strong></span> <span class='ocrx_word' id='word_1_68' title='bbox 919 1059 1045 1132; x_wconf 91' lang='lat' dir='ltr'><strong>ipse</strong></span> <span class='ocrx_word' id='word_1_69' title='bbox 1076 1077 1191 1115; x_wconf 89' lang='lat' dir='ltr'><strong>non</strong></span> <span class='ocrx_word' id='word_1_70' title='bbox 1236 1061 1388 1117; x_wconf 86' lang='lat' dir='ltr'><strong>fecit.</strong></span> <span class='ocrx_word' id='word_1_71' title='bbox 1439 1063 1625 1119; x_wconf 83' lang='lat' dir='ltr'><strong>Pretio</strong></span> <span class='ocrx_word' id='word_1_72' title='bbox 1676 1064 1857 1135; x_wconf 81' lang='lat' dir='ltr'><strong>igitur</strong></span> 
     </span>
    </p>
   </div>
   <div class='ocr_carea' id='block_1_12' title="bbox 196 1146 1852 1219">
    <p class='ocr_par' dir='ltr' id='par_1_12' title="bbox 196 1146 1852 1219">
     <span class='ocr_line' id='line_1_12' title="bbox 196 1146 1852 1219; baseline 0.001 -14"><span class='ocrx_word' id='word_1_73' title='bbox 196 1151 469 1215; x_wconf 82' lang='lat' dir='ltr'><strong>nostrum</strong></span> <span class='ocrx_word' id='word_1_74' title='bbox 502 1146 785 1213; x_wconf 91' lang='lat' dir='ltr'><strong>debitum,</strong></span> <span class='ocrx_word' id='word_1_75' title='bbox 817 1165 932 1203; x_wconf 92' lang='lat' dir='ltr'><strong>non</strong></span> <span class='ocrx_word' id='word_1_76' title='bbox 967 1165 1075 1203; x_wconf 90' lang='lat' dir='ltr'><strong>sua</strong></span> <span class='ocrx_word' id='word_1_77' title='bbox 1130 1166 1243 1204; x_wconf 63' lang='lat' dir='ltr'><strong>aera</strong></span> <span class='ocrx_word' id='word_1_78' title='bbox 1297 1152 1605 1219; x_wconf 84' lang='lat' dir='ltr'><strong>contraxit,</strong></span> <span class='ocrx_word' id='word_1_79' title='bbox 1665 1152 1852 1208; x_wconf 85' lang='lat' dir='ltr'><strong>chiro-</strong></span> 
     </span>
    </p>
   </div>
   <div class='ocr_carea' id='block_1_13' title="bbox 190 1235 1852 1309">
    <p class='ocr_par' dir='ltr' id='par_1_13' title="bbox 190 1235 1852 1309">
     <span class='ocr_line' id='line_1_13' title="bbox 190 1235 1852 1309; baseline 0.001 -16"><span class='ocrx_word' id='word_1_80' title='bbox 190 1236 490 1309; x_wconf 85' lang='lat' dir='ltr'><strong>graphum</strong></span> <span class='ocrx_word' id='word_1_81' title='bbox 537 1235 799 1302; x_wconf 90' lang='lat' dir='ltr'><strong>sustulit,</strong></span> <span class='ocrx_word' id='word_1_82' title='bbox 858 1237 1239 1293; x_wconf 84' lang='lat' dir='ltr'><strong>feneratorem</strong></span> <span class='ocrx_word' id='word_1_83' title='bbox 1272 1239 1532 1305; x_wconf 84' lang='lat' dir='ltr'><strong>removit,</strong></span> <span class='ocrx_word' id='word_1_84' title='bbox 1566 1238 1723 1296; x_wconf 89' lang='lat' dir='ltr'><strong>exuit</strong></span> <span class='ocrx_word' id='word_1_85' title='bbox 1753 1241 1852 1294; x_wconf 90' lang='lat' dir='ltr'><strong>de-</strong></span> 
     </span>
    </p>
   </div>
   <div class='ocr_carea' id='block_1_14' title="bbox 190 1326 1853 1401">
    <p class='ocr_par' dir='ltr' id='par_1_14' title="bbox 190 1326 1853 1401">
     <span class='ocr_line' id='line_1_14' title="bbox 190 1326 1853 1401; baseline 0.002 -21"><span class='ocrx_word' id='word_1_86' title='bbox 190 1326 495 1401; x_wconf 85' lang='lat' dir='ltr'><strong>bitorem:</strong></span> <span class='ocrx_word' id='word_1_87' title='bbox 540 1342 695 1381; x_wconf 90' lang='lat' dir='ltr'><strong>unus</strong></span> <span class='ocrx_word' id='word_1_88' title='bbox 738 1326 983 1380; x_wconf 81' lang='lat' dir='ltr'><strong>exsolvit</strong></span> <span class='ocrx_word' id='word_1_89' title='bbox 1042 1326 1155 1398; x_wconf 91' lang='grc'>(18)</span> <span class='ocrx_word' id='word_1_90' title='bbox 1221 1327 1375 1397; x_wconf 93' lang='lat' dir='ltr'><strong>quod</strong></span> <span class='ocrx_word' id='word_1_91' title='bbox 1440 1328 1510 1383; x_wconf 91' lang='lat' dir='ltr'><strong>ab</strong></span> <span class='ocrx_word' id='word_1_92' title='bbox 1579 1328 1853 1384; x_wconf 85' lang='lat' dir='ltr'><strong>omnibus</strong></span> 
     </span>
    </p>
   </div>
   <div class='ocr_carea' id='block_1_15' title="bbox 193 1413 1846 1480">
    <p class='ocr_par' dir='ltr' id='par_1_15' title="bbox 193 1413 1846 1480">
     <span class='ocr_line' id='line_1_15' title="bbox 193 1413 1846 1480; baseline 0.001 -10"><span class='ocrx_word' id='word_1_93' title='bbox 193 1413 544 1480; x_wconf 81' lang='lat' dir='ltr'><strong>debebatur.</strong></span> <span class='ocrx_word' id='word_1_94' title='bbox 618 1414 744 1469; x_wconf 89' lang='lat' dir='ltr'><strong>Non</strong></span> <span class='ocrx_word' id='word_1_95' title='bbox 826 1414 1038 1471; x_wconf 87' lang='lat' dir='ltr'><strong>licebat</strong></span> <span class='ocrx_word' id='word_1_96' title='bbox 1090 1413 1259 1471; x_wconf 91' lang='lat' dir='ltr'><strong>nobis</strong></span> <span class='ocrx_word' id='word_1_97' title='bbox 1342 1415 1495 1471; x_wconf 83' lang='lat' dir='ltr'><strong>exire</strong></span> <span class='ocrx_word' id='word_1_98' title='bbox 1594 1416 1846 1472; x_wconf 89' lang='lat' dir='ltr'><strong>servitio.</strong></span> 
     </span>
    </p>
   </div>
   <div class='ocr_carea' id='block_1_16' title="bbox 190 1500 1851 1575">
    <p class='ocr_par' dir='ltr' id='par_1_16' title="bbox 190 1500 1851 1575">
     <span class='ocr_line' id='line_1_16' title="bbox 190 1500 1851 1575; baseline 0.001 -16"><span class='ocrx_word' id='word_1_99' title='bbox 190 1502 473 1575; x_wconf 82' lang='lat' dir='ltr'><strong>Suscepit</strong></span> <span class='ocrx_word' id='word_1_100' title='bbox 500 1500 610 1557; x_wconf 91' lang='lat' dir='ltr'><strong>hoc</strong></span> <span class='ocrx_word' id='word_1_101' title='bbox 640 1500 737 1557; x_wconf 90' lang='lat' dir='ltr'><strong>ille</strong></span> <span class='ocrx_word' id='word_1_102' title='bbox 768 1518 871 1574; x_wconf 91' lang='lat' dir='ltr'><strong>pro</strong></span> <span class='ocrx_word' id='word_1_103' title='bbox 903 1501 1093 1567; x_wconf 92' lang='lat' dir='ltr'><strong>nobis,</strong></span> <span class='ocrx_word' id='word_1_104' title='bbox 1154 1508 1217 1558; x_wconf 90' lang='lat' dir='ltr'><strong>ut</strong></span> <span class='ocrx_word' id='word_1_105' title='bbox 1252 1503 1587 1560; x_wconf 86' lang='lat' dir='ltr'><strong>servitutem</strong></span> <span class='ocrx_word' id='word_1_106' title='bbox 1644 1504 1851 1560; x_wconf 91' lang='lat' dir='ltr'><strong>mundi</strong></span> 
     </span>
    </p>
   </div>
   <div class='ocr_carea' id='block_1_17' title="bbox 189 1589 1848 1664">
    <p class='ocr_par' dir='ltr' id='par_1_17' title="bbox 189 1589 1848 1664">
     <span class='ocr_line' id='line_1_17' title="bbox 189 1589 1848 1664; baseline 0.001 -18"><span class='ocrx_word' id='word_1_107' title='bbox 189 1590 516 1664; x_wconf 86' lang='lat' dir='ltr'><strong>repelleret,</strong></span> <span class='ocrx_word' id='word_1_108' title='bbox 570 1589 900 1645; x_wconf 88' lang='lat' dir='ltr'><strong>libertatem</strong></span> <span class='ocrx_word' id='word_1_109' title='bbox 963 1589 1221 1661; x_wconf 82' lang='lat' dir='ltr'><strong>paradisi</strong></span> <span class='ocrx_word' id='word_1_110' title='bbox 1281 1591 1633 1656; x_wconf 87' lang='lat' dir='ltr'><strong>restitueret,</strong></span> <span class='ocrx_word' id='word_1_111' title='bbox 1718 1609 1848 1664; x_wconf 85' lang='lat' dir='ltr'><strong>gra-</strong></span> 
     </span>
    </p>
   </div>
   <div class='ocr_carea' id='block_1_18' title="bbox 189 1672 1848 1757">
    <p class='ocr_par' dir='ltr' id='par_1_18' title="bbox 189 1672 1848 1757">
     <span class='ocr_line' id='line_1_18' title="bbox 189 1672 1848 1757; baseline 0.002 -24"><span class='ocrx_word' id='word_1_112' title='bbox 189 1672 333 1757; x_wconf 78' lang='lat' dir='ltr'><strong>tiam</strong></span> <span class='ocrx_word' id='word_1_113' title='bbox 368 1695 576 1734; x_wconf 88' lang='lat' dir='ltr'><strong>novam</strong></span> <span class='ocrx_word' id='word_1_114' title='bbox 611 1678 884 1733; x_wconf 84' lang='lat' dir='ltr'><strong>consortii</strong></span> <span class='ocrx_word' id='word_1_115' title='bbox 917 1679 1003 1735; x_wconf 89' lang='lat' dir='ltr'><strong>sui</strong></span> <span class='ocrx_word' id='word_1_116' title='bbox 1040 1678 1258 1734; x_wconf 86' lang='lat' dir='ltr'><strong>honore</strong></span> <span class='ocrx_word' id='word_1_117' title='bbox 1307 1681 1568 1736; x_wconf 89' lang='lat' dir='ltr'><strong>donaret.</strong></span> <span class='ocrx_word' id='word_1_118' title='bbox 1608 1681 1725 1736; x_wconf 89' lang='lat' dir='ltr'><strong>Hoc</strong></span> <span class='ocrx_word' id='word_1_119' title='bbox 1779 1682 1848 1737; x_wconf 94' lang='lat' dir='ltr'><strong>de</strong></span> 
     </span>
    </p>
   </div>
   <div class='ocr_carea' id='block_1_19' title="bbox 195 1767 501 1840">
    <p class='ocr_par' dir='ltr' id='par_1_19' title="bbox 195 1767 501 1840">
     <span class='ocr_line' id='line_1_19' title="bbox 195 1767 501 1840; baseline 0 -17"><span class='ocrx_word' id='word_1_120' title='bbox 195 1767 501 1840; x_wconf 76' lang='lat' dir='ltr'><strong>mysterio.</strong></span> 
     </span>
    </p>
   </div>
   <div class='ocr_carea' id='block_1_20' title="bbox 260 1856 1844 1933">
    <p class='ocr_par' dir='ltr' id='par_1_20' title="bbox 260 1856 1844 1933">
     <span class='ocr_line' id='line_1_20' title="bbox 260 1856 1844 1933; baseline 0.001 -22"><span class='ocrx_word' id='word_1_121' title='bbox 260 1858 352 1933; x_wconf 81' lang='lat'><strong>20.</strong></span> <span class='ocrx_word' id='word_1_122' title='bbox 388 1856 670 1911; x_wconf 67' lang='lat' dir='ltr'><strong>Caeterum</strong></span> <span class='ocrx_word' id='word_1_123' title='bbox 696 1857 849 1928; x_wconf 92' lang='lat' dir='ltr'><strong>quod</strong></span> <span class='ocrx_word' id='word_1_124' title='bbox 884 1857 955 1912; x_wconf 87' lang='lat' dir='ltr'><strong>ad</strong></span> <span class='ocrx_word' id='word_1_125' title='bbox 1000 1856 1280 1913; x_wconf 87' lang='lat' dir='ltr'><strong>moralem</strong></span> <span class='ocrx_word' id='word_1_126' title='bbox 1330 1858 1581 1930; x_wconf 76' lang='lat' dir='ltr'><strong>pertinet</strong></span> <span class='ocrx_word' id='word_1_127' title='bbox 1627 1857 1844 1922; x_wconf 92' lang='lat' dir='ltr'><strong>locum,</strong></span> 
     </span>
    </p>
   </div>
   <div class='ocr_carea' id='block_1_21' title="bbox 188 1939 1848 2017">
    <p class='ocr_par' dir='ltr' id='par_1_21' title="bbox 188 1939 1848 2017">
     <span class='ocr_line' id='line_1_21' title="bbox 188 1939 1848 2017; baseline 0 -16"><span class='ocrx_word' id='word_1_128' title='bbox 188 1946 334 2017; x_wconf 85' lang='lat' dir='ltr'><strong>quia</strong></span> <span class='ocrx_word' id='word_1_129' title='bbox 363 1939 565 2001; x_wconf 78' lang='lat' dir='ltr'><strong>omnes</strong></span> <span class='ocrx_word' id='word_1_130' title='bbox 599 1945 722 2000; x_wconf 92' lang='lat' dir='ltr'><strong>vult</strong></span> <span class='ocrx_word' id='word_1_131' title='bbox 758 1945 950 2001; x_wconf 88' lang='lat' dir='ltr'><strong>salvos</strong></span> <span class='ocrx_word' id='word_1_132' title='bbox 1006 1946 1130 2000; x_wconf 83' lang='lat' dir='ltr'><strong>fieri</strong></span> <span class='ocrx_word' id='word_1_133' title='bbox 1184 1947 1468 2002; x_wconf 86' lang='lat' dir='ltr'><strong>Dominus</strong></span> <span class='ocrx_word' id='word_1_134' title='bbox 1528 1947 1681 2002; x_wconf 88' lang='lat' dir='ltr'><strong>Deus</strong></span> <span class='ocrx_word' id='word_1_135' title='bbox 1738 1964 1848 2002; x_wconf 77' lang='lat' dir='ltr'><strong>no-</strong></span> 
     </span>
    </p>
   </div>
   <div class='ocr_carea' id='block_1_22' title="bbox 189 2034 1844 2106">
    <p class='ocr_par' dir='ltr' id='par_1_22' title="bbox 189 2034 1844 2106">
     <span class='ocr_line' id='line_1_22' title="bbox 189 2034 1844 2106; baseline -0.001 -16"><span class='ocrx_word' id='word_1_136' title='bbox 189 2040 344 2098; x_wconf 88' lang='lat' dir='ltr'><strong>ster,</strong></span> <span class='ocrx_word' id='word_1_137' title='bbox 378 2034 541 2091; x_wconf 85' lang='lat' dir='ltr'><strong>dedit</strong></span> <span class='ocrx_word' id='word_1_138' title='bbox 569 2051 672 2106; x_wconf 88' lang='lat' dir='ltr'><strong>per</strong></span> <span class='ocrx_word' id='word_1_139' title='bbox 698 2034 915 2105; x_wconf 88' lang='lat' dir='ltr'><strong>Joseph</strong></span> <span class='ocrx_word' id='word_1_140' title='bbox 949 2035 1123 2089; x_wconf 88' lang='lat' dir='ltr'><strong>etiam</strong></span> <span class='ocrx_word' id='word_1_141' title='bbox 1177 2035 1248 2089; x_wconf 90' lang='lat' dir='ltr'><strong>iis</strong></span> <span class='ocrx_word' id='word_1_142' title='bbox 1280 2035 1378 2106; x_wconf 89' lang='lat' dir='ltr'><strong>qui</strong></span> <span class='ocrx_word' id='word_1_143' title='bbox 1412 2040 1551 2090; x_wconf 90' lang='lat' dir='ltr'><strong>sunt</strong></span> <span class='ocrx_word' id='word_1_144' title='bbox 1608 2036 1664 2089; x_wconf 92' lang='lat' dir='ltr'><strong>in</strong></span> <span class='ocrx_word' id='word_1_145' title='bbox 1725 2051 1844 2090; x_wconf 90' lang='lat' dir='ltr'><strong>ser-</strong></span> 
     </span>
    </p>
   </div>
   <div class='ocr_carea' id='block_1_23' title="bbox 191 2121 1849 2195">
    <p class='ocr_par' dir='ltr' id='par_1_23' title="bbox 191 2121 1849 2195">
     <span class='ocr_line' id='line_1_23' title="bbox 191 2121 1849 2195; baseline 0 -17"><span class='ocrx_word' id='word_1_146' title='bbox 191 2124 381 2178; x_wconf 90' lang='lat' dir='ltr'><strong>vitute</strong></span> <span class='ocrx_word' id='word_1_147' title='bbox 411 2121 711 2179; x_wconf 87' lang='lat' dir='ltr'><strong>solatium:</strong></span> <span class='ocrx_word' id='word_1_148' title='bbox 742 2123 1449 2195; x_wconf 88' lang='lat' dir='ltr'><strong>atlribuitmagisterium;</strong></span> <span class='ocrx_word' id='word_1_149' title='bbox 1481 2123 1849 2179; x_wconf 88' lang='lat' dir='ltr'><strong>utdiscerent</strong></span> 
     </span>
    </p>
   </div>
   <div class='ocr_carea' id='block_1_24' title="bbox 188 2209 1843 2284">
    <p class='ocr_par' dir='ltr' id='par_1_24' title="bbox 188 2209 1843 2284">
     <span class='ocr_line' id='line_1_24' title="bbox 188 2209 1843 2284; baseline -0.001 -17"><span class='ocrx_word' id='word_1_150' title='bbox 188 2212 371 2269; x_wconf 88' lang='lat' dir='ltr'><strong>etiam</strong></span> <span class='ocrx_word' id='word_1_151' title='bbox 396 2212 454 2265; x_wconf 91' lang='lat' dir='ltr'><strong>in</strong></span> <span class='ocrx_word' id='word_1_152' title='bbox 481 2209 693 2266; x_wconf 87' lang='lat' dir='ltr'><strong>ultima</strong></span> <span class='ocrx_word' id='word_1_153' title='bbox 723 2212 1052 2266; x_wconf 88' lang='lat' dir='ltr'><strong>conditione</strong></span> <span class='ocrx_word' id='word_1_154' title='bbox 1084 2228 1255 2284; x_wconf 84' lang='lat' dir='ltr'><strong>posse</strong></span> <span class='ocrx_word' id='word_1_155' title='bbox 1286 2228 1477 2266; x_wconf 90' lang='lat' dir='ltr'><strong>mores</strong></span> <span class='ocrx_word' id='word_1_156' title='bbox 1507 2228 1634 2266; x_wconf 87' lang='lat' dir='ltr'><strong>esse</strong></span> <span class='ocrx_word' id='word_1_157' title='bbox 1674 2229 1843 2283; x_wconf 86' lang='lat' dir='ltr'><strong>supe-</strong></span> 
     </span>
    </p>
   </div>
   <div class='ocr_carea' id='block_1_25' title="bbox 188 2299 1844 2367">
    <p class='ocr_par' dir='ltr' id='par_1_25' title="bbox 188 2299 1844 2367">
     <span class='ocr_line' id='line_1_25' title="bbox 188 2299 1844 2367; baseline -0.001 -11"><span class='ocrx_word' id='word_1_158' title='bbox 188 2300 400 2367; x_wconf 88' lang='lat' dir='ltr'><strong>riores,</strong></span> <span class='ocrx_word' id='word_1_159' title='bbox 434 2316 537 2355; x_wconf 90' lang='lat' dir='ltr'><strong>nec</strong></span> <span class='ocrx_word' id='word_1_160' title='bbox 570 2300 758 2355; x_wconf 90' lang='lat' dir='ltr'><strong>ullum</strong></span> <span class='ocrx_word' id='word_1_161' title='bbox 790 2304 1011 2355; x_wconf 86' lang='lat' dir='ltr'><strong>statum</strong></span> <span class='ocrx_word' id='word_1_162' title='bbox 1052 2300 1375 2355; x_wconf 85' lang='lat' dir='ltr'><strong>immunem</strong></span> <span class='ocrx_word' id='word_1_163' title='bbox 1408 2316 1535 2355; x_wconf 88' lang='lat' dir='ltr'><strong>esse</strong></span> <span class='ocrx_word' id='word_1_164' title='bbox 1591 2299 1844 2365; x_wconf 86' lang='lat' dir='ltr'><strong>virtutis,</strong></span> 
     </span>
    </p>
   </div>
   <div class='ocr_carea' id='block_1_26' title="bbox 186 2389 1844 2460">
    <p class='ocr_par' dir='ltr' id='par_1_26' title="bbox 186 2389 1844 2460">
     <span class='ocr_line' id='line_1_26' title="bbox 186 2389 1844 2460; baseline -0.001 -16"><span class='ocrx_word' id='word_1_165' title='bbox 186 2391 241 2445; x_wconf 89' lang='lat' dir='ltr'><strong>si</strong></span> <span class='ocrx_word' id='word_1_166' title='bbox 296 2389 533 2444; x_wconf 89' lang='lat' dir='ltr'><strong>animus</strong></span> <span class='ocrx_word' id='word_1_167' title='bbox 590 2405 652 2443; x_wconf 90' lang='lat' dir='ltr'><strong>se</strong></span> <span class='ocrx_word' id='word_1_168' title='bbox 684 2389 1155 2460; x_wconf 87' lang='lat' dir='ltr'><strong>uniuscujusque</strong></span> <span class='ocrx_word' id='word_1_169' title='bbox 1213 2393 1557 2459; x_wconf 80' lang='lat' dir='ltr'><strong>cognoscat:</strong></span> <span class='ocrx_word' id='word_1_170' title='bbox 1611 2403 1844 2443; x_wconf 89' lang='lat' dir='ltr'><strong>carnem</strong></span> 
     </span>
    </p>
   </div>
   <div class='ocr_carea' id='block_1_27' title="bbox 185 2474 1846 2548">
    <p class='ocr_par' dir='ltr' id='par_1_27' title="bbox 185 2474 1846 2548">
     <span class='ocr_line' id='line_1_27' title="bbox 185 2474 1846 2548; baseline -0.002 -14"><span class='ocrx_word' id='word_1_171' title='bbox 185 2477 459 2534; x_wconf 84' lang='lat' dir='ltr'><strong>servituti</strong></span> <span class='ocrx_word' id='word_1_172' title='bbox 492 2474 791 2533; x_wconf 86' lang='lat' dir='ltr'><strong>subditam</strong></span> <span class='ocrx_word' id='word_1_173' title='bbox 825 2493 974 2539; x_wconf 91' lang='lat' dir='ltr'><strong>esse,</strong></span> <span class='ocrx_word' id='word_1_174' title='bbox 1020 2494 1135 2531; x_wconf 89' lang='lat' dir='ltr'><strong>non</strong></span> <span class='ocrx_word' id='word_1_175' title='bbox 1178 2481 1463 2530; x_wconf 79' lang='lat' dir='ltr'><strong>mentem:</strong></span> <span class='ocrx_word' id='word_1_176' title='bbox 1512 2476 1846 2548; x_wconf 87' lang='lat' dir='ltr'><strong>multosque</strong></span> 
     </span>
    </p>
   </div>
   <div class='ocr_carea' id='block_1_28' title="bbox 186 2563 1846 2627">
    <p class='ocr_par' dir='ltr' id='par_1_28' title="bbox 186 2563 1846 2627">
     <span class='ocr_line' id='line_1_28' title="bbox 186 2563 1846 2627; baseline -0.002 -4"><span class='ocrx_word' id='word_1_177' title='bbox 186 2564 460 2623; x_wconf 80' lang='lat' dir='ltr'><strong>servulos</strong></span> <span class='ocrx_word' id='word_1_178' title='bbox 491 2582 620 2621; x_wconf 89' lang='lat' dir='ltr'><strong>esse</strong></span> <span class='ocrx_word' id='word_1_179' title='bbox 665 2563 918 2620; x_wconf 90' lang='lat' dir='ltr'><strong>dominis</strong></span> <span class='ocrx_word' id='word_1_180' title='bbox 969 2564 1288 2627; x_wconf 81' lang='lat' dir='ltr'><strong>liberiores,</strong></span> <span class='ocrx_word' id='word_1_181' title='bbox 1350 2565 1399 2618; x_wconf 89' lang='lat' dir='ltr'><strong>si</strong></span> <span class='ocrx_word' id='word_1_182' title='bbox 1452 2565 1508 2618; x_wconf 89' lang='lat' dir='ltr'><strong>in</strong></span> <span class='ocrx_word' id='word_1_183' title='bbox 1568 2565 1846 2619; x_wconf 88' lang='lat' dir='ltr'><strong>servitute</strong></span> 
     </span>
    </p>
   </div>
   <div class='ocr_carea' id='block_1_29' title="bbox 184 2652 1842 2728">
    <p class='ocr_par' dir='ltr' id='par_1_29' title="bbox 184 2652 1842 2728">
     <span class='ocr_line' id='line_1_29' title="bbox 184 2652 1842 2728; baseline -0.003 -16"><span class='ocrx_word' id='word_1_184' title='bbox 184 2652 366 2728; x_wconf 89' lang='lat' dir='ltr'><strong>positi</strong></span> <span class='ocrx_word' id='word_1_185' title='bbox 424 2672 459 2709; x_wconf 87' lang='lat' dir='ltr'><strong>a</strong></span> <span class='ocrx_word' id='word_1_186' title='bbox 498 2653 806 2709; x_wconf 88' lang='lat' dir='ltr'><strong>servilibus</strong></span> <span class='ocrx_word' id='word_1_187' title='bbox 852 2657 1057 2725; x_wconf 90' lang='lat' dir='ltr'><strong>putent</strong></span> <span class='ocrx_word' id='word_1_188' title='bbox 1085 2654 1359 2724; x_wconf 90' lang='lat' dir='ltr'><strong>operibus</strong></span> <span class='ocrx_word' id='word_1_189' title='bbox 1406 2652 1842 2707; x_wconf 90' lang='lat' dir='ltr'><strong>abstinendum.</strong></span> 
     </span>
    </p>
   </div>
   <div class='ocr_carea' id='block_1_30' title="bbox 184 2740 1841 2813">
    <p class='ocr_par' dir='ltr' id='par_1_30' title="bbox 184 2740 1841 2813">
     <span class='ocr_line' id='line_1_30' title="bbox 184 2740 1841 2813; baseline -0.002 -15"><span class='ocrx_word' id='word_1_190' title='bbox 184 2742 410 2800; x_wconf 78' lang='lat' dir='ltr'><strong>Set-vile</strong></span> <span class='ocrx_word' id='word_1_191' title='bbox 441 2747 527 2797; x_wconf 87' lang='lat' dir='ltr'><strong>est</strong></span> <span class='ocrx_word' id='word_1_192' title='bbox 556 2759 728 2797; x_wconf 90' lang='lat' dir='ltr'><strong>omne</strong></span> <span class='ocrx_word' id='word_1_193' title='bbox 758 2744 1087 2813; x_wconf 86' lang='lat' dir='ltr'><strong>peccatum,</strong></span> <span class='ocrx_word' id='word_1_194' title='bbox 1127 2740 1309 2796; x_wconf 88' lang='lat' dir='ltr'><strong>libera</strong></span> <span class='ocrx_word' id='word_1_195' title='bbox 1357 2747 1445 2794; x_wconf 85' lang='lat' dir='ltr'><strong>est</strong></span> <span class='ocrx_word' id='word_1_196' title='bbox 1491 2740 1841 2795; x_wconf 79' lang='lat' dir='ltr'><strong>innocentia.</strong></span> 
     </span>
    </p>
   </div>
   <div class='ocr_carea' id='block_1_31' title="bbox 192 2829 1845 2899">
    <p class='ocr_par' dir='ltr' id='par_1_31' title="bbox 192 2829 1845 2899">
     <span class='ocr_line' id='line_1_31' title="bbox 192 2829 1845 2899; baseline -0.003 -11"><span class='ocrx_word' id='word_1_197' title='bbox 192 2832 365 2888; x_wconf 89' lang='lat' dir='ltr'><strong>Unde</strong></span> <span class='ocrx_word' id='word_1_198' title='bbox 396 2835 453 2887; x_wconf 91' lang='lat' dir='ltr'><strong>et</strong></span> <span class='ocrx_word' id='word_1_199' title='bbox 479 2830 765 2885; x_wconf 91' lang='lat' dir='ltr'><strong>Dominus</strong></span> <span class='ocrx_word' id='word_1_200' title='bbox 794 2830 912 2884; x_wconf 85' lang='lat' dir='ltr'><strong>ait:</strong></span> <span class='ocrx_word' id='word_1_201' title='bbox 950 2852 979 2879; x_wconf 88' lang='lat'><strong><em>«</em></strong></span> <span class='ocrx_word' id='word_1_202' title='bbox 1033 2829 1237 2885; x_wconf 92' lang='lat' dir='ltr'><strong>Omnis</strong></span> <span class='ocrx_word' id='word_1_203' title='bbox 1296 2829 1392 2899; x_wconf 91' lang='lat' dir='ltr'><strong>qui</strong></span> <span class='ocrx_word' id='word_1_204' title='bbox 1458 2829 1594 2884; x_wconf 78' lang='lat' dir='ltr'><strong>facit</strong></span> <span class='ocrx_word' id='word_1_205' title='bbox 1641 2845 1845 2899; x_wconf 85' lang='lat' dir='ltr'><strong>pecca-</strong></span> 
     </span>
    </p>
   </div>
   <div class='ocr_carea' id='block_1_32' title="bbox 183 2917 1844 2991">
    <p class='ocr_par' dir='ltr' id='par_1_32' title="bbox 183 2917 1844 2991">
     <span class='ocr_line' id='line_1_32' title="bbox 183 2917 1844 2991; baseline -0.004 -14"><span class='ocrx_word' id='word_1_206' title='bbox 183 2929 346 2986; x_wconf 87' lang='lat' dir='ltr'><strong>tum,</strong></span> <span class='ocrx_word' id='word_1_207' title='bbox 378 2936 580 2975; x_wconf 89' lang='lat' dir='ltr'><strong>servus</strong></span> <span class='ocrx_word' id='word_1_208' title='bbox 610 2922 701 2974; x_wconf 89' lang='lat' dir='ltr'><strong>est</strong></span> <span class='ocrx_word' id='word_1_209' title='bbox 744 2918 962 2991; x_wconf 88' lang='lat' dir='ltr'><strong>peccati</strong></span> <span class='ocrx_word' id='word_1_210' title='bbox 995 2918 1171 2987; x_wconf 81' lang='lat' dir='ltr'><strong>(Joan.</strong></span> <span class='ocrx_word' id='word_1_211' title='bbox 1218 2934 1343 2981; x_wconf 84' lang='lat' dir='ltr'><strong>vm,</strong></span> <span class='ocrx_word' id='word_1_212' title='bbox 1381 2917 1491 2985; x_wconf 69' lang='lat'><strong>34).</strong></span> <span class='ocrx_word' id='word_1_213' title='bbox 1546 2918 1844 2980; x_wconf 86' lang='lat' dir='ltr'><strong>Quomodo</strong></span> 
     </span>
    </p>
   </div>
   <div class='ocr_carea' id='block_1_33' title="bbox 184 3004 1845 3076">
    <p class='ocr_par' dir='ltr' id='par_1_33' title="bbox 184 3004 1845 3076">
     <span class='ocr_line' id='line_1_33' title="bbox 184 3004 1845 3076; baseline -0.004 -10"><span class='ocrx_word' id='word_1_214' title='bbox 184 3008 353 3066; x_wconf 87' lang='lat' dir='ltr'><strong>enim</strong></span> <span class='ocrx_word' id='word_1_215' title='bbox 393 3024 509 3062; x_wconf 91' lang='lat' dir='ltr'><strong>non</strong></span> <span class='ocrx_word' id='word_1_216' title='bbox 569 3023 773 3062; x_wconf 91' lang='lat' dir='ltr'><strong>servus</strong></span> <span class='ocrx_word' id='word_1_217' title='bbox 821 3005 1014 3062; x_wconf 91' lang='lat' dir='ltr'><strong>omnis</strong></span> <span class='ocrx_word' id='word_1_218' title='bbox 1063 3022 1291 3070; x_wconf 83' lang='lat' dir='ltr'><strong>avarus,</strong></span> <span class='ocrx_word' id='word_1_219' title='bbox 1344 3005 1443 3076; x_wconf 92' lang='lat' dir='ltr'><strong>qui</strong></span> <span class='ocrx_word' id='word_1_220' title='bbox 1486 3021 1589 3076; x_wconf 87' lang='lat' dir='ltr'><strong>pro</strong></span> <span class='ocrx_word' id='word_1_221' title='bbox 1638 3004 1845 3076; x_wconf 84' lang='lat' dir='ltr'><strong>exiguo</strong></span> 
     </span>
    </p>
   </div>
   <div class='ocr_carea' id='block_1_34' title="bbox 181 3092 1844 3173">
    <p class='ocr_par' dir='ltr' id='par_1_34' title="bbox 181 3092 1844 3173">
     <span class='ocr_line' id='line_1_34' title="bbox 181 3092 1844 3173; baseline -0.005 -18"><span class='ocrx_word' id='word_1_222' title='bbox 181 3097 452 3173; x_wconf 69' lang='lat' dir='ltr'><strong>pecuniaz</strong></span> <span class='ocrx_word' id='word_1_223' title='bbox 482 3094 687 3149; x_wconf 89' lang='lat' dir='ltr'><strong>lucello</strong></span> <span class='ocrx_word' id='word_1_224' title='bbox 729 3094 838 3165; x_wconf 85' lang='grc'><strong>(19)</strong></span> <span class='ocrx_word' id='word_1_225' title='bbox 867 3110 928 3149; x_wconf 89' lang='lat' dir='ltr'><strong>se</strong></span> <span class='ocrx_word' id='word_1_226' title='bbox 961 3093 1154 3165; x_wconf 92' lang='lat' dir='ltr'><strong>ipsum</strong></span> <span class='ocrx_word' id='word_1_227' title='bbox 1186 3092 1557 3148; x_wconf 88' lang='lat' dir='ltr'><strong>auctionatur</strong></span> <span class='ocrx_word' id='word_1_228' title='bbox 1580 3093 1608 3146; x_wconf 71' lang='lat'><strong>‘2</strong></span> <span class='ocrx_word' id='word_1_229' title='bbox 1650 3094 1844 3148; x_wconf 89' lang='lat' dir='ltr'><strong>Timet</strong></span> 
     </span>
    </p>
   </div>
   <div class='ocr_carea' id='block_1_35' title="bbox 182 3174 1908 3254">
    <p class='ocr_par' dir='ltr' id='par_1_35' title="bbox 182 3174 1908 3254">
     <span class='ocr_line' id='line_1_35' title="bbox 182 3174 1908 3254; baseline -0.003 -10"><span class='ocrx_word' id='word_1_230' title='bbox 182 3186 414 3251; x_wconf 84' lang='lat' dir='ltr'><strong>omnia,</strong></span> <span class='ocrx_word' id='word_1_231' title='bbox 447 3200 518 3239; x_wconf 93' lang='lat' dir='ltr'><strong>ne</strong></span> <span class='ocrx_word' id='word_1_232' title='bbox 548 3187 824 3254; x_wconf 87' lang='lat' dir='ltr'><strong>congesta</strong></span> <span class='ocrx_word' id='word_1_233' title='bbox 855 3181 1105 3248; x_wconf 86' lang='lat' dir='ltr'><strong>amittat,</strong></span> <span class='ocrx_word' id='word_1_234' title='bbox 1139 3180 1239 3252; x_wconf 88' lang='lat' dir='ltr'><strong>qui</strong></span> <span class='ocrx_word' id='word_1_235' title='bbox 1272 3197 1386 3236; x_wconf 91' lang='lat' dir='ltr'><strong>non</strong></span> <span class='ocrx_word' id='word_1_236' title='bbox 1432 3182 1646 3237; x_wconf 87' lang='lat' dir='ltr'><strong>utenda</strong></span> <span class='ocrx_word' id='word_1_237' title='bbox 1700 3198 1834 3236; x_wconf 89' lang='lat' dir='ltr'><strong>con-</strong></span> <span class='ocrx_word' id='word_1_238' title='bbox 1866 3174 1908 3238; x_wconf 89' lang='lat' dir='ltr'>C</span> 
     </span>
    </p>
   </div>
   <div class='ocr_carea' id='block_1_36' title="bbox 181 3267 1839 3348">
    <p class='ocr_par' dir='ltr' id='par_1_36' title="bbox 181 3267 1839 3348">
     <span class='ocr_line' id='line_1_36' title="bbox 181 3267 1839 3348; baseline -0.005 -17"><span class='ocrx_word' id='word_1_239' title='bbox 181 3273 394 3348; x_wconf 81' lang='lat' dir='ltr'><strong>gessit,</strong></span> <span class='ocrx_word' id='word_1_240' title='bbox 459 3270 680 3341; x_wconf 88' lang='lat' dir='ltr'><strong>majore</strong></span> <span class='ocrx_word' id='word_1_241' title='bbox 724 3267 981 3341; x_wconf 87' lang='lat' dir='ltr'><strong>periculo</strong></span> <span class='ocrx_word' id='word_1_242' title='bbox 1050 3272 1387 3324; x_wconf 83' lang='lat' dir='ltr'><strong>servaturos</strong></span> <span class='ocrx_word' id='word_1_243' title='bbox 1452 3285 1565 3339; x_wconf 90' lang='lat' dir='ltr'><strong>quo</strong></span> <span class='ocrx_word' id='word_1_244' title='bbox 1614 3269 1839 3340; x_wconf 87' lang='lat' dir='ltr'><strong>majora</strong></span> 
     </span>
    </p>
   </div>
   <div class='ocr_carea' id='block_1_37' title="bbox 182 3355 1841 3436">
    <p class='ocr_par' dir='ltr' id='par_1_37' title="bbox 182 3355 1841 3436">
     <span class='ocr_line' id='line_1_37' title="bbox 182 3355 1841 3436; baseline -0.004 -18"><span class='ocrx_word' id='word_1_245' title='bbox 182 3361 480 3436; x_wconf 65' lang='lat' dir='ltr'><strong>quaesivit.</strong></span> <span class='ocrx_word' id='word_1_246' title='bbox 515 3357 815 3424; x_wconf 88' lang='lat' dir='ltr'><strong>Quomodo</strong></span> <span class='ocrx_word' id='word_1_247' title='bbox 848 3374 961 3412; x_wconf 90' lang='lat' dir='ltr'><strong>non</strong></span> <span class='ocrx_word' id='word_1_248' title='bbox 997 3356 1321 3421; x_wconf 90' lang='lat' dir='ltr'><strong>mendicus,</strong></span> <span class='ocrx_word' id='word_1_249' title='bbox 1374 3355 1465 3410; x_wconf 91' lang='lat' dir='ltr'><strong>cui</strong></span> <span class='ocrx_word' id='word_1_250' title='bbox 1498 3361 1636 3411; x_wconf 89' lang='lat' dir='ltr'><strong>sunt</strong></span> <span class='ocrx_word' id='word_1_251' title='bbox 1666 3374 1841 3429; x_wconf 88' lang='lat' dir='ltr'><strong>parva</strong></span> 
     </span>
    </p>
   </div>
   <div class='ocr_carea' id='block_1_38' title="bbox 182 3442 1841 3525">
    <p class='ocr_par' dir='ltr' id='par_1_38' title="bbox 182 3442 1841 3525">
     <span class='ocr_line' id='line_1_38' title="bbox 182 3442 1841 3525; baseline -0.005 -19"><span class='ocrx_word' id='word_1_252' title='bbox 182 3468 320 3525; x_wconf 70' lang='lat' dir='ltr'><strong>quae</strong></span> <span class='ocrx_word' id='word_1_253' title='bbox 353 3445 662 3521; x_wconf 85' lang='lat' dir='ltr'><strong>possidet?</strong></span> <span class='ocrx_word' id='word_1_254' title='bbox 693 3445 839 3500; x_wconf 90' lang='lat' dir='ltr'><strong>Nam</strong></span> <span class='ocrx_word' id='word_1_255' title='bbox 870 3442 975 3500; x_wconf 89' lang='lat' dir='ltr'><strong>etsi</strong></span> <span class='ocrx_word' id='word_1_256' title='bbox 1010 3443 1153 3499; x_wconf 91' lang='lat' dir='ltr'><strong>mihi</strong></span> <span class='ocrx_word' id='word_1_257' title='bbox 1197 3443 1357 3498; x_wconf 84' lang='lat' dir='ltr'><strong>dives</strong></span> <span class='ocrx_word' id='word_1_258' title='bbox 1386 3445 1669 3509; x_wconf 86' lang='lat' dir='ltr'><strong>videatur,</strong></span> <span class='ocrx_word' id='word_1_259' title='bbox 1728 3444 1841 3499; x_wconf 87' lang='lat' dir='ltr'><strong>sibi</strong></span> 
     </span>
    </p>
   </div>
   <div class='ocr_carea' id='block_1_39' title="bbox 182 3531 1843 3612">
    <p class='ocr_par' dir='ltr' id='par_1_39' title="bbox 182 3531 1843 3612">
     <span class='ocr_line' id='line_1_39' title="bbox 182 3531 1843 3612; baseline -0.005 -15"><span class='ocrx_word' id='word_1_260' title='bbox 182 3543 321 3612; x_wconf 83' lang='lat' dir='ltr'><strong>eget</strong></span> <span class='ocrx_word' id='word_1_261' title='bbox 357 3556 370 3593; x_wconf 90' lang='lat'><strong>:</strong></span> <span class='ocrx_word' id='word_1_262' title='bbox 406 3552 510 3592; x_wconf 91' lang='lat' dir='ltr'><strong>nec</strong></span> <span class='ocrx_word' id='word_1_263' title='bbox 537 3533 894 3591; x_wconf 90' lang='lat' dir='ltr'><strong>testimoniis</strong></span> <span class='ocrx_word' id='word_1_264' title='bbox 926 3550 1035 3588; x_wconf 90' lang='lat' dir='ltr'><strong>sua</strong></span> <span class='ocrx_word' id='word_1_265' title='bbox 1065 3536 1199 3588; x_wconf 90' lang='lat' dir='ltr'><strong>vota</strong></span> <span class='ocrx_word' id='word_1_266' title='bbox 1229 3531 1473 3597; x_wconf 84' lang='lat' dir='ltr'><strong>solatur,</strong></span> <span class='ocrx_word' id='word_1_267' title='bbox 1531 3534 1628 3604; x_wconf 90' lang='lat' dir='ltr'><strong>qui</strong></span> <span class='ocrx_word' id='word_1_268' title='bbox 1687 3533 1843 3605; x_wconf 87' lang='lat' dir='ltr'><strong>quod</strong></span> 
     </span>
    </p>
   </div>
   <div class='ocr_carea' id='block_1_40' title="bbox 184 3620 1848 3701">
    <p class='ocr_par' dir='ltr' id='par_1_40' title="bbox 184 3620 1848 3701">
     <span class='ocr_line' id='line_1_40' title="bbox 184 3620 1848 3701; baseline -0.006 -16"><span class='ocrx_word' id='word_1_269' title='bbox 184 3630 361 3701; x_wconf 88' lang='lat' dir='ltr'><strong>optat</strong></span> <span class='ocrx_word' id='word_1_270' title='bbox 390 3623 577 3680; x_wconf 89' lang='lat' dir='ltr'><strong>nescit</strong></span> <span class='ocrx_word' id='word_1_271' title='bbox 604 3621 859 3678; x_wconf 88' lang='lat' dir='ltr'><strong>credere.</strong></span> <span class='ocrx_word' id='word_1_272' title='bbox 912 3620 1212 3686; x_wconf 87' lang='lat' dir='ltr'><strong>Quomodo</strong></span> <span class='ocrx_word' id='word_1_273' title='bbox 1271 3625 1466 3675; x_wconf 91' lang='lat' dir='ltr'><strong>autem</strong></span> <span class='ocrx_word' id='word_1_274' title='bbox 1494 3638 1607 3676; x_wconf 92' lang='lat' dir='ltr'><strong>non</strong></span> <span class='ocrx_word' id='word_1_275' title='bbox 1638 3627 1696 3676; x_wconf 90' lang='lat' dir='ltr'><strong>et</strong></span> <span class='ocrx_word' id='word_1_276' title='bbox 1750 3621 1848 3676; x_wconf 91' lang='lat' dir='ltr'><strong>ille</strong></span> 
     </span>
    </p>
   </div>
   <div class='ocr_carea' id='block_1_41' title="bbox 189 3708 1850 3784">
    <p class='ocr_par' dir='ltr' id='par_1_41' title="bbox 189 3708 1850 3784">
     <span class='ocr_line' id='line_1_41' title="bbox 189 3708 1850 3784; baseline -0.004 -12"><span class='ocrx_word' id='word_1_277' title='bbox 189 3731 428 3781; x_wconf 88' lang='lat' dir='ltr'><strong>servus,</strong></span> <span class='ocrx_word' id='word_1_278' title='bbox 471 3710 571 3784; x_wconf 89' lang='lat' dir='ltr'><strong>qui</strong></span> <span class='ocrx_word' id='word_1_279' title='bbox 627 3710 902 3766; x_wconf 90' lang='lat' dir='ltr'><strong>subditus</strong></span> <span class='ocrx_word' id='word_1_280' title='bbox 943 3714 1033 3764; x_wconf 90' lang='lat' dir='ltr'><strong>est</strong></span> <span class='ocrx_word' id='word_1_281' title='bbox 1088 3708 1374 3764; x_wconf 86' lang='lat' dir='ltr'><strong>libidini?</strong></span> <span class='ocrx_word' id='word_1_282' title='bbox 1419 3708 1677 3765; x_wconf 90' lang='lat' dir='ltr'><strong>Primum</strong></span> <span class='ocrx_word' id='word_1_283' title='bbox 1725 3710 1850 3766; x_wconf 90' lang='lat' dir='ltr'><strong>suis</strong></span> 
     </span>
    </p>
   </div>
   <div class='ocr_carea' id='block_1_42' title="bbox 192 3795 1851 3869">
    <p class='ocr_par' dir='ltr' id='par_1_42' title="bbox 192 3795 1851 3869">
     <span class='ocr_line' id='line_1_42' title="bbox 192 3795 1851 3869; baseline -0.005 -10"><span class='ocrx_word' id='word_1_284' title='bbox 192 3803 371 3860; x_wconf 87' lang='lat' dir='ltr'><strong>ardet</strong></span> <span class='ocrx_word' id='word_1_285' title='bbox 444 3798 752 3862; x_wconf 90' lang='lat' dir='ltr'><strong>incendiis,</strong></span> <span class='ocrx_word' id='word_1_286' title='bbox 829 3802 887 3852; x_wconf 92' lang='lat' dir='ltr'><strong>et</strong></span> <span class='ocrx_word' id='word_1_287' title='bbox 960 3797 1209 3869; x_wconf 88' lang='lat' dir='ltr'><strong>pectoris</strong></span> <span class='ocrx_word' id='word_1_288' title='bbox 1278 3795 1369 3852; x_wconf 92' lang='lat' dir='ltr'><strong>sui</strong></span> <span class='ocrx_word' id='word_1_289' title='bbox 1441 3797 1666 3853; x_wconf 87' lang='lat' dir='ltr'><strong>facibus</strong></span> <span class='ocrx_word' id='word_1_290' title='bbox 1741 3799 1851 3869; x_wconf 76' lang='grc' dir='ltr'>(Ὶο)</span> 
     </span>
    </p>
   </div>
   <div class='ocr_carea' id='block_1_43' title="bbox 200 3884 1852 3957">
    <p class='ocr_par' dir='ltr' id='par_1_43' title="bbox 200 3884 1852 3957">
     <span class='ocr_line' id='line_1_43' title="bbox 200 3884 1852 3957; baseline -0.003 -10"><span class='ocrx_word' id='word_1_291' title='bbox 200 3891 491 3947; x_wconf 83' lang='lat' dir='ltr'><strong>exuritur.</strong></span> <span class='ocrx_word' id='word_1_292' title='bbox 518 3887 740 3954; x_wconf 88' lang='lat' dir='ltr'><strong>Quibus</strong></span> <span class='ocrx_word' id='word_1_293' title='bbox 770 3891 925 3941; x_wconf 92' lang='lat' dir='ltr'><strong>recte</strong></span> <span class='ocrx_word' id='word_1_294' title='bbox 954 3886 1093 3940; x_wconf 90' lang='lat' dir='ltr'><strong>dicit</strong></span> <span class='ocrx_word' id='word_1_295' title='bbox 1121 3884 1408 3957; x_wconf 88' lang='lat' dir='ltr'><strong>propheta</strong></span> <span class='ocrx_word' id='word_1_296' title='bbox 1442 3903 1453 3940; x_wconf 90' lang='lat'>:</span> <span class='ocrx_word' id='word_1_297' title='bbox 1490 3908 1518 3935; x_wconf 89' lang='grc'><strong>‹‹</strong></span> <span class='ocrx_word' id='word_1_298' title='bbox 1547 3886 1852 3942; x_wconf 84' lang='lat' dir='ltr'><strong>Ambulate</strong></span> 
     </span>
    </p>
   </div>
   <div class='ocr_carea' id='block_1_44' title="bbox 201 3973 1854 4048">
    <p class='ocr_par' dir='ltr' id='par_1_44' title="bbox 201 3973 1854 4048">
     <span class='ocr_line' id='line_1_44' title="bbox 201 3973 1854 4048; baseline -0.004 -12"><span class='ocrx_word' id='word_1_299' title='bbox 201 3982 265 4036; x_wconf 89' lang='lat' dir='ltr'><strong>in</strong></span> <span class='ocrx_word' id='word_1_300' title='bbox 301 3976 526 4034; x_wconf 90' lang='lat' dir='ltr'><strong>lumine</strong></span> <span class='ocrx_word' id='word_1_301' title='bbox 547 3975 701 4048; x_wconf 88' lang='lat' dir='ltr'><strong>ignis</strong></span> <span class='ocrx_word' id='word_1_302' title='bbox 730 3976 927 4040; x_wconf 89' lang='lat' dir='ltr'><strong>vestri,</strong></span> <span class='ocrx_word' id='word_1_303' title='bbox 960 3979 1017 4029; x_wconf 92' lang='lat' dir='ltr'><strong>et</strong></span> <span class='ocrx_word' id='word_1_304' title='bbox 1045 3974 1103 4028; x_wconf 93' lang='lat' dir='ltr'><strong>in</strong></span> <span class='ocrx_word' id='word_1_305' title='bbox 1135 3973 1373 4029; x_wconf 85' lang='lat' dir='ltr'><strong>ﬂamma</strong></span> <span class='ocrx_word' id='word_1_306' title='bbox 1417 3992 1593 4046; x_wconf 90' lang='lat' dir='ltr'><strong>quam</strong></span> <span class='ocrx_word' id='word_1_307' title='bbox 1652 3992 1854 4031; x_wconf 86' lang='lat' dir='ltr'><strong>accen-</strong></span> 
     </span>
    </p>
   </div>
   <div class='ocr_carea' id='block_1_45' title="bbox 202 4062 1854 4138">
    <p class='ocr_par' dir='ltr' id='par_1_45' title="bbox 202 4062 1854 4138">
     <span class='ocr_line' id='line_1_45' title="bbox 202 4062 1854 4138; baseline -0.002 -16"><span class='ocrx_word' id='word_1_308' title='bbox 202 4066 383 4124; x_wconf 88' lang='lat' dir='ltr'><strong>distis</strong></span> <span class='ocrx_word' id='word_1_309' title='bbox 431 4066 555 4138; x_wconf 83' lang='lat' dir='ltr'><strong>(Isa.</strong></span> <span class='ocrx_word' id='word_1_310' title='bbox 593 4082 644 4126; x_wconf 85' lang='lat' dir='ltr'><strong>L,</strong></span> <span class='ocrx_word' id='word_1_311' title='bbox 678 4064 786 4135; x_wconf 82' lang='lat' dir='ltr'><strong>ll).</strong></span> <span class='ocrx_word' id='word_1_312' title='bbox 827 4086 853 4111; x_wconf 88' lang='grc'><strong>››</strong></span> <span class='ocrx_word' id='word_1_313' title='bbox 884 4062 1142 4134; x_wconf 89' lang='lat' dir='ltr'><strong>Suscipit</strong></span> <span class='ocrx_word' id='word_1_314' title='bbox 1180 4078 1384 4117; x_wconf 89' lang='lat' dir='ltr'><strong>omnes</strong></span> <span class='ocrx_word' id='word_1_315' title='bbox 1443 4067 1654 4130; x_wconf 73' lang='lat' dir='ltr'><strong>metus,</strong></span> <span class='ocrx_word' id='word_1_316' title='bbox 1713 4064 1854 4119; x_wconf 90' lang='lat' dir='ltr'><strong>insi-</strong></span> 
     </span>
    </p>
   </div>
   <div class='ocr_carea' id='block_1_46' title="bbox 203 4151 1858 4225">
    <p class='ocr_par' dir='ltr' id='par_1_46' title="bbox 203 4151 1858 4225">
     <span class='ocr_line' id='line_1_46' title="bbox 203 4151 1858 4225; baseline -0.001 -14"><span class='ocrx_word' id='word_1_317' title='bbox 203 4157 411 4212; x_wconf 88' lang='lat' dir='ltr'><strong>diatur</strong></span> <span class='ocrx_word' id='word_1_318' title='bbox 461 4169 666 4209; x_wconf 88' lang='lat' dir='ltr'><strong>somno</strong></span> <span class='ocrx_word' id='word_1_319' title='bbox 732 4151 1148 4224; x_wconf 87' lang='lat' dir='ltr'><strong>singulorum;</strong></span> <span class='ocrx_word' id='word_1_320' title='bbox 1199 4155 1265 4204; x_wconf 90' lang='lat' dir='ltr'><strong>ut</strong></span> <span class='ocrx_word' id='word_1_321' title='bbox 1314 4151 1487 4206; x_wconf 93' lang='lat' dir='ltr'><strong>unius</strong></span> <span class='ocrx_word' id='word_1_322' title='bbox 1542 4152 1858 4225; x_wconf 89' lang='lat' dir='ltr'><strong>cupiditate</strong></span> 
     </span>
    </p>
   </div>
   <div class='ocr_carea' id='block_1_47' title="bbox 200 4239 1861 4319">
    <p class='ocr_par' dir='ltr' id='par_1_47' title="bbox 200 4239 1861 4319">
     <span class='ocr_line' id='line_1_47' title="bbox 200 4239 1861 4319; baseline -0.001 -19"><span class='ocrx_word' id='word_1_323' title='bbox 200 4245 492 4319; x_wconf 88' lang='lat' dir='ltr'><strong>potiatur,</strong></span> <span class='ocrx_word' id='word_1_324' title='bbox 551 4242 617 4296; x_wconf 87' lang='lat' dir='ltr'><strong>ﬁt</strong></span> <span class='ocrx_word' id='word_1_325' title='bbox 667 4257 867 4297; x_wconf 89' lang='lat' dir='ltr'><strong>servus</strong></span> <span class='ocrx_word' id='word_1_326' title='bbox 908 4240 1192 4295; x_wconf 90' lang='lat' dir='ltr'><strong>omnium.</strong></span> <span class='ocrx_word' id='word_1_327' title='bbox 1241 4239 1427 4294; x_wconf 88' lang='lat' dir='ltr'><strong>Servit</strong></span> <span class='ocrx_word' id='word_1_328' title='bbox 1470 4239 1650 4312; x_wconf 86' lang='lat' dir='ltr'><strong>igitur</strong></span> <span class='ocrx_word' id='word_1_329' title='bbox 1711 4241 1861 4298; x_wconf 89' lang='lat' dir='ltr'><strong>hanc</strong></span> 
     </span>
    </p>
   </div>
   <div class='ocr_carea' id='block_1_48' title="bbox 203 4327 1859 4402">
    <p class='ocr_par' dir='ltr' id='par_1_48' title="bbox 203 4327 1859 4402">
     <span class='ocr_line' id='line_1_48' title="bbox 203 4327 1859 4402; baseline -0.004 -11"><span class='ocrx_word' id='word_1_330' title='bbox 203 4335 490 4391; x_wconf 87' lang='lat' dir='ltr'><strong>miseram</strong></span> <span class='ocrx_word' id='word_1_331' title='bbox 522 4331 757 4402; x_wconf 89' lang='lat' dir='ltr'><strong>quidem</strong></span> <span class='ocrx_word' id='word_1_332' title='bbox 777 4327 1133 4395; x_wconf 88' lang='lat' dir='ltr'><strong>servitutem,</strong></span> <span class='ocrx_word' id='word_1_333' title='bbox 1167 4328 1266 4399; x_wconf 93' lang='lat' dir='ltr'><strong>qui</strong></span> <span class='ocrx_word' id='word_1_334' title='bbox 1286 4330 1430 4384; x_wconf 75' lang='grc'><strong>491</strong></span> <span class='ocrx_word' id='word_1_335' title='bbox 1471 4328 1593 4399; x_wconf 90' lang='lat' dir='ltr'><strong>ipse</strong></span> <span class='ocrx_word' id='word_1_336' title='bbox 1626 4330 1735 4384; x_wconf 89' lang='lat' dir='ltr'><strong>sibi</strong></span> <span class='ocrx_word' id='word_1_337' title='bbox 1760 4331 1859 4385; x_wconf 91' lang='lat' dir='ltr'><strong>do-</strong></span> 
     </span>
    </p>
   </div>
   <div class='ocr_carea' id='block_1_49' title="bbox 207 4416 1861 4490">
    <p class='ocr_par' dir='ltr' id='par_1_49' title="bbox 207 4416 1861 4490">
     <span class='ocr_line' id='line_1_49' title="bbox 207 4416 1861 4490; baseline -0.002 -12"><span class='ocrx_word' id='word_1_338' title='bbox 207 4423 411 4479; x_wconf 89' lang='lat' dir='ltr'><strong>minos</strong></span> <span class='ocrx_word' id='word_1_339' title='bbox 430 4417 583 4485; x_wconf 80' lang='lat' dir='ltr'><strong>facit,</strong></span> <span class='ocrx_word' id='word_1_340' title='bbox 600 4418 725 4490; x_wconf 90' lang='lat' dir='ltr'><strong>ipse</strong></span> <span class='ocrx_word' id='word_1_341' title='bbox 740 4416 864 4471; x_wconf 92' lang='lat' dir='ltr'><strong>vult</strong></span> <span class='ocrx_word' id='word_1_342' title='bbox 884 4416 1099 4471; x_wconf 84' lang='lat' dir='ltr'><strong>habere</strong></span> <span class='ocrx_word' id='word_1_343' title='bbox 1121 4432 1268 4487; x_wconf 90' lang='lat' dir='ltr'><strong>quos</strong></span> <span class='ocrx_word' id='word_1_344' title='bbox 1284 4416 1506 4472; x_wconf 89' lang='lat' dir='ltr'><strong>timeat.</strong></span> <span class='ocrx_word' id='word_1_345' title='bbox 1534 4416 1687 4471; x_wconf 90' lang='lat' dir='ltr'><strong>Nihil</strong></span> <span class='ocrx_word' id='word_1_346' title='bbox 1707 4419 1861 4474; x_wconf 84' lang='lat' dir='ltr'><strong>enim</strong></span> 
     </span>
    </p>
   </div>
   <div class='ocr_carea' id='block_1_50' title="bbox 1972 530 3623 603">
    <p class='ocr_par' dir='ltr' id='par_1_50' title="bbox 1972 530 3623 603">
     <span class='ocr_line' id='line_1_50' title="bbox 1972 530 3623 603; baseline 0.004 -20"><span class='ocrx_word' id='word_1_347' title='bbox 1972 530 2064 601; x_wconf 87' lang='lat' dir='ltr'><strong>qui</strong></span> <span class='ocrx_word' id='word_1_348' title='bbox 2116 531 2319 585; x_wconf 91' lang='lat' dir='ltr'><strong>mundi</strong></span> <span class='ocrx_word' id='word_1_349' title='bbox 2374 547 2568 587; x_wconf 89' lang='lat' dir='ltr'><strong>amore</strong></span> <span class='ocrx_word' id='word_1_350' title='bbox 2620 549 2731 586; x_wconf 90' lang='lat' dir='ltr'><strong>non</strong></span> <span class='ocrx_word' id='word_1_351' title='bbox 2766 533 3015 603; x_wconf 86' lang='lat' dir='ltr'><strong>capitur,</strong></span> <span class='ocrx_word' id='word_1_352' title='bbox 3065 532 3316 587; x_wconf 70' lang='lat' dir='ltr'><strong>avaritiae</strong></span> <span class='ocrx_word' id='word_1_353' title='bbox 3365 531 3623 590; x_wconf 87' lang='lat' dir='ltr'><strong>vinculis</strong></span> 
     </span>
    </p>
   </div>
   <div class='ocr_carea' id='block_1_51' title="bbox 1968 620 3626 692">
    <p class='ocr_par' dir='ltr' id='par_1_51' title="bbox 1968 620 3626 692">
     <span class='ocr_line' id='line_1_51' title="bbox 1968 620 3626 692; baseline 0.004 -20"><span class='ocrx_word' id='word_1_354' title='bbox 1968 635 2083 673; x_wconf 93' lang='lat' dir='ltr'><strong>non</strong></span> <span class='ocrx_word' id='word_1_355' title='bbox 2117 623 2369 683; x_wconf 87' lang='lat' dir='ltr'><strong>tenetur,</strong></span> <span class='ocrx_word' id='word_1_356' title='bbox 2403 625 2560 674; x_wconf 90' lang='lat' dir='ltr'><strong>metu</strong></span> <span class='ocrx_word' id='word_1_357' title='bbox 2594 620 2864 676; x_wconf 84' lang='lat' dir='ltr'><strong>criminis</strong></span> <span class='ocrx_word' id='word_1_358' title='bbox 2895 638 3006 676; x_wconf 91' lang='lat' dir='ltr'><strong>non</strong></span> <span class='ocrx_word' id='word_1_359' title='bbox 3041 620 3336 692; x_wconf 85' lang='lat' dir='ltr'><strong>alligatur,</strong></span> <span class='ocrx_word' id='word_1_360' title='bbox 3369 620 3472 691; x_wconf 91' lang='lat' dir='ltr'><strong>qui</strong></span> <span class='ocrx_word' id='word_1_361' title='bbox 3531 638 3626 678; x_wconf 89' lang='lat' dir='ltr'><strong>se-</strong></span> 
     </span>
    </p>
   </div>
   <div class='ocr_carea' id='block_1_52' title="bbox 1967 707 3619 780">
    <p class='ocr_par' dir='ltr' id='par_1_52' title="bbox 1967 707 3619 780">
     <span class='ocr_line' id='line_1_52' title="bbox 1967 707 3619 780; baseline 0.002 -19"><span class='ocrx_word' id='word_1_362' title='bbox 1967 722 2146 761; x_wconf 91' lang='lat' dir='ltr'><strong>curus</strong></span> <span class='ocrx_word' id='word_1_363' title='bbox 2178 711 2403 778; x_wconf 87' lang='lat' dir='ltr'><strong>spectat</strong></span> <span class='ocrx_word' id='word_1_364' title='bbox 2432 707 2762 778; x_wconf 72' lang='lat' dir='ltr'><strong>praesentia,</strong></span> <span class='ocrx_word' id='word_1_365' title='bbox 2796 725 2971 780; x_wconf 87' lang='lat' dir='ltr'><strong>quem</strong></span> <span class='ocrx_word' id='word_1_366' title='bbox 3005 709 3198 764; x_wconf 78' lang='lat' dir='ltr'><strong>futura</strong></span> <span class='ocrx_word' id='word_1_367' title='bbox 3231 725 3346 763; x_wconf 91' lang='lat' dir='ltr'><strong>non</strong></span> <span class='ocrx_word' id='word_1_368' title='bbox 3375 713 3619 765; x_wconf 89' lang='lat' dir='ltr'><strong>terrent.</strong></span> 
     </span>
    </p>
   </div>
   <div class='ocr_carea' id='block_1_53' title="bbox 1966 794 3621 854">
    <p class='ocr_par' dir='ltr' id='par_1_53' title="bbox 1966 794 3621 854">
     <span class='ocr_line' id='line_1_53' title="bbox 1966 794 3621 854; baseline 0.003 -5"><span class='ocrx_word' id='word_1_369' title='bbox 1966 794 2166 850; x_wconf 87' lang='lat' dir='ltr'><strong>Nonne</strong></span> <span class='ocrx_word' id='word_1_370' title='bbox 2198 794 2426 849; x_wconf 90' lang='lat' dir='ltr'><strong>videtur</strong></span> <span class='ocrx_word' id='word_1_371' title='bbox 2457 795 2561 849; x_wconf 90' lang='lat' dir='ltr'><strong>tibi</strong></span> <span class='ocrx_word' id='word_1_372' title='bbox 2594 796 2703 850; x_wconf 91' lang='lat' dir='ltr'><strong>iste</strong></span> <span class='ocrx_word' id='word_1_373' title='bbox 2731 797 2791 850; x_wconf 91' lang='lat' dir='ltr'><strong>in</strong></span> <span class='ocrx_word' id='word_1_374' title='bbox 2823 797 3117 852; x_wconf 89' lang='lat' dir='ltr'><strong>servitude</strong></span> <span class='ocrx_word' id='word_1_375' title='bbox 3149 795 3440 852; x_wconf 90' lang='lat' dir='ltr'><strong>dominari</strong></span> <span class='ocrx_word' id='word_1_376' title='bbox 3467 814 3479 853; x_wconf 88' lang='lat'><strong>:</strong></span> <span class='ocrx_word' id='word_1_377' title='bbox 3526 797 3621 854; x_wconf 93' lang='lat' dir='ltr'><strong>ille</strong></span> 
     </span>
    </p>
   </div>
   <div class='ocr_carea' id='block_1_54' title="bbox 1967 882 3615 958">
    <p class='ocr_par' dir='ltr' id='par_1_54' title="bbox 1967 882 3615 958">
     <span class='ocr_line' id='line_1_54' title="bbox 1967 882 3615 958; baseline 0.002 -21"><span class='ocrx_word' id='word_1_378' title='bbox 1967 886 2160 937; x_wconf 88' lang='lat' dir='ltr'><strong>autem</strong></span> <span class='ocrx_word' id='word_1_379' title='bbox 2213 883 2269 937; x_wconf 87' lang='lat' dir='ltr'><strong>ir.</strong></span> <span class='ocrx_word' id='word_1_380' title='bbox 2336 882 2601 939; x_wconf 86' lang='lat' dir='ltr'><strong>libertate</strong></span> <span class='ocrx_word' id='word_1_381' title='bbox 2665 884 2940 939; x_wconf 84' lang='lat' dir='ltr'><strong>servire?</strong></span> <span class='ocrx_word' id='word_1_382' title='bbox 3005 884 3303 940; x_wconf 86' lang='lat' dir='ltr'><strong>Serviebat</strong></span> <span class='ocrx_word' id='word_1_383' title='bbox 3375 885 3615 958; x_wconf 84' lang='lat' dir='ltr'><strong>Joseph,</strong></span> 
     </span>
    </p>
   </div>
   <div class='ocr_carea' id='block_1_55' title="bbox 1965 971 3615 1046">
    <p class='ocr_par' dir='ltr' id='par_1_55' title="bbox 1965 971 3615 1046">
     <span class='ocr_line' id='line_1_55' title="bbox 1965 971 3615 1046; baseline 0.004 -22"><span class='ocrx_word' id='word_1_384' title='bbox 1965 971 2246 1042; x_wconf 84' lang='lat' dir='ltr'><strong>regnabat</strong></span> <span class='ocrx_word' id='word_1_385' title='bbox 2292 971 2547 1026; x_wconf 86' lang='lat' dir='ltr'><strong>Pharao:</strong></span> <span class='ocrx_word' id='word_1_386' title='bbox 2601 972 2823 1027; x_wconf 89' lang='lat' dir='ltr'><strong>beatior</strong></span> <span class='ocrx_word' id='word_1_387' title='bbox 2870 972 3050 1043; x_wconf 86' lang='lat' dir='ltr'><strong>hujus</strong></span> <span class='ocrx_word' id='word_1_388' title='bbox 3100 973 3378 1039; x_wconf 90' lang='lat' dir='ltr'><strong>servitus,</strong></span> <span class='ocrx_word' id='word_1_389' title='bbox 3438 990 3615 1046; x_wconf 89' lang='lat' dir='ltr'><strong>quam</strong></span> 
     </span>
    </p>
   </div>
   <div class='ocr_carea' id='block_1_56' title="bbox 1964 1058 3616 1133">
    <p class='ocr_par' dir='ltr' id='par_1_56' title="bbox 1964 1058 3616 1133">
     <span class='ocr_line' id='line_1_56' title="bbox 1964 1058 3616 1133; baseline 0.004 -21"><span class='ocrx_word' id='word_1_390' title='bbox 1964 1074 2207 1131; x_wconf 83' lang='lat' dir='ltr'><strong>regnum</strong></span> <span class='ocrx_word' id='word_1_391' title='bbox 2268 1058 2446 1114; x_wconf 91' lang='lat' dir='ltr'><strong>illius.</strong></span> <span class='ocrx_word' id='word_1_392' title='bbox 2516 1060 2776 1132; x_wconf 80' lang='lat' dir='ltr'><strong>Denique</strong></span> <span class='ocrx_word' id='word_1_393' title='bbox 2843 1066 2965 1116; x_wconf 88' lang='lat' dir='ltr'><strong>tota</strong></span> <span class='ocrx_word' id='word_1_394' title='bbox 3015 1060 3295 1133; x_wconf 64' lang='lat' dir='ltr'><strong>[Egyptus</strong></span> <span class='ocrx_word' id='word_1_395' title='bbox 3358 1061 3616 1133; x_wconf 87' lang='lat' dir='ltr'><strong>collapsa</strong></span> 
     </span>
    </p>
   </div>
   <div class='ocr_carea' id='block_1_57' title="bbox 1962 1148 3612 1220">
    <p class='ocr_par' dir='ltr' id='par_1_57' title="bbox 1962 1148 3612 1220">
     <span class='ocr_line' id='line_1_57' title="bbox 1962 1148 3612 1220; baseline 0.002 -18"><span class='ocrx_word' id='word_1_396' title='bbox 1962 1153 2118 1202; x_wconf 88' lang='lat' dir='ltr'><strong>esset</strong></span> <span class='ocrx_word' id='word_1_397' title='bbox 2175 1149 2345 1214; x_wconf 78' lang='lat' dir='ltr'><strong>tame,</strong></span> <span class='ocrx_word' id='word_1_398' title='bbox 2418 1148 2528 1202; x_wconf 89' lang='lat' dir='ltr'><strong>nisi</strong></span> <span class='ocrx_word' id='word_1_399' title='bbox 2574 1164 2820 1220; x_wconf 84' lang='lat' dir='ltr'><strong>regnum</strong></span> <span class='ocrx_word' id='word_1_400' title='bbox 2877 1166 3053 1204; x_wconf 90' lang='lat' dir='ltr'><strong>suum</strong></span> <span class='ocrx_word' id='word_1_401' title='bbox 3102 1149 3346 1205; x_wconf 86' lang='lat' dir='ltr'><strong>consilio</strong></span> <span class='ocrx_word' id='word_1_402' title='bbox 3397 1150 3612 1205; x_wconf 85' lang='lat' dir='ltr'><strong>servuli</strong></span> 
     </span>
    </p>
   </div>
   <div class='ocr_carea' id='block_1_58' title="bbox 1962 1235 2344 1291">
    <p class='ocr_par' dir='ltr' id='par_1_58' title="bbox 1962 1235 2344 1291">
     <span class='ocr_line' id='line_1_58' title="bbox 1962 1235 2344 1291; baseline -0.003 0"><span class='ocrx_word' id='word_1_403' title='bbox 1962 1235 2344 1291; x_wconf 85' lang='lat' dir='ltr'><strong>subdidisset.</strong></span> 
     </span>
    </p>
   </div>
   <div class='ocr_carea' id='block_1_59' title="bbox 2031 1324 3611 1399">
    <p class='ocr_par' dir='ltr' id='par_1_59' title="bbox 2031 1324 3611 1399">
     <span class='ocr_line' id='line_1_59' title="bbox 2031 1324 3611 1399; baseline 0.004 -22"><span class='ocrx_word' id='word_1_404' title='bbox 2031 1325 2119 1378; x_wconf 84' lang='grc'><strong>21.</strong></span> <span class='ocrx_word' id='word_1_405' title='bbox 2154 1324 2379 1379; x_wconf 77' lang='lat' dir='ltr'><strong>Habent</strong></span> <span class='ocrx_word' id='word_1_406' title='bbox 2408 1326 2589 1397; x_wconf 87' lang='lat' dir='ltr'><strong>igitur</strong></span> <span class='ocrx_word' id='word_1_407' title='bbox 2608 1327 2762 1381; x_wconf 91' lang='lat' dir='ltr'><strong>unde</strong></span> <span class='ocrx_word' id='word_1_408' title='bbox 2822 1326 3149 1398; x_wconf 86' lang='lat' dir='ltr'><strong>glorientur</strong></span> <span class='ocrx_word' id='word_1_409' title='bbox 3178 1326 3424 1399; x_wconf 88' lang='lat' dir='ltr'><strong>originis</strong></span> <span class='ocrx_word' id='word_1_410' title='bbox 3485 1343 3611 1383; x_wconf 91' lang='lat' dir='ltr'><strong>ser-</strong></span> 
     </span>
    </p>
   </div>
   <div class='ocr_carea' id='block_1_60' title="bbox 1959 1410 3612 1486">
    <p class='ocr_par' dir='ltr' id='par_1_60' title="bbox 1959 1410 3612 1486">
     <span class='ocr_line' id='line_1_60' title="bbox 1959 1410 3612 1486; baseline 0.005 -22"><span class='ocrx_word' id='word_1_411' title='bbox 1959 1410 2101 1478; x_wconf 87' lang='lat' dir='ltr'><strong>vuli,</strong></span> <span class='ocrx_word' id='word_1_412' title='bbox 2133 1411 2369 1468; x_wconf 89' lang='lat' dir='ltr'><strong>servivit</strong></span> <span class='ocrx_word' id='word_1_413' title='bbox 2401 1419 2456 1467; x_wconf 93' lang='lat' dir='ltr'><strong>et</strong></span> <span class='ocrx_word' id='word_1_414' title='bbox 2482 1414 2723 1486; x_wconf 89' lang='lat' dir='ltr'><strong>Josepb.</strong></span> <span class='ocrx_word' id='word_1_415' title='bbox 2757 1415 2985 1470; x_wconf 89' lang='lat' dir='ltr'><strong>Habent</strong></span> <span class='ocrx_word' id='word_1_416' title='bbox 3023 1415 3178 1470; x_wconf 90' lang='lat' dir='ltr'><strong>unde</strong></span> <span class='ocrx_word' id='word_1_417' title='bbox 3209 1432 3272 1471; x_wconf 90' lang='lat' dir='ltr'><strong>se</strong></span> <span class='ocrx_word' id='word_1_418' title='bbox 3303 1415 3612 1472; x_wconf 90' lang='lat' dir='ltr'><strong>consolen-</strong></span> 
     </span>
    </p>
   </div>
   <div class='ocr_carea' id='block_1_61' title="bbox 1959 1501 3610 1575">
    <p class='ocr_par' dir='ltr' id='par_1_61' title="bbox 1959 1501 3610 1575">
     <span class='ocr_line' id='line_1_61' title="bbox 1959 1501 3610 1575; baseline 0.003 -21"><span class='ocrx_word' id='word_1_419' title='bbox 1959 1503 2057 1554; x_wconf 88' lang='lat' dir='ltr'><strong>tur</strong></span> <span class='ocrx_word' id='word_1_420' title='bbox 2078 1501 2179 1572; x_wconf 89' lang='lat' dir='ltr'><strong>qui</strong></span> <span class='ocrx_word' id='word_1_421' title='bbox 2211 1516 2279 1555; x_wconf 84' lang='lat' dir='ltr'><strong>ex</strong></span> <span class='ocrx_word' id='word_1_422' title='bbox 2310 1501 2575 1556; x_wconf 89' lang='lat' dir='ltr'><strong>libertate</strong></span> <span class='ocrx_word' id='word_1_423' title='bbox 2608 1503 2665 1555; x_wconf 92' lang='lat' dir='ltr'><strong>in</strong></span> <span class='ocrx_word' id='word_1_424' title='bbox 2699 1503 3039 1558; x_wconf 85' lang='lat' dir='ltr'><strong>servitutem</strong></span> <span class='ocrx_word' id='word_1_425' title='bbox 3100 1503 3299 1575; x_wconf 90' lang='lat' dir='ltr'><strong>aliqua</strong></span> <span class='ocrx_word' id='word_1_426' title='bbox 3355 1503 3610 1559; x_wconf 90' lang='lat' dir='ltr'><strong>necessi-</strong></span> 
     </span>
    </p>
   </div>
   <div class='ocr_carea' id='block_1_62' title="bbox 1958 1588 3612 1660">
    <p class='ocr_par' dir='ltr' id='par_1_62' title="bbox 1958 1588 3612 1660">
     <span class='ocr_line' id='line_1_62' title="bbox 1958 1588 3612 1660; baseline 0.004 -20"><span class='ocrx_word' id='word_1_427' title='bbox 1958 1591 2077 1642; x_wconf 88' lang='lat' dir='ltr'><strong>tate</strong></span> <span class='ocrx_word' id='word_1_428' title='bbox 2105 1592 2406 1642; x_wconf 87' lang='lat' dir='ltr'><strong>venerunt.</strong></span> <span class='ocrx_word' id='word_1_429' title='bbox 2443 1588 2670 1643; x_wconf 88' lang='lat' dir='ltr'><strong>Habent</strong></span> <span class='ocrx_word' id='word_1_430' title='bbox 2710 1589 2863 1660; x_wconf 91' lang='lat' dir='ltr'><strong>quod</strong></span> <span class='ocrx_word' id='word_1_431' title='bbox 2898 1589 3223 1658; x_wconf 89' lang='lat' dir='ltr'><strong>imitentur,</strong></span> <span class='ocrx_word' id='word_1_432' title='bbox 3260 1594 3323 1643; x_wconf 91' lang='lat' dir='ltr'><strong>ut</strong></span> <span class='ocrx_word' id='word_1_433' title='bbox 3378 1589 3612 1646; x_wconf 88' lang='lat' dir='ltr'><strong>discant</strong></span> 
     </span>
    </p>
   </div>
   <div class='ocr_carea' id='block_1_63' title="bbox 1958 1675 3611 1748">
    <p class='ocr_par' dir='ltr' id='par_1_63' title="bbox 1958 1675 3611 1748">
     <span class='ocr_line' id='line_1_63' title="bbox 1958 1675 3611 1748; baseline 0.003 -20"><span class='ocrx_word' id='word_1_434' title='bbox 1958 1675 2346 1730; x_wconf 84' lang='lat' dir='ltr'><strong>conditionem</strong></span> <span class='ocrx_word' id='word_1_435' title='bbox 2375 1692 2435 1730; x_wconf 91' lang='lat' dir='ltr'><strong>se</strong></span> <span class='ocrx_word' id='word_1_436' title='bbox 2467 1683 2696 1731; x_wconf 88' lang='lat' dir='ltr'><strong>mutare</strong></span> <span class='ocrx_word' id='word_1_437' title='bbox 2730 1693 2919 1748; x_wconf 89' lang='lat' dir='ltr'><strong>posse,</strong></span> <span class='ocrx_word' id='word_1_438' title='bbox 2954 1693 3070 1730; x_wconf 91' lang='lat' dir='ltr'><strong>non</strong></span> <span class='ocrx_word' id='word_1_439' title='bbox 3104 1693 3331 1733; x_wconf 90' lang='lat' dir='ltr'><strong>mores:</strong></span> <span class='ocrx_word' id='word_1_440' title='bbox 3386 1694 3515 1733; x_wconf 89' lang='lat' dir='ltr'><strong>esse</strong></span> <span class='ocrx_word' id='word_1_441' title='bbox 3553 1682 3611 1733; x_wconf 90' lang='lat' dir='ltr'><strong>et</strong></span> 
     </span>
    </p>
   </div>
   <div class='ocr_carea' id='block_1_64' title="bbox 1956 1762 3610 1829">
    <p class='ocr_par' dir='ltr' id='par_1_64' title="bbox 1956 1762 3610 1829">
     <span class='ocr_line' id='line_1_64' title="bbox 1956 1762 3610 1829; baseline 0.002 -12"><span class='ocrx_word' id='word_1_442' title='bbox 1956 1762 2015 1817; x_wconf 92' lang='lat' dir='ltr'><strong>in</strong></span> <span class='ocrx_word' id='word_1_443' title='bbox 2048 1763 2377 1819; x_wconf 82' lang='lat' dir='ltr'><strong>vernaculis</strong></span> <span class='ocrx_word' id='word_1_444' title='bbox 2406 1763 2760 1829; x_wconf 82' lang='lat' dir='ltr'><strong>libertatem,</strong></span> <span class='ocrx_word' id='word_1_445' title='bbox 2811 1771 2869 1819; x_wconf 89' lang='lat' dir='ltr'><strong>et</strong></span> <span class='ocrx_word' id='word_1_446' title='bbox 2911 1766 2970 1819; x_wconf 91' lang='lat' dir='ltr'><strong>in</strong></span> <span class='ocrx_word' id='word_1_447' title='bbox 3020 1765 3297 1820; x_wconf 87' lang='lat' dir='ltr'><strong>servitute</strong></span> <span class='ocrx_word' id='word_1_448' title='bbox 3342 1774 3610 1821; x_wconf 86' lang='lat' dir='ltr'><strong>constan-</strong></span> 
     </span>
    </p>
   </div>
   <div class='ocr_carea' id='block_1_65' title="bbox 1953 1851 3608 1925">
    <p class='ocr_par' dir='ltr' id='par_1_65' title="bbox 1953 1851 3608 1925">
     <span class='ocr_line' id='line_1_65' title="bbox 1953 1851 3608 1925; baseline 0.004 -20"><span class='ocrx_word' id='word_1_449' title='bbox 1953 1851 2116 1906; x_wconf 86' lang='lat' dir='ltr'><strong>tiam.</strong></span> <span class='ocrx_word' id='word_1_450' title='bbox 2168 1852 2394 1907; x_wconf 89' lang='lat' dir='ltr'><strong>Habent</strong></span> <span class='ocrx_word' id='word_1_451' title='bbox 2440 1852 2615 1907; x_wconf 91' lang='lat' dir='ltr'><strong>etiam</strong></span> <span class='ocrx_word' id='word_1_452' title='bbox 2675 1853 2895 1908; x_wconf 88' lang='lat' dir='ltr'><strong>domini</strong></span> <span class='ocrx_word' id='word_1_453' title='bbox 2955 1854 3111 1924; x_wconf 92' lang='lat' dir='ltr'><strong>quod</strong></span> <span class='ocrx_word' id='word_1_454' title='bbox 3179 1870 3281 1925; x_wconf 89' lang='lat' dir='ltr'><strong>per</strong></span> <span class='ocrx_word' id='word_1_455' title='bbox 3346 1854 3608 1912; x_wconf 89' lang='lat' dir='ltr'><strong>servulos</strong></span> 
     </span>
    </p>
   </div>
   <div class='ocr_carea' id='block_1_66' title="bbox 1958 1941 3606 2013">
    <p class='ocr_par' dir='ltr' id='par_1_66' title="bbox 1958 1941 3606 2013">
     <span class='ocr_line' id='line_1_66' title="bbox 1958 1941 3606 2013; baseline 0.003 -19"><span class='ocrx_word' id='word_1_456' title='bbox 1958 1941 2137 1995; x_wconf 92' lang='lat' dir='ltr'><strong>bonos</strong></span> <span class='ocrx_word' id='word_1_457' title='bbox 2204 1945 2457 2011; x_wconf 88' lang='lat' dir='ltr'><strong>sperent.</strong></span> <span class='ocrx_word' id='word_1_458' title='bbox 2509 1941 2801 1997; x_wconf 86' lang='lat' dir='ltr'><strong>Abraham</strong></span> <span class='ocrx_word' id='word_1_459' title='bbox 2872 1942 2990 1997; x_wconf 82' lang='lat' dir='ltr'><strong>tilio</strong></span> <span class='ocrx_word' id='word_1_460' title='bbox 3058 1958 3160 2013; x_wconf 89' lang='lat' dir='ltr'><strong>per</strong></span> <span class='ocrx_word' id='word_1_461' title='bbox 3228 1941 3606 1999; x_wconf 87' lang='lat' dir='ltr'><strong>vernaculum</strong></span> 
     </span>
    </p>
   </div>
   <div class='ocr_carea' id='block_1_67' title="bbox 1954 2026 3608 2103">
    <p class='ocr_par' dir='ltr' id='par_1_67' title="bbox 1954 2026 3608 2103">
     <span class='ocr_line' id='line_1_67' title="bbox 1954 2026 3608 2103; baseline 0.003 -23"><span class='ocrx_word' id='word_1_462' title='bbox 1954 2026 2174 2083; x_wconf 91' lang='lat' dir='ltr'><strong>invenit</strong></span> <span class='ocrx_word' id='word_1_463' title='bbox 2206 2045 2465 2083; x_wconf 88' lang='lat' dir='ltr'><strong>uxorem.</strong></span> <span class='ocrx_word' id='word_1_464' title='bbox 2490 2031 2793 2085; x_wconf 84' lang='lat' dir='ltr'><strong>Benedixit</strong></span> <span class='ocrx_word' id='word_1_465' title='bbox 2820 2031 3104 2085; x_wconf 91' lang='lat' dir='ltr'><strong>Dominus</strong></span> <span class='ocrx_word' id='word_1_466' title='bbox 3136 2030 3378 2085; x_wconf 91' lang='lat' dir='ltr'><strong>domum</strong></span> <span class='ocrx_word' id='word_1_467' title='bbox 3396 2036 3608 2103; x_wconf 66' lang='lat' dir='ltr'><strong>zEgyp-</strong></span> 
     </span>
    </p>
   </div>
   <div class='ocr_carea' id='block_1_68' title="bbox 1954 2116 3602 2188">
    <p class='ocr_par' dir='ltr' id='par_1_68' title="bbox 1954 2116 3602 2188">
     <span class='ocr_line' id='line_1_68' title="bbox 1954 2116 3602 2188; baseline 0.002 -18"><span class='ocrx_word' id='word_1_468' title='bbox 1954 2116 2018 2170; x_wconf 89' lang='lat' dir='ltr'><strong>tii</strong></span> <span class='ocrx_word' id='word_1_469' title='bbox 2052 2121 2289 2188; x_wconf 87' lang='lat' dir='ltr'><strong>propter</strong></span> <span class='ocrx_word' id='word_1_470' title='bbox 2315 2116 2555 2188; x_wconf 84' lang='lat' dir='ltr'><strong>Josepb,</strong></span> <span class='ocrx_word' id='word_1_471' title='bbox 2588 2122 2645 2172; x_wconf 91' lang='lat' dir='ltr'><strong>et</strong></span> <span class='ocrx_word' id='word_1_472' title='bbox 2677 2118 2827 2173; x_wconf 84' lang='lat' dir='ltr'><strong>facta</strong></span> <span class='ocrx_word' id='word_1_473' title='bbox 2865 2126 2952 2174; x_wconf 91' lang='lat' dir='ltr'><strong>est</strong></span> <span class='ocrx_word' id='word_1_474' title='bbox 2995 2119 3323 2174; x_wconf 88' lang='lat' dir='ltr'><strong>benedictio</strong></span> <span class='ocrx_word' id='word_1_475' title='bbox 3370 2120 3602 2175; x_wconf 91' lang='lat' dir='ltr'><strong>Domini</strong></span> 
     </span>
    </p>
   </div>
   <div class='ocr_carea' id='block_1_69' title="bbox 1955 2204 3606 2280">
    <p class='ocr_par' dir='ltr' id='par_1_69' title="bbox 1955 2204 3606 2280">
     <span class='ocr_line' id='line_1_69' title="bbox 1955 2204 3606 2280; baseline 0.004 -22"><span class='ocrx_word' id='word_1_476' title='bbox 1955 2204 2011 2258; x_wconf 90' lang='lat' dir='ltr'><strong>in</strong></span> <span class='ocrx_word' id='word_1_477' title='bbox 2044 2210 2163 2259; x_wconf 91' lang='lat' dir='ltr'><strong>toto</strong></span> <span class='ocrx_word' id='word_1_478' title='bbox 2195 2222 2370 2260; x_wconf 91' lang='lat' dir='ltr'><strong>censu</strong></span> <span class='ocrx_word' id='word_1_479' title='bbox 2403 2209 2553 2275; x_wconf 86' lang='lat' dir='ltr'><strong>ejus,</strong></span> <span class='ocrx_word' id='word_1_480' title='bbox 2588 2212 2645 2262; x_wconf 91' lang='lat' dir='ltr'><strong>et</strong></span> <span class='ocrx_word' id='word_1_481' title='bbox 2676 2208 2733 2260; x_wconf 92' lang='lat' dir='ltr'><strong>in</strong></span> <span class='ocrx_word' id='word_1_482' title='bbox 2778 2208 2951 2262; x_wconf 92' lang='lat' dir='ltr'><strong>domo</strong></span> <span class='ocrx_word' id='word_1_483' title='bbox 3012 2212 3067 2262; x_wconf 89' lang='lat' dir='ltr'><strong>et</strong></span> <span class='ocrx_word' id='word_1_484' title='bbox 3122 2208 3179 2262; x_wconf 92' lang='lat' dir='ltr'><strong>in</strong></span> <span class='ocrx_word' id='word_1_485' title='bbox 3236 2208 3411 2280; x_wconf 88' lang='lat' dir='ltr'><strong>agris.</strong></span> <span class='ocrx_word' id='word_1_486' title='bbox 3474 2232 3503 2257; x_wconf 82' lang='lat'><strong><em>«</em></strong></span> <span class='ocrx_word' id='word_1_487' title='bbox 3537 2210 3606 2264; x_wconf 91' lang='lat' dir='ltr'><strong>Et</strong></span> 
     </span>
    </p>
   </div>
   <div class='ocr_carea' id='block_1_70' title="bbox 1954 2295 3598 2368">
    <p class='ocr_par' dir='ltr' id='par_1_70' title="bbox 1954 2295 3598 2368">
     <span class='ocr_line' id='line_1_70' title="bbox 1954 2295 3598 2368; baseline 0.003 -20"><span class='ocrx_word' id='word_1_488' title='bbox 1954 2295 2256 2357; x_wconf 85' lang='lat' dir='ltr'><strong>convertit,</strong></span> <span class='ocrx_word' id='word_1_489' title='bbox 2317 2295 2526 2367; x_wconf 78' lang='lat' dir='ltr'><strong>inquit,</strong></span> <span class='ocrx_word' id='word_1_490' title='bbox 2589 2298 2787 2350; x_wconf 84' lang='lat' dir='ltr'><strong>omnia</strong></span> <span class='ocrx_word' id='word_1_491' title='bbox 2844 2313 3208 2368; x_wconf 69' lang='lat' dir='ltr'><strong>quaecunque</strong></span> <span class='ocrx_word' id='word_1_492' title='bbox 3274 2297 3358 2351; x_wconf 90' lang='lat' dir='ltr'><strong>illi</strong></span> <span class='ocrx_word' id='word_1_493' title='bbox 3413 2302 3598 2365; x_wconf 86' lang='lat' dir='ltr'><strong>erant,</strong></span> 
     </span>
    </p>
   </div>
   <div class='ocr_carea' id='block_1_71' title="bbox 1955 2383 3602 2456">
    <p class='ocr_par' dir='ltr' id='par_1_71' title="bbox 1955 2383 3602 2456">
     <span class='ocr_line' id='line_1_71' title="bbox 1955 2383 3602 2456; baseline 0.003 -20"><span class='ocrx_word' id='word_1_494' title='bbox 1955 2383 2012 2436; x_wconf 91' lang='lat' dir='ltr'><strong>in</strong></span> <span class='ocrx_word' id='word_1_495' title='bbox 2063 2399 2275 2437; x_wconf 90' lang='lat' dir='ltr'><strong>manus</strong></span> <span class='ocrx_word' id='word_1_496' title='bbox 2321 2383 2538 2454; x_wconf 88' lang='lat' dir='ltr'><strong>Joseph</strong></span> <span class='ocrx_word' id='word_1_497' title='bbox 2581 2384 2731 2453; x_wconf 85' lang='lat' dir='ltr'><strong>(Gen.</strong></span> <span class='ocrx_word' id='word_1_498' title='bbox 2783 2402 2974 2454; x_wconf 70' lang='grc' dir='ltr'>χχχιχ,</span> <span class='ocrx_word' id='word_1_499' title='bbox 3022 2386 3097 2456; x_wconf 75' lang='grc'><strong>4).</strong></span> <span class='ocrx_word' id='word_1_500' title='bbox 3138 2407 3164 2433; x_wconf 89' lang='grc'><strong>››</strong></span> <span class='ocrx_word' id='word_1_501' title='bbox 3228 2386 3602 2442; x_wconf 84' lang='lat' dir='ltr'><strong>Advertimus</strong></span> 
     </span>
    </p>
   </div>
   <div class='ocr_carea' id='block_1_72' title="bbox 1954 2470 3603 2545">
    <p class='ocr_par' dir='ltr' id='par_1_72' title="bbox 1954 2470 3603 2545">
     <span class='ocr_line' id='line_1_72' title="bbox 1954 2470 3603 2545; baseline 0.004 -22"><span class='ocrx_word' id='word_1_502' title='bbox 1954 2470 2107 2540; x_wconf 92' lang='lat' dir='ltr'><strong>quod</strong></span> <span class='ocrx_word' id='word_1_503' title='bbox 2141 2486 2208 2525; x_wconf 90' lang='lat' dir='ltr'><strong>ea</strong></span> <span class='ocrx_word' id='word_1_504' title='bbox 2238 2487 2361 2542; x_wconf 70' lang='lat' dir='ltr'><strong>qua:</strong></span> <span class='ocrx_word' id='word_1_505' title='bbox 2402 2471 2621 2525; x_wconf 89' lang='lat' dir='ltr'><strong>domini</strong></span> <span class='ocrx_word' id='word_1_506' title='bbox 2654 2472 2981 2544; x_wconf 87' lang='lat' dir='ltr'><strong>gubernare</strong></span> <span class='ocrx_word' id='word_1_507' title='bbox 3014 2490 3127 2527; x_wconf 92' lang='lat' dir='ltr'><strong>non</strong></span> <span class='ocrx_word' id='word_1_508' title='bbox 3162 2479 3446 2545; x_wconf 88' lang='lat' dir='ltr'><strong>poterant,</strong></span> <span class='ocrx_word' id='word_1_509' title='bbox 3480 2489 3603 2530; x_wconf 88' lang='lat' dir='ltr'><strong>ser-</strong></span> 
     </span>
    </p>
   </div>
   <div class='ocr_carea' id='block_1_73' title="bbox 1951 2556 2520 2630">
    <p class='ocr_par' dir='ltr' id='par_1_73' title="bbox 1951 2556 2520 2630">
     <span class='ocr_line' id='line_1_73' title="bbox 1951 2556 2520 2630; baseline 0.004 -19"><span class='ocrx_word' id='word_1_510' title='bbox 1951 2556 2069 2612; x_wconf 93' lang='lat' dir='ltr'><strong>vuli</strong></span> <span class='ocrx_word' id='word_1_511' title='bbox 2102 2560 2520 2630; x_wconf 88' lang='lat' dir='ltr'><strong>gubernarunt.</strong></span> 
     </span>
    </p>
   </div>
   <div class='ocr_carea' id='block_1_74' title="bbox 2627 2666 2946 2722">
    <p class='ocr_par' dir='ltr' id='par_1_74' title="bbox 2627 2666 2946 2722">
     <span class='ocr_line' id='line_1_74' title="bbox 2627 2666 2946 2722; baseline -0.003 -2"><span class='ocrx_word' id='word_1_512' title='bbox 2627 2666 2858 2722; x_wconf 81' lang='lat' dir='ltr'>CAPUT</span> <span class='ocrx_word' id='word_1_513' title='bbox 2882 2667 2946 2720; x_wconf 93' lang='lat' dir='ltr'><strong>V.</strong></span> 
     </span>
    </p>
   </div>
   <div class='ocr_carea' id='block_1_75' title="bbox 1952 2752 3598 2827">
    <p class='ocr_par' dir='ltr' id='par_1_75' title="bbox 1952 2752 3598 2827">
     <span class='ocr_line' id='line_1_75' title="bbox 1952 2752 3598 2827; baseline 0.003 -20"><span class='ocrx_word' id='word_1_514' title='bbox 1952 2753 2169 2827; x_wconf 78' lang='lat' dir='ltr'><strong>Josephz&#39;</strong></span> <span class='ocrx_word' id='word_1_515' title='bbox 2197 2754 2260 2808; x_wconf 69' lang='lat' dir='ltr'><strong>ob</strong></span> <span class='ocrx_word' id='word_1_516' title='bbox 2314 2752 2802 2827; x_wconf 66' lang='lat' dir='ltr'><strong>pulchritudinem.</strong></span> <span class='ocrx_word' id='word_1_517' title='bbox 2861 2756 2954 2811; x_wconf 81' lang='lat' dir='ltr'><strong>sed</strong></span> <span class='ocrx_word' id='word_1_518' title='bbox 3006 2757 3182 2824; x_wconf 81' lang='lat' dir='ltr'><strong>magis</strong></span> <span class='ocrx_word' id='word_1_519' title='bbox 3258 2756 3321 2812; x_wconf 87' lang='lat' dir='ltr'><strong>ob</strong></span> <span class='ocrx_word' id='word_1_520' title='bbox 3375 2756 3598 2827; x_wconf 77' lang='lat' dir='ltr'><strong>pudici-</strong></span> 
     </span>
    </p>
   </div>
   <div class='ocr_carea' id='block_1_76' title="bbox 2022 2825 3599 2897">
    <p class='ocr_par' dir='ltr' id='par_1_76' title="bbox 2022 2825 3599 2897">
     <span class='ocr_line' id='line_1_76' title="bbox 2022 2825 3599 2897; baseline 0.003 -19"><span class='ocrx_word' id='word_1_521' title='bbox 2022 2826 2161 2897; x_wconf 84' lang='lat' dir='ltr'><strong>tiam</strong></span> <span class='ocrx_word' id='word_1_522' title='bbox 2185 2825 2595 2897; x_wconf 74' lang='lat' dir='ltr'><strong>commendatio.</strong></span> <span class='ocrx_word' id='word_1_523' title='bbox 2629 2827 2676 2880; x_wconf 81' lang='lat' dir='ltr'><strong>Is</strong></span> <span class='ocrx_word' id='word_1_524' title='bbox 2716 2828 2878 2881; x_wconf 84' lang='lat' dir='ltr'><strong>nulla</strong></span> <span class='ocrx_word' id='word_1_525' title='bbox 2933 2843 3034 2881; x_wconf 83' lang='lat' dir='ltr'><strong>sua</strong></span> <span class='ocrx_word' id='word_1_526' title='bbox 3089 2827 3251 2897; x_wconf 79' lang='lat' dir='ltr'><strong>culpa</strong></span> <span class='ocrx_word' id='word_1_527' title='bbox 3307 2825 3599 2883; x_wconf 78' lang='lat' dir='ltr'><strong>adamatus</strong></span> 
     </span>
    </p>
   </div>
   <div class='ocr_carea' id='block_1_77' title="bbox 2025 2896 3600 2970">
    <p class='ocr_par' dir='ltr' id='par_1_77' title="bbox 2025 2896 3600 2970">
     <span class='ocr_line' id='line_1_77' title="bbox 2025 2896 3600 2970; baseline 0.003 -21"><span class='ocrx_word' id='word_1_528' title='bbox 2025 2896 2328 2970; x_wconf 75' lang='lat' dir='ltr'><strong>ademina,</strong></span> <span class='ocrx_word' id='word_1_529' title='bbox 2373 2913 2436 2950; x_wconf 90' lang='lat' dir='ltr'><strong>ac</strong></span> <span class='ocrx_word' id='word_1_530' title='bbox 2491 2896 2554 2950; x_wconf 80' lang='lat' dir='ltr'><strong>de</strong></span> <span class='ocrx_word' id='word_1_531' title='bbox 2609 2900 2795 2970; x_wconf 81' lang='lat' dir='ltr'><strong>stupro</strong></span> <span class='ocrx_word' id='word_1_532' title='bbox 2840 2896 3223 2968; x_wconf 71' lang='lat' dir='ltr'><strong>compellatus,</strong></span> <span class='ocrx_word' id='word_1_533' title='bbox 3265 2915 3389 2953; x_wconf 85' lang='lat' dir='ltr'><strong>eam</strong></span> <span class='ocrx_word' id='word_1_534' title='bbox 3421 2898 3600 2970; x_wconf 85' lang='lat' dir='ltr'><strong>repel-</strong></span> 
     </span>
    </p>
   </div>
   <div class='ocr_carea' id='block_1_78' title="bbox 2026 2966 3598 3039">
    <p class='ocr_par' dir='ltr' id='par_1_78' title="bbox 2026 2966 3598 3039">
     <span class='ocr_line' id='line_1_78' title="bbox 2026 2966 3598 3039; baseline 0.003 -19"><span class='ocrx_word' id='word_1_535' title='bbox 2026 2966 2110 3039; x_wconf 77' lang='lat' dir='ltr'><strong>lit,</strong></span> <span class='ocrx_word' id='word_1_536' title='bbox 2145 2967 2462 3038; x_wconf 70' lang='lat' dir='ltr'><strong>refectisque</strong></span> <span class='ocrx_word' id='word_1_537' title='bbox 2500 2969 2733 3022; x_wconf 75' lang='lat' dir='ltr'><strong>vestibus</strong></span> <span class='ocrx_word' id='word_1_538' title='bbox 2783 2966 3034 3024; x_wconf 77' lang='lat' dir='ltr'><strong>ornatior</strong></span> <span class='ocrx_word' id='word_1_539' title='bbox 3087 2971 3268 3039; x_wconf 73' lang='lat' dir='ltr'><strong>fugit:</strong></span> <span class='ocrx_word' id='word_1_540' title='bbox 3327 2970 3428 3024; x_wconf 87' lang='lat' dir='ltr'><strong>illa</strong></span> <span class='ocrx_word' id='word_1_541' title='bbox 3473 2966 3598 3025; x_wconf 67' lang='lat' dir='ltr'><strong>bero</strong></span> 
     </span>
    </p>
   </div>
   <div class='ocr_carea' id='block_1_79' title="bbox 2024 3037 3595 3108">
    <p class='ocr_par' dir='ltr' id='par_1_79' title="bbox 2024 3037 3595 3108">
     <span class='ocr_line' id='line_1_79' title="bbox 2024 3037 3595 3108; baseline 0.002 -19"><span class='ocrx_word' id='word_1_542' title='bbox 2024 3037 2152 3091; x_wconf 79' lang='lat' dir='ltr'><strong>dum</strong></span> <span class='ocrx_word' id='word_1_543' title='bbox 2211 3054 2302 3091; x_wconf 78' lang='lat' dir='ltr'><strong>cas</strong></span> <span class='ocrx_word' id='word_1_544' title='bbox 2370 3037 2587 3108; x_wconf 73' lang='lat' dir='ltr'><strong>retinet,</strong></span> <span class='ocrx_word' id='word_1_545' title='bbox 2653 3050 2810 3108; x_wconf 68' lang='lat' dir='ltr'><strong>atque</strong></span> <span class='ocrx_word' id='word_1_546' title='bbox 2892 3037 3166 3095; x_wconf 81' lang='lat' dir='ltr'><strong>insontem</strong></span> <span class='ocrx_word' id='word_1_547' title='bbox 3239 3041 3595 3106; x_wconf 77' lang='lat' dir='ltr'><strong>criminatur,</strong></span> 
     </span>
    </p>
   </div>
   <div class='ocr_carea' id='block_1_80' title="bbox 2026 3055 3597 3183">
    <p class='ocr_par' dir='ltr' id='par_1_80' title="bbox 2026 3055 3597 3183">
     <span class='ocr_line' id='line_1_80' title="bbox 2026 3055 3595 3108; baseline 0.002 -19"><span class='ocrx_word' id='word_1_548' title='bbox 2026 3055 2152 3091; x_wconf 81' lang='lat' dir='ltr'><strong>aum</strong></span> <span class='ocrx_word' id='word_1_549' title='bbox 2211 3055 2302 3091; x_wconf 77' lang='lat' dir='ltr'><strong>cas</strong></span> <span class='ocrx_word' id='word_1_550' title='bbox 2370 3055 2587 3108; x_wconf 74' lang='lat' dir='ltr'><strong>retinet,</strong></span> <span class='ocrx_word' id='word_1_551' title='bbox 2653 3055 2706 3093; x_wconf 88' lang='lat' dir='ltr'><strong>ar</strong></span> <span class='ocrx_word' id='word_1_552' title='bbox 2744 3055 2810 3108; x_wconf 75' lang='grc' dir='ltr'><strong>με</strong></span> <span class='ocrx_word' id='word_1_553' title='bbox 2892 3055 3162 3095; x_wconf 75' lang='lat' dir='ltr'><strong>insontem</strong></span> <span class='ocrx_word' id='word_1_554' title='bbox 3239 3055 3595 3106; x_wconf 82' lang='lat' dir='ltr'><strong>criminatur,</strong></span> 
     </span>
     <span class='ocr_line' id='line_1_81' title="bbox 2026 3055 3597 3183; baseline 0.003 -21"><span class='ocrx_word' id='word_1_555' title='bbox 2026 3110 2387 3183; x_wconf 83' lang='lat' dir='ltr'><strong>ignominiam</strong></span> <span class='ocrx_word' id='word_1_556' title='bbox 2423 3126 2578 3164; x_wconf 85' lang='lat' dir='ltr'><strong>suam</strong></span> <span class='ocrx_word' id='word_1_557' title='bbox 2609 3055 2800 3167; x_wconf 53' lang='lat' dir='ltr'><strong>ntulit.</strong></span> <span class='ocrx_word' id='word_1_558' title='bbox 2858 3113 3053 3165; x_wconf 78' lang='lat' dir='ltr'><strong>Tamen</strong></span> <span class='ocrx_word' id='word_1_559' title='bbox 3110 3113 3349 3166; x_wconf 78' lang='lat' dir='ltr'><strong>mittitur</strong></span> <span class='ocrx_word' id='word_1_560' title='bbox 3396 3111 3597 3183; x_wconf 79' lang='lat' dir='ltr'><strong>Joseph</strong></span> 
     </span>
    </p>
   </div>
   <div class='ocr_carea' id='block_1_81' title="bbox 2020 3180 3593 3261">
    <p class='ocr_par' dir='ltr' id='par_1_81' title="bbox 2020 3180 3593 3261">
     <span class='ocr_line' id='line_1_82' title="bbox 2020 3180 3593 3261; baseline 0.003 -28"><span class='ocrx_word' id='word_1_561' title='bbox 2020 3180 2403 3261; x_wconf 63' lang='lat' dir='ltr'><strong>incarcerem:</strong></span> <span class='ocrx_word' id='word_1_562' title='bbox 2465 3189 2521 3235; x_wconf 85' lang='lat' dir='ltr'><strong>at</strong></span> <span class='ocrx_word' id='word_1_563' title='bbox 2570 3182 2648 3235; x_wconf 87' lang='lat' dir='ltr'><strong>ibi</strong></span> <span class='ocrx_word' id='word_1_564' title='bbox 2705 3182 2897 3236; x_wconf 78' lang='lat' dir='ltr'><strong>divino</strong></span> <span class='ocrx_word' id='word_1_565' title='bbox 2950 3184 3211 3253; x_wconf 72' lang='lat' dir='ltr'><strong>przrsidio</strong></span> <span class='ocrx_word' id='word_1_566' title='bbox 3266 3198 3373 3238; x_wconf 86' lang='lat' dir='ltr'><strong>non</strong></span> <span class='ocrx_word' id='word_1_567' title='bbox 3430 3180 3593 3238; x_wconf 74' lang='lat' dir='ltr'><strong>desti-</strong></span> 
     </span>
    </p>
   </div>
   <div class='ocr_carea' id='block_1_82' title="bbox 2016 3259 2210 3306">
    <p class='ocr_par' dir='ltr' id='par_1_82' title="bbox 2016 3259 2210 3306">
     <span class='ocr_line' id='line_1_83' title="bbox 2016 3259 2210 3306; baseline -0.005 -1"><span class='ocrx_word' id='word_1_568' title='bbox 2016 3259 2210 3306; x_wconf 82' lang='lat' dir='ltr'><strong>tuitur.</strong></span> 
     </span>
    </p>
   </div>
   <div class='ocr_carea' id='block_1_83' title="bbox 2019 3357 3594 3431">
    <p class='ocr_par' dir='ltr' id='par_1_83' title="bbox 2019 3357 3594 3431">
     <span class='ocr_line' id='line_1_84' title="bbox 2019 3357 3594 3431; baseline 0.003 -20"><span class='ocrx_word' id='word_1_569' title='bbox 2019 3359 2107 3411; x_wconf 83' lang='lat'><strong>22.</strong></span> <span class='ocrx_word' id='word_1_570' title='bbox 2150 3357 2261 3412; x_wconf 91' lang='lat' dir='ltr'><strong>Sed</strong></span> <span class='ocrx_word' id='word_1_571' title='bbox 2295 3358 2433 3429; x_wconf 86' lang='lat' dir='ltr'><strong>quid</strong></span> <span class='ocrx_word' id='word_1_572' title='bbox 2467 3358 2539 3412; x_wconf 90' lang='lat' dir='ltr'><strong>de</strong></span> <span class='ocrx_word' id='word_1_573' title='bbox 2560 3359 2784 3429; x_wconf 87' lang='lat' dir='ltr'><strong>privata</strong></span> <span class='ocrx_word' id='word_1_574' title='bbox 2814 3360 2983 3415; x_wconf 91' lang='lat' dir='ltr'><strong>domo</strong></span> <span class='ocrx_word' id='word_1_575' title='bbox 3017 3359 3422 3431; x_wconf 84' lang='lat' dir='ltr'><strong>dispositionis</strong></span> <span class='ocrx_word' id='word_1_576' title='bbox 3465 3360 3594 3430; x_wconf 88' lang='lat' dir='ltr'><strong>ejus</strong></span> 
     </span>
    </p>
   </div>
   <div class='ocr_carea' id='block_1_84' title="bbox 1951 3444 3595 3519">
    <p class='ocr_par' dir='ltr' id='par_1_84' title="bbox 1951 3444 3595 3519">
     <span class='ocr_line' id='line_1_85' title="bbox 1951 3444 3595 3519; baseline 0 -17"><span class='ocrx_word' id='word_1_577' title='bbox 1951 3444 2161 3502; x_wconf 85' lang='lat' dir='ltr'><strong>servuli</strong></span> <span class='ocrx_word' id='word_1_578' title='bbox 2194 3451 2476 3511; x_wconf 88' lang='lat' dir='ltr'><strong>astruam,</strong></span> <span class='ocrx_word' id='word_1_579' title='bbox 2510 3447 2607 3518; x_wconf 91' lang='lat' dir='ltr'><strong>qui</strong></span> <span class='ocrx_word' id='word_1_580' title='bbox 2644 3448 2789 3500; x_wconf 84' lang='lat' dir='ltr'><strong>rexit</strong></span> <span class='ocrx_word' id='word_1_581' title='bbox 2820 3447 3158 3519; x_wconf 89' lang='lat' dir='ltr'><strong>imperium,</strong></span> <span class='ocrx_word' id='word_1_582' title='bbox 3184 3452 3207 3503; x_wconf 72' lang='grc' dir='ltr'><strong>ξ’</strong></span> <span class='ocrx_word' id='word_1_583' title='bbox 3229 3447 3365 3503; x_wconf 87' lang='lat' dir='ltr'><strong>Plus</strong></span> <span class='ocrx_word' id='word_1_584' title='bbox 3396 3452 3595 3504; x_wconf 89' lang='lat' dir='ltr'><strong>tamen</strong></span> 
     </span>
    </p>
   </div>
   <div class='ocr_carea' id='block_1_85' title="bbox 1953 3533 3606 3607">
    <p class='ocr_par' dir='ltr' id='par_1_85' title="bbox 1953 3533 3606 3607">
     <span class='ocr_line' id='line_1_86' title="bbox 1953 3533 3606 3607; baseline 0.002 -18"><span class='ocrx_word' id='word_1_585' title='bbox 1953 3538 2042 3589; x_wconf 88' lang='lat' dir='ltr'><strong>est</strong></span> <span class='ocrx_word' id='word_1_586' title='bbox 2079 3533 2231 3604; x_wconf 87' lang='lat' dir='ltr'><strong>quod</strong></span> <span class='ocrx_word' id='word_1_587' title='bbox 2258 3533 2381 3604; x_wconf 90' lang='lat' dir='ltr'><strong>ipse</strong></span> <span class='ocrx_word' id='word_1_588' title='bbox 2412 3540 2546 3589; x_wconf 90' lang='lat' dir='ltr'><strong>ante</strong></span> <span class='ocrx_word' id='word_1_589' title='bbox 2578 3551 2639 3589; x_wconf 92' lang='lat' dir='ltr'><strong>se</strong></span> <span class='ocrx_word' id='word_1_590' title='bbox 2668 3536 2814 3589; x_wconf 85' lang='lat' dir='ltr'><strong>rexit</strong></span> <span class='ocrx_word' id='word_1_591' title='bbox 2842 3536 2953 3607; x_wconf 84' lang='lat'><strong>(2|)</strong></span> <span class='ocrx_word' id='word_1_592' title='bbox 2980 3554 2998 3591; x_wconf 86' lang='lat'><em>:</em></span> <span class='ocrx_word' id='word_1_593' title='bbox 3029 3541 3084 3591; x_wconf 92' lang='lat' dir='ltr'><strong>et</strong></span> <span class='ocrx_word' id='word_1_594' title='bbox 3126 3553 3260 3591; x_wconf 91' lang='lat' dir='ltr'><strong>cum</strong></span> <span class='ocrx_word' id='word_1_595' title='bbox 3291 3542 3447 3592; x_wconf 89' lang='lat' dir='ltr'><strong>esset</strong></span> <span class='ocrx_word' id='word_1_596' title='bbox 3505 3537 3606 3592; x_wconf 89' lang='lat' dir='ltr'><strong>de-</strong></span> 
     </span>
    </p>
   </div>
   <div class='ocr_carea' id='block_1_86' title="bbox 1957 3622 3608 3693">
    <p class='ocr_par' dir='ltr' id='par_1_86' title="bbox 1957 3622 3608 3693">
     <span class='ocr_line' id='line_1_87' title="bbox 1957 3622 3608 3693; baseline 0 -14"><span class='ocrx_word' id='word_1_597' title='bbox 1957 3639 2129 3679; x_wconf 92' lang='lat' dir='ltr'><strong>corus</strong></span> <span class='ocrx_word' id='word_1_598' title='bbox 2158 3626 2417 3692; x_wconf 86' lang='lat' dir='ltr'><strong>aspectu,</strong></span> <span class='ocrx_word' id='word_1_599' title='bbox 2472 3627 2528 3677; x_wconf 89' lang='lat' dir='ltr'><strong>et</strong></span> <span class='ocrx_word' id='word_1_600' title='bbox 2557 3622 2859 3693; x_wconf 90' lang='lat' dir='ltr'><strong>speciosus</strong></span> <span class='ocrx_word' id='word_1_601' title='bbox 2891 3623 3035 3679; x_wconf 88' lang='lat' dir='ltr'><strong>facie</strong></span> <span class='ocrx_word' id='word_1_602' title='bbox 3091 3625 3278 3690; x_wconf 89' lang='lat' dir='ltr'><strong>valde,</strong></span> <span class='ocrx_word' id='word_1_603' title='bbox 3328 3631 3608 3680; x_wconf 88' lang='lat' dir='ltr'><strong>venusta-</strong></span> 
     </span>
    </p>
   </div>
   <div class='ocr_carea' id='block_1_87' title="bbox 1956 3709 3609 3783">
    <p class='ocr_par' dir='ltr' id='par_1_87' title="bbox 1956 3709 3609 3783">
     <span class='ocr_line' id='line_1_88' title="bbox 1956 3709 3609 3783; baseline 0 -16"><span class='ocrx_word' id='word_1_604' title='bbox 1956 3718 2071 3767; x_wconf 91' lang='lat' dir='ltr'><strong>tem</strong></span> <span class='ocrx_word' id='word_1_605' title='bbox 2108 3711 2196 3766; x_wconf 92' lang='lat' dir='ltr'><strong>sui</strong></span> <span class='ocrx_word' id='word_1_606' title='bbox 2230 3709 2425 3765; x_wconf 87' lang='lat' dir='ltr'><strong>vultus</strong></span> <span class='ocrx_word' id='word_1_607' title='bbox 2455 3711 2523 3765; x_wconf 89' lang='lat' dir='ltr'><strong>ad</strong></span> <span class='ocrx_word' id='word_1_608' title='bbox 2560 3711 2811 3766; x_wconf 84' lang='lat' dir='ltr'><strong>alienam</strong></span> <span class='ocrx_word' id='word_1_609' title='bbox 2845 3728 2960 3766; x_wconf 90' lang='lat' dir='ltr'><strong>non</strong></span> <span class='ocrx_word' id='word_1_610' title='bbox 2994 3712 3282 3767; x_wconf 87' lang='lat' dir='ltr'><strong>derivavit</strong></span> <span class='ocrx_word' id='word_1_611' title='bbox 3308 3714 3609 3783; x_wconf 91' lang='lat' dir='ltr'><strong>injuriam,</strong></span> 
     </span>
    </p>
   </div>
   <div class='ocr_carea' id='block_1_88' title="bbox 1960 3799 3615 3872">
    <p class='ocr_par' dir='ltr' id='par_1_88' title="bbox 1960 3799 3615 3872">
     <span class='ocr_line' id='line_1_89' title="bbox 1960 3799 3615 3872; baseline -0.001 -16"><span class='ocrx_word' id='word_1_612' title='bbox 1960 3801 2059 3857; x_wconf 88' lang='lat' dir='ltr'><strong>sed</strong></span> <span class='ocrx_word' id='word_1_613' title='bbox 2084 3799 2156 3855; x_wconf 89' lang='lat' dir='ltr'><strong>ad</strong></span> <span class='ocrx_word' id='word_1_614' title='bbox 2189 3815 2355 3854; x_wconf 90' lang='lat' dir='ltr'><strong>suam</strong></span> <span class='ocrx_word' id='word_1_615' title='bbox 2398 3799 2646 3854; x_wconf 89' lang='lat' dir='ltr'><strong>servavit</strong></span> <span class='ocrx_word' id='word_1_616' title='bbox 2693 3800 2942 3871; x_wconf 88' lang='lat' dir='ltr'><strong>gratiam</strong></span> <span class='ocrx_word' id='word_1_617' title='bbox 2980 3817 2991 3853; x_wconf 89' lang='lat'><strong>:</strong></span> <span class='ocrx_word' id='word_1_618' title='bbox 3042 3800 3151 3855; x_wconf 91' lang='lat' dir='ltr'><strong>hoc</strong></span> <span class='ocrx_word' id='word_1_619' title='bbox 3209 3818 3271 3855; x_wconf 87' lang='lat' dir='ltr'><strong>se</strong></span> <span class='ocrx_word' id='word_1_620' title='bbox 3311 3801 3615 3872; x_wconf 82' lang='lat' dir='ltr'><strong>pulchrio-</strong></span> 
     </span>
    </p>
   </div>
   <div class='ocr_carea' id='block_1_89' title="bbox 1962 3887 3615 3958">
    <p class='ocr_par' dir='ltr' id='par_1_89' title="bbox 1962 3887 3615 3958">
     <span class='ocr_line' id='line_1_90' title="bbox 1962 3887 3615 3958; baseline -0.001 -15"><span class='ocrx_word' id='word_1_621' title='bbox 1962 3904 2083 3944; x_wconf 90' lang='lat' dir='ltr'><strong>rem</strong></span> <span class='ocrx_word' id='word_1_622' title='bbox 2118 3892 2300 3954; x_wconf 87' lang='lat' dir='ltr'><strong>ratus,</strong></span> <span class='ocrx_word' id='word_1_623' title='bbox 2336 3887 2383 3942; x_wconf 92' lang='lat' dir='ltr'><strong>si</strong></span> <span class='ocrx_word' id='word_1_624' title='bbox 2417 3904 2532 3942; x_wconf 92' lang='lat' dir='ltr'><strong>non</strong></span> <span class='ocrx_word' id='word_1_625' title='bbox 2559 3887 2866 3958; x_wconf 90' lang='lat' dir='ltr'><strong>dispendio</strong></span> <span class='ocrx_word' id='word_1_626' title='bbox 2924 3889 3232 3955; x_wconf 90' lang='lat' dir='ltr'><strong>castitatis,</strong></span> <span class='ocrx_word' id='word_1_627' title='bbox 3295 3890 3396 3943; x_wconf 89' lang='lat' dir='ltr'><strong>sed</strong></span> <span class='ocrx_word' id='word_1_628' title='bbox 3452 3888 3615 3942; x_wconf 92' lang='lat' dir='ltr'><strong>cultu</strong></span> 
     </span>
    </p>
   </div>
   <div class='ocr_carea' id='block_1_90' title="bbox 1964 3975 3619 4048">
    <p class='ocr_par' dir='ltr' id='par_1_90' title="bbox 1964 3975 3619 4048">
     <span class='ocr_line' id='line_1_91' title="bbox 1964 3975 3619 4048; baseline -0.001 -17"><span class='ocrx_word' id='word_1_629' title='bbox 1964 3976 2203 4048; x_wconf 89' lang='lat' dir='ltr'><strong>pudoris</strong></span> <span class='ocrx_word' id='word_1_630' title='bbox 2233 3976 2547 4048; x_wconf 90' lang='lat' dir='ltr'><strong>speciosior</strong></span> <span class='ocrx_word' id='word_1_631' title='bbox 2600 3976 2959 4048; x_wconf 87' lang='lat' dir='ltr'><strong>probaretur.</strong></span> <span class='ocrx_word' id='word_1_632' title='bbox 3006 3975 3173 4031; x_wconf 91' lang='lat' dir='ltr'><strong>Illum</strong></span> <span class='ocrx_word' id='word_1_633' title='bbox 3234 3992 3362 4031; x_wconf 89' lang='lat' dir='ltr'><strong>esse</strong></span> <span class='ocrx_word' id='word_1_634' title='bbox 3419 3992 3619 4031; x_wconf 92' lang='lat' dir='ltr'><strong>verum</strong></span> 
     </span>
    </p>
   </div>
   <div class='ocr_carea' id='block_1_91' title="bbox 1966 4064 3624 4137">
    <p class='ocr_par' dir='ltr' id='par_1_91' title="bbox 1966 4064 3624 4137">
     <span class='ocr_line' id='line_1_92' title="bbox 1966 4064 3624 4137; baseline -0.002 -15"><span class='ocrx_word' id='word_1_635' title='bbox 1966 4068 2254 4132; x_wconf 89' lang='lat' dir='ltr'><strong>decorem,</strong></span> <span class='ocrx_word' id='word_1_636' title='bbox 2284 4065 2383 4137; x_wconf 91' lang='lat' dir='ltr'><strong>qui</strong></span> <span class='ocrx_word' id='word_1_637' title='bbox 2417 4082 2528 4119; x_wconf 91' lang='lat' dir='ltr'><strong>non</strong></span> <span class='ocrx_word' id='word_1_638' title='bbox 2556 4064 2777 4120; x_wconf 85' lang='lat' dir='ltr'><strong>alienos</strong></span> <span class='ocrx_word' id='word_1_639' title='bbox 2808 4064 3012 4120; x_wconf 91' lang='lat' dir='ltr'><strong>oculos</strong></span> <span class='ocrx_word' id='word_1_640' title='bbox 3079 4070 3327 4137; x_wconf 90' lang='lat' dir='ltr'><strong>caperet,</strong></span> <span class='ocrx_word' id='word_1_641' title='bbox 3378 4081 3483 4120; x_wconf 91' lang='lat' dir='ltr'><strong>nec</strong></span> <span class='ocrx_word' id='word_1_642' title='bbox 3515 4065 3624 4119; x_wconf 87' lang='lat' dir='ltr'><strong>fra-</strong></span> 
     </span>
    </p>
   </div>
   <div class='ocr_carea' id='block_1_92' title="bbox 1966 4153 3625 4228">
    <p class='ocr_par' dir='ltr' id='par_1_92' title="bbox 1966 4153 3625 4228">
     <span class='ocr_line' id='line_1_93' title="bbox 1966 4153 3625 4228; baseline -0.001 -19"><span class='ocrx_word' id='word_1_643' title='bbox 1966 4155 2113 4228; x_wconf 88' lang='lat' dir='ltr'><strong>giles</strong></span> <span class='ocrx_word' id='word_1_644' title='bbox 2166 4158 2391 4209; x_wconf 90' lang='lat' dir='ltr'><strong>mentes</strong></span> <span class='ocrx_word' id='word_1_645' title='bbox 2444 4154 2795 4222; x_wconf 89' lang='lat' dir='ltr'><strong>vulneraret,</strong></span> <span class='ocrx_word' id='word_1_646' title='bbox 2865 4154 2965 4209; x_wconf 88' lang='lat' dir='ltr'><strong>sed</strong></span> <span class='ocrx_word' id='word_1_647' title='bbox 3017 4154 3245 4223; x_wconf 89' lang='lat' dir='ltr'><strong>judicia</strong></span> <span class='ocrx_word' id='word_1_648' title='bbox 3297 4153 3625 4224; x_wconf 83' lang='lat' dir='ltr'><strong>acquireret</strong></span> 
     </span>
    </p>
   </div>
   <div class='ocr_carea' id='block_1_93' title="bbox 1969 4241 3618 4308">
    <p class='ocr_par' dir='ltr' id='par_1_93' title="bbox 1969 4241 3618 4308">
     <span class='ocr_line' id='line_1_94' title="bbox 1969 4241 3618 4308; baseline -0.001 -10"><span class='ocrx_word' id='word_1_649' title='bbox 1969 4244 2397 4308; x_wconf 87' lang='lat' dir='ltr'><strong>universorum,</strong></span> <span class='ocrx_word' id='word_1_650' title='bbox 2468 4243 2659 4297; x_wconf 82' lang='lat' dir='ltr'><strong>fraudi</strong></span> <span class='ocrx_word' id='word_1_651' title='bbox 2720 4242 2899 4297; x_wconf 91' lang='lat' dir='ltr'><strong>nullis</strong></span> <span class='ocrx_word' id='word_1_652' title='bbox 2954 4243 3210 4308; x_wconf 85' lang='lat' dir='ltr'><strong>futurus,</strong></span> <span class='ocrx_word' id='word_1_653' title='bbox 3269 4242 3427 4297; x_wconf 84' lang='lat' dir='ltr'><strong>laudi</strong></span> <span class='ocrx_word' id='word_1_654' title='bbox 3485 4241 3618 4297; x_wconf 87' lang='lat' dir='ltr'><strong>sibi.</strong></span> 
     </span>
    </p>
   </div>
   <div class='ocr_carea' id='block_1_94' title="bbox 1970 4329 3623 4403">
    <p class='ocr_par' dir='ltr' id='par_1_94' title="bbox 1970 4329 3623 4403">
     <span class='ocr_line' id='line_1_95' title="bbox 1970 4329 3623 4403; baseline -0.001 -15"><span class='ocrx_word' id='word_1_655' title='bbox 1970 4333 2098 4389; x_wconf 86' lang='lat' dir='ltr'><strong>Jam</strong></span> <span class='ocrx_word' id='word_1_656' title='bbox 2159 4334 2206 4386; x_wconf 89' lang='lat' dir='ltr'><strong>si</strong></span> <span class='ocrx_word' id='word_1_657' title='bbox 2269 4348 2386 4403; x_wconf 86' lang='lat' dir='ltr'><strong>qua</strong></span> <span class='ocrx_word' id='word_1_658' title='bbox 2436 4332 2836 4402; x_wconf 82' lang='lat' dir='ltr'><strong>petulantibus</strong></span> <span class='ocrx_word' id='word_1_659' title='bbox 2895 4330 3121 4401; x_wconf 83' lang='lat' dir='ltr'><strong>aspexit</strong></span> <span class='ocrx_word' id='word_1_660' title='bbox 3174 4330 3382 4395; x_wconf 90' lang='lat' dir='ltr'><strong>oculis,</strong></span> <span class='ocrx_word' id='word_1_661' title='bbox 3464 4329 3623 4386; x_wconf 89' lang='lat' dir='ltr'><strong>illius</strong></span> 
     </span>
    </p>
   </div>
   <div class='ocr_carea' id='block_1_95' title="bbox 1974 4418 3625 4491">
    <p class='ocr_par' dir='ltr' id='par_1_95' title="bbox 1974 4418 3625 4491">
     <span class='ocr_line' id='line_1_96' title="bbox 1974 4418 3625 4491; baseline -0.001 -15"><span class='ocrx_word' id='word_1_662' title='bbox 1974 4422 2193 4476; x_wconf 91' lang='lat' dir='ltr'><strong>crimen</strong></span> <span class='ocrx_word' id='word_1_663' title='bbox 2229 4419 2411 4475; x_wconf 91' lang='lat' dir='ltr'><strong>solius</strong></span> <span class='ocrx_word' id='word_1_664' title='bbox 2438 4423 2672 4491; x_wconf 67' lang='lat' dir='ltr'><strong>estquaa</strong></span> <span class='ocrx_word' id='word_1_665' title='bbox 2707 4418 2857 4474; x_wconf 85' lang='lat' dir='ltr'><strong>male</strong></span> <span class='ocrx_word' id='word_1_666' title='bbox 2888 4419 3051 4484; x_wconf 90' lang='lat' dir='ltr'><strong>vidit,</strong></span> <span class='ocrx_word' id='word_1_667' title='bbox 3114 4436 3226 4474; x_wconf 94' lang='lat' dir='ltr'><strong>non</strong></span> <span class='ocrx_word' id='word_1_668' title='bbox 3287 4420 3465 4490; x_wconf 91' lang='lat' dir='ltr'><strong>hujus</strong></span> <span class='ocrx_word' id='word_1_669' title='bbox 3524 4418 3625 4490; x_wconf 90' lang='lat' dir='ltr'><strong>qui</strong></span> 
     </span>
    </p>
   </div>
   <div class='ocr_carea' id='block_1_96' title="bbox 206 4505 3624 4600">
    <p class='ocr_par' dir='ltr' id='par_1_96' title="bbox 206 4505 3624 4600">
     <span class='ocr_line' id='line_1_97' title="bbox 206 4505 3624 4600; baseline -0.001 -34"><span class='ocrx_word' id='word_1_670' title='bbox 206 4517 338 4567; x_wconf 87' lang='lat' dir='ltr'><strong>tam</strong></span> <span class='ocrx_word' id='word_1_671' title='bbox 370 4506 617 4581; x_wconf 89' lang='lat' dir='ltr'><strong>speciale</strong></span> <span class='ocrx_word' id='word_1_672' title='bbox 648 4505 951 4561; x_wconf 88' lang='lat' dir='ltr'><strong>servitutis</strong></span> <span class='ocrx_word' id='word_1_673' title='bbox 985 4508 1095 4571; x_wconf 90' lang='lat' dir='ltr'><strong>est,</strong></span> <span class='ocrx_word' id='word_1_674' title='bbox 1133 4520 1312 4575; x_wconf 91' lang='lat' dir='ltr'><strong>quam</strong></span> <span class='ocrx_word' id='word_1_675' title='bbox 1357 4521 1591 4576; x_wconf 88' lang='lat' dir='ltr'><strong>semper</strong></span> <span class='ocrx_word' id='word_1_676' title='bbox 1649 4505 1877 4599; x_wconf 41' lang='lat' dir='ltr'><strong>timere.</strong></span> <span class='ocrx_word' id='word_1_677' title='bbox 1914 4536 1957 4600; x_wconf 70' lang='grc' dir='ltr'><strong>Β</strong></span> <span class='ocrx_word' id='word_1_678' title='bbox 1992 4509 2145 4566; x_wconf 91' lang='lat' dir='ltr'><strong>male</strong></span> <span class='ocrx_word' id='word_1_679' title='bbox 2203 4526 2263 4564; x_wconf 90' lang='lat' dir='ltr'><strong>se</strong></span> <span class='ocrx_word' id='word_1_680' title='bbox 2314 4507 2495 4563; x_wconf 88' lang='lat' dir='ltr'><strong>nollet</strong></span> <span class='ocrx_word' id='word_1_681' title='bbox 2522 4508 2703 4562; x_wconf 87' lang='lat' dir='ltr'><strong>videri</strong></span> <span class='ocrx_word' id='word_1_682' title='bbox 2734 4526 2745 4563; x_wconf 90' lang='lat'><strong>:</strong></span> <span class='ocrx_word' id='word_1_683' title='bbox 2782 4524 2889 4563; x_wconf 88' lang='lat' dir='ltr'><strong>nec</strong></span> <span class='ocrx_word' id='word_1_684' title='bbox 2921 4508 2979 4562; x_wconf 89' lang='lat' dir='ltr'><strong>in</strong></span> <span class='ocrx_word' id='word_1_685' title='bbox 3014 4524 3080 4564; x_wconf 92' lang='lat' dir='ltr'><strong>eo</strong></span> <span class='ocrx_word' id='word_1_686' title='bbox 3112 4510 3267 4581; x_wconf 91' lang='lat' dir='ltr'><strong>quod</strong></span> <span class='ocrx_word' id='word_1_687' title='bbox 3297 4508 3460 4565; x_wconf 88' lang='lat' dir='ltr'><strong>visus</strong></span> <span class='ocrx_word' id='word_1_688' title='bbox 3515 4514 3624 4575; x_wconf 91' lang='lat' dir='ltr'><strong>est,</strong></span> 
     </span>
    </p>
   </div>
   <div class='ocr_carea' id='block_1_97' title="bbox 292 4619 1871 4695">
    <p class='ocr_par' dir='ltr' id='par_1_97' title="bbox 292 4619 1871 4695">
     <span class='ocr_line' id='line_1_98' title="bbox 292 4619 1871 4695; baseline -0.003 -14"><span class='ocrx_word' id='word_1_689' title='bbox 292 4624 408 4695; x_wconf 83' lang='grc'><strong>(17)</strong></span> <span class='ocrx_word' id='word_1_690' title='bbox 430 4621 580 4677; x_wconf 83' lang='lat' dir='ltr'><strong>Edit.</strong></span> <span class='ocrx_word' id='word_1_691' title='bbox 616 4622 773 4689; x_wconf 88' lang='lat' dir='ltr'><strong>Era.,</strong></span> <span class='ocrx_word' id='word_1_692' title='bbox 805 4619 915 4676; x_wconf 87' lang='lat' dir='ltr'><strong>Gil.</strong></span> <span class='ocrx_word' id='word_1_693' title='bbox 960 4636 1027 4675; x_wconf 89' lang='lat' dir='ltr'><strong>ac</strong></span> <span class='ocrx_word' id='word_1_694' title='bbox 1059 4619 1250 4695; x_wconf 81' lang='lat' dir='ltr'><strong>Rom.,</strong></span> <span class='ocrx_word' id='word_1_695' title='bbox 1299 4621 1616 4695; x_wconf 66' lang='lat' dir='ltr'><strong>peccatique</strong></span> <span class='ocrx_word' id='word_1_696' title='bbox 1653 4623 1871 4695; x_wconf 83' lang='lat' dir='ltr'><strong>pretio;</strong></span> 
     </span>
    </p>
   </div>
   <div class='ocr_carea' id='block_1_98' title="bbox 214 4638 1874 4761">
    <p class='ocr_par' dir='ltr' id='par_1_98' title="bbox 214 4638 1874 4761">
     <span class='ocr_line' id='line_1_99' title="bbox 292 4638 1871 4745; baseline -0.003 -64"><span class='ocrx_word' id='word_1_697' title='bbox 292 4638 408 4695; x_wconf 68' lang='lat'><strong>(11)</strong></span> <span class='ocrx_word' id='word_1_698' title='bbox 432 4638 580 4677; x_wconf 65' lang='lat' dir='ltr'><strong>iuuit.</strong></span> <span class='ocrx_word' id='word_1_699' title='bbox 619 4638 773 4689; x_wconf 50' lang='grc' dir='ltr'><strong>ωτι,</strong></span> <span class='ocrx_word' id='word_1_700' title='bbox 805 4638 915 4676; x_wconf 82' lang='lat' dir='ltr'><strong>un.</strong></span> <span class='ocrx_word' id='word_1_701' title='bbox 960 4638 1027 4675; x_wconf 90' lang='lat' dir='ltr'><strong>ac</strong></span> <span class='ocrx_word' id='word_1_702' title='bbox 1061 4638 1250 4684; x_wconf 73' lang='lat' dir='ltr'><strong>nom.,</strong></span> <span class='ocrx_word' id='word_1_703' title='bbox 1299 4638 1616 4745; x_wconf 39' lang='lat' dir='ltr'><strong>peccatique</strong></span> <span class='ocrx_word' id='word_1_704' title='bbox 1653 4638 1871 4693; x_wconf 79' lang='lat' dir='ltr'><strong>pretio:</strong></span> 
     </span>
     <span class='ocr_line' id='line_1_100' title="bbox 214 4692 1874 4761; baseline -0.002 -9"><span class='ocrx_word' id='word_1_705' title='bbox 214 4699 351 4752; x_wconf 83' lang='lat' dir='ltr'><strong>Am.</strong></span> <span class='ocrx_word' id='word_1_706' title='bbox 416 4698 473 4748; x_wconf 90' lang='lat' dir='ltr'><strong>et</strong></span> <span class='ocrx_word' id='word_1_707' title='bbox 522 4709 665 4748; x_wconf 87' lang='lat' dir='ltr'><strong>mss.</strong></span> <span class='ocrx_word' id='word_1_708' title='bbox 696 4708 922 4748; x_wconf 89' lang='lat' dir='ltr'><strong>omnes.</strong></span> <span class='ocrx_word' id='word_1_709' title='bbox 977 4692 1188 4761; x_wconf 82' lang='lat' dir='ltr'><strong>peccati</strong></span> <span class='ocrx_word' id='word_1_710' title='bbox 1239 4692 1435 4760; x_wconf 81' lang='lat' dir='ltr'><strong>pretio.</strong></span> <span class='ocrx_word' id='word_1_711' title='bbox 1552 4708 1727 4747; x_wconf 90' lang='lat' dir='ltr'><strong>ursus</strong></span> <span class='ocrx_word' id='word_1_712' title='bbox 1776 4693 1874 4747; x_wconf 89' lang='lat' dir='ltr'><strong>ubi</strong></span> 
     </span>
    </p>
   </div>
   <div class='ocr_carea' id='block_1_99' title="bbox 218 4762 1872 4832">
    <p class='ocr_par' dir='ltr' id='par_1_99' title="bbox 218 4762 1872 4832">
     <span class='ocr_line' id='line_1_101' title="bbox 218 4762 1872 4832; baseline -0.001 -12"><span class='ocrx_word' id='word_1_713' title='bbox 218 4766 362 4821; x_wconf 88' lang='lat' dir='ltr'><strong>edit.</strong></span> <span class='ocrx_word' id='word_1_714' title='bbox 396 4780 599 4819; x_wconf 90' lang='lat' dir='ltr'><strong>omnes</strong></span> <span class='ocrx_word' id='word_1_715' title='bbox 621 4780 688 4817; x_wconf 87' lang='lat' dir='ltr'><strong>ac</strong></span> <span class='ocrx_word' id='word_1_716' title='bbox 732 4779 876 4817; x_wconf 89' lang='lat' dir='ltr'><strong>mss.</strong></span> <span class='ocrx_word' id='word_1_717' title='bbox 913 4778 1033 4828; x_wconf 85' lang='lat' dir='ltr'><strong>sex,</strong></span> <span class='ocrx_word' id='word_1_718' title='bbox 1066 4763 1311 4817; x_wconf 80' lang='lat' dir='ltr'><strong>tenetur:</strong></span> <span class='ocrx_word' id='word_1_719' title='bbox 1373 4762 1450 4815; x_wconf 87' lang='lat' dir='ltr'><strong>ibi</strong></span> <span class='ocrx_word' id='word_1_720' title='bbox 1482 4763 1721 4818; x_wconf 89' lang='lat' dir='ltr'><strong>totidem</strong></span> <span class='ocrx_word' id='word_1_721' title='bbox 1754 4763 1872 4832; x_wconf 89' lang='lat' dir='ltr'><strong>alii,</strong></span> 
     </span>
    </p>
   </div>
   <div class='ocr_carea' id='block_1_100' title="bbox 218 4833 1877 4906">
    <p class='ocr_par' dir='ltr' id='par_1_100' title="bbox 218 4833 1877 4906">
     <span class='ocr_line' id='line_1_102' title="bbox 218 4833 1877 4906; baseline -0.001 -15"><span class='ocrx_word' id='word_1_722' title='bbox 218 4853 337 4893; x_wconf 81' lang='lat' dir='ltr'><strong>non</strong></span> <span class='ocrx_word' id='word_1_723' title='bbox 365 4845 593 4891; x_wconf 77' lang='lat' dir='ltr'><strong>tenetur.</strong></span> <span class='ocrx_word' id='word_1_724' title='bbox 625 4834 790 4906; x_wconf 79' lang='lat' dir='ltr'><strong>Haud</strong></span> <span class='ocrx_word' id='word_1_725' title='bbox 812 4833 991 4889; x_wconf 90' lang='lat' dir='ltr'><strong>dubie</strong></span> <span class='ocrx_word' id='word_1_726' title='bbox 1020 4833 1093 4906; x_wconf 65' lang='lat' dir='ltr'><strong>ob</strong></span> <span class='ocrx_word' id='word_1_727' title='bbox 1132 4835 1306 4906; x_wconf 81' lang='lat' dir='ltr'><strong>verba</strong></span> <span class='ocrx_word' id='word_1_728' title='bbox 1362 4834 1685 4906; x_wconf 86' lang='lat' dir='ltr'><strong>sequentia,</strong></span> <span class='ocrx_word' id='word_1_729' title='bbox 1746 4839 1877 4906; x_wconf 88' lang='lat' dir='ltr'><strong>quia</strong></span> 
     </span>
    </p>
   </div>
   <div class='ocr_carea' id='block_1_101' title="bbox 216 4904 1875 4981">
    <p class='ocr_par' dir='ltr' id='par_1_101' title="bbox 216 4904 1875 4981">
     <span class='ocr_line' id='line_1_103' title="bbox 216 4904 1875 4981; baseline 0.001 -20"><span class='ocrx_word' id='word_1_730' title='bbox 216 4916 522 4981; x_wconf 77' lang='lat' dir='ltr'><strong>peccatum,</strong></span> <span class='ocrx_word' id='word_1_731' title='bbox 554 4905 929 4981; x_wconf 9' lang='lat' dir='ltr'><strong>etc._7Venum_</strong></span> <span class='ocrx_word' id='word_1_732' title='bbox 964 4908 1029 4959; x_wconf 91' lang='lat' dir='ltr'><strong>ut</strong></span> <span class='ocrx_word' id='word_1_733' title='bbox 1059 4904 1312 4981; x_wconf 83' lang='lat' dir='ltr'><strong>doctoris</strong></span> <span class='ocrx_word' id='word_1_734' title='bbox 1339 4905 1521 4981; x_wconf 81' lang='lat' dir='ltr'><strong>nostri</strong></span> <span class='ocrx_word' id='word_1_735' title='bbox 1564 4921 1726 4981; x_wconf 85' lang='lat' dir='ltr'><strong>mens</strong></span> <span class='ocrx_word' id='word_1_736' title='bbox 1756 4904 1875 4962; x_wconf 14' lang='lat' dir='ltr'><strong>ica-</strong></span> 
     </span>
    </p>
   </div>
   <div class='ocr_carea' id='block_1_102' title="bbox 221 4975 1878 5061">
    <p class='ocr_par' dir='ltr' id='par_1_102' title="bbox 221 4975 1878 5061">
     <span class='ocr_line' id='line_1_104' title="bbox 221 4975 1878 5061; baseline -0.001 -27"><span class='ocrx_word' id='word_1_737' title='bbox 221 4975 639 5061; x_wconf 34' lang='lat' dir='ltr'><strong>&#39;piaturnlocus</strong></span> <span class='ocrx_word' id='word_1_738' title='bbox 672 4975 1161 5061; x_wconf 39' lang='lat' dir='ltr'><strong>ita&#39;eitpli&#39;candus</strong></span> <span class='ocrx_word' id='word_1_739' title='bbox 1191 4980 1297 5061; x_wconf 74' lang='lat' dir='ltr'><strong>est,</strong></span> <span class='ocrx_word' id='word_1_740' title='bbox 1349 4992 1415 5031; x_wconf 92' lang='lat' dir='ltr'><strong>ac</strong></span> <span class='ocrx_word' id='word_1_741' title='bbox 1473 4975 1519 5030; x_wconf 90' lang='lat' dir='ltr'><strong>si</strong></span> <span class='ocrx_word' id='word_1_742' title='bbox 1590 4978 1878 5061; x_wconf 73' lang='lat' dir='ltr'><strong>legeretur</strong></span> 
     </span>
    </p>
   </div>
   <div class='ocr_carea' id='block_1_103' title="bbox 222 5047 1877 5120">
    <p class='ocr_par' dir='ltr' id='par_1_103' title="bbox 222 5047 1877 5120">
     <span class='ocr_line' id='line_1_105' title="bbox 222 5047 1877 5120; baseline -0.001 -14"><span class='ocrx_word' id='word_1_743' title='bbox 222 5047 340 5106; x_wconf 86' lang='lat' dir='ltr'><strong>isto</strong></span> <span class='ocrx_word' id='word_1_744' title='bbox 372 5049 597 5114; x_wconf 88' lang='lat' dir='ltr'><strong>ordine,</strong></span> <span class='ocrx_word' id='word_1_745' title='bbox 637 5047 965 5120; x_wconf 79' lang='lat' dir='ltr'><strong>conditibnis</strong></span> <span class='ocrx_word' id='word_1_746' title='bbox 992 5047 1344 5120; x_wconf 82' lang='lat' dir='ltr'><strong>susceptione,</strong></span> <span class='ocrx_word' id='word_1_747' title='bbox 1378 5062 1488 5120; x_wconf 80' lang='lat' dir='ltr'><strong>non</strong></span> <span class='ocrx_word' id='word_1_748' title='bbox 1518 5047 1711 5119; x_wconf 63' lang='lat' dir='ltr'><strong>culpéz,</strong></span> <span class='ocrx_word' id='word_1_749' title='bbox 1745 5052 1877 5120; x_wconf 82' lang='lat' dir='ltr'><strong>quia</strong></span> 
     </span>
    </p>
   </div>
   <div class='ocr_carea' id='block_1_104' title="bbox 290 5119 1874 5190">
    <p class='ocr_par' dir='ltr' id='par_1_104' title="bbox 290 5119 1874 5190">
     <span class='ocr_line' id='line_1_106' title="bbox 290 5119 1874 5190; baseline -0.002 -14"><span class='ocrx_word' id='word_1_750' title='bbox 290 5124 507 5176; x_wconf 84' lang='lat' dir='ltr'><strong>ccatum</strong></span> <span class='ocrx_word' id='word_1_751' title='bbox 580 5122 694 5190; x_wconf 74' lang='lat' dir='ltr'><strong>ipse</strong></span> <span class='ocrx_word' id='word_1_752' title='bbox 721 5134 832 5174; x_wconf 85' lang='lat' dir='ltr'><strong>non</strong></span> <span class='ocrx_word' id='word_1_753' title='bbox 860 5119 1005 5188; x_wconf 83' lang='lat' dir='ltr'><strong>fecit,</strong></span> <span class='ocrx_word' id='word_1_754' title='bbox 1035 5119 1247 5189; x_wconf 80' lang='lat' dir='ltr'><strong>peccati</strong></span> <span class='ocrx_word' id='word_1_755' title='bbox 1274 5119 1448 5188; x_wconf 78' lang='lat' dir='ltr'><strong>pretio</strong></span> <span class='ocrx_word' id='word_1_756' title='bbox 1495 5134 1605 5172; x_wconf 81' lang='lat' dir='ltr'><strong>non</strong></span> <span class='ocrx_word' id='word_1_757' title='bbox 1645 5119 1874 5175; x_wconf 73' lang='lat' dir='ltr'><strong>tenetur.</strong></span> 
     </span>
    </p>
   </div>
   <div class='ocr_carea' id='block_1_105' title="bbox 277 5190 1876 5263">
    <p class='ocr_par' dir='ltr' id='par_1_105' title="bbox 277 5190 1876 5263">
     <span class='ocr_line' id='line_1_107' title="bbox 277 5190 1876 5263; baseline -0.001 -16"><span class='ocrx_word' id='word_1_758' title='bbox 277 5208 344 5247; x_wconf 88' lang='lat' dir='ltr'><strong>ec</strong></span> <span class='ocrx_word' id='word_1_759' title='bbox 377 5195 510 5263; x_wconf 85' lang='lat' dir='ltr'><strong>post</strong></span> <span class='ocrx_word' id='word_1_760' title='bbox 539 5190 724 5245; x_wconf 89' lang='lat' dir='ltr'><strong>multa</strong></span> <span class='ocrx_word' id='word_1_761' title='bbox 760 5198 872 5244; x_wconf 87' lang='lat' dir='ltr'><strong>vel.</strong></span> <span class='ocrx_word' id='word_1_762' title='bbox 908 5190 1073 5253; x_wconf 84' lang='lat' dir='ltr'><strong>edit.,</strong></span> <span class='ocrx_word' id='word_1_763' title='bbox 1104 5190 1285 5243; x_wconf 88' lang='lat' dir='ltr'><strong>Pretio</strong></span> <span class='ocrx_word' id='word_1_764' title='bbox 1317 5190 1693 5263; x_wconf 62' lang='lat' dir='ltr'><strong>igiturnostro</strong></span> <span class='ocrx_word' id='word_1_765' title='bbox 1723 5191 1876 5246; x_wconf 77' lang='lat' dir='ltr'><strong>debi-</strong></span> 
     </span>
    </p>
   </div>
   <div class='ocr_carea' id='block_1_106' title="bbox 227 5260 1879 5331">
    <p class='ocr_par' dir='ltr' id='par_1_106' title="bbox 227 5260 1879 5331">
     <span class='ocr_line' id='line_1_108' title="bbox 227 5260 1879 5331; baseline -0.002 -11"><span class='ocrx_word' id='word_1_766' title='bbox 227 5260 514 5327; x_wconf 46' lang='lat' dir='ltr'><strong>tumfnon</strong></span> <span class='ocrx_word' id='word_1_767' title='bbox 565 5279 663 5316; x_wconf 83' lang='lat' dir='ltr'><strong>sua</strong></span> <span class='ocrx_word' id='word_1_768' title='bbox 703 5276 821 5317; x_wconf 67' lang='lat' dir='ltr'><strong>acra</strong></span> <span class='ocrx_word' id='word_1_769' title='bbox 851 5263 1262 5316; x_wconf 74' lang='lat' dir='ltr'><strong>contraxerunt.</strong></span> <span class='ocrx_word' id='word_1_770' title='bbox 1316 5260 1509 5331; x_wconf 84' lang='lat' dir='ltr'><strong>Rom.,</strong></span> <span class='ocrx_word' id='word_1_771' title='bbox 1572 5264 1755 5315; x_wconf 85' lang='lat' dir='ltr'><strong>Prelio</strong></span> <span class='ocrx_word' id='word_1_772' title='bbox 1778 5264 1879 5331; x_wconf 86' lang='lat' dir='ltr'><strong>igi-</strong></span> 
     </span>
    </p>
   </div>
   <div class='ocr_carea' id='block_1_107' title="bbox 224 5330 1879 5400">
    <p class='ocr_par' dir='ltr' id='par_1_107' title="bbox 224 5330 1879 5400">
     <span class='ocr_line' id='line_1_109' title="bbox 224 5330 1879 5400; baseline -0.001 -11"><span class='ocrx_word' id='word_1_773' title='bbox 224 5346 321 5391; x_wconf 83' lang='lat' dir='ltr'><strong>tur</strong></span> <span class='ocrx_word' id='word_1_774' title='bbox 351 5339 553 5400; x_wconf 81' lang='lat' dir='ltr'><strong>nostra,</strong></span> <span class='ocrx_word' id='word_1_775' title='bbox 612 5330 703 5387; x_wconf 80' lang='lat' dir='ltr'><strong>sed</strong></span> <span class='ocrx_word' id='word_1_776' title='bbox 736 5348 831 5387; x_wconf 84' lang='lat' dir='ltr'><strong>suo</strong></span> <span class='ocrx_word' id='word_1_777' title='bbox 861 5345 981 5388; x_wconf 59' lang='lat' dir='ltr'><strong>mra</strong></span> <span class='ocrx_word' id='word_1_778' title='bbox 1020 5334 1314 5385; x_wconf 77' lang='lat' dir='ltr'><strong>contraxit.</strong></span> <span class='ocrx_word' id='word_1_779' title='bbox 1376 5330 1515 5385; x_wconf 90' lang='lat' dir='ltr'><strong>Mss.</strong></span> <span class='ocrx_word' id='word_1_780' title='bbox 1568 5331 1784 5388; x_wconf 89' lang='lat' dir='ltr'><strong>Theod.</strong></span> <span class='ocrx_word' id='word_1_781' title='bbox 1821 5337 1879 5388; x_wconf 89' lang='lat' dir='ltr'><strong>et</strong></span> 
     </span>
    </p>
   </div>
   <div class='ocr_carea' id='block_1_108' title="bbox 221 5401 1879 5473">
    <p class='ocr_par' dir='ltr' id='par_1_108' title="bbox 221 5401 1879 5473">
     <span class='ocr_line' id='line_1_110' title="bbox 221 5401 1879 5473; baseline -0.001 -12"><span class='ocrx_word' id='word_1_782' title='bbox 221 5404 389 5463; x_wconf 87' lang='lat' dir='ltr'><strong>Valc.</strong></span> <span class='ocrx_word' id='word_1_783' title='bbox 425 5404 615 5460; x_wconf 85' lang='lat' dir='ltr'><strong>Pretio</strong></span> <span class='ocrx_word' id='word_1_784' title='bbox 645 5404 819 5473; x_wconf 81' lang='lat' dir='ltr'><strong>igitur</strong></span> <span class='ocrx_word' id='word_1_785' title='bbox 866 5411 1119 5457; x_wconf 75' lang='lat' dir='ltr'><strong>nostrum</strong></span> <span class='ocrx_word' id='word_1_786' title='bbox 1174 5401 1433 5473; x_wconf 77' lang='lat' dir='ltr'><strong>debitam,</strong></span> <span class='ocrx_word' id='word_1_787' title='bbox 1465 5417 1570 5456; x_wconf 87' lang='lat' dir='ltr'><strong>non</strong></span> <span class='ocrx_word' id='word_1_788' title='bbox 1624 5406 1719 5458; x_wconf 67' lang='lat' dir='ltr'><strong>suo</strong></span> <span class='ocrx_word' id='word_1_789' title='bbox 1766 5419 1879 5460; x_wconf 67' lang='lat' dir='ltr'><strong>sere</strong></span> 
     </span>
    </p>
   </div>
   <div class='ocr_carea' id='block_1_109' title="bbox 223 5471 1879 5538">
    <p class='ocr_par' dir='ltr' id='par_1_109' title="bbox 223 5471 1879 5538">
     <span class='ocr_line' id='line_1_111' title="bbox 223 5471 1879 5538; baseline 0 -5"><span class='ocrx_word' id='word_1_790' title='bbox 223 5478 525 5537; x_wconf 68' lang='lat' dir='ltr'><strong>contraxit.</strong></span> <span class='ocrx_word' id='word_1_791' title='bbox 570 5471 831 5538; x_wconf 85' lang='lat' dir='ltr'><strong>Denique</strong></span> <span class='ocrx_word' id='word_1_792' title='bbox 861 5474 956 5528; x_wconf 90' lang='lat' dir='ltr'><strong>alii</strong></span> <span class='ocrx_word' id='word_1_793' title='bbox 990 5489 1194 5529; x_wconf 89' lang='lat' dir='ltr'><strong>omnes</strong></span> <span class='ocrx_word' id='word_1_794' title='bbox 1243 5479 1306 5528; x_wconf 91' lang='lat' dir='ltr'><strong>ut</strong></span> <span class='ocrx_word' id='word_1_795' title='bbox 1334 5471 1394 5528; x_wconf 92' lang='lat' dir='ltr'><strong>in</strong></span> <span class='ocrx_word' id='word_1_796' title='bbox 1426 5477 1607 5538; x_wconf 86' lang='lat' dir='ltr'><strong>textu,</strong></span> <span class='ocrx_word' id='word_1_797' title='bbox 1640 5474 1739 5531; x_wconf 92' lang='lat' dir='ltr'><strong>ubi</strong></span> <span class='ocrx_word' id='word_1_798' title='bbox 1769 5491 1879 5533; x_wconf 81' lang='lat' dir='ltr'><strong>vox</strong></span> 
     </span>
    </p>
   </div>
   <div class='ocr_carea' id='block_1_110' title="bbox 224 5544 1876 5626">
    <p class='ocr_par' dir='ltr' id='par_1_110' title="bbox 224 5544 1876 5626">
     <span class='ocr_line' id='line_1_112' title="bbox 224 5544 1876 5626; baseline -0.002 -17"><span class='ocrx_word' id='word_1_799' title='bbox 224 5547 440 5626; x_wconf 78' lang='lat' dir='ltr'><strong>pretio,</strong></span> <span class='ocrx_word' id='word_1_800' title='bbox 472 5546 627 5603; x_wconf 90' lang='lat' dir='ltr'><strong>idem</strong></span> <span class='ocrx_word' id='word_1_801' title='bbox 654 5544 824 5626; x_wconf 74' lang='lat' dir='ltr'><strong>valet,</strong></span> <span class='ocrx_word' id='word_1_802' title='bbox 858 5561 924 5602; x_wconf 86' lang='lat' dir='ltr'><strong>ac</strong></span> <span class='ocrx_word' id='word_1_803' title='bbox 973 5561 1077 5620; x_wconf 91' lang='lat' dir='ltr'><strong>per</strong></span> <span class='ocrx_word' id='word_1_804' title='bbox 1114 5544 1387 5618; x_wconf 87' lang='lat' dir='ltr'><strong>pretium,</strong></span> <span class='ocrx_word' id='word_1_805' title='bbox 1440 5544 1597 5619; x_wconf 89' lang='lat' dir='ltr'><strong>quod</strong></span> <span class='ocrx_word' id='word_1_806' title='bbox 1647 5544 1876 5606; x_wconf 86' lang='lat' dir='ltr'><strong>solven-</strong></span> 
     </span>
    </p>
   </div>
   <div class='ocr_carea' id='block_1_111' title="bbox 226 5616 841 5700">
    <p class='ocr_par' dir='ltr' id='par_1_111' title="bbox 226 5616 841 5700">
     <span class='ocr_line' id='line_1_113' title="bbox 226 5616 841 5700; baseline -0.013 -18"><span class='ocrx_word' id='word_1_807' title='bbox 226 5616 377 5688; x_wconf 73' lang='lat' dir='ltr'><strong>dum</strong></span> <span class='ocrx_word' id='word_1_808' title='bbox 405 5618 537 5700; x_wconf 81' lang='lat' dir='ltr'><strong>ipse</strong></span> <span class='ocrx_word' id='word_1_809' title='bbox 564 5616 841 5695; x_wconf 87' lang='lat' dir='ltr'><strong>suscepit.</strong></span> 
     </span>
    </p>
   </div>
   <div class='ocr_carea' id='block_1_112' title="bbox 556 5741 1030 5813">
    <p class='ocr_par' dir='ltr' id='par_1_112' title="bbox 556 5741 1030 5813">
     <span class='ocr_line' id='line_1_114' title="bbox 556 5741 1030 5813; baseline -0.008 0"><span class='ocrx_word' id='word_1_810' title='bbox 556 5744 818 5813; x_wconf 68' lang='lat' dir='ltr'><strong>PM‘ML.</strong></span> <span class='ocrx_word' id='word_1_811' title='bbox 868 5741 1030 5811; x_wconf 79' lang='lat' dir='ltr'><strong>XIV.</strong></span> 
     </span>
    </p>
   </div>
   <div class='ocr_carea' id='block_1_113' title="bbox 2056 4622 3629 4750">
    <p class='ocr_par' dir='ltr' id='par_1_113' title="bbox 2056 4622 3629 4750">
     <span class='ocr_line' id='line_1_115' title="bbox 2056 4622 3629 4750; baseline -0.001 -70"><span class='ocrx_word' id='word_1_812' title='bbox 2056 4625 2337 4750; x_wconf 40' lang='lat' dir='ltr'><strong>(lpigﬂss.</strong></span> <span class='ocrx_word' id='word_1_813' title='bbox 2372 4639 2478 4678; x_wconf 90' lang='lat' dir='ltr'><strong>nec</strong></span> <span class='ocrx_word' id='word_1_814' title='bbox 2508 4622 2696 4695; x_wconf 89' lang='lat' dir='ltr'><strong>pauci,</strong></span> <span class='ocrx_word' id='word_1_815' title='bbox 2732 4640 2834 4678; x_wconf 88' lang='lat' dir='ltr'><strong>ncc</strong></span> <span class='ocrx_word' id='word_1_816' title='bbox 2866 4623 3158 4680; x_wconf 76' lang='lat' dir='ltr'><strong>inferioris</strong></span> <span class='ocrx_word' id='word_1_817' title='bbox 3196 4630 3365 4693; x_wconf 66' lang='lat' dir='ltr'><strong>notae,</strong></span> <span class='ocrx_word' id='word_1_818' title='bbox 3424 4641 3629 4680; x_wconf 83' lang='lat' dir='ltr'><strong>manus</strong></span> 
     </span>
     <span class='ocr_line' id='line_1_116' title="bbox 2056 4712 2234 4750; baseline 0.022 -5"><span class='ocrx_word' id='word_1_819' title='bbox 2056 4712 2113 4750; x_wconf 82' lang='lat' dir='ltr'><strong>so</strong></span> <span class='ocrx_word' id='word_1_820' title='bbox 2142 4713 2188 4750; x_wconf 76' lang='lat' dir='ltr'><strong>ii</strong></span> <span class='ocrx_word' id='word_1_821' title='bbox 2223 4737 2234 4749; x_wconf 97' lang='lat'><strong>.</strong></span> 
     </span>
    </p>
   </div>
   <div class='ocr_carea' id='block_1_114' title="bbox 1984 4698 2234 4753">
    <p class='ocr_par' dir='ltr' id='par_1_114' title="bbox 1984 4698 2234 4753">
     <span class='ocr_line' id='line_1_117' title="bbox 1984 4698 2234 4753; baseline -0.016 0"><span class='ocrx_word' id='word_1_822' title='bbox 1984 4698 2157 4753; x_wconf 70' lang='lat' dir='ltr'><strong>exsoli</strong></span> <span class='ocrx_word' id='word_1_823' title='bbox 2175 4698 2234 4749; x_wconf 90' lang='lat' dir='ltr'><strong>it.</strong></span> 
     </span>
    </p>
   </div>
   <div class='ocr_carea' id='block_1_115' title="bbox 2058 4765 3629 4838">
    <p class='ocr_par' dir='ltr' id='par_1_115' title="bbox 2058 4765 3629 4838">
     <span class='ocr_line' id='line_1_118' title="bbox 2058 4765 3629 4838; baseline -0.002 -17"><span class='ocrx_word' id='word_1_824' title='bbox 2058 4768 2167 4838; x_wconf 85' lang='grc'>(19)</span> <span class='ocrx_word' id='word_1_825' title='bbox 2200 4767 2292 4838; x_wconf 91' lang='lat' dir='ltr'><strong>Sic</strong></span> <span class='ocrx_word' id='word_1_826' title='bbox 2324 4765 2460 4838; x_wconf 84' lang='lat' dir='ltr'><strong>edit.</strong></span> <span class='ocrx_word' id='word_1_827' title='bbox 2497 4782 2719 4838; x_wconf 86' lang='lat' dir='ltr'><strong>omnes.</strong></span> <span class='ocrx_word' id='word_1_828' title='bbox 2755 4784 2818 4820; x_wconf 83' lang='lat' dir='ltr'><strong>ac</strong></span> <span class='ocrx_word' id='word_1_829' title='bbox 2844 4766 3103 4837; x_wconf 86' lang='lat' dir='ltr'><strong>plerique</strong></span> <span class='ocrx_word' id='word_1_830' title='bbox 3157 4784 3300 4823; x_wconf 90' lang='lat' dir='ltr'><strong>mss.</strong></span> <span class='ocrx_word' id='word_1_831' title='bbox 3361 4770 3629 4838; x_wconf 75' lang='lat' dir='ltr'><strong>Attamen</strong></span> 
     </span>
    </p>
   </div>
   <div class='ocr_carea' id='block_1_116' title="bbox 1987 4834 3629 4964">
    <p class='ocr_par' dir='ltr' id='par_1_116' title="bbox 1987 4834 3629 4964">
     <span class='ocr_line' id='line_1_119' title="bbox 1987 4834 3629 4964; baseline -0.002 -71"><span class='ocrx_word' id='word_1_832' title='bbox 1987 4834 2208 4964; x_wconf 74' lang='lat' dir='ltr'><strong>aliquot</strong></span> <span class='ocrx_word' id='word_1_833' title='bbox 2262 4836 2397 4892; x_wconf 91' lang='lat' dir='ltr'><strong>boni</strong></span> <span class='ocrx_word' id='word_1_834' title='bbox 2457 4837 2556 4891; x_wconf 64' lang='lat' dir='ltr'><strong>aevi</strong></span> <span class='ocrx_word' id='word_1_835' title='bbox 2620 4834 2860 4909; x_wconf 50' lang='lat' dir='ltr'><strong>legunt,—</strong></span> <span class='ocrx_word' id='word_1_836' title='bbox 2890 4834 3140 4908; x_wconf 72' lang='lat' dir='ltr'><strong>pecaniae</strong></span> <span class='ocrx_word' id='word_1_837' title='bbox 3210 4839 3419 4893; x_wconf 87' lang='lat' dir='ltr'><strong>locello.</strong></span> <span class='ocrx_word' id='word_1_838' title='bbox 3505 4834 3629 4890; x_wconf 93' lang='lat' dir='ltr'><strong>Non</strong></span> 
     </span>
     <span class='ocr_line' id='line_1_120' title="bbox 1989 4925 2160 4964; baseline -0.012 0"><span class='ocrx_word' id='word_1_839' title='bbox 1989 4925 2160 4964; x_wconf 88' lang='lat' dir='ltr'><strong>mae.</strong></span> 
     </span>
    </p>
   </div>
   <div class='ocr_carea' id='block_1_117' title="bbox 1989 4925 3635 5061">
    <p class='ocr_par' dir='ltr' id='par_1_117' title="bbox 1989 4925 3635 5061">
     <span class='ocr_line' id='line_1_121' title="bbox 1989 4925 3635 5061; baseline -0.001 -26"><span class='ocrx_word' id='word_1_840' title='bbox 1989 4925 2170 5051; x_wconf 43' lang='lat' dir='ltr'><strong>mag.)</strong></span> <span class='ocrx_word' id='word_1_841' title='bbox 2199 4979 2414 5061; x_wconf 78' lang='lat' dir='ltr'><strong>omnes</strong></span> <span class='ocrx_word' id='word_1_842' title='bbox 2448 4979 2611 5061; x_wconf 80' lang='lat' dir='ltr'><strong>edit._,</strong></span> <span class='ocrx_word' id='word_1_843' title='bbox 2642 4984 2693 5034; x_wconf 88' lang='lat' dir='ltr'><strong>et</strong></span> <span class='ocrx_word' id='word_1_844' title='bbox 2719 4981 2928 5050; x_wconf 72' lang='lat' dir='ltr'><strong>peccati</strong></span> <span class='ocrx_word' id='word_1_845' title='bbox 2985 4982 3078 5035; x_wconf 86' lang='lat' dir='ltr'><strong>sui</strong></span> <span class='ocrx_word' id='word_1_846' title='bbox 3119 4980 3360 5049; x_wconf 81' lang='lat' dir='ltr'><strong>facibus.</strong></span> <span class='ocrx_word' id='word_1_847' title='bbox 3420 4976 3635 5033; x_wconf 89' lang='lat' dir='ltr'><strong>Omnes</strong></span> 
     </span>
    </p>
   </div>
   <div class='ocr_carea' id='block_1_118' title="bbox 1989 5054 2657 5119">
    <p class='ocr_par' dir='ltr' id='par_1_118' title="bbox 1989 5054 2657 5119">
     <span class='ocr_line' id='line_1_122' title="bbox 1989 5054 2657 5119; baseline -0.003 -13"><span class='ocrx_word' id='word_1_848' title='bbox 1989 5068 2158 5117; x_wconf 89' lang='lat' dir='ltr'><strong>mss.,</strong></span> <span class='ocrx_word' id='word_1_849' title='bbox 2190 5059 2240 5104; x_wconf 86' lang='lat' dir='ltr'><strong>et</strong></span> <span class='ocrx_word' id='word_1_850' title='bbox 2270 5054 2519 5119; x_wconf 78' lang='lat' dir='ltr'><strong>pectoris,</strong></span> <span class='ocrx_word' id='word_1_851' title='bbox 2552 5056 2657 5105; x_wconf 88' lang='lat' dir='ltr'><strong>etc.</strong></span> 
     </span>
    </p>
   </div>
   <div class='ocr_carea' id='block_1_119' title="bbox 2058 5120 3639 5193">
    <p class='ocr_par' dir='ltr' id='par_1_119' title="bbox 2058 5120 3639 5193">
     <span class='ocr_line' id='line_1_123' title="bbox 2058 5120 3639 5193; baseline -0.001 -17"><span class='ocrx_word' id='word_1_852' title='bbox 2058 5123 2169 5193; x_wconf 81' lang='lat'><strong>(‘21)</strong></span> <span class='ocrx_word' id='word_1_853' title='bbox 2202 5122 2368 5175; x_wconf 78' lang='lat' dir='ltr'><strong>Rom.</strong></span> <span class='ocrx_word' id='word_1_854' title='bbox 2405 5122 2521 5175; x_wconf 90' lang='lat' dir='ltr'><strong>edit</strong></span> <span class='ocrx_word' id='word_1_855' title='bbox 2596 5125 2745 5192; x_wconf 82' lang='lat' dir='ltr'><strong>post.</strong></span> <span class='ocrx_word' id='word_1_856' title='bbox 2781 5136 2948 5193; x_wconf 86' lang='lat' dir='ltr'><strong>voces</strong></span> <span class='ocrx_word' id='word_1_857' title='bbox 2980 5124 3105 5175; x_wconf 86' lang='lat' dir='ltr'><strong>ante</strong></span> <span class='ocrx_word' id='word_1_858' title='bbox 3143 5136 3199 5193; x_wconf 80' lang='lat' dir='ltr'><strong>se</strong></span> <span class='ocrx_word' id='word_1_859' title='bbox 3236 5120 3639 5193; x_wconf 77' lang='lat' dir='ltr'><strong>_rc.rit,_caput</strong></span> 
     </span>
    </p>
   </div>
   <div class='ocr_carea' id='block_1_120' title="bbox 1987 5190 3635 5265">
    <p class='ocr_par' dir='ltr' id='par_1_120' title="bbox 1987 5190 3635 5265">
     <span class='ocr_line' id='line_1_124' title="bbox 1987 5190 3635 5265; baseline -0.002 -17"><span class='ocrx_word' id='word_1_860' title='bbox 1987 5190 2261 5265; x_wconf 83' lang='lat' dir='ltr'><strong>quartum</strong></span> <span class='ocrx_word' id='word_1_861' title='bbox 2314 5190 2644 5265; x_wconf 78' lang='lat' dir='ltr'><strong>claudebat,</strong></span> <span class='ocrx_word' id='word_1_862' title='bbox 2677 5196 2734 5265; x_wconf 79' lang='lat' dir='ltr'><strong>et</strong></span> <span class='ocrx_word' id='word_1_863' title='bbox 2770 5192 3041 5265; x_wconf 81' lang='lat' dir='ltr'><strong>quintum</strong></span> <span class='ocrx_word' id='word_1_864' title='bbox 3065 5190 3489 5265; x_wconf 82' lang='lat' dir='ltr'><strong>ordiebaturin</strong></span> <span class='ocrx_word' id='word_1_865' title='bbox 3513 5190 3635 5246; x_wconf 66' lang='lat' dir='ltr'><strong>haec</strong></span> 
     </span>
    </p>
   </div>
   <div class='ocr_carea' id='block_1_121' title="bbox 1986 5262 3638 5332">
    <p class='ocr_par' dir='ltr' id='par_1_121' title="bbox 1986 5262 3638 5332">
     <span class='ocr_line' id='line_1_125' title="bbox 1986 5262 3638 5332; baseline 0.001 -16"><span class='ocrx_word' id='word_1_866' title='bbox 1986 5262 2196 5320; x_wconf 73' lang='lat' dir='ltr'><strong>verba:</strong></span> <span class='ocrx_word' id='word_1_867' title='bbox 2261 5267 2325 5317; x_wconf 85' lang='lat' dir='ltr'><strong>Et</strong></span> <span class='ocrx_word' id='word_1_868' title='bbox 2368 5267 2485 5317; x_wconf 73' lang='lat' dir='ltr'><strong>erat</strong></span> <span class='ocrx_word' id='word_1_869' title='bbox 2541 5263 2734 5331; x_wconf 72' lang='lat' dir='ltr'><strong>Ioseph</strong></span> <span class='ocrx_word' id='word_1_870' title='bbox 2784 5262 3053 5332; x_wconf 76' lang='lat' dir='ltr'><strong>speciosus</strong></span> <span class='ocrx_word' id='word_1_871' title='bbox 3107 5264 3269 5332; x_wconf 73' lang='lat' dir='ltr'><strong>facie.</strong></span> <span class='ocrx_word' id='word_1_872' title='bbox 3311 5265 3359 5315; x_wconf 81' lang='lat' dir='ltr'><strong>ct</strong></span> <span class='ocrx_word' id='word_1_873' title='bbox 3413 5262 3638 5317; x_wconf 78' lang='lat' dir='ltr'><strong>decorus</strong></span> 
     </span>
    </p>
   </div>
   <div class='ocr_carea' id='block_1_122' title="bbox 1988 5332 3632 5408">
    <p class='ocr_par' dir='ltr' id='par_1_122' title="bbox 1988 5332 3632 5408">
     <span class='ocr_line' id='line_1_126' title="bbox 1988 5332 3632 5408; baseline -0.001 -18"><span class='ocrx_word' id='word_1_874' title='bbox 1988 5341 2206 5408; x_wconf 83' lang='lat' dir='ltr'><strong>aspectu</strong></span> <span class='ocrx_word' id='word_1_875' title='bbox 2258 5332 2437 5389; x_wconf 61' lang='lat' dir='ltr'><strong>valde.</strong></span> <span class='ocrx_word' id='word_1_876' title='bbox 2491 5333 2624 5408; x_wconf 80' lang='lat' dir='ltr'><strong>Cum</strong></span> <span class='ocrx_word' id='word_1_877' title='bbox 2671 5341 2803 5408; x_wconf 69' lang='lat' dir='ltr'><strong>esset</strong></span> <span class='ocrx_word' id='word_1_878' title='bbox 2858 5333 3055 5408; x_wconf 63' lang='lat' dir='ltr'><strong>.losepb</strong></span> <span class='ocrx_word' id='word_1_879' title='bbox 3133 5335 3399 5408; x_wconf 56' lang='lat' dir='ltr'><strong>speciosus</strong></span> <span class='ocrx_word' id='word_1_880' title='bbox 3442 5335 3632 5408; x_wconf 71' lang='lat' dir='ltr'><strong>facie,</strong></span> 
     </span>
    </p>
   </div>
   <div class='ocr_carea' id='block_1_123' title="bbox 1986 5402 3632 5477">
    <p class='ocr_par' dir='ltr' id='par_1_123' title="bbox 1986 5402 3632 5477">
     <span class='ocr_line' id='line_1_127' title="bbox 1986 5402 3632 5477; baseline -0.002 -14"><span class='ocrx_word' id='word_1_881' title='bbox 1986 5402 2304 5477; x_wconf 61' lang='lat' dir='ltr'><strong>ct&#39;decoras</strong></span> <span class='ocrx_word' id='word_1_882' title='bbox 2352 5407 2571 5477; x_wconf 77' lang='lat' dir='ltr'><strong>aspecta</strong></span> <span class='ocrx_word' id='word_1_883' title='bbox 2619 5402 2788 5469; x_wconf 83' lang='lat' dir='ltr'><strong>valde,</strong></span> <span class='ocrx_word' id='word_1_884' title='bbox 2823 5406 2931 5458; x_wconf 90' lang='lat' dir='ltr'><strong>etc.</strong></span> <span class='ocrx_word' id='word_1_885' title='bbox 2992 5403 3108 5458; x_wconf 89' lang='lat' dir='ltr'><strong>Nos</strong></span> <span class='ocrx_word' id='word_1_886' title='bbox 3132 5402 3337 5477; x_wconf 72' lang='lat' dir='ltr'><strong>locum</strong></span> <span class='ocrx_word' id='word_1_887' title='bbox 3389 5402 3632 5460; x_wconf 85' lang='lat' dir='ltr'><strong>adelin-</strong></span> 
     </span>
    </p>
   </div>
   <div class='ocr_carea' id='block_1_124' title="bbox 1988 5475 3632 5545">
    <p class='ocr_par' dir='ltr' id='par_1_124' title="bbox 1988 5475 3632 5545">
     <span class='ocr_line' id='line_1_128' title="bbox 1988 5475 3632 5545; baseline -0.001 -9"><span class='ocrx_word' id='word_1_888' title='bbox 1988 5495 2122 5535; x_wconf 90' lang='lat' dir='ltr'><strong>rum</strong></span> <span class='ocrx_word' id='word_1_889' title='bbox 2176 5476 2313 5534; x_wconf 89' lang='lat' dir='ltr'><strong>edit.</strong></span> <span class='ocrx_word' id='word_1_890' title='bbox 2375 5475 2431 5530; x_wconf 88' lang='lat' dir='ltr'><strong>et</strong></span> <span class='ocrx_word' id='word_1_891' title='bbox 2481 5478 2829 5545; x_wconf 87' lang='lat' dir='ltr'><strong>cunctorum</strong></span> <span class='ocrx_word' id='word_1_892' title='bbox 2911 5490 3054 5533; x_wconf 88' lang='lat' dir='ltr'><strong>mss.</strong></span> <span class='ocrx_word' id='word_1_893' title='bbox 3118 5475 3291 5533; x_wconf 82' lang='lat' dir='ltr'><strong>ﬁdem</strong></span> <span class='ocrx_word' id='word_1_894' title='bbox 3358 5477 3632 5535; x_wconf 84' lang='lat' dir='ltr'><strong>emenda-</strong></span> 
     </span>
    </p>
   </div>
   <div class='ocr_carea' id='block_1_125' title="bbox 1988 5551 2351 5623">
    <p class='ocr_par' dir='ltr' id='par_1_125' title="bbox 1988 5551 2351 5623">
     <span class='ocr_line' id='line_1_129' title="bbox 1988 5551 2351 5623; baseline 0 -16"><span class='ocrx_word' id='word_1_895' title='bbox 1988 5551 2203 5623; x_wconf 80' lang='lat' dir='ltr'><strong>vimus,</strong></span> <span class='ocrx_word' id='word_1_896' title='bbox 2245 5551 2351 5607; x_wconf 87' lang='lat' dir='ltr'><strong>etc.</strong></span> 
     </span>
    </p>
   </div>
   <div class='ocr_carea' id='block_1_126' title="bbox 3239 5747 3315 5819">
    <p class='ocr_par' dir='ltr' id='par_1_126' title="bbox 3239 5747 3315 5819">
     <span class='ocr_line' id='line_1_130' title="bbox 3239 5747 3315 5819; baseline -0.053 0"><span class='ocrx_word' id='word_1_897' title='bbox 3239 5747 3315 5819; x_wconf 73' lang='grc'><strong>22</strong></span> 
     </span>
    </p>
   </div>
  </div>
