4122 6146
466 260 598 356 osa

1944 298 2005 355 S.
2055 292 2430 355 AMBROSH
3729 302 3821 361 68!

483 426 655 499 culpa
683 427 789 481 est.
827 426 949 480 Non
985 429 1109 481 erat
1159 426 1216 481 in
1273 429 1557 498 potestate
1611 425 1823 482 servuli
1881 431 1946 482 ut
2014 443 2126 481 non
2161 431 2211 493 Α
2244 425 2492 499 neglecti
2526 425 2699 481 officii
2734 426 2909 481 etiam
2942 442 2974 479 a
3012 421 3248 479 domino
3272 438 3469 480 cavere
3494 424 3709 484 debebat
3754 435 3826 486 of-

479 514 808 581 videretur:
871 514 1121 571 maritus
1180 515 1383 571 debuit
1437 532 1639 571 cavere
1694 514 1895 572 oculos
1974 532 2121 571 uxo-

478 602 559 658 ris
590 602 727 675 (22).
769 602 829 658 Si
859 602 956 659 ille
986 603 1131 659 nihil
1164 605 1407 660 timebat
1443 605 1513 660 de
1544 605 1811 678 conjuge,
1871 604 2120 660 arbitra-

478 690 654 747 batur
707 689 816 746 iste
873 692 1276 748 testimonium
1335 710 1462 748 esse
1543 693 1921 760 castimoniae,
2008 710 2120 749 non

480 779 885 836 remissionem
944 781 1181 837 incuria:
1235 783 1368 854 (23).
1432 782 1673 838 Discant
1737 786 1932 837 tamen
2016 781 2123 836 viri

481 884 681 925 cavere
710 868 883 924 etiam
907 869 1103 926 oculos
1134 871 1507 927 feminarum.
1542 872 1905 927 Adamantur
1967 871 2123 927 enim

480 962 537 1013 et
573 956 673 1030 qui
722 957 929 1013 nolunt
961 959 1165 1014 amari.
1201 960 1461 1032 Denique
1525 961 1832 1017 adamatus
1886 965 1974 1017 est
2028 961 2125 1016 Jo-

482 1045 646 1117 sepb,
682 1045 780 1117 qui
815 1052 1108 1103 amantem
1134 1053 1547 1104 contemneret.
1572 1050 1643 1104 Et
1662 1050 1806 1105 bene
1836 1049 2127 1106 excusavit

482 1149 616 1189 eum
665 1134 969 1207 Scriptura
1017 1136 1253 1192 dicens:
1316 1161 1344 1187 ‹‹
1408 1138 1661 1193 Immisit
1718 1139 1916 1195 oculos
1987 1155 2130 1194 uxor

482 1221 706 1277 domini
769 1224 899 1294 ejus
966 1225 1023 1280 in
1083 1226 1299 1298 Josepb
1358 1226 1507 1298 (Gen.
1566 1245 1758 1298 xxxix,
1810 1230 1889 1300 7),
1946 1250 1971 1276 ››
2020 1228 2130 1283 hoc

483 1318 591 1378 est,
626 1327 740 1367 non
773 1311 899 1384 ipse
948 1314 1101 1370 .192
1162 1332 1221 1369 se
1283 1316 1619 1383 ostentavit,
1678 1332 1781 1371 nec
1833 1316 1987 1388 cepit
2042 1315 2129 1369 in-

480 1404 710 1456 cautam
748 1403 894 1463 :_sed
922 1402 1022 1459 illa
1054 1404 1199 1459 retia
1228 1421 1337 1460 sua
1368 1405 1549 1471 misit,
1608 1410 1665 1459 et
1718 1405 1991 1477 indagine
2040 1403 2129 1459 sui

481 1494 652 1561 capta
700 1494 808 1545 est.
874 1491 1137 1563 Laqueos
1188 1510 1326 1548 suos
1388 1492 1620 1565 sparsit,
1682 1498 1737 1548 et
1788 1494 1911 1549 suis
1965 1493 2133 1548 hazsit

479 1577 749 1633 vinculis.

548 1668 636 1722 23.
675 1666 824 1721 Dixit
858 1673 1053 1724 autem
1115 1669 1241 1725 llli:
1299 1692 1326 1718 ‹‹
1358 1671 1556 1725 Dormi
1609 1687 1836 1725 mecum
1888 1670 2065 1741 (Ibid).
2103 1692 2129 1719 ››

480 1754 673 1809 Prima
739 1755 1015 1811 adultera:
1074 1758 1374 1813 oculorum
1453 1757 1562 1813 tela
1636 1764 1793 1824 sunt,
1876 1759 2131 1815 secunda

478 1843 808 1899 verborum.
845 1846 952 1899 Sed
990 1846 1089 1917 qui
1123 1862 1233 1901 non
1269 1847 1496 1918 capitur
1524 1846 1727 1913 oculis,
1779 1852 1963 1919 potest
1999 1864 2127 1901 ver-

479 1931 568 1985 bis
618 1932 905 1987 resistere.
944 1934 1211 2005 Suppetit
1258 1934 1538 1993 defensio.
1592 1935 1686 1990 ubi
1740 1936 1927 1991 adhuc
1986 1935 2132 1990 liber

480 2020 719 2075 allectus
769 2025 876 2075 est.
943 2021 1075 2076 Ideo
1133 2022 1416 2095 scriptum
1476 2028 1563 2077 est
1612 2022 1747 2094 quia
1796 2023 1890 2079 ille
1946 2024 2131 2079 noluit

480 2107 636 2179 (Ibid.
666 2109 743 2181 8).
799 2108 1058 2164 Primum
1100 2109 1280 2181 igitur
1323 2110 1729 2181 congressione
1785 2112 1996 2167 mentis
2027 2130 2128 2167 su-

480 2201 724 2269 peravit,
754 2203 1033 2270 tanquam
1070 2205 1235 2255 scuto
1259 2200 1437 2255 animi
1472 2201 1784 2255 irruentem
1821 2200 2127 2273 repellens:

481 2286 690 2341 deinde
722 2302 1052 2342 sermonem
1086 2292 1369 2360 tanquam
1404 2289 1631 2344 hastam
1664 2290 1926 2353 vibravit,
1956 2295 2017 2344 ut
2070 2308 2130 2346 se

482 2374 583 2429 illa
623 2380 931 2430 revocaret.
957 2400 982 2424 ‹‹
1020 2377 1083 2430 Et
1114 2377 1258 2431 dixit
1288 2378 1448 2432 uxori
1484 2378 1701 2432 domini
1745 2378 1834 2433 sui
1893 2368 2070 2450 Ubii).
2102 2402 2129 2427 ››

484 2462 657 2518 Recte
688 2480 831 2518 uxor
860 2465 1102 2529 domini,
1138 2482 1250 2520 non
1286 2466 1413 2537 ipsa
1445 2467 1681 2521 domina
1734 2467 1949 2522 dicitur
2004 2485 2131 2539 quze

482 2567 594 2606 non
631 2553 821 2623 potuit
854 2559 1197 2625 extorquere
1231 2556 1382 2625 quod
1433 2554 1613 2609 voluit
1644 2556 1950 2627 imperare.
1986 2556 2130 2611 Nam

480 2641 771 2713 quomodo
827 2642 1068 2697 domina
1136 2660 1261 2714 quae
1340 2644 1682 2699 dominandi
1734 2662 1846 2700 non
1880 2645 2133 2699 habebat

480 2728 774 2793 effectum,
808 2748 936 2803 quae
969 2732 1343 2804 disciplinam
1375 2734 1624 2788 domina:
1684 2751 1798 2789 non
1875 2735 2128 2801 tenebat,

480 2834 607 2890 quae
673 2819 919 2875 servulis
960 2819 1223 2876 libidinis
1274 2821 1564 2877 incentiva
1623 2823 1985 2894 praestabat?
2033 2822 2132 2879 Ille

479 2906 757 2961 dominus
790 2907 890 2979 qui
924 2907 1176 2963 amantis
1209 2926 1323 2963 non
1348 2910 1571 2981 excepit
1604 2911 1779 2977 faces,
1841 2912 1937 2983 qui
1973 2910 2130 2967 leno-

481 2995 733 3051 cinantis
780 2994 972 3051 vincla
1038 3013 1152 3051 non
1212 2997 1417 3063 sensit,
1476 3015 1647 3070 quem
1710 2999 1870 3053 nulla
1929 3000 2133 3056 mortis

484 3083 732 3139 formido
762 3085 1072 3155 perterruit
1116 3084 1215 3157 qui
1247 3085 1457 3141 maluit
1492 3085 1637 3141 liber
1666 3088 1930 3144 crimin's
1962 3088 2132 3156 mori,

484 3189 660 3244 quam
723 3173 990 3244 potentia:
1075 3173 1402 3229 criminosa:
1469 3174 1680 3248 eligere
1747 3177 2127 3234 consortium.
2168 3161 2207 3227 (ἲ

485 3261 585 3317 Ille
628 3261 797 3330 liber,
850 3261 948 3333 qui
1000 3266 1167 3334 turpe
1226 3263 1472 3318 credidit
1513 3265 1695 3319 vicem
1740 3265 1940 3337 gratia;
2014 3283 2128 3321 non

484 3351 717 3406 referre.
752 3349 1012 3421 Dedique
1044 3367 1155 3404 non
1192 3356 1255 3405 ut
1287 3351 1665 3407 meticulosus
1706 3359 1965 3423 excusat,
2026 3370 2131 3408 nec

488 3443 771 3510 tanquam
827 3439 1099 3509 periculis
1148 3439 1392 3495 timidus
1439 3446 1637 3497 cavet:
1690 3443 1790 3497 sed
1849 3448 2131 3515 tanquam

484 3526 751 3582 beneficii
782 3525 983 3582 herilis
1039 3533 1095 3582 et
1139 3528 1478 3583 innocentia:
1536 3548 1653 3585 sure
1703 3530 1929 3586 debitor
1983 3532 2134 3604 fugit

484 3614 705 3671 crimen
738 3615 973 3688 ingrati,
1006 3617 1338 3689 peccatique
1368 3617 1559 3673 labem
1600 3627 1655 3675 et
1703 3619 1884 3691 culpa:
1942 3625 2134 3676 conta-

486 3704 650 3777 gium
710 3704 877 3775 quasi
920 3705 1118 3775 justus
1168 3706 1470 3761 horrescit.
1521 3707 1778 3763 Tertium
1838 3708 2131 3779 spiculum

484 3792 751 3848 adultera
820 3793 1220 3863 interpellandi
1282 3795 1625 3850 assiduitate
1674 3796 1975 3852 vibrabat:
2031 3798 2129 3853 sed

482 3880 696 3953 Joseph
730 3897 845 3935 non
880 3881 1155 3936 audiebat
1185 3899 1336 3936 eam.
1373 3883 1563 3938 Habes
1582 3888 1714 3954 post
1746 3884 1935 3955 prima
1961 3886 2135 3941 verba

483 3968 622 4040 quid
646 3986 871 4025 caveas.
908 3970 1031 4024 Non
1064 3970 1253 4025 solum
1290 3970 1534 4036 lubrica,
1572 3972 1673 4026 sed
1697 3972 1869 4025 etiam
1896 3990 2134 4043 procax,

482 4057 840 4129 importuna,
890 4057 1162 4129 petulans
1223 4064 1311 4113 est
1350 4059 1550 4125 libido,
1587 4076 1689 4114 nec
1747 4060 1921 4116 habet
1977 4063 2131 4133 quod

480 4150 749 4202 vereatur
785 4145 1068 4203 adultera.
1121 4147 1256 4211 Quae
1298 4147 1607 4219 dispendia
1654 4149 1896 4220 pudoris
1944 4151 2134 4221 prima

483 4251 598 4290 non
630 4234 836 4300 doluit,
875 4234 1187 4290 insidiatur
1207 4241 1269 4291 ut
1300 4235 1509 4308 capiat.

552 4325 640 4377 24.
686 4324 948 4395 Denique
974 4324 1150 4379 officii
1190 4324 1281 4379 sui
1313 4331 1369 4379 et
1419 4326 1717 4381 commissi
1749 4327 2010 4382 muneris
2044 4328 2132 4382 in-

481 4426 747 4482 gressum
816 4412 1020 4483 gratia,
1092 4414 1332 4468 remotis
1381 4414 1615 4468 arbitris
1681 4431 1745 4469 ac
1795 4415 2134 4472 domesticis

483 4498 641 4569 (Ibid.
704 4501 806 4569 11),
864 4502 1261 4591 apprehendit
1342 4519 1474 4591 cum
1535 4503 1767 4558 dicens:
1827 4526 1855 4552 ‹‹
1936 4504 2210 4591 DormiD

483 4604 737 4643 mecum.
784 4608 809 4638 η
861 4589 1183 4645 Excusatur
1229 4590 1442 4660 Joseph
1491 4592 1801 4663 Scriptura:
1867 4593 2126 4649 testimo-

482 4677 600 4741 nio,
671 4676 811 4749 quia
875 4679 1260 4733 commissum
1325 4696 1358 4732 a
1406 4679 1643 4735 domino
1704 4681 1981 4752 nequibat
2029 4684 2128 4738 de-

480 4782 672 4823 serere
703 4766 1074 4837 obsequium.
1124 4767 1248 4822 Non
1297 4768 1450 4822 enim
1504 4769 1647 4824 satis
1694 4775 1783 4824 est
1833 4771 1989 4840 quod
2045 4788 2127 4827 se-

480 4871 659 4910 curus
708 4855 822 4923 sui,
866 4856 1079 4911 domus
1129 4855 1425 4919 interiora,
1472 4857 1636 4927 quasi
1692 4858 1791 4927 qui
1840 4860 1965 4929 capi
2013 4876 2127 4914 non

478 4948 697 5016 posset,
725 4944 1028 5015 ingressus
1059 4947 1413 5016 est:justus
1463 4945 1665 5000 debuit
1712 4947 2008 5017 providere
2058 4965 2128 5003 ne

479 5032 695 5088 furenti
746 5033 973 5106 copiam
1008 5033 1192 5099 daret,
1227 5039 1282 5089 et
1310 5035 1439 5105 ejus
1470 5034 1569 5089 illa
1601 5040 1833 5105 peccato
1874 5038 2122 5107 periret:

479 5121 579 5177 sed
610 5120 711 5192 qui
736 5121 1028 5179 adversari
1055 5122 1166 5177 sibi
1199 5123 1420 5177 domini
1482 5123 1571 5177 sui
1607 5123 1834 5179 videbat
1867 5142 2124 5194 uxorem,

554 5262 668 5337 (2').)
720 5264 918 5322 Caverc
972 5266 1149 5322 oculos
1218 5268 1430 5331 ureris,
1500 5283 1601 5337 pro
1678 5283 1876 5322 cavere
1942 5266 2128 5322 oculis

485 5333 713 5409 uxoris,
742 5351 843 5389 seu
877 5355 1077 5409 cavere
1109 5354 1179 5392 ne
1206 5338 1344 5409 quis
1375 5336 1447 5409 ad
1501 5333 1746 5409 uxorem
1810 5338 2125 5404 accederet,

483 5405 657 5481 cujus
678 5406 873 5481 forma
901 5407 1059 5481 illius
1092 5405 1291 5481 oculos
1319 5407 1644 5481 pelliceret;
1676 5408 1892 5464 locutio
1920 5426 2128 5481 parum

482 5473 798 5545 admodum
822 5480 1057 5545 usitata,
1091 5481 1189 5537 sed
1225 5473 1643 5535 hic-communi
1676 5496 1817 5536 mss.
1865 5473 1937 5536 ac
1987 5480 2123 5535 edit.

479 5542 761 5616 suffragio
790 5554 1035 5607 asserta.

551 5615 874 5698 i25lROm.
919 5619 1080 5696 edit,
1139 5635 1254 5680 non
1311 5623 1687 5683 remissionem
1734 5637 1904 5684 curae.
1976 5621 2129 5683 Reli-

2239 515 2498 571 fensam:
2533 514 2710 571 simul
2742 515 2933 570 adhuc
2966 511 3275 578 sermonis,
3331 529 3447 568 non
3508 517 3827 587 comprehen-

2239 603 2421 658 sionis
2454 604 2695 675 putabat
2737 602 3067 659 audaciam.

2305 694 2393 747 25.
2430 693 2751 748 Excusatur
2789 692 2941 764 quod
2987 691 3293 766 ingressus
3353 695 3479 746 est:
3529 694 3831 764 pradicatur

2236 781 2386 852 quod
2420 781 2653 854 elapsus
2690 784 2778 837 est
2806 782 2940 851 (24),
2985 796 3090 835 nec
3123 778 3310 852 pluris
3363 779 3495 835 fecit
3537 782 3836 841 vestimenta

2238 871 2517 941 corporis,
2550 886 2726 943 quam
2758 869 2940 925 animi
2980 868 3413 924 castimoniam.
3465 869 3700 943 Reliquit
3726 876 3830 928 tau-

2238 975 2412 1031 quam
2448 976 2561 1014 non
2594 976 2721 1025 sua,
2755 976 2880 1031 quae
2922 957 3188 1013 adultera
3233 958 3357 1013 suis
3409 958 3666 1015 manibus
3717 961 3839 1016 deti-

2240 1047 2454 1103 nebat:
2488 1051 2543 1102 et
2589 1046 2779 1102 aliena
2819 1046 3129 1117 judicavit,
3182 1062 3308 1118 qum
3365 1048 3517 1101 tactu
3573 1046 3838 1119 impudica:

2238 1139 2548 1208 potuerant
2582 1134 3019 1207 comprehendi.
3067 1135 3315 1207 Magnus
3362 1140 3552 1189 tamen
3611 1136 3707 1202 vir,
3760 1136 3840 1209 qui

2236 1224 2506 1280 venditus
2538 1224 2743 1279 servile
2775 1222 3018 1279 nescivit
3041 1224 3366 1296 ingenium,
3416 1222 3707 1279 adamatus
3745 1242 3839 1280 non

2240 1313 2579 1378 redamavit,
2623 1318 2861 1384 rogatus
2912 1328 3026 1367 non
3066 1311 3378 1384 acquievit,
3430 1311 3844 1383 comprehensus

2240 1402 2487 1473 aut'ugit.
2532 1400 2638 1466 Qui
2684 1417 2819 1455 cum
2861 1400 2932 1455 ab
2970 1415 3146 1455 uxore
3190 1398 3410 1454 domini
3459 1400 3844 1464 conveniretur,

2240 1490 2421 1545 teneri
2458 1495 2611 1544 veste
2642 1490 2850 1562 potuit,
2884 1488 3079 1543 animo
3120 1488 3249 1560 capi
3299 1505 3410 1543 non
3443 1488 3657 1559 potuit:
3687 1506 3745 1543 ac
3786 1504 3844 1543 ne

2242 1580 2366 1650 ipsa
2398 1578 2634 1649 quidem
2667 1579 2841 1633 verba
2870 1578 2967 1631 diu
2994 1594 3223 1648 passus,
3257 1576 3851 1649 contagiumjudicavit

2242 1669 2289 1721 si
2331 1668 2554 1723 diutius
2586 1671 2913 1723 moraretur
2945 1685 2957 1722 :
2994 1684 3063 1721 ue
3091 1682 3191 1738 per
3224 1682 3435 1721 manus
3464 1663 3849 1720 adultermlibi-

2238 1756 2394 1812 dinis
2446 1756 2736 1811 incentiva
2794 1754 3128 1810 transirent.
3182 1756 3380 1826 Itaque
3435 1758 3650 1810 vestem
3700 1754 3849 1814 exuit,

2239 1847 2458 1900 crimen
2487 1845 2763 1908 excussit,
2817 1849 2874 1899 ct
2906 1843 3121 1900 relictis
3153 1844 3367 1915 quibus
3398 1843 3710 1910 tenebatur,
3740 1859 3850 1897 exu-

2239 1934 2369 2000 viis,
2399 1932 2686 2006 spoliatus
2718 1934 2972 2002 quidem,
3001 1934 3102 1988 sed
3135 1949 3249 1987 non
3282 1933 3478 1987 nudus
3510 1931 3739 2004 aufugit,
3768 1930 3852 2002 qui

2239 2027 2363 2077 erat
2424 2022 2625 2076 tectior
2681 2021 3023 2077 indumento
3087 2021 3237 2077 498
3306 2020 3568 2092 pudoris.
3616 2020 3727 2075 Non
3784 2021 3855 2073 est

2242 2110 2397 2167 enim
2432 2112 2645 2177 nudus,
2682 2110 2791 2165 nisi
2825 2126 2997 2181 quem
3026 2109 3197 2181 culpa
3260 2109 3585 2164 nurlaverit.
3630 2108 3855 2179 Denique

2243 2199 2302 2254 in
2330 2199 2731 2273 superioribus
2764 2198 3049 2253 habemus
3080 2198 3232 2270 quod
3265 2199 3477 2263 Adam,
3514 2202 3853 2270 posteaquam

2248 2287 2345 2343 Dei
2388 2288 2663 2342 mandata
2694 2287 3164 2359 praevaricatione
3222 2286 3507 2356 deseruit,
3569 2291 3625 2341 et
3675 2282 3863 2358 peccati

2247 2378 2444 2449 gravis
2472 2395 2585 2431 sera
2642 2377 2945 2441 contraxit,
2997 2377 3190 2431 nudus
3239 2381 3410 2431 erat.
3476 2376 3633 2430 Unde
3660 2379 3712 2429 et
3763 2374 3861 2444 ipse

2248 2465 2363 2521 ait:
2402 2490 2427 2515 ‹‹
2459 2466 2668 2520 Vocem
2714 2471 2873 2520 tuam
2910 2465 3102 2520 audivi
3160 2466 3215 2519 in
3274 2465 3574 2536 paradiso,
3608 2468 3661 2519 et
3701 2460 3864 2525 timui,

2246 2554 2384 2626 quia
2424 2556 2618 2609 nudus
2651 2572 2807 2621 sum,
2838 2558 2894 2608 et
2924 2554 3203 2609 abscondi
3239 2570 3328 2608 me
3385 2556 3539 2624 (Gen.
3592 2570 3666 2619 Ill,
3700 2551 3792 2621 10).
3842 2571 3863 2595 ι»

2247 2642 2535 2698 Intellexit
2566 2645 2719 2696 enim
2755 2660 2814 2696 se
2844 2659 2971 2696 esse
3004 2643 3246 2707 nudum,
3282 2643 3390 2713 qui
3450 2641 3661 2697 infulas
3690 2638 3861 2695 divine

2244 2730 2617 2802 protectionis
2649 2731 2948 2786 amiserat.
2984 2730 3047 2785 Et
3080 2731 3207 2785 ideo
3241 2730 3488 2799 latebat,
3523 2730 3656 2801 quia
3682 2732 3864 2783 vestem

2244 2820 2373 2873 ﬁdei
2410 2837 2519 2874 non
2556 2819 2826 2883 habebat,
2852 2836 3029 2890 quam
3091 2819 3295 2890 utique
3349 2817 3764 2891 praevaricando
3789 2814 3863 2867 de-

2244 2909 2457 2981 posuit.
2496 2909 2766 2981 Magnam
2810 2924 2931 2963 rem
2981 2908 3159 2962 vides.
3210 2906 3309 2963 Ille
3363 2908 3563 2963 nudus
3615 2910 3729 2962 erat
3779 2901 3863 2974 qui

2241 2996 2500 3051 tunicam
2558 3012 2670 3050 non
2705 2995 2939 3051 amisit:
2987 2995 3095 3050 iste
3137 2996 3334 3051 nudus
3368 3013 3485 3051 non
3518 2999 3638 3051 erat
3665 2991 3756 3064 qui
3782 3005 3863 3043 ve-

2244 3083 2536 3140 stimentis
2571 3101 2633 3139 se
2662 3084 2838 3150 exuit,
2875 3100 3001 3155 qua:
3036 3083 3091 3137 in
3126 3083 3406 3139 manibus
3439 3083 3709 3138 adulterae
3727 3079 3865 3134 dere-

2247 3172 2434 3244 liquit.
2487 3173 2699 3228 Eadem
2749 3172 3052 3244 Scriptura
3112 3171 3280 3227 illum
3334 3160 3563 3227 nudum
3622 3165 3859 3229 asseruit,

2241 3261 2397 3316 hunc
2447 3261 2673 3315 abnuit.
2736 3261 2805 3315 Et
2851 3261 2979 3315 ideo
3023 3260 3132 3315 iste
3177 3260 3532 3332 exspoliavit
3586 3273 3645 3312 se
3701 3253 3868 3327 potius

2242 3366 2417 3422 quam
2450 3350 2713 3415 nudavit,
2739 3349 2835 3420 qui
2872 3349 3210 3420 incorrupta
3238 3348 3530 3403 virtutum
3562 3346 3871 3402 vestimenta

2243 3439 2526 3507 servabat,
2558 3437 2889 3509 cxspolians
2918 3454 2979 3491 se
3008 3441 3258 3492 veterem
3283 3436 3593 3493 hominem
3612 3449 3739 3490 cum
3759 3427 3883 3495 acti_

2243 3526 2351 3581 bus
2384 3527 2532 3592 eius,
2568 3530 2631 3579 ut
2660 3525 2927 3581 indueret
2957 3542 3193 3593 novum,
3224 3526 3327 3597 qui
3352 3526 3678 3581 secundum
3700 3516 3879 3590 imagi-

2242 3631 2372 3670 nem
2403 3614 2689 3670 Creatoris
2722 3615 2779 3668 in
2814 3614 3111 3688 agnitione
3160 3620 3501 3670 renovatur.
3563 3612 3663 3668 Ille
3708 3612 3875 3665 autem

2243 3704 2438 3759 nudus
2462 3704 2760 3767 remansit,
2795 3704 2894 3775 qui
2929 3720 2990 3759 se
3023 3703 3235 3759 iterum
3285 3703 3507 3760 vestire
3554 3717 3663 3757 non
3697 3696 3877 3770 potuit,

2243 3790 2525 3864 singulari
2574 3791 2759 3863 spolio
2806 3791 3041 3847 virtutis
3090 3796 3325 3847 exutus.
3381 3792 3551 3848 Unde
3601 3786 3875 3862 pelliceam

2242 3880 2461 3953 accepit
2486 3880 2742 3934 tunicam
2769 3898 2781 3947 ;
2815 3881 2954 3951 quia
2988 3884 3257 3952 peccator
3288 3880 3511 3936 habere
3544 3896 3656 3934 non
3688 3873 3885 3948 poterat

2242 3968 2588 4041 spiritalem.
2626 3969 2882 4040 Reliquit
2935 3969 3114 4041 igitur
3151 3969 3515 4024 vestimenta
3565 3962 3793 4037 Joseph,
3834 3962 3881 4013 et

2242 4058 2484 4113 nudavit
2512 4056 2785 4113 adulterae
2818 4057 3320 4125 inverecundiam,
3355 4074 3491 4129 qua:
3513 4062 3711 4129 postea
3729 4052 3884 4107 latere

2243 4164 2357 4201 non
2404 4145 2610 4218 potuit.

2311 4237 2401 4290 26.
2453 4234 2709 4308 Denique
2769 4234 2943 4290 exivit
2984 4234 3160 4300 foras,
3193 4238 3253 4290 et
3316 4234 3453 4307 ipsa
3496 4228 3763 4288 adulterii
3808 4221 3883 4280 sui

2241 4326 2602 4378 tentamenta
2650 4322 2926 4394 vulgavit,
2979 4322 3241 4379 exaltans
3296 4339 3508 4379 vocem
3559 4333 3769 4383 suam;
3830 4325 3884 4366 ϐο

2243 4415 2395 4483 quod
2443 4412 2659 4467 relictis
2705 4412 2988 4479 vestibus,
3040 4412 3323 4469 Hmbreus
3394 4412 3726 4484 aufugerat.
3777 4404 3886 4475 Ipsa

2242 4502 2421 4577 igitur
2451 4502 2602 4574 quod
2638 4502 2823 4557 celare
2847 4502 3147 4571 debuerat,
3181 4501 3518 4572 prodebat:
3556 4504 3621 4553 ut
3674 4506 3884 4563 compo-

2243 4593 2355 4647 sito
2388 4591 2633 4647 crimine
2656 4590 2889 4645 laederet
2919 4590 3316 4646 innocentem.
3353 4591 3573 4646 Justus
3605 4591 3789 4643 autem
3810 4593 3886 4634 ac-

2239 4696 2445 4736 cusare
2473 4696 2587 4734 non
2616 4679 2806 4746 novit;
2859 4683 2914 4734 et
2964 4678 3092 4734 ideo
3139 4678 3397 4750 impune
3442 4678 3557 4733 hoc
3615 4667 3882 4745 impudica

2240 4768 2503 4823 faciebat.
2540 4767 2705 4822 Illam
2746 4767 2929 4838 igitur
2965 4784 3098 4822 vere
3127 4772 3376 4823 exutam
3410 4766 3686 4833 dixerim,
3734 4758 3884 4816 etiam

2238 4857 2427 4912 aliena
2454 4857 2804 4911 vestimenta
2836 4860 3184 4924 servantem,
3229 4872 3372 4927 quia
3402 4856 3609 4911 omnia
3638 4846 3885 4907 amiserat

2237 4945 2526 5001 velamina
2577 4943 2900 5001 castitatis:
2954 4943 3121 4999 illum
3171 4944 3327 5000 satis
3373 4948 3679 5007 ornatum,
3760 4930 3881 4992 satis

2238 5036 2564 5097 defensum,
2598 5035 2767 5105 cujus
2800 5050 2908 5087 vox
2940 5050 3052 5088 non
3076 5032 3465 5098 audiebatur,
3491 5037 3555 5087 et
3584 5020 3885 5083 innocentia

2238 5123 2601 5195 loquebatur.
2638 5123 2731 5177 Sic
2763 5122 3035 5183 Susanna
3066 5125 3273 5194 postea
3306 5122 3456 5177 dum
3483 5123 3633 5176 tacet
3661 5116 3717 5171 in
3739 5107 3881 5183 judi-

2238 5280 2549 5337 quzeicum
2600 5280 2743 5319 mss.
2795 5265 3095 5337 omnibus,
3128 5258 3274 5318 ἠοη
3322 5264 3728 5337 remissionem
3754 5256 3878 5337 ἕξιν

2237 5324 2361 5401 riae,
2390 5336 2498 5391 hoc
2518 5340 2625 5402 est,
2649 5352 2764 5391 uon
2804 5324 3210 5391 remissionem
3275 5336 3356 5391 ab
3402 5332 3631 5390 incuria
3685 5324 3876 5401 profec-

2237 5413 2420 5550 mir-3'4)
2452 5477 2588 5533 Post
2615 5493 2811 5533 vocem
2836 5478 3053 5550 elapsus
3081 5485 3173 5544 est,
3199 5476 3376 5550 Haddi
3423 5474 3595 5550 _edit._
3626 5462 3875 5550 [temnit

2236 5536 2548 5680 νεὶιίἠάιιεῗδ
2603 5536 3008 5607 υεδίἰηιεηια’ίνι
3050 5536 3318 5607 ωαὴἰὺαε
3377 5548 3502 5620 ejus
3561 5546 3722 5619 fugit.
3772 5536 3870 5594 Νοπ

2238 5638 2272 5680 υ
2297 5638 2433 5680 um.
2457 5638 2488 5680 θ
2517 5637 2567 5680 c.

2237 5637 2433 5704 ptum,
2457 5637 2567 5682 etc.
