4122 6146
467 284 583 344 687

1925 289 1987 345 S.
2036 284 2405 349 ANlBllOSH

3712 303 3849 366 688.

469 414 660 470 omnis
687 412 978 502 potentiae,
1012 413 1168 484 quod
1196 414 1313 487 regi
1346 413 1583 471 calicem
1615 417 1807 471 dabat.
1834 416 1963 472 Haec
1994 416 2110 490 glo-
2141 419 2191 485 Α
2226 418 2575 491 loquebatur
2604 424 2804 480 dicens
2826 425 2897 480 ad
2941 441 3074 481 eum
3101 441 3113 479 :
3176 448 3204 475 ‹‹
3240 426 3460 482 Memor
3488 431 3600 484 esto
3625 447 3712 502 per
3735 440 3806 492 te-

468 503 554 558 ria
584 502 766 571 illius,
798 501 919 557 haec
949 502 1385 576 magniﬁcentia
1414 504 1474 559 in
1510 504 1618 558 hoc
1678 504 1890 561 saeculo
1928 523 1940 560 :
2002 506 2110 561 hac

463 591 843 647 defraudatus
871 591 1106 647 dolebat
1138 610 1150 661 ;
1186 591 1320 647 huic
1350 594 1610 649 redditus
1678 595 2130 667 gratulabatur“

463 679 575 737 Sed
602 680 719 738 hoc
741 680 1039 737 somnium
1071 685 1177 747 est,
1211 685 1268 735 et
1331 682 1524 737 omnis
1590 682 1851 754 potentia
1911 682 2106 738 saeculi

463 770 782 838 somnium,
816 786 932 825 non
963 769 1176 825 veritas
1207 773 1316 826 est.
1362 770 1621 843 Denique
1652 787 1753 843 per
1809 771 2107 827 somnium

461 859 608 916 vidit
635 858 795 915 reddi
828 859 1219 931 principatum
1254 876 1449 915 suum.
1478 861 1548 915 Et
1606 860 1787 915 Isaias
1826 860 1970 916 dicit
2030 860 2112 914 ita

463 963 591 1003 esse
628 946 968 1018 hujusmodi
1000 947 1292 1015 homines,
1324 949 1423 1020 qui
1454 948 1513 1003 in
1546 948 1653 1004 hoc
1684 948 1896 1005 saeculo
1927 948 2110 1004 delec-

461 1039 661 1091 tantur
689 1036 967 1092 secundis
996 1037 1192 1106 rebus,
1222 1038 1375 1093 sicut
1414 1038 1513 1109 qui
1546 1038 1606 1092 in
1664 1037 1885 1093 somnis
1942 1055 2107 1092 man-

465 1124 640 1180 ducet
666 1128 723 1180 et
755 1124 921 1181 bibit.
956 1125 1187 1182 videtur
1224 1126 1337 1182 sibi
1397 1127 1523 1182 cibo
1582 1130 1685 1182 aut
1742 1131 1905 1198 potu,
1966 1127 2107 1181 dum

464 1213 700 1281 dormit,
732 1213 941 1287 repleri
978 1231 990 1269 :
1025 1215 1127 1270 sed
1158 1230 1294 1270 cum
1326 1214 1702 1287 evigilaverit,
1736 1214 1943 1286 incipit
1971 1231 2106 1270 esu-

463 1301 581 1357 rire
606 1302 865 1375 amplius
898 1321 911 1371 ;
945 1307 1000 1358 et
1030 1307 1134 1358 tun
1168 1303 1477 1376 cintelligit
1519 1320 1697 1375 quam
1758 1304 1953 1359 inanis
2011 1302 2110 1359 ille

464 1391 628 1447 cibus
667 1396 726 1447 et
773 1397 945 1463 potus
1016 1392 1184 1447 fuerit
1240 1392 1587 1448 somniantis
1645 1392 1751 1463 (lsa
1808 1410 1961 1457 xxxx,
2003 1393 2105 1464 8):

464 1480 548 1535 sic
579 1480 676 1551 qui
711 1480 928 1535 dormit
956 1481 1008 1534 in
1070 1481 1178 1535 hoc
1240 1480 1471 1546 saeculo,
1540 1497 1643 1535 nec
1711 1480 1909 1535 oculos
1974 1498 2108 1551 ape-

461 1570 536 1623 rit
592 1569 1000 1641 ad-mysteria
1056 1570 1270 1636 divina,
1333 1570 1590 1640 quandiu
1651 1586 1856 1623 somno
1906 1585 2108 1641 grava-

461 1663 557 1712 tur
586 1658 864 1730 corporis,
897 1662 1065 1730 putat
1095 1658 1345 1729 alicujus
1376 1658 1656 1713 momenti
1673 1674 1801 1713 esse
1824 1658 1973 1713 hanc
2005 1675 2107 1712 sae-

2223 508 2561 579 metipsum,
2596 534 2625 560 ››
2659 510 2767 566 hoc
2799 517 2905 578 est,
2938 511 3024 568 vel
3058 513 3232 568 ofﬁcii
3263 512 3347 568 tui
3405 519 3811 591 comtemplatio-

2222 612 2293 650 ne
2323 597 2459 668 quid
2494 599 2751 656 audieris
2783 602 3103 657 recordare.
3138 603 3248 657 Sed
3297 602 3405 657 etsi
3436 620 3591 661 nunc
3632 608 3814 668 oblitus

2220 700 2301 749 es,
2338 703 2563 741 memor
2590 688 2704 744 eris
2733 690 2843 743 mei
2881 708 2892 751 ;
2929 694 2993 744 ut
3020 692 3232 746 evadas
3265 691 3818 767 periculum,quiobli-

2220 777 2317 827 tus
2346 792 2407 830 es
2439 776 2809 832 beneﬁcium.
2842 779 3061 834 Tamen
3093 778 3281 834 elatus
3321 780 3568 852 potentia
3593 800 3696 840 non
3746 805 3816 843 re.

2219 863 2588 919 cordabatur.
2620 865 2687 919 Et
2717 870 2931 937 quanta
2966 866 3086 923 haec
3119 868 3394 940 potentia,
3427 869 3523 924 ubi
3571 871 3679 928 vini
3729 877 3818 931 mi-

2220 951 2525 1007 nisterium
2563 954 2697 1023 (32).
2734 954 2811 1009 En
2848 956 3002 1011 unde
3035 956 3701 1032 omnisjactantia;quia
3720 969 3824 1020 erat

2220 1040 2548 1110 spadonum
2590 1042 2959 1113 praepositus,
2988 1044 3088 1115 qui
3144 1045 3345 1099 vinum
3404 1046 3620 1118 poculis
3672 1053 3820 1125 regiis

2220 1127 2652 1183 ministrabant.

2287 1216 2377 1271 33.
2414 1240 2442 1266 ‹‹
2476 1218 2543 1272 Et
2577 1218 2793 1273 factum
2812 1224 2919 1286 est,
2951 1219 3165 1294 inquit,
3218 1226 3349 1294 post
3374 1222 3663 1280 biennium
3694 1227 3822 1297 (Gen.

2218 1321 2330 1369 xm,
2363 1306 2435 1371 1).
2474 1327 2494 1355 1
2533 1306 2781 1362 Mentior
2810 1307 2880 1363 de
2905 1308 3015 1365 hoc
3045 1310 3226 1365 nostri
3264 1312 3541 1383 spadonis
3574 1319 3826 1387 tempore,

2220 1393 2329 1447 nisi
2358 1399 2411 1447 et
2444 1394 2565 1449 dies
2600 1397 2863 1451 convenit
2894 1398 3045 1469 (33);
3095 1398 3231 1471 quia
3259 1403 3392 1472 post
3421 1400 3708 1458 biennium
3754 1422 3827 1460 re-

2221 1483 2365 1551 cepit
2398 1484 2676 1549 ofﬁcium,
2713 1500 2816 1539 nec
2851 1487 3186 1542 recordatus
3217 1493 3326 1554 est,
3366 1491 3464 1544 sed
3525 1492 3834 1549 admonitus

2220 1572 2497 1641 Cognovit
2527 1574 2679 1627 enim
2715 1575 2867 1645 quod
2898 1575 3071 1629 etiam
3113 1592 3353 1648 regnum
3385 1577 3578 1649 ipsum
3636 1580 3688 1634 in
3743 1580 3833 1636 hoc

2220 1660 2431 1713 sacculo
2464 1666 2617 1715 esset
2648 1664 2967 1729 somnium,
2999 1665 3097 1735 qui
3126 1681 3231 1720 suo
3263 1665 3493 1721 somnio
3522 1684 3634 1723 non
3676 1670 3833 1725 credi-

463 1745 719 1802 cularem
759 1748 1102 1818 potentiam,
1155 1747 1324 1818 quasi
1355 1747 1410 1800 in
1458 1748 1681 1802 somnis
1726 1763 1853 1802 eam
1903 1747 2058 1801 videt
2091 1763 2102 1802 :
2138 1784 2184 1848 Β
2223 1748 2307 1802 dit
2344 1765 2355 1801 :
2390 1749 2593 1803 didicit
2623 1751 2795 1805 etiam
2830 1767 3079 1823 regnum
3104 1769 3229 1808 esse
3264 1754 3516 1821 somnia,
3550 1773 3650 1812 nec
3704 1759 3839 1830 ipso-

463 1836 560 1890 ubi
595 1834 973 1908 evigilaverit,
1021 1835 1405 1907 deprehendit
1448 1854 1623 1909 quam
1680 1836 1871 1891 inanis
1924 1836 2102 1906 hujus

464 1923 665 1979 saeculi.
686 1923 950 1996 voluptas
980 1924 1075 1979 sit.

532 2014 622 2069 3l.
645 2014 961 2070 Considera
992 2030 1145 2069 nunc
1177 2013 1344 2068 illum
1374 2030 1573 2068 verum
1606 2013 1910 2067 Hebraeum
1969 2013 2102 2084 (30),

463 2102 629 2159 illum
662 2120 777 2159 non
810 2102 1048 2170 somnii,
1083 2102 1182 2158 sed
1214 2102 1473 2157 veritatis
1503 2106 1558 2157 et
1616 2101 1900 2173 praeclaris
1931 2100 2102 2155 visio-

464 2191 557 2248 nis
587 2192 987 2265 interpretem,
1020 2190 1119 2263 qui
1149 2191 1219 2246 de
1250 2190 1568 2245 divinitatis
1601 2189 1700 2245 illa
1746 2189 2107 2262 plenitudine

464 2298 498 2338 ο,
526 2280 792 2337 libertate
827 2280 1081 2336 cmlcstis
1112 2279 1309 2353 gratiae
1336 2279 1393 2333 in
1426 2279 1579 2334 hunc
1611 2294 1948 2350 corporeum
1988 2295 2106 2333 car-

463 2387 654 2426 cerem
688 2369 929 2435 venerit,
958 2384 1131 2440 quem
1163 2385 1280 2422 non
1314 2367 1503 2439 potuit
1525 2367 1719 2424 saeculi
1752 2367 1931 2437 hujus
1979 2366 2102 2421 ille-

463 2460 636 2515 cebra
660 2462 908 2525 mutare,
944 2475 1057 2512 non
1093 2456 1214 2512 ulla
1243 2456 1568 2528 corruptela
1601 2456 1909 2511 mundanae
1940 2453 2103 2510 volu-

460 2549 640 2619 ptatis
669 2551 940 2616 evertere,
974 2546 1069 2617 qui
1106 2550 1507 2601 tentatusxnon
1540 2545 1773 2609 decidit,
1814 2544 2105 2616 appetitus

463 2653 577 2692 non
609 2637 905 2709 appetivit,
939 2643 1232 2707 postremo
1262 2634 1590 2689 adulterina
1621 2634 1872 2705 quadam
1924 2638 2103 2704 Syna-

460 2741 620 2799 gogas
647 2741 826 2781 manu
865 2728 1026 2780 veste
1076 2722 1336 2795 corporis
1387 2722 1807 2794 apprehensus,
1868 2737 2103 2776 carnem

460 2815 637 2882 exuit,
671 2813 820 2869 liber
849 2812 1056 2868 mortis
1087 2811 1367 2868 ascendit.
1401 2810 1771 2866 Calumniata
1800 2813 1888 2864 est
1917 2826 2103 2864 mere-

458 2903 594 2970 trix,
627 2901 727 2956 ubi
753 2918 885 2957 eum
919 2905 1115 2956 tenere
1147 2917 1262 2955 non
1294 2899 1503 2972 potuit,
1537 2914 1709 2970 quem
1744 2914 1938 2952 carcer
1991 2916 2103 2953 non

463 2988 689 3057 terruit,
722 3006 838 3045 non
867 2989 1095 3043 interna
1125 2992 1476 3044 tenuerunt:
1509 2988 1650 3060 quin
1678 2986 1852 3042 etiam
1876 3004 1990 3059 quo
2012 3004 2103 3043 ve-

464 3079 573 3136 luti
603 3079 936 3152 puniendus
973 3078 1371 3145 descenderat,
1407 3077 1540 3133 inde
1599 3076 1745 3132 alios
1796 3076 2102 3134 liberavit:

2216 1854 2345 1891 rum
2380 1843 2693 1909 potestates
2724 1855 2852 1894 esse
2886 1844 3218 1912 perpetuas.
3254 1844 3365 1898 Sed
3397 1844 3515 1899 cito
3574 1845 3720 1902 hunc
3768 1846 3838 1902 lo-

2213 1943 2348 1981 cun:
2380 1930 2678 1997 praetereat
2700 1927 2882 1993 dolor,
2917 1929 3136 2001 neipsa
3150 1934 3707 1990 commemoratione
3726 1952 3838 1991 cru-

2215 2013 2411 2067 descnt
2443 2029 2453 2066 :
2491 2030 2559 2067 ne
2588 2013 2777 2085 ipsius
2807 2014 3045 2085 quidem
3081 2018 3374 2074 sermonis
3400 2021 3512 2075 mei
3567 2023 3840 2077 meminis~

2216 2117 2276 2155 se
2308 2101 2573 2168 delectat,
2608 2118 2781 2173 quem
2818 2107 2956 2157 tunc
2989 2107 3271 2177 temporis
3301 2108 3391 2162 vel
3452 2109 3714 2165 effuderit
3759 2112 3844 2166 dos

2215 2189 2322 2252 lor,
2354 2189 2443 2244 vel
2474 2192 2778 2245 extorserit
2815 2192 3083 2247 Ecclesiae
3134 2196 3514 2252 contumelia.

2284 2280 2373 2334 34.
2408 2279 2754 2334 Admonitus
2786 2297 2922 2352 ergo
2955 2282 3042 2335 sui
3079 2297 3180 2354 per
3208 2284 3513 2340 somnium
3560 2288 3711 2361 regis
3746 2288 3847 2343 ait:

2217 2391 2245 2417 «
2278 2367 2584 2422 Peccatum
2628 2384 2824 2423 meum
2872 2371 3145 2426 recordor
3174 2372 3456 2446 (Ibid.9).»
3481 2376 3845 2448 Seraquidem

2216 2456 2328 2511 ista
2351 2461 2460 2522 est,
2483 2457 2582 2511 sed
2618 2457 2841 2512 utinam
2880 2474 3015 2514 vera
3047 2460 3335 2516 confessio
3362 2463 3374 2517 ι
3400 2463 3546 2519 Post
3578 2469 3851 2537 peccatum

2216 2545 2431 2611 fateris,
2460 2546 2610 2615 quod
2647 2551 2778 2600 ante
2804 2552 3110 2619 peccatum
3144 2566 3344 2606 cavere
3366 2553 3848 2619 debueras.Quam

2214 2635 2326 2689 cito
2357 2635 2574 2689 oblitus
2608 2641 2797 2689 lucras
2832 2652 2842 2688 :
2881 2658 2907 2683 ‹‹
2954 2637 3175 2692 Memor
3204 2643 3329 2694 esto
3394 2641 3511 2697 mei
3575 2641 3724 2712 (Gen.
3776 2659 3854 2711 XL,

2216 2723 2325 2795 Μ).
2354 2746 2380 2773 ››
2408 2722 2532 2777 Scis
2566 2738 2773 2795 nempe
2833 2731 2971 2778 tunc
3025 2727 3307 2798 temporis
3340 2727 3506 2784 hunc
3551 2729 3729 2786 fuisse
3756 2746 3858 2785 sere

2216 2827 2448 2866 moncm
2474 2811 2591 2865 :scd
2612 2811 2815 2867 btusas
2833 2828 3003 2867 aures
3034 2814 3289 2869 habebas
3324 2815 3485 2872 fastu
3518 2819 3797 2891 potentias,
3817 2821 3864 2873 et

2214 2900 2332 2955 vini
2362 2900 2560 2956 ebrius
2582 2918 2695 2956 non
2710 2901 2988 2956 audiebas
3012 2903 3568 2962 verbasobrietatis.
3596 2908 3694 2963 Vel
3719 2922 3863 2962 nunc

2218 2995 2519 3045 memento
2544 2989 2677 3055 mei,
2711 2990 2811 3062 qui
2844 2996 3146 3062 peccatum
3173 3009 3303 3048 sero
3336 2994 3570 3051 fateris.
3621 2995 3729 3060 Qui
3772 3010 3856 3049 ro.

2220 3094 2323 3150 gas
2356 3077 2651 3133 servulum
2683 3078 2917 3145 Christi,
2953 3096 3058 3134 cur
3088 3080 3411 3137 Dominum
3463 3100 3649 3156 negas
3676 3084 3704 3138 ?
3757 3084 3865 3138 Ine-

469 3170 569 3225 ubi
602 3168 711 3241 ipsi
744 3167 1187 3240 stringebantur
1218 3167 1421 3222 mortis
1466 3165 1716 3233 vincula,
1769 3165 1849 3220 ibi
1898 3164 2109 3223 laxavit
2140 3144 2182 3211 (ἶ
2224 3167 2413 3223 briare
2437 3168 2562 3238 jam
2595 3184 2709 3223 non
2743 3169 2896 3236 vino,
2925 3169 3026 3223 sed
3060 3169 3279 3240 Spiritu
3324 3144 3579 3228 sancto:
3601 3171 3867 3227 Recorda-

471 3261 596 3333 ipse
624 3256 858 3314 vincula
896 3261 1283 3311 mortuorum.

545 3351 635 3404 32.
668 3347 986 3403 Considera
1014 3361 1149 3417 ergo
1179 3345 1360 3401 istum
1383 3344 1685 3399 Hebraaum
1710 3343 1997 3399 dicentem
2024 3343 2109 3399 illi

468 3439 847 3516 praepositum
879 3435 1227 3508 spadonum,
1263 3433 1360 3505 qui
1410 3437 1772 3489 contraxerat
1828 3435 2109 3489 offensam

469 3531 712 3604 regiam,
746 3542 921 3599 quem
966 3525 1295 3580 restituerat
1338 3523 1562 3578 muneri
1597 3539 1703 3579 suo
1739 3541 1750 3576 :
1806 3545 1833 3573 ‹‹
1890 3523 2111 3579 Memor

469 3626 591 3677 esto
621 3634 724 3692 per
752 3615 1149 3686 temetipsum,
1179 3630 1311 3669 cum
1344 3613 1449 3667 tibi
1482 3613 1626 3667 bene
1655 3614 1762 3666 erit
1790 3628 1802 3665 :
1837 3616 1893 3665 et
1932 3612 2107 3667 facies

462 3711 521 3766 in
552 3725 647 3765 me
687 3703 1172 3765 misericordiam,
1204 3709 1260 3757 et
1306 3718 1530 3757 memor
1593 3701 1707 3756 eris
1775 3701 1888 3755 mei
1944 3702 2098 3771 (Cen.

448 3814 527 3865 XI,
571 3799 673 3869 Ui).
711 3796 895 3873 n‘ldeo
924 3793 1179 3849 secundo
1210 3794 1496 3863 repetivit,
1541 3791 1679 3861 quia
1710 3790 1929 3845 sciebat
1983 3807 2096 3845 non

447 3888 884 3944 recordaturum
918 3882 1057 3954 quid
1090 3880 1369 3936 evasisset
1408 3879 1659 3951 injuriae,
1709 3895 1843 3933 cum
1894 3883 2099 3950 poten-

444 3979 589 4034 tiam
616 3972 1089 4047 recepisset.ldeo
1112 3969 1368 4026 secundo
1395 3967 1867 4040 admonuit,quia
1888 3984 2094 4023 secun-

443 4068 517 4122 do
539 4063 871 4121 liberaverit
888 4080 901 4127 ;
918 4065 982 4115 ut
1007 4060 1151 4131 sipri
1166 4059 1292 4114 oris
1308 4057 1574 4113 beneﬁcii
1624 4074 1759 4112 eum
1809 4057 2094 4111 memoria

443 4172 557 4211 non
582 4156 826 4219 teneret,
860 4150 944 4204 vel
992 4148 1331 4220 posterioris
1352 4147 1597 4215 subiret,
1631 4163 1746 4201 non
1770 4147 2091 4217 despiceret

444 4248 737 4300 auctorem
772 4239 981 4295 salutis
1016 4255 1155 4304 suae,
1192 4252 1307 4291 non
1355 4237 1577 4308 perﬁda
1618 4235 2089 4306 praevaricatione

441 4331 699 4387 violaret.
727 4329 837 4385 Sed
871 4328 1023 4399 quod
1059 4328 1224 4398 pejus
1255 4331 1365 4391 est,
1402 4325 1513 4379 cito
1564 4324 1826 4379 beneﬁcii
1887 4324 2089 4394 irrepit

441 4420 597 4476 496
615 4416 823 4473 oblivio
856 4415 1129 4473 secundis
1161 4415 1355 4470 rebus.
1389 4414 1673 4468 Redditus
1732 4412 1920 4467 ofﬁcio
1979 4428 2084 4467 suo

2224 3273 2283 3312 re
2315 3256 2450 3329 quid
2482 3273 2694 3328 passus
2725 3256 2821 3322 sit,
2854 3273 2989 3311 cum
3022 3275 3136 3329 quo
3163 3258 3443 3316 dormisti
3480 3278 3757 3317 somnum
3786 3266 3873 3314 tu~

2224 3363 2345 3413 um,
2379 3351 2434 3401 et
2463 3346 2765 3401 somniasti
2801 3346 3335 3419 somnium.Etipse
3354 3350 3715 3421 prmpositus
3733 3354 3863 3411 erat,

2222 3440 2277 3491 et
2307 3434 2650 3507 praepositus
2682 3434 2985 3507 epularum
3010 3436 3183 3508 regis,
3218 3452 3353 3508 quas
3381 3439 3465 3493 ad
3510 3456 3663 3510 opus
3708 3439 3873 3509 pisto-

2219 3524 2372 3579 rium
2404 3523 2790 3596 pertinebant.
2826 3523 3152 3579 Sublimem
3175 3541 3237 3580 se
3266 3542 3408 3581 esse
3437 3525 3872 3597 credebat,quia

2216 3613 2276 3667 in
2308 3616 2592 3685 potestate
2638 3612 2890 3667 habebat
2956 3630 3164 3684 panem
3236 3615 3528 3687 regium:
3595 3615 3877 3671 nesciebat

2217 3704 2434 3757 muttos
2465 3702 2763 3756 anfractus
2788 3717 2915 3756 esse
2960 3701 3142 3772 hujus
3198 3706 3515 3774 potentias.
3556 3704 3876 3760 Minabatur

2214 3791 2363 3859 aliis,
2398 3793 2520 3862 ipse
2549 3806 2682 3845 mox
2707 3788 2994 3861 supplicio
3025 3775 3337 3847 dedendus
3365 3797 3644 3849 extremo
3671 3812 3684 3857 ;
3728 3790 3876 3847 audi~

2209 3880 2291 3935 vit
2319 3896 2474 3945 eum,
2510 3879 2609 3951 qui
2637 3878 2769 3933 licet
2798 3878 3067 3935 servulus
3098 3879 3366 3950 Domini,
3422 3885 3633 3936 tamen
3698 3881 3879 3951 loque~

2208 3970 2383 4025 batur
2413 3967 2714 4024 oraculum
2749 3983 2761 4021 :
2797 3967 2952 4039 quod
2987 3967 3175 4039 ipsius
3206 3969 3390 4038 jussu
3432 3970 3621 4041 regis,
3657 3970 3729 4026 de
3775 3981 3883 4041 quo

2208 4058 2319 4113 sibi
2352 4056 2675 4131 plurimum
2706 4055 3137 4123 blandiebatur,
3169 4063 3360 4129 caput
3409 4060 3760 4115 amissurus
3801 4072 3883 4112 es-

2205 4152 2314 4210 set,
2346 4163 2479 4202 esca
2511 4146 2713 4201 avibus
2735 4144 3250 4217 derelinquendus.
3288 4146 3410 4203 Vel
3444 4147 3564 4204 hoc
3597 4152 3657 4205 te
3702 4162 3885 4203 exem-

2201 4235 2363 4307 plum
2397 4251 2666 4291 revocare
2686 4234 2954 4300 debebat,
2991 4240 3055 4289 ut
3084 4232 3355 4306 perfidiae
3393 4254 3520 4293 non
3556 4238 3841 4292 crederes.

2270 4326 2357 4379 35.
2392 4326 2540 4379 Sunt
2570 4328 2627 4378 et
2660 4322 2773 4377 alia
2803 4322 3071 4395 exempla
3112 4323 3181 4377 de
3233 4324 3409 4379 fastu
3443 4330 3507 4381 et
3568 4323 3875 4399 fragilitate

2200 4414 2601 4469 ministrorum
2648 4411 2954 4483 regalium,
2989 4428 3117 4483 quae
3175 4414 3552 4484 posterioris
3613 4411 3885 4486 temporis

439 4526 556 4565 non
587 4514 677 4563 est
708 4521 931 4561 memor
964 4505 1150 4559 factus
1181 4502 1536 4573 interpretis,
1569 4502 1669 4557 sed
1720 4500 1936 4557 oblitus
1992 4505 2081 4556 est
2108 4508 2157 4571 υ
2190 4503 2436 4559 historia
2466 4502 2661 4558 habet.
2700 4503 2766 4556 Et
2801 4500 2984 4556 Doech
3019 4502 3389 4573 praepositus
3424 4510 3589 4573 erat,
3641 4508 3703 4559 et
3756 4517 3884 4576 prai-

435 4614 570 4655 eum
601 4597 734 4669 (31).
769 4595 877 4649 Sed
910 4593 1019 4648 etsi
1042 4592 1137 4647 ille
1157 4591 1629 4657 obliviscebatur,
1662 4591 1926 4645 Christus
1962 4608 2075 4645 non

435 4685 890 4745 obliviscebatur
922 4698 934 4736 :
972 4682 1071 4736 sed
1096 4680 1449 4753 loquebatur
1478 4681 1550 4747 ei,
1584 4685 1639 4735 et
1661 4697 1763 4752 per
1778 4680 2074 4735 servulum

2191 4593 2416 4665 positus
2440 4591 2594 4662 regis
2617 4588 2965 4645 animalium
3009 4590 3079 4643 ad
3125 4588 3541 4662 disciplinam
3590 4591 3878 4647 mulorum

2186 4681 2431 4752 (34),hoc
2452 4678 2897 4750 est,spadonum
2916 4676 3421 4736 animalium.Hic
3438 4697 3692 4754 quoque.
3711 4693 3879 4737 sacer-

2183 4797 2249 4852 de
2275 4813 2458 4863 causa,
2491 4795 2603 4849 nisi
2631 4792 2769 4863 quod
2809 4794 2992 4848 etdies
3055 4795 3351 4849 convenit.
3421 4796 3619 4861 Rom,
3677 4795 3883 4847 Factum

2182 4873 2256 4923 est
2281 4876 2463 4923 autem
2486 4874 2605 4937 post
2634 4863 2940 4929 biennium,
2964 4863 3181 4937 Pharao
3228 4865 3394 4920 vidit
3457 4867 3881 4937 somnium,

2184 4942 2386 4997 Mentio
2416 4934 2814 5012 de'liocnm-tri
2868 4935 3129 5012 spadonis
3182 4940 3491 5012 tempore,
3554 4955 3669 5012 non
3730 4934 3882 5012 alia;

2183 5028 2326 5065 mss.
2370 5026 2499 5063 vero
2533 5008 2678 5062 utin
2712 5005 3031 5070 textu,nisi
3092 5008 3253 5078 quod
3309 5005 3389 5063 'in
3460 5011 3711 5064 duobus
3759 5005 3883 5078 legi-

2182 5090 2345 5137 tur...
2380 5081 2445 5135 de
2476 5088 2573 5135 hoc
2602 5080 2778 5135 nostri
2822 5078 3064 5150 spadone
3111 5076 3424 5150 temporis,
3489 5082 3616 5136 nisi
3674 5081 3725 5136 et
3777 5076 3880 5131 die:

2180 5154 2485 5209 conueniat.
2518 5151 2621 5205 Hic
2654 5167 2825 5221 porro
2857 5149 3228 5221 Calligonum
3265 5149 3650 5208 eunuchum
3685 5168 3719 5204 a
3754 5162 3880 5221 Asan-

2181 5230 2271 5280 cto
2304 5222 2551 5296 praesule
2578 5219 2957 5296 designatum
2988 5219 3143 5296 haud
3176 5221 3320 5277 sine
3383 5240 3584 5278 causa
3642 5219 3876 5296 arbitra-

2182 5292 2360 5351 mur:
2396 5295 2536 5365 quia
2562 5293 2631 5348 de
2666 5309 2727 5347 re
2754 5292 3033 5365 consulas
3090 5292 3231 5347 licet
3260 5300 3560 5351 nostram
3597 5296 3672 5350 ad
3733 5292 3873 5347 hunc

2180 5362 2491 5423 tractatum
2518 5362 3015 5419 Admonitionem.

2251 5439 2361 5519 (3i)
2390 5438 2644 5519 Itamss.
2682 5440 2929 5519 septem.
2965 5432 3231 5519 melioris
3290 5442 3482 5519 notm.
3555 5437 3684 5519 Quo
3748 5445 3874 5519 cum

2178 5500 2317 5565 edit.
2346 5500 2652 5570 omnibus.
2690 5500 2848 5574 adde,
2878 5507 2929 5562 si
2955 5506 3149 5581 placet,
3180 5508 3520 5567 mulorum.
3559 5510 3727 5577 Tres,
3786 5500 3873 5563 ad-

2170 5581 2369 5655 jiciam
2391 5581 2694 5639 mutorum.

501 4803 615 4875 (30)
643 4801 792 4875 Edit.
826 4814 1028 4875 omnes
1058 4815 1190 4875 cum
1237 4797 1466 4875 duobus
1500 4813 1696 4875 mss,"
1728 4812 1910 4875 verunt
1968 4798 2073 4851 He-

429 4867 653 4931 brzi’uin.
690 4873 828 4928 Mss.
862 4872 1082 4936 decem,
1117 4871 1295 4923 virum
1325 4868 1725 4939 Hebrwum.Et
1748 4867 1919 4939 paulo
1948 4875 2075 4939 post

429 4947 531 5002 ubi
567 4947 730 5000 Rom.
764 4944 936 5009 edit.,
968 4958 1032 4996 ac
1064 4941 1324 5007 ubertate,
1355 4948 1529 5008 atque
1559 4938 1697 4991 edit.
1746 4938 1963 4993 Veteres
2017 4947 2075 4995 et

428 5018 544 5072 duo
577 5032 720 5071 mss.
749 5008 1078 5077 nobiscum,
1112 5030 1143 5065 (ι
1176 5014 1443 5071 libertate,
1479 5012 1673 5064 dorem
1711 5008 1802 5062 alii
1857 5010 2073 5065 habent

427 5089 497 5144 ad
527 5089 853 5143 libertatem.

500 5160 632 5229 (31).
668 5157 845 5211 Addit
874 5157 1039 5229 Rom.
1076 5153 1238 5229 edit.,
1273 5154 1453 5222 Inquit
1483 5154 1632 5229 enim
1664 5167 1676 5204 ε
1848 5170 2071 5229 nonre-

425 5224 674 5284 cordalus
704 5236 781 5282 est
805 5228 1129 5298 praepositus
1156 5228 1546 5297 pinccrnarum
1564 5224 1784 5294 losoph,
1807 5224 1896 5278 sed.
1927 5225 2069 5279 obli-

426 5308 511 5356 tus
542 5309 620 5354 est
645 5300 780 5369 ejus.
815 5300 1090 5369 Rediitus,
1113 5304 1222 5352 etc.

493 5373 631 5441 (32).
660 5366 755 5423 Sic
783 5371 922 5441 edit.
958 5368 1117 5434 Gill.,
1154 5369 1319 5441 Rom.
1349 5371 1405 5421 et
1436 5367 1698 5441 quinque
1762 5382 1901 5441 mss.
1958 5366 2067 5421 Alii

419 5437 565 5500 vero
584 5445 825 5512 septem.
860 5440 956 5495 ubi
986 5442 1105 5495 vini
1143 5437 1511 5512 ministerium
1546 5442 1573 5492 ?
1631 5439 1694 5491 Et
1726 5437 1906 5512 unde,
1966 5446 2064 5492 etc.

412 5512 485 5574 At
519 5508 667 5568 edit:
687 5517 812 5567 Am.
841 5517 1015 5581 atque
1049 5513 1270 5567 [ἐρείκη.
1304 5511 1675 5565 ministerium
1712 5508 1957 5563 inundet.

478 5584 619 5662 (33)
642 5582 759 5662 Vet.
795 5582 959 5662 edit.,
994 5582 1054 5635 Et
1070 5583 1284 5661 factum
1312 5583 1408 5662 est,
1441 5582 1653 5662 inquit,
1685 5583 1806 5662 post
1851 5581 2065 5662 bienni-

391 5650 528 5719 τιυὶ.
567 5650 759 5711 tientia
786 5652 851 5713 de
875 5652 979 5707 hoc
1007 5650 1191 5717 nostri
1219 5652 1458 5723 Spadone
1490 5650 1750 5733 témporis
1789 5666 1897 5711 non
1930 5651 2064 5711 alia.
