4122 6146
507 290 619 357 691
1972 306 2035 369 S.
2082 307 2455 376 AMBROSII
3758 327 3855 393 692

505 434 772 509 Suscepit
809 431 990 491 alium
1022 450 1257 509 quoque
1297 438 1478 495 ﬁlium
1526 439 1810 513 Ephrmm,
1845 458 1945 515 per
1974 444 2143 517 cujus
2173 446 2228 514 Α

500 525 822 595 profectum
855 524 1070 581 claruit
1101 529 1253 602 quod
1289 533 1560 601 suscepta
1602 531 1658 585 in
1706 549 1876 587 carne
1906 534 2142 589 humili-

499 616 590 669 tas
621 617 679 669 et
707 614 1074 671 divinitatem
1108 634 1221 671 non
1264 617 1614 687 humiliavit,
1646 626 1702 676 et
1746 622 1991 694 gloriam
2038 641 2141 679 cu-

498 702 766 760 mulavit.

570 793 660 849 M.
694 794 953 866 Denique
1001 796 1335 869 quicunque
1386 798 1598 853 famem
1627 800 2017 872 patiebantur,
2068 804 2138 858 ad

494 881 711 955 Josepb
760 882 1158 941 mittebantur.
1194 886 1299 953 Qui
1335 891 1472 943 sunt
1512 888 1623 957 isti,
1660 890 1772 944 nisi
1804 891 1875 945 de
1923 892 2139 963 quibus

496 970 716 1025 dictum
744 974 831 1026 est
858 989 912 1025 ;‹‹
941 973 1360 1030 Convertentur
1390 977 1458 1032 ad
1493 994 1813 1049 vesperam,
1839 982 1907 1048 et,
1927 981 2138 1036 famem

493 1060 790 1133 patientur
834 1066 897 1116 ut
945 1080 1116 1119 canes
1165 1066 1338 1135 (Psal.
1385 1068 1710 1138 Lvm,7)?»
1760 1069 1896 1123 Erat
1941 1073 2135 1125 autem

492 1150 677 1207 fames
708 1168 821 1207 non
854 1153 1030 1208 unius
1079 1153 1208 1217 loci,
1242 1155 1341 1208 scd
1392 1156 1573 1210 totius
1606 1161 1769 1210 terra":
1804 1173 1817 1213 :
1852 1158 1987 1228 quia
2024 1175 2135 1213 non

490 1244 613 1295 erat
663 1241 762 1312 qui
814 1241 1023 1296 faceret
1074 1244 1413 1299 bonitatem.
1450 1246 1582 1300 Ideo
1638 1247 1919 1300 Dominus
1966 1247 2136 1304 Jesus

480 1329 711 1401 jejunia
741 1331 1042 1385 mundana
1074 1332 1384 1387 miseratus
1422 1334 1649 1405 aperuit
1680 1334 1889 1390 horrea
1919 1353 2044 1402 sua,
2082 1340 2137 1391 et

488 1418 901 1490 mysteriorum
934 1419 1257 1475 cmlestium
1291 1421 1597 1476 thesauros
1628 1423 1880 1479 scientiae
1913 1425 2137 1496 sapien-

489 1507 699 1578 tiaeque
750 1509 1023 1579 patefecit
1080 1510 1483 1577 absconditos;
1530 1516 1596 1566 ut
1652 1512 1795 1567 nulli
1858 1513 2134 1569 alimenta

489 1597 778 1652 deessent.
836 1597 989 1652 Dixit
1042 1598 1197 1653 enim
1258 1600 1649 1670 Sapientiam
1696 1601 1920 1666 Venite,
1980 1602 2131 1657 edite

488 1701 668 1757 panes
700 1701 861 1741 meos
892 1688 1072 1755 (Prov.
1107 1706 1183 1753 1x,
1214 1689 1289 1758 5).
1317 1712 1344 1738 ››
1379 1689 1447 1742 Et
1478 1689 1606 1744 ideo
1646 1689 1717 1744 ab
1762 1690 1858 1745 illo
1890 1690 2011 1745 solo
2043 1690 2129 1745 di-

486 1776 639 1832 citur
671 1794 735 1831 :«
769 1776 1055 1832 Dominus
1085 1777 1272 1848 pascit
1312 1793 1426 1845 me,
1457 1780 1515 1832 et
1562 1777 1706 1832 nihil
1753 1778 1896 1833 mihi
1946 1780 2129 1835 deerit
2160 1814 2207 1878 Β

486 1867 658 1939 (Psal.
706 1883 845 1934 XXII,
900 1866 971 1936 1),
1013 1865 1113 1936 qui
1165 1869 1463 1920 saturatur
1510 1883 1542 1921 a
1588 1866 1837 1922 Christo.
1893 1867 2131 1939 Aperuit

484 1970 622 2027 ergo
674 1954 881 2010 horrea
929 1970 1038 2009 sua
1082 1953 1367 2021 Christus,
1411 1958 1468 2009 et
1514 1956 1819 2020 vendebat,
1854 1972 1969 2010 non
2019 1973 2133 2012 aera

484 2042 762 2117 pecunia,
795 2043 895 2098 sed
947 2042 1077 2097 fidei
1112 2042 1386 2115 pretium,
1438 2047 1494 2098 et
1541 2044 1865 2100 devotionis
1912 2045 2129 2117 stipen-

484 2132 647 2187 dium
677 2149 964 2204 qua'rens.
997 2131 1296 2187 Vendebat
1326 2136 1519 2187 autem
1555 2150 1666 2188 non
1703 2134 1905 2205 paucis
1938 2134 1996 2190 in
2024 2140 2129 2190 Ju-

484 2222 610 2277 dzea
643 2239 656 2277 :
690 2221 789 2277 sed
822 2221 1109 2277 vendebat
1156 2221 1453 2287 omnibus,
1486 2225 1550 2276 ut
1588 2222 1661 2277 ab
1694 2224 1980 2280 universis
2030 2242 2129 2280 na-

483 2309 744 2366 tionibus
773 2311 1122 2365 crederetur.

555 2400 709 2454 499
740 2400 826 2453 42.
848 2422 875 2448 ‹‹
912 2400 977 2453 Et
1003 2415 1206 2454 omnes
1252 2399 1516 2471 regiones
1557 2405 1837 2455 venerunt
1869 2401 1926 2455 in
1958 2402 2125 2476 Egy-

485 2492 655 2560 ptum
687 2487 754 2543 ad
804 2487 1019 2559 Joseph
1064 2504 1256 2543 emere
1287 2487 1439 2559 (Gen.
1472 2506 1561 2556 XL,
1589 2491 1709 2561 57);
1740 2512 1765 2538 ››
1799 2490 2129 2547 obtinuerat

488 2576 641 2632 enim
674 2576 878 2633 fames.
913 2577 1127 2632 Omnes
1180 2576 1335 2631 enim
1382 2578 1670 2645 esuriunt,
1701 2594 1849 2650 quos
1879 2596 1993 2634 non
2026 2597 2125 2652 pa-

487 2666 631 2721 verit
662 2665 947 2721 Christus.
982 2666 1261 2720 Emamus
1296 2682 1432 2737 ergo
1477 2665 1771 2735 alimenta,
1805 2668 2018 2739 quibus
2050 2668 2129 2723 fa-

487 2770 642 2809 mem
674 2755 972 2827 possimus
1020 2754 1314 2826 repellere.
1364 2754 1543 2808 Nemo
1601 2755 1960 2824 paupertatis
2008 2773 2125 2811 suae

486 2842 976 2915 contemplatione
1027 2847 1343 2908 revocetur,
1374 2858 1544 2897 nemo
1591 2847 1858 2897 vereatur
1904 2844 2001 2915 qui
2034 2862 2124 2900 ar-

484 2934 724 3003 gentum
757 2948 871 2986 non
903 2932 1096 2987 habet.
1119 2931 1244 2986 Non
1273 2930 1479 3001 quaerit
1498 2930 1765 2986 Christus
1797 2936 2125 3004 argentum,

484 3020 584 3074 sed
616 3019 790 3075 fidem
823 3020 935 3091 (39)
968 3036 1095 3089 quae
1136 3024 1373 3089 argento
1414 3018 1698 3089 pretiosor
1726 3024 1832 3073 est.
1867 3020 2125 3091 Denique

482 3108 624 3163 emit
650 3124 778 3164 eam
810 3108 1034 3173 Petrus,
1064 3106 1164 3178 qui
1196 3124 1309 3161 non
1342 3106 1591 3161 habebat
1614 3115 1938 3178 argentum.
1968 3128 1996 3159 α
2021 3117 2121 3163 Ar-

480 3201 744 3269 gentum,
778 3197 989 3268 inquit,
1039 3199 1096 3250 et
1144 3211 1350 3249 aurum
1405 3211 1517 3249 non
1567 3194 1750 3250 habeo
1783 3214 1795 3251 :
1830 3196 1929 3252 sed
1962 3200 2113 3269 quod
2149 3178 2191 3244 Ο

479 3284 685 3353 habeo,
720 3286 792 3340 do
840 3285 967 3340 tibi.
1002 3284 1064 3339 In
1109 3283 1344 3339 nomine
1395 3284 1529 3339 Jesu
1576 3282 1787 3338 Christi
1840 3302 2032 3357 surge,
2067 3292 2123 3343 et

478 3373 720 3428 ambula
765 3374 899 3443 (Act.
946 3390 1030 3439 ιιι,
1061 3373 1140 3442 6).
1187 3394 1212 3419 ››
1262 3372 1331 3426 Et
1378 3371 1660 3443 propheta
1706 3372 1883 3429 Isaias
1932 3374 2116 3431 dicit:

479 3484 507 3512 «
541 3462 651 3526 Qui
699 3461 899 3529 sititis,
945 3461 1020 3516 ite
1074 3460 1145 3515 ad
1205 3477 1463 3532 aquam:
1499 3464 1556 3515 et
1614 3462 1948 3534 quicunque
2003 3482 2116 3521 non

476 3550 706 3608 habetis
744 3554 1072 3624 argentum,
1106 3550 1201 3617 ite,
1234 3550 1428 3613 emite,
1463 3553 1518 3604 et
1547 3550 1747 3616 bibite,
1778 3555 1834 3606 et
1864 3554 2117 3608 mandu-

476 3643 600 3695 cate
626 3657 638 3695 :
663 3638 838 3694 emite
858 3638 985 3693 sine
1013 3642 1253 3710 argento
1275 3640 1331 3692 et
1358 3637 1540 3709 pretio
1562 3636 1782 3705 vinum,
1803 3644 1859 3694 et
1883 3641 2113 3713 adipem

470 3728 596 3802 (lsa.
624 3727 808 3798 Lv,1).
838 3748 864 3775 ››
896 3726 1093 3798 Neque
1141 3726 1296 3781 enim
1347 3727 1597 3797 pretium
1650 3727 1917 3798 quaesivit
1945 3746 1977 3783 a
2007 3746 2113 3783 no-

466 3817 576 3885 bis,
611 3816 710 3890 qui
754 3832 857 3888 pro
905 3814 1071 3870 nobis
1121 3814 1429 3887 sanguinis
1479 3815 1568 3869 sui
1620 3816 1866 3887 pretium
1917 3817 2107 3882 solvit,

464 3907 604 3979 quia
634 3922 749 3961 non
799 3922 941 3961 auro
971 3908 1027 3959 et
1057 3909 1317 3976 argento,
1353 3904 1451 3958 sed
1484 3904 1736 3975 pretioso
1786 3922 1891 3959 nos
1942 3907 2107 3960 rode-

462 3996 570 4051 mit
610 3993 915 4068 sanguine.
941 3995 1088 4065 Ergo
1118 3992 1174 4047 id
1209 3991 1459 4064 pretium
1501 3992 1677 4046 debes
1716 4009 1831 4063 quo
1869 3999 2067 4065 emptu

458 4100 522 4140 es
555 4102 567 4139 :
602 4087 660 4139 et
688 4084 739 4138 si
771 4081 868 4138 ille
907 4098 1022 4136 non
1056 4096 1285 4153 semper
1313 4080 1523 4152 exigat,
1550 4084 1610 4134 tu
1656 4084 1851 4136 tamen
1904 4082 2099 4138 debes.

454 4173 597 4229 Eme
626 4171 806 4246 igitur
850 4169 954 4226 tibi
987 4169 1280 4225 Christum
1315 4185 1427 4222 non
1478 4185 1544 4223 eo
1594 4169 1745 4240 quod
1797 4170 1965 4241 pauci
2002 4171 2099 4226 ha-

455 4261 614 4329 bent,
638 4262 737 4322 sed
760 4278 826 4317 eo
857 4262 1009 4332 quod
1032 4276 1235 4315 omnes
1260 4258 1494 4313 habent.
1520 4257 1733 4313 Omnes
1760 4258 1976 4313 habent
1998 4277 2100 4331 per

452 4352 745 4416 naturam,
780 4349 949 4421 pauci
997 4348 1247 4402 offerunt
1297 4363 1396 4418 per
1444 4347 1714 4401 timorem
1774 4348 1957 4403 Suum
2007 4353 2095 4403 est
2142 4374 2145 4379 ·

452 4438 608 4509 quod
643 4441 761 4493 ate
792 4436 1056 4491 Christus
1105 4436 1372 4507 reposcit.
1408 4438 1534 4507 Ipse
1586 4435 1764 4491 vitam
1815 4436 2092 4493 omnibus

450 4526 633 4592 dedit,
666 4525 788 4597 ipse
846 4542 947 4597 pro
997 4525 1272 4579 omnibus
1326 4529 1568 4579 mortem
1628 4541 1794 4579 suam
1855 4526 2085 4581 obtulit.
2122 4541 2167 4603 D

446 4614 615 4670 Solve
663 4631 768 4687 pro
817 4615 1067 4679 auctore,
1120 4612 1271 4683 quod
1329 4611 1625 4667 soluturus
1676 4628 1737 4668 es
1785 4612 1928 4685 lege.
1963 4614 2086 4670 Non

444 4698 754 4759 mediocris
787 4703 897 4757 iste
947 4705 1280 4756 contractus
1309 4704 1414 4754 est.
1448 4701 1570 4755 Non
1603 4718 1806 4756 omnes
1836 4718 1967 4756 eum
2003 4703 2083 4757 ta-

440 4790 547 4847 cile
580 4791 778 4847 vident
799 4791 929 4860 (40).
963 4790 1216 4860 [lenique
1248 4788 1357 4843 illre
1386 4789 1641 4859 virgines
1674 4789 1727 4843 in
1754 4790 2081 4862 Evangelio,

440 4896 587 4951 quas
625 4880 861 4936 veniens
912 4894 1165 4950 Sponsus
1211 4877 1473 4945 exclusit,
1504 4879 1630 4931 ideo
1683 4880 1821 4933 l'oris
1870 4878 2081 4934 relictae

435 4973 594 5038 sunt,
629 4967 769 5040 quia
796 4968 993 5023 venale
1025 4967 1216 5022 oleum
1264 4982 1378 5021 non
1424 4969 1709 5021 emerunt.
1744 4966 1905 5022 Unde
1935 4968 2070 5022 diei-

432 5057 528 5109 tur
554 5056 638 5112 eis
669 5074 680 5112 :
712 5079 732 5105 ι
769 5057 850 5111 Ite
882 5055 1078 5127 potius
1119 5055 1188 5109 ad
1220 5055 1553 5120 vendentes,
1587 5058 1643 5109 et
1688 5054 1862 5109 emite
1912 5056 2078 5111 vobis

429 5143 649 5210 (Matth.
683 5161 811 5200 xxv.
843 5144 920 5214 9).
945 5165 973 5193 »
998 5145 1065 5198 Et
1096 5144 1422 5215 negotiator
1449 5159 1564 5197 non
1597 5142 1898 5197 immerito
1932 5160 2074 5214 prm-

429 5228 677 5302 dicatur,
700 5232 801 5303 qui
830 5232 1089 5288 vendidit
1128 5232 1328 5286 omnia
1371 5247 1497 5297 sua,
1533 5237 1587 5285 et
1617 5232 1761 5285 emit
1791 5233 2074 5303 margari-

424 5317 544 5373 tam
578 5318 783 5388 (Matth.
816 5338 939 5391 xm,
973 5321 1083 5391 46).

484 5474 610 5560 (39)
639 5474 903 5560 Itanmss.
939 5494 1163 5560 omnes,
1210 5482 1456 5560 excepto
1506 5479 1751 5560 'lj'heodn...
1784 5479 1883 5560 qui
1935 5497 2068 5535 cum

407 5543 554 5623 edit.
595 5547 865 5623 omnibus
914 5551 1165 5623 przefert.
1199 5549 1319 5623 Non
1360 5543 1635 5623 quaeritur
1686 5543 1929 5623 Christus
1976 5568 2066 5604 ar-

386 5622 591 5678 αεηίθ,
624 5617 714 5670 sed
757 5620 876 5685 ﬁde.
914 5617 1077 5682 Quod
1112 5617 1593 5695 quidem‘verbis
1643 5621 1838 5693 potius
1888 5638 2065 5691 quam

2872 449 3100 513 CAPUT
3137 453 3284 513 VIII.

2254 538 2571 620 Exhortatio
2598 543 2755 598 Iacob
2799 544 2875 599 ad
2918 545 3080 613 ﬁlios,
3113 550 3175 601 ut
3202 547 3258 601 in
3291 547 3579 620 ngyptum
3624 548 3688 605 ad
3728 566 3855 608 escas

2320 614 2636 694 coemeadas
2693 631 2807 669 sese
2869 622 3170 694 con/erant,
3228 614 3691 694 quidf's'igniﬁcel,
3743 624 3856 694 quid

2320 686 2451 823 ;’_te1ta
2497 685 2679 740 decem
2725 702 2932 755 eorum,
2969 685 3175 745 relicto
3218 685 3367 745 domi
3412 685 3710 763 Benjamiu,
3749 685 3855 765 pro-

2345 771 2403 809 ec
2430 772 2499 811 ιο.

2345 771 2499 811 θειιο.

2322 863 2408 916 43.
2441 864 2509 918 Et
2537 864 2715 920 Jacob
2758 865 2904 921 dixit
2942 865 3077 922 filiis
3109 866 3232 922 suis
3270 883 3333 923 ια
3368 869 3554 933 Quare
3603 870 3738 942 pigri
3781 888 3857 927 es-

2248 950 2367 1006 tis?
2396 953 2536 1007 Ecce
2565 954 2759 1008 audivi
2789 955 2930 1026 quia
2977 955 3340 1012 frumentum
3388 962 3477 1012 est
3504 957 3563 1013 in
3591 958 3811 1032 Egypto
3844 979 3854 1016 :

2246 1038 2578 1096 descendite
2608 1041 2725 1109 illo,
2761 1048 2818 1097 et
2856 1043 3031 1099 emite
3075 1045 3246 1100 nobis
3290 1062 3453 1100 escas
3482 1046 3633 1116 (Gen,
3662 1065 3782 1115 xui,
3812 1053 3852 1116 1,

2245 1128 2319 1196 2).
2349 1151 2376 1177 ››
2408 1130 2530 1185 Νοη
2560 1131 2740 1186 semel
2782 1130 2891 1187 hoc
2919 1132 3101 1187 Jacob
3142 1132 3307 1199 dixit,
3333 1134 3587 1205 quotidie
3616 1136 3856 1192 omnibus

2245 1214 2381 1271 filiis
2413 1218 2539 1273 suis
2564 1219 2726 1284 dicit,
2750 1220 2850 1291 qui
2882 1220 3072 1275 serius
3101 1222 3341 1276 veniunt
3363 1222 3432 1277 ad
3464 1222 3703 1294 gratiam
3721 1224 3855 1279 Chri-

2244 1304 2319 1359 sti
2353 1322 2365 1358 :
2395 1329 2421 1354 «
2458 1308 2644 1371 Quare
2677 1307 2822 1379 pigri
2850 1309 3033 1364 estis?
3063 1310 3201 1365 Ecce
3232 1310 3427 1365 audivi
3458 1311 3597 1381 quia
3624 1312 3853 1367 frumen-

2242 1398 2368 1448 tum
2409 1400 2498 1449 est
2546 1395 2605 1449 in
2651 1396 2913 1469 Egypto.
2944 1419 2969 1446 ››
3001 1398 3080 1452 Ex
3132 1397 3238 1453 hoc
3294 1398 3585 1454 frumento
3633 1417 3850 1473 granum

2241 1486 2330 1535 est
2359 1483 2512 1553 quod
2546 1484 2815 1555 resurgit.
2843 1485 2951 1548 Qui
2983 1485 3163 1558 igitur
3202 1487 3417 1542 famem
3462 1488 3722 1553 sustinet,
3752 1506 3851 1543 sua:

2241 1569 2499 1641 segnitiae
2556 1572 2730 1627 debet
2784 1572 3096 1629 ascribere.
3124 1597 3151 1623 ι(
3200 1576 3338 1630 Ecce
3396 1575 3609 1637 audivi,
3664 1576 3849 1648 inquit,

2239 1657 2380 1727 quia
2437 1660 2798 1717 frumentum
2849 1667 2939 1718 est
2986 1664 3044 1718 in
3097 1665 3410 1736 Egypto.»
3452 1665 3634 1720 Citius
3682 1654 3852 1736 utique

2231 1746 2499 1816 juniores
2531 1748 2754 1821 aliquid
2782 1767 2960 1821 quam
2987 1752 3247 1807 seniores
3274 1757 3630 1808 consuerunt
3659 1752 3853 1823 audire,

2240 1835 2381 1890 dum
2414 1836 2553 1891 foris
2585 1837 2754 1909 positi
2781 1838 2969 1895 multa
2988 1841 3376 1896 circumeunt.
3400 1841 3512 1897 Sed
3535 1840 3679 1897 hanc
3706 1857 3853 1912 nego-

2238 1924 2539 1981 tiationem
2572 1927 2737 1998 prius
2767 1944 2943 1985 senex
2981 1930 3166 1996 audit,
3199 1930 3301 1985 sed
3334 1929 3432 1985 ille
3476 1945 3647 1985 senex
3675 1929 3728 1983 in
3755 1946 3851 2001 quo

2239 2018 2328 2068 est
2367 2014 2499 2069 ﬁdei
2547 2013 2807 2087 longaeva
2851 2017 3116 2074 canities.
3152 2018 3315 2074 Prior
3363 2034 3543 2074 senex
3592 2017 3850 2090 intelligit,

2239 2102 2340 2157 sed
2371 2101 2467 2157 ille
2516 2119 2692 2159 senex
2719 2105 2779 2159 in
2811 2122 2926 2177 quo
2975 2110 3064 2163 est
3111 2106 3462 2163 venerabilis
3511 2111 3780 2173 senectus,
3806 2110 3852 2162 et

2237 2195 2378 2246 astas
2408 2193 2729 2249 senectutis
2753 2194 2871 2249 vita
2900 2194 3301 2251 immaculata.

2307 2281 2395 2335 44.
2430 2280 2545 2336 Nec
2575 2298 2780 2337 omnes
2827 2283 2978 2338 hanc
3028 2282 3483 2355 negotiationem
3532 2282 3845 2355 suscipiunt,

2237 2367 2352 2423 nisi
2374 2367 2454 2422 ﬁli
2474 2369 2677 2437 Jacob,
2691 2375 2750 2425 et
2769 2370 2880 2443 ipsi
2903 2371 3276 2443 provectioris
3296 2371 3505 2427 tetatis.
3529 2372 3655 2428 Ideo
3675 2372 3845 2427 decem

2238 2462 2506 2530 pergunt,
2542 2476 2656 2515 non
2691 2461 2878 2532 pergit
2900 2462 3123 2532 junior.
3156 2461 3281 2516 Non
3316 2460 3481 2517 misit
3509 2478 3641 2517 eum
3669 2464 3845 2533 pater:

2238 2568 2267 2595 ‹‹
2298 2546 2379 2601 Ne
2408 2548 2728 2619 contingat,
2769 2549 2977 2620 inquit,
3011 2566 3148 2605 eum
3188 2549 3507 2605 infirmitas
3538 2548 3685 2605 500
3709 2547 3843 2619 (Ibid.

2236 2635 2359 2703 4).»
2412 2636 2617 2692 Adhuc
2672 2638 2961 2693 obnoxius
3007 2642 3132 2694 erat
3188 2638 3519 2694 infirmitati
3576 2636 3845 2709 Benjamin

2227 2723 2450 2793 junior.
2486 2725 2823 2782 Patriarcha
2865 2726 3102 2799 quidem
3152 2724 3365 2799 legitur
3410 2726 3728 2797 Benjamin,
3764 2722 3845 2779 sed

2234 2809 2333 2866 ille
2363 2828 2432 2867 ex
2460 2813 2614 2868 tribu
2648 2813 2953 2884 Benjamiu
2988 2813 3200 2871 Paulus
3232 2816 3720 2887 praefigurabatur.
3749 2812 3842 2866 Me-

2236 2900 2345 2955 rito
2377 2901 2553 2957 Jacob
2600 2902 2671 2957 de
2709 2905 2837 2973 ejus
2886 2904 3227 2959 infirmitate
3256 2904 3584 2959 dubitabat.
3624 2900 3844 2972 Denique

2235 2988 2567 3045 infirmatus
2622 2997 2731 3061 est,
2780 2998 2844 3046 ut
2899 2998 3208 3047 sanaretur
3241 3010 3253 3047 :
3290 2992 3609 3047 caecitatem
3665 3000 3842 3063 passus

2232 3083 2338 3143 est,
2372 3079 2471 3134 sed
2521 3079 2643 3135 haec
2691 3081 3005 3137 infirmitas
3035 3081 3107 3136 ad
3153 3079 3426 3136 salutem.
3481 3080 3726 3151 Denique
3762 3075 3843 3131 illa

2231 3168 2460 3223 caecitas
2490 3166 2678 3224 lucem
2712 3169 2928 3224 attulit.

2303 3257 2387 3310 45.
2424 3256 2768 3327 Accepimus
2816 3258 3141 3325 historiam,
3184 3274 3609 3330 cognoscamus
3654 3261 3842 3327 myste-

2230 3342 2403 3399 rium.
2447 3346 2583 3399 Sine
2637 3345 2939 3417 Benjamin
2993 3347 3333 3418 patriarchas
3380 3347 3572 3419 primo
3611 3358 3839 3417 perrexe-

2229 3437 2401 3488 runt:
2435 3433 2559 3489 sine
2587 3434 2763 3490 Paulo
2791 3434 3059 3507 apostoli.
3088 3436 3333 3507 Uterque
3363 3452 3484 3491 non
3519 3434 3731 3506 primus
3757 3430 3839 3485 ad-

2225 3520 2404 3591 venit,
2437 3522 2538 3577 sed
2588 3524 2909 3579 accessitus
2950 3542 2975 3579 ιι
3015 3523 3223 3596 primis
3272 3523 3604 3578 uberiorem
3651 3532 3838 3574 merce-

2224 3608 2356 3664 dem
2389 3610 2649 3681 priorum
2680 3628 2787 3666 suo
2828 3612 2962 3667 fecit
3007 3612 3277 3668 adventu.
3305 3636 3331 3661 ‹‹
3356 3612 3485 3675 Est,
3508 3609 3709 3683 inquit,
3738 3608 3838 3662 fru-

2224 3704 2484 3754 mentum
2532 3699 2592 3755 in
2640 3702 2901 3773 Egypto,
2930 3724 2958 3751 ››
2989 3702 3097 3757 hoc
3140 3707 3247 3767 est,
3272 3702 3371 3757 ubi
3429 3702 3616 3772 major
3658 3699 3835 3759 fames,

2220 3783 2299 3840 ibi
2350 3789 2537 3857 major
2592 3790 2828 3844 ubertas
2883 3795 2991 3845 est.
3054 3790 3330 3862 Magnum
3397 3790 3745 3845 frumentum
3787 3784 3834 3837 in

2217 3873 2481 3947 Egypto.
2515 3876 2770 3947 Denique
2799 3882 2855 3931 et
2888 3879 3037 3933 Deus
3082 3878 3251 3933 Pater
3295 3877 3447 3932 dicit
3478 3894 3491 3931 :
3518 3900 3544 3925 «
3576 3878 3651 3932 Ex
3693 3874 3833 3943 {Egy-

2078 4013 2105 4050 8
2215 3966 2313 4033 pto
2369 3966 2563 4019 vocavi
2625 3964 2836 4020 Filium
2894 3982 3090 4021 meum
3141 3966 3293 4037 (Osee
3328 3983 3410 4033 xu,
3466 3966 3595 4036 1).»
3627 3964 3699 4018 Ex
3741 3960 3832 4015 isto

2211 4066 2395 4123 grano
2454 4052 2553 4107 illa
2608 4052 2950 4109 fecunditas.
2996 4054 3193 4126 Neque
3248 4054 3409 4109 enim
3471 4053 3676 4109 messis
3726 4063 3831 4104 esse

2212 4140 2518 4210 potuisset,
2566 4142 2678 4195 nisi
2735 4142 2986 4214 zEgyptii
3047 4159 3295 4214 granum
3353 4147 3492 4197 ante
3551 4138 3824 4197 sevissent.

2210 4227 2307 4282 Est
2336 4245 2472 4297 ergo
2504 4232 2862 4285 frumentum
2910 4232 3062 4302 quod
3097 4246 3266 4286 nemo
3297 4235 3440 4286 ante
3486 4246 3613 4285 esse
3658 4224 3825 4282 crede-

2205 4316 2323 4381 bat,
2357 4317 2415 4371 iu
2464 4318 2573 4373 hoc
2623 4319 2914 4374 frumento
2968 4320 3337 4391 negotiantur
3391 4315 3739 4391 patriarchae.
3771 4311 3823 4364 Et

2204 4403 2285 4457 illi
2321 4405 2556 4477 quidem
2606 4412 2911 4478 argentum
2963 4406 3297 4462 detulerunt
3335 4424 3348 4461 :
3387 4408 3487 4461 sed
3543 4407 3719 4460 bonus
3744 4400 3823 4454 Jo-

2200 4493 2343 4563 seph
2402 4494 2761 4549 frumentum
2820 4495 3001 4559 dedit,
3046 4500 3354 4567 argentum
3409 4493 3674 4549 reddidit.
3718 4488 3819 4544 Non

2198 4582 2353 4636 enim
2415 4582 2661 4654 pecunia
2715 4583 2930 4637 emitur
2958 4582 3251 4650 Christus,
3303 4584 3407 4638 sed
3458 4582 3661 4654 gratia.
3710 4579 3820 4631 Pre-

2196 4669 2344 4724 tium
2383 4675 2551 4724 tuum
2601 4671 2743 4727 ﬁdes
2789 4677 2899 4727 est.
2952 4671 3067 4727 Hac
3121 4678 3405 4727 emuntur
3453 4670 3645 4725 divina
3686 4679 3818 4737 mys-

2195 4758 2357 4813 teria.
2394 4759 2587 4813 Portat
2644 4764 2838 4813 autem
2900 4760 3259 4814 frumentum
3323 4759 3436 4815 hoc
3494 4757 3688 4814 asinus
3737 4749 3816 4806 ille

2194 4850 2325 4901 ante
2381 4845 2729 4902 immundus
2786 4847 2844 4901 in
2904 4846 3066 4921 lege;
3127 4849 3227 4903 sed
3280 4848 3409 4918 jam
3473 4844 3718 4902 mundus
3767 4838 3811 4891 in

2190 4934 2397 5005 gratia.

2826 5023 3056 5079 CAPUT
3100 5025 3192 5079 ιχ.

2187 5110 2550 5182 Invalescente
2576 5115 2741 5182 fame,
2776 5113 2885 5180 ﬁlii
2928 5114 3089 5168 Iacob
3142 5113 3368 5168 redeunt
3417 5114 3476 5167 in
3523 5112 3801 5182 (Egi/plum.

2256 5180 2415 5259 ducto
2434 5174 2616 5259 secuin
2649 5174 2939 5259 Benjamin
2958 5200 3032 5259 Aac
3060 5184 3383 5259 niuneﬁous
3403 5174 3800 5259 delatis'.'10§el’,"

2254 5255 2481 5327 comiter
2521 5256 2726 5323 fratres
2754 5254 3075 5326 alloquitur,
3108 5257 3207 5327 qui
3232 5254 3303 5310 ad
3347 5254 3797 5327 conviviuminm-

2255 5326 2377 5389 tati,
2416 5321 2766 5396 suspicantur
2792 5321 2903 5381 sibi
2943 5321 3141 5397 parari
3188 5327 3551 5382 calumniam.
3580 5321 3733 5378 Iidem
3769 5330 3795 5367 α

2182 5498 2360 5536 sensu
2392 5483 2686 5539 diversum
2722 5489 2830 5540 est.

2251 5554 2361 5623 (40)
2421 5555 2587 5612 Rom.
2647 5555 2785 5610 edit.
2851 5556 2994 5625 sola,
3054 5558 3169 5613 Non
3227 5571 3412 5611 omnes
3479 5569 3597 5609 eum
3652 5542 3793 5617 facile

2177 5630 2389 5681 emunt.

4000 4048 4001 4087 1

3998 4116 3999 4179 1

3996 4226 3997 4271 l

3994 4290 3995 4365 1

3992 4412 3993 4457 l

3990 4500 3991 4551 1

3988 4592 3989 4643 1

3984 4668 3987 4735 1

3984 4754 3985 4829 1
