4122 6146
250 327 398 391 '693

1355 321 1595 388 LIBElt
1637 323 1738 388 DE
1776 324 2073 394 JOSEPH
2116 323 2657 394 PATHIARCHA.

3593 316 3711 383 694

352 459 568 536 majore
596 457 781 518 ἀοτηαε
809 453 1239 536 οοηίῖντηαηιωο
1274 458 1401 528 Quae
1434 458 1625 536 omnia
1671 457 1737 514 de
1778 460 1945 536 Pauli
1970 461 2027 531 Α
2055 463 2202 521 dura
2230 462 2392 536 (Gen.
2427 475 2564 527 xm,
2596 460 2674 531 7),
2726 481 2754 511 ››
2810 453 2950 535 quia
2995 455 3107 535 ipsi
3151 472 3267 516 non
3315 452 3713 528 agnoscebant

352 529 633 592 vocatione
658 548 721 588 ac
745 529 1163 603 praedicatione,
1196 547 1401 587 necnon
1454 530 1775 588 Judazorum
1812 533 1939 603 inﬁ-

356 606 445 663 del
451 609 580 663 itote
600 611 962 677 exponuntur.

354 732 448 787 46.
482 730 802 787 Tenebatur
828 731 1030 783 tamen
1063 727 1369 797 Benjamin
1398 726 1623 797 junior,
1656 731 1714 782 et
1753 727 1942 799 patrio

276 820 480 876 adhuc
510 817 832 874 adhaerebat
854 816 1090 871 affectu.
1125 816 1426 870 Tenebant
1456 831 1591 870 eum
1620 813 1765 887 legis
1811 816 1940 871 vin-

271 907 437 978 cula,
473 923 596 962 mos
626 910 904 977 paternus
953 903 1088 974 (41).
1126 903 1331 958 Fames
1382 903 1774 959 invalescebat
1803 905 1939 976 (42),

268 997 421 1068 quia
487 1011 612 1051 sero
676 992 966 1049 veniebat.
1047 992 1423 1048 Intercedunt
1491 1009 1593 1064 pro
1666 1009 1732 1048 eo
1798 993 1938 1056 duo.

267 1086 485 1141 Ruben
538 1087 594 1139 et
645 1082 833 1138 Judas
891 1080 1044 1153 (Gen.
1079 1097 1238 1148 xum,
1308 1080 1480 1151 l-ll),
1523 1080 1631 1135 hoc
1680 1085 1790 1147 est,
1834 1081 1942 1137 hu-

266 1174 502 1229 militas
550 1176 720 1243 atque
770 1169 1082 1225 confessio.
1145 1168 1249 1223 His
1311 1170 1560 1224 vadibus
1618 1169 1772 1241 apud
1836 1187 1938 1241 pa-

172 1292 179 1297 -
264 1267 427 1318 trem
479 1261 676 1328 utitur,
712 1258 808 1313 his
858 1257 1268 1323 committitur,
1320 1274 1572 1328 quorum
1624 1275 1776 1313 unus
1826 1259 1942 1330 pri-

264 1349 540 1417 mitivus,
573 1347 720 1403 alius
776 1345 1181 1401 resuscitatus.
1233 1345 1347 1400 Lex
1404 1345 1704 1414 primitivi,
1750 1347 1937 1401 Evan-

265 1438 500 1511 gelium
552 1434 879 1492 resuscitati
929 1435 1061 1505 (43).
1117 1433 1220 1488 His
1269 1433 1579 1489 deducitur
1632 1435 1936 1503 Benjamin

257 1528 493 1598 junior,
526 1529 582 1581 et
630 1524 802 1579 bonis
851 1522 1126 1578 odoribus
1177 1522 1493 1577 comitatus
1541 1523 1773 1578 advenit
1804 1540 1936 1593 por-

265 1620 412 1670 tans
443 1630 637 1669 secum
668 1612 949 1679 resinam,
980 1627 1096 1681 qua
1125 1608 1349 1680 lapides
1383 1627 1750 1667 marmorum
1796 1627 1937 1665 con-

263 1707 624 1769 nectuntur;
657 1717 724 1756 eo
757 1700 911 1772 quod
944 1699 1354 1771 praedicatione
1385 1699 1623 1771 propria
1652 1703 1937 1770 tanquam

261 1790 531 1864 spiritali
578 1789 771 1844 resina
816 1788 975 1844 vivos
1020 1787 1248 1860 lapides
1306 1787 1482 1843 etiam
1542 1788 1668 1860 ipse
1725 1804 1938 1843 conne-

257 1883 461 1937 cteret
496 1896 508 1933 :
542 1883 779 1949 portans
806 1878 981 1932 etiam
1015 1875 1150 1941 mel,
1185 1892 1300 1947 quo
1334 1874 1508 1931 noxia
1537 1874 1801 1931 vulneris
1845 1877 1932 1931 in-

257 1967 464 2025 terius
492 1967 815 2022 exeduntur
843 1966 967 2021 sine
1015 1964 1216 2036 aliqua
1269 1964 1584 2021 acerbitate
1631 1965 1929 2020 sectionis.

255 2056 436 2112 Talis
483 2055 637 2110 enim
685 2053 847 2110 Pauli
898 2053 1248 2125 praedicatio,
1290 2058 1355 2106 ut
1405 2060 1636 2124 putrem
1672 2053 1935 2109 aboleret

258 2145 1039 2214 affectum,corruptumque
1069 2145 1375 2196 evacuaret
1400 2139 1710 2196 humorem
1733 2142 1933 2212 dispu-

255 2232 517 2290 tationis
572 2248 689 2286 suae
748 2229 970 2299 aculeo,
1015 2245 1184 2285 urere
1243 2228 1432 2299 magis
1489 2245 1651 2300 agris
1713 2229 1931 2284 mentis

256 2322 503 2377 viscera
532 2318 790 2391 cupiens,
821 2334 996 2389 quam
1030 2333 1244 2374 secare.
1280 2316 1590 2372 lncensum
1620 2316 1928 2382 orationis,

257 2415 331 2465 et
357 2409 603 2476 casiam,
623 2414 679 2462 et
704 2412 933 2478 guttam
963 2405 1272 2477 sepulturae
1302 2403 1562 2475 insignia
1593 2421 1723 2460 esse
1754 2404 1926 2459 David

260 2496 566 2571 propheta
623 2512 728 2550 nos
780 2495 974 2549 docuit
1020 2495 1267 2549 dicens:
1304 2492 1599 2561 «Myrrha
1649 2498 1707 2548 et
1764 2498 1931 2564 gutta

258 2593 329 2644 et
360 2585 525 2641 casia
553 2601 587 2639 a
616 2583 975 2639 vestimentis
1023 2584 1141 2638 tuis
1190 2582 1360 2653 (Psal.
1396 2598 1542 2649 XLIV,
1574 2582 1649 2653 9).
1696 2604 1724 2631 ››
1756 2581 1932 2638 Venit

257 2675 438 2732 enim
460 2673 603 2728 501
627 2670 843 2727 Paulus
862 2688 1091 2727 crucem
1116 2669 1343 2726 Domini
1368 2670 1698 2740 praedicare,
1732 2669 1927 2725 ilicem

254 2778 511 2833 semper
537 2761 840 2825 virentem,
884 2765 940 2814 et
982 2774 1161 2814 nuces
1208 2775 1457 2830 quarum
1508 2764 1659 2814 testa
1705 2758 1927 2823 durior,

256 2853 504 2908 (ructus
567 2847 816 2905 tenerior
872 2864 884 2902 :
955 2848 1279 2918 meritoque
1343 2847 1506 2918 virga
1555 2846 1932 2903 sacerdotalis

251 2944 465 2997 Aaron
525 2936 759 3002 nucina,
820 2940 883 2991 ut
930 2936 1197 2991 Jeremiae
1254 2934 1501 2990 baculus
1561 2935 1925 3007 bujusmodi.

256 3031 599 3099 Argentum
633 3041 862 3096 quoquc
891 3022 1123 3095 duplex,
1154 3040 1267 3077 non
1303 3022 1490 3078 otiosa
1521 3040 1766 3096 munera
1803 3039 1931 3077 esse

258 3116 412 3190 quis
442 3113 694 3181 dubitet;
728 3130 860 3167 cum
911 3117 966 3167 et
1011 3111 1356 3183 patriarcha:
1404 3111 1538 3173 vita,
1582 3117 1639 3166 et
1686 3110 1931 3182 apostoli

2055 570 2209 621 eum,
2260 570 2294 608 a
2348 566 2475 622 quo
2526 551 3007 620 agnoscebantur.
3058 547 3217 606 Pauli
3278 545 3458 617 igitur
3501 543 3710 598 merito

2054 642 2459 716 profecerunt,
2492 654 2665 708 quem
2697 639 2976 696 Dominus
3004 640 3177 695 Jesus
3207 641 3492 705 tanquam
3515 629 3713 703 junio-

2056 749 2177 789 rem
2209 731 2460 786 fratrem
2491 742 2559 782 ex
2587 729 2786 784 eadem
2835 732 3019 785 matre
3075 729 3416 800 generatum
3449 719 3710 793 amplius

2054 821 2275 877 caeteris
2324 815 2614 872 fratribus
2671 816 2894 889 diligat.
2927 818 3241 872 Advertant
3293 810 3480 868 Judaei
3531 824 3711 880 quem

2052 908 2377 966 Dominum
2440 910 2813 976 negaverunt,
2866 906 2965 977 qui
3015 906 3191 962 etiam
3245 899 3579 963 crucifixus,
3639 915 3711 954 ex

2052 1013 2357 1072 synagoga
2388 997 2584 1049 tamen
2635 1011 2835 1049 eorum
2887 999 3167 1065 tanquam
3199 1008 3267 1046 ex
3294 988 3497 1044 eadem
3546 990 3709 1043 ortus

2052 1090 2293 1159 parente
2351 1080 2488 1153 plus
2536 1099 2634 1138 eos
2681 1083 2873 1154 diligit
2911 1084 3043 1152 (44),
3078 1082 3126 1137 si
3170 1079 3258 1134 vel
3306 1092 3434 1133 sero
3488 1091 3707 1147 cogno-

2051 1162 2225 1230 scaht
2246 1188 2367 1227 suae
2388 1170 2595 1228 salutis
2626 1172 3060 1228 auctorem.Sed
3096 1166 3463 1243 propriorum
3486 1165 3705 1221 conscii

2051 1261 2427 1325 delictorum,
2461 1278 2573 1315 non
2606 1262 2851 1317 credunt
2877 1264 3100 1315 tantam
3151 1254 3365 1312 Christi
3413 1270 3542 1310 esse
3589 1255 3707 1310 mi-

2051 1348 2532 1413 sericordiam,ut
2564 1350 2739 1405 donet
2767 1354 3090 1419 peccatum,
3117 1345 3375 1401 remittat
3402 1343 3703 1413 injuriam.

2050 1438 2314 1507 Ideoque
2343 1438 2868 1510 przeﬁgurabantur
2897 1438 2954 1492 in
2985 1433 3337 1509 patriarchis
3367 1431 3567 1504 quales
3615 1450 3704 1490 es-

2051 1529 2194 1579 sent
2226 1524 2424 1580 l‘uturi.
2459 1526 2862 1580 lnvitabantur
2908 1528 2979 1580 ad
3027 1524 3297 1598 gratiam,
3332 1521 3403 1575 ad
3434 1520 3708 1577 salutaris

2050 1627 2285 1666 mensas
2314 1615 2668 1669 vocabantur
2698 1613 3056 1680 convivium;
3089 1616 3146 1669 et
3193 1609 3547 1667 calumniam
3594 1612 3707 1666 sibi

2051 1699 2286 1772 parari,
2307 1701 2553 1759 insidias
2585 1702 2709 1759 ﬁeri
2743 1703 3212 1775 suspicabantur.

2123 1787 2231 1841 48.
2269 1793 2333 1846 Et
2381 1796 2681 1863 coeperunt
2728 1792 2799 1845 ad
2846 1792 3167 1855 hominem,
3217 1790 3319 1862 qui
3367 1791 3491 1844 erat
3535 1805 3715 1858 supra

2050 1876 2311 1934 domum
2353 1881 2411 1935 in
2454 1881 2641 1949 janua
2664 1880 2874 1937 domus
2906 1898 3142 1937 causam
3170 1895 3340 1936 suam
3374 1894 3544 1951 agere
3571 1877 3717 1935 velle

2049 1962 2215 2034 (Gen.
2250 1983 2407 2033 κιαι,
2463 1970 2572 2036 19).
2628 1968 2835 2025 Adhuc
2892 1970 3163 2025 dubitant
3230 1967 3493 2036 introire,
3546 1972 3602 2023 et
3646 1984 3715 2024 ex

2049 2051 2331 2123 operibus
2355 2056 2482 2112 suis
2513 2056 3092 2126 maluntjustiﬁcari,
3127 2059 3226 2130 qui
3269 2073 3512 2114 causam
3543 2073 3712 2113 suam

2047 2140 2257 2197 volunt
2301 2149 2589 2210 astruere,
2623 2162 2800 2216 quam
2848 2147 3095 2219 gratiam
3147 2149 3430 2218 accipere,
3471 2151 3528 2202 et
3582 2147 3711 2202 ideo

2048 2228 2108 2284 in
2141 2232 2329 2302 portis
2358 2234 2814 2306 redarguuntur.
2849 2235 2955 2299 Qui
3002 2240 3199 2291 autem
3253 2236 3512 2291 fructum
3561 2236 3710 2292 uteri

2045 2319 2352 2391 virginalis
2403 2327 2718 2394 exspectat,
2751 2328 2808 2379 et
2856 2324 3247 2380 hazreditatem
3299 2324 3552 2391 Domini,
3605 2324 3709 2380 filii

2049 2424 2305 2464 mercem
2374 2411 2728 2481 negotiatur,
2787 2429 2902 2467 non
2958 2414 3265 2469 erubescet
3331 2413 3389 2468 in
3458 2418 3625 2486 porta
3692 2432 3704 2469 :

2046 2497 2152 2552 sed
2212 2497 2271 2551 in
2332 2499 2489 2553 exitu
2543 2502 2671 2555 vita;
2732 2500 2909 2571 hujus
2970 2500 3200 2572 repellit
3254 2502 3586 2571 inimicum,
3636 2518 3707 2557 ne

2044 2586 2119 2640 ad
2151 2584 2356 2641 altiora
2389 2590 2720 2659 properanti
2753 2590 3024 2646 conscius
3053 2588 3238 2661 culpae
3272 2591 3556 2661 gravioris
3602 2592 3704 2646 ob-

2045 2675 2240 2729 sistat.

2115 2763 2205 2816 49.
2241 2762 2405 2818 Unde
2438 2767 2680 2837 mystice
2720 2766 2836 2822 illis
2882 2766 3183 2838 respondit
3231 2767 3422 2837 major
3468 2767 3700 2823 domus.

2044 2851 2115 2905 Et
2146 2850 2196 2905 is
2225 2850 2322 2921 qui
2353 2853 2433 2907 sit
2463 2853 2722 2928 intellige
2769 2872 2902 2911 cum
2953 2853 3162 2925 legeris
3202 2854 3438 2927 Moysen
3472 2856 3701 2913 fidelem

2043 2940 2104 2993 in
2136 2942 2258 2993 tota
2290 2939 2466 2997 domo
2492 2945 2641 3011 ejus.
2677 2945 2927 3014 Majores
2971 2942 3127 2999 enim
3177 2943 3412 3010 domus,
3450 2945 3697 3017 Moyses.

2043 3026 2248 3081 Petrus
2278 3032 2335 3081 et
2366 3029 2603 3095 Paulus,
2637 3037 2694 3088 et
2733 3031 2924 3087 caeteri
2972 3031 3161 3087 sancti
3211 3036 3353 3086 sunt
3386 3050 3398 3087 :
3433 3032 3700 3090 Christus

2042 3119 2243 3169 autem
2293 3114 2457 3171 solus
2506 3124 2595 3174 est
2643 3119 2940 3176 dominus.
3002 3120 3296 3191 Scriptum
3345 3125 3435 3174 est
3484 3137 3497 3175 :
3560 3122 3698 3192 quia

258 3220 474 3261 sermo
505 3218 736 3273 semper
763 3201 1007 3255 virescat
1040 3201 1099 3255 in
1130 3200 1467 3272 pectoribus
1521 3198 1926 3271 singulorum],
1960 3190 2001 3256 C
2042 3201 2273 3273 Moyses
2303 3203 2495 3259 fidelis
2528 3207 2588 3261 in
2618 3212 2739 3263 tota
2768 3208 2942 3263 domo
2972 3208 3100 3278 ejus
3125 3190 3409 3277 tanquam
3434 3190 3695 3265 famulus

258 3300 329 3351 et
361 3289 664 3362 eloquium
697 3294 1054 3358 sanctorum,
1087 3289 1239 3343 sicut
1284 3291 1589 3358 argentum
1622 3288 1754 3358 igne
1796 3303 1926 3341 exa-

261 3381 594 3446 minatum,
628 3377 894 3449 praecepti
945 3375 1198 3432 salubris
1241 3374 1467 3448 fulgore
1515 3374 1929 3446 resplendeat?

256 3468 388 3525 Nec
415 3465 711 3521 immerito
743 3463 953 3535 duplex
984 3469 1293 3536 argentum
1326 3464 1584 3518 referunt
1626 3463 1686 3517 in
1715 3462 1928 3533 quibus

260 3554 447 3614 Pauli
513 3554 992 3626 praefigurabatur
1067 3553 1373 3619 adventus,
1436 3551 1535 3623 qui
1596 3549 1929 3606 laborantes

257 3644 649 3720 presbyteros
674 3642 733 3696 in
761 3640 932 3696 verbo
965 3645 1137 3713 atque
1168 3639 1435 3695 doctrina
1465 3638 1682 3710 duplici
1711 3639 1929 3693 honore

257 3732 557 3791 donabat.

346 3823 440 3877 47.
479 3841 508 3870 ‹‹
538 3818 696 3873 Vidit
725 3823 916 3873 autem
950 3817 1082 3873 illos
1110 3816 1350 3889 Joseph,
1384 3820 1440 3872 et
1471 3816 1773 3887 Benjamin
1816 3815 1929 3868 fra-

256 3918 428 3969 trem
488 3925 664 3964 suum
724 3924 792 3962 ex
838 3908 1042 3962 eadem
1092 3910 1277 3961 matre
1326 3905 1477 3975 (Gen.
1530 3922 1683 3970 XLIII,
1739 3906 1848 3975 29).
1901 3925 1928 3952 ››

257 4002 409 4058 Jam
461 3997 733 4051 videntur
775 3996 1020 4062 Hebraei,
1052 3998 1110 4050 et
1166 3995 1438 4049 videntur
1489 4011 1523 4049 a
1570 3992 1796 4049 Christo
1828 3993 1927 4064 qui

257 4104 455 4146 verus
484 4084 700 4157 Joseph
732 4089 842 4150 cst,
870 4084 1104 4155 quando
1134 4099 1267 4137 cum
1300 4082 1461 4137 Pauli
1488 4082 1729 4137 veniunt
1760 4086 1926 4153 typo:

258 4184 327 4235 et
360 4175 631 4247 loquitur
668 4172 787 4229 illis
832 4172 997 4228 mitia
1045 4180 1215 4243 atque
1265 4177 1590 4238 mansueta,
1628 4175 1690 4224 ut
1721 4173 1934 4242 pariter

260 4267 483 4324 cibum
515 4266 772 4317 sumant.
808 4262 996 4333 Supra
1045 4267 1241 4315 autem
1291 4260 1428 4331 quia
1463 4260 1588 4314 sine
1627 4257 1930 4329 Benjamin

256 4354 584 4417 venerunt,
635 4352 988 4422 agnoscebat
1036 4349 1273 4420 quidem
1323 4364 1421 4403 eos
1453 4364 1466 4402 :
1503 4347 1601 4403 sed
1635 4346 1705 4401 ab
1743 4346 1839 4401 his
1871 4362 1932 4401 se

259 4440 600 4503 avertebat,
647 4444 711 4493 ut
756 4437 1042 4510 scriptum
1094 4441 1183 4492 est
1217 4454 1229 4490 :
1267 4459 1294 4485 «
1340 4436 1405 4489 Et
1460 4434 1807 4505 loquebatur
1842 4434 1933 4488 his

2035 3288 2095 3343 in
2129 3289 2537 3347 testimonium
2568 3310 2768 3350 eorum
2801 3312 2928 3367 quae
2961 3295 3113 3350 dicta
3142 3299 3339 3349 essent
3380 3295 3572 3365 (Hebr.
3606 3312 3689 3365 in,

2033 3378 2091 3444 5)
2123 3393 2136 3429 :
2170 3375 2440 3433 Christus
2471 3385 2665 3437 autem
2696 3388 2980 3453 tanquam
3028 3382 3184 3437 filius
3231 3383 3291 3437 in
3341 3384 3525 3439 domo
3562 3402 3689 3453 sua,

2037 3482 2163 3537 quis
2193 3464 2407 3520 domus
2438 3484 2543 3523 nos
2575 3487 2804 3533 sumus,
2848 3471 2898 3525 si
2944 3471 3275 3526 libertatem
3325 3477 3384 3527 et
3439 3472 3685 3544 gloriam

2037 3552 2157 3624 spei
2190 3553 2557 3609 tenuerimus
2586 3558 2745 3626 (Ibid.
2776 3557 2853 3625 6).

2104 3640 2193 3695 50.
2228 3640 2332 3694 Hic
2360 3657 2498 3713 ergo
2531 3646 2720 3715 major
2746 3646 2957 3700 domus
2986 3628 3287 3716 respondit
3315 3647 3433 3704 illis
3464 3666 3515 3704 τί(
3549 3650 3691 3705 Pro-

2037 3728 2217 3799 pitius
2263 3726 2339 3782 sit
2382 3729 2547 3785 vobis
2598 3732 2771 3798 Deus,
2805 3731 2983 3787 nolite
3028 3733 3269 3798 timere;
3334 3736 3484 3790 Deus
3532 3737 3691 3791 enim

2035 3820 2243 3881 vester,
2297 3820 2355 3871 et
2406 3816 2561 3875 Deus
2615 3825 2848 3891 patrum
2922 3825 3250 3875 vestrorum
3304 3821 3469 3876 dedit
3527 3823 3692 3877 vobis

2037 3905 2346 3960 thesauros
2375 3904 2436 3959 in
2470 3906 2623 3963 502
2656 3907 2906 3964 sacculis
2955 3908 3161 3962 vestris
3212 3923 3225 3960 :
3275 3912 3335 3962 at
3382 3914 3691 3981 argentum

2036 3997 2296 4048 vestrum
2330 3995 2579 4065 probum
2614 4004 2917 4067 acceptum
2952 3996 3133 4052 habeo
3166 3996 3317 4062 (Gen.
3344 4014 3497 4061 Lxm,
3520 3998 3634 4066 23).
3663 4018 3691 4046 »

2042 4082 2127 4137 [lli
2157 4080 2314 4135 enim
2371 4081 2639 4138 dixerant
2673 4102 2749 4139 ;,‹‹
2782 4090 3102 4155 Argentum
3132 4083 3602 4156 uniuscujusque
3632 4085 3689 4140 in

2040 4169 2290 4226 sacculis
2324 4171 2540 4226 nostris
2591 4172 2943 4239 invenimus,
2977 4174 3047 4227 ad
3099 4173 3331 4242 pondus
3384 4178 3691 4245 argentum

2040 4264 2307 4314 nostrum
2340 4258 2651 4315 retulimus
2677 4260 2835 4329 (Ibid.
2870 4261 2981 4330 21).
3017 4284 3045 4311 ››
3073 4262 3117 4315 0
3150 4277 3363 4332 magna
3393 4261 3690 4333 mysteria,

2042 4353 2097 4402 et
2146 4346 2442 4402 evidenter
2488 4347 2789 4418 expressa!
2846 4348 2962 4402 Hoc
3010 4354 3097 4403 est
3141 4348 3333 4404 dicere
3382 4366 3395 4403 ε
3443 4349 3559 4405 Cur
3605 4352 3693 4404 in-

2043 4434 2303 4493 ﬂamini?
2363 4438 2476 4490 Cur
2523 4446 2831 4507 argentum
2889 4453 2989 4491 vos
3044 4436 3255 4492 habere
3312 4443 3572 4493 vestrum
3635 4439 3692 4493 in

350 4583 639 4647 («inCum
674 4580 748 4635 ibi
785 4581 989 4635 doceat
1018 4577 1365 4633 Ambrosius
1400 4574 1712 4647 Benjamin,
1738 4580 1939 4647 typum
1970 4558 2014 4621 Γ)
2050 4591 2189 4647 num
2241 4574 2547 4646 utriusque
2596 4575 2696 4647 lib.
2750 4581 2826 4632 De
2876 4578 3071 4634 Bcncd.
3123 4581 3591 4645 Palriarcharum,
3641 4585 3696 4634 ot

257 4644 410 4717 esse
447 4642 633 4715 l’auli,
665 4652 875 4706 alludit
922 4652 991 4705 ad
1045 4650 1239 4705 locum
1290 4647 1468 4718 Epist.
1504 4642 1575 4701 ad
1616 4642 1817 4711 0:11.]:
1850 4647 1938 4713 lli,

258 4734 336 4788 Et
365 4724 732 4799 proﬁciebam
762 4725 821 4799 in
852 4723 1150 4778 Judaismo.
1197 4762 1208 4774 .
1256 4760 1268 4773 .
1310 4719 1675 4799 abundantius
1713 4719 1937 4773 aemula-

254 4790 664 4867 ιον-ἐπὲιᾷξιεηδ
685 4797 1043 4867 paternarum
1068 4807 1312 4846 mearum
1343 4790 1724 4867 lrpditionum.

347 4868 472 4941 (42)
508 4860 694 4941 item:
742 4865 881 4921 edit.
934 4868 1065 4919 ante
1118 4878 1317 4941 vocem
1376 4864 1587 4941 Fanies,
1625 4860 1945 4941 .prgeniittit

256 4932 465 5000 hunc
503 4938 840 5010 Scripturee
870 4951 1123 5010 versum.
1156 4934 1221 4987 At
1265 4933 1470 5010 famesﬁ
1489 4932 1725 4988 invaluit
1780 4949 1944 5004 super

261 5021 519 5075 terram,
554 5004 661 5063 etc'.
695 5009 766 5062 Et
796 5007 880 5062 sic
909 5006 1208 5062 exorditur
1238 5015 1412 5072 caput
1440 5004 1494 5057 9.

352 5081 479 5150 (43)
508 5074 653 5135 Mss.
688 5079 913 5150 aliquot
938 5094 1071 5132 cum
1103 5074 1573 5150 edit._omnibu_s,
1603 5078 1719 5150 Lex
1744 5075 1943 5150 primi-

262 5125 807 5225 tina,l'fvgrmgeliuni1
822 5144 1484 5225 resuscitat—um..Benigu
1514 5125 1704 5216 Fulg.,
1744 5125 1941 5225 Germ.

263 5234 336 5283 et
410 5217 604 5289 Colb.,
670 5223 785 5276 Lex
838 5221 1144 5292 primitiva,
1211 5217 1578 5292 la‘vnngeliuni
1642 5218 1943 5292 resuscimt.

2048 4646 2157 4700 hoc
2188 4647 2458 4721 apertius,
2477 4646 2826 4721 explicatum
2858 4651 3128 4721 reperies.
3165 4652 3324 4716 Quod
3359 4668 3490 4705 vcro
3524 4652 3694 4720 paulo

2050 4719 2323 4786 superius
2356 4718 2555 4772 Ruben
2590 4718 2804 4773 dicitur
2828 4718 3143 4785 hinnilitas,
3184 4739 3297 4776 non
3349 4722 3460 4775 ista
3511 4718 3695 4773 inter-

2051 4790 2298 4859 pretatio
2331 4790 2585 4843 nominis
2617 4796 2725 4856 est,
2760 4790 2861 4845 sed
2916 4792 3125 4848 allusio
3174 4794 3243 4846 ad
3292 4794 3483 4845 locum
3524 4792 3693 4853 Gen.,

2050 4876 2201 4931 xxix,
2252 4862 2342 4926 32,
2396 4861 2491 4913 ubi
2543 4861 2614 4915 de
2665 4862 2765 4915 Lia
2812 4863 3081 4918 dicitur:
3135 4863 3445 4931 (locabitque
3499 4877 3698 4915 nomen

2050 4930 2167 5001 ejus
2200 4932 2378 4986 Ruben
2410 4932 2626 4987 dicens:
2647 4932 2786 4987 Vidit
2816 4934 3075 4989 Dominus
3105 4930 3477 4989 humilitatem
3497 4947 3694 4998 meam,

2053 5007 2162 5058 etc.

2124 5075 2237 5138 (ila)
2286 5072 2502 5127 Omnes
2553 5073 2690 5128 odit.
2725 5092 2797 5128 ea:
2850 5073 3034 5127 eadem
3093 5079 3236 5128 ortos
3292 5079 3518 5142 parente
3569 5071 3700 5142 plus

2053 5144 2260 5216 diligit.
2298 5144 2433 5199 Mss.
2469 5149 2661 5198 autem
2696 5144 2887 5206 Corb.,
2924 5145 3144 5216 Bcnig.,
3179 5143 3396 5216 Theod.
3430 5142 3700 5216 c_t_Valc.,

2054 5232 2124 5271 ea:
2153 5209 2341 5270 eadem
2371 5221 2520 5271 ortus
2544 5218 2776 5287 parente
2795 5216 2927 5287 plus
2944 5230 3031 5287 eos
3058 5209 3274 5287 diligit.
3328 5214 3402 5287 Et
3448 5213 3510 5268 hi
3571 5209 3702 5286 qui;

264 5296 465 5353 Corb.
532 5284 598 5348 ac
662 5284 887 5347 'I‘ornf.
928 5334 939 5346 .
979 5334 991 5346 .
1030 5332 1042 5345 .
1103 5284 1435 5343 resuscitati.
1498 5286 1597 5341 His
1661 5286 1948 5339 accedunt
2057 5287 2189 5357 dem
2221 5288 2490 5341 videntur
2518 5284 2583 5342 e'o
2616 5284 2987 5357 praeferendi,
3013 5284 3258 5355 quod'in
3286 5284 3419 5357 aliis
3450 5284 3705 5356 quatuor

266 5364 602 5434 Ebrulph.,
637 5363 811 5419 Mich.
844 5371 901 5419 ct
950 5359 1141 5434 Albin.
1180 5358 1292 5413 nisi
1344 5357 1499 5429 quod
1549 5356 1786 5424 habent,
1826 5357 1951 5434 _Le_.r
2057 5356 2270 5434 legitur
2298 5363 2543 5434 mortuus
2574 5354 2820 5434 parente,
2848 5356 2952 5434 ubi
2977 5354 3130 5411 haud
3158 5356 3334 5434 dubie
3365 5354 3699 5434 legendum,

260 5427 802 5515 primit-ivi,;quam
835 5432 1141 5515 lectionem
1182 5427 1549 5515 germanam.
1574 5444 1733 5515 essen
1750 5427 1946 5482 existi-

269 5499 731 5568 lmamuslvult
777 5506 934 5560 enim
967 5504 1052 5557 vir
1082 5499 1319 5556 sanctus
1350 5500 1409 5553 in
1445 5499 1647 5553 Ruben
1701 5500 1948 5571 figuram

271 5577 592 5650 exstitisse
622 5577 768 5650 legis
802 5593 864 5650 ac
894 5576 1262 5650 Judazorum;
1289 5571 1532 5650 i_n_Juda
1568 5570 1950 5650 Evangelii'et

274 5642 793 5710 Christianorum.
828 5645 1074 5703 Consule
1122 5642 1539 5713 expositionem
1594 5642 1946 5697 benedictio-

2058 5433 2210 5483 ortus
2233 5432 2460 5499 parente
2537 5427 2632 5481 alii
2676 5432 2870 5499 tamen
2921 5427 3037 5482 duo
3080 5430 3415 5498 praeferunt,
3465 5436 3704 5483 mortuos

2054 5496 2330 5625 plurales,
2367 5498 2723 5569 qund‘editis
2754 5496 2924 5551 etiam
2963 5496 3129 5554 favet.
3163 5501 3274 5555 Sed
3330 5499 3530 5553 minus
3561 5500 3707 5555 bene

2102 5587 2181 5625 rec
2210 5570 2378 5625 lectio
2409 5569 2516 5624 sibi
2550 5573 2839 5624 constaret
2869 5570 2939 5623 ob
2968 5588 3167 5625 vocem
3201 5588 3412 5625 eorum.
3433 5585 3561 5625 quae
3594 5571 3707 5625 fere

2102 5587 2181 5625 rec
2210 5570 2378 5626 lectio
2409 5569 2516 5624 sibi
2550 5570 2939 5637 constaretob
2968 5588 3167 5627 vocem
3201 5588 3412 5638 eorum,
3433 5585 3561 5640 quae
3594 5571 3709 5625 fere

2061 5643 2120 5696 in
2153 5658 2296 5698 mss.
2329 5640 2604 5698 omnibus
2640 5640 2947 5696 invenitur.
