4012 6192
239 357 359 422 697

1305 355 1538 420 LIBER
1578 356 1680 418 DE
1722 352 2014 417 JOSEPH
2056 350 2582 414 PATRIABCHA.

3522 346 3644 413 698

309 493 401 548 58.
431 490 673 565 Mystice
693 493 911 548 autem.
935 489 1096 547 Vidit
1117 488 1401 547 Dominus
1419 489 1591 544 Jesus
1610 485 1877 549 Paulum,
1912 488 1963 550 Α
1995 486 2066 541 ad
2098 484 2497 542 sull'erendum
2523 499 2734 542 nomen
2762 497 2959 541 meum
2989 497 3185 540 coram
3208 481 3478 557 gentibus
3501 484 3635 556 (Act.

242 579 394 638 oculi
432 578 589 636 enim
620 579 851 636 Domini
883 597 1059 652 super
1095 579 1315 651 justus,
1374 582 1430 633 et
1484 576 1746 633 dixitz‘u
1782 574 1884 629 Hic

242 669 420 724 frater
451 672 634 724 vester
678 673 769 724 est
828 667 1249 723 adolescentior
1304 667 1506 739 (Ibid)._
1544 667 1634 735 29)
1665 665 1693 719 ?
1716 687 1742 714 »
1774 663 1887 719 Ad-

241 757 355 812 huc
385 755 805 813 adolescentior
841 756 1074 824 dicitur,
1116 755 1215 828 qui
1272 756 1534 811 nondum
1594 758 1887 810 maturam

241 862 398 902 canae
429 843 561 900 ﬁdei
594 846 831 917 gerebat
885 850 1134 913 aetatem,
1167 846 1429 900 nondum
1452 845 1510 898 in
1542 844 1731 899 virum
1763 858 1887 914 per-

241 935 459 990 fectum
514 938 860 1002 excreverat,
895 956 924 984 ‹‹
981 934 1038 988 in
1089 932 1271 999 illam,
1310 958 1331 983 η
1413 933 1566 989 sicut
1619 932 1744 1004 ipse
1785 930 1885 997 ait,

243 1046 271 1072 ι(
305 1039 645 1078 mensuram
677 1023 864 1077 aetatis
894 1020 1274 1093 plenitudinis
1305 1022 1551 1093 Christi(
1579 1023 1776 1093 Ephes.
1809 1038 1884 1088 ιν,

246 1112 351 1181 13).
386 1133 416 1161 n
478 1110 734 1181 Denique
789 1110 1127 1166 adolescens
1184 1110 1398 1183 legitur
1461 1114 1692 1166 tantum
1785 1108 1884 1173 ibi,

244 1199 341 1255 ubi
374 1197 763 1270 lapidantium
808 1199 1170 1270 Stephanum
1225 1198 1571 1255 vestimenta
1622 1199 1890 1254 servabat

242 1286 379 1357 (Act.
414 1303 512 1353 γει,
543 1287 656 1357 57).
690 1287 760 1341 Et
790 1286 917 1343 ideo
976 1286 1376 1343 Philemonem
1411 1304 1525 1343 non
1551 1286 1885 1343 adolescen-

243 1374 334 1429 tias
366 1392 510 1441 suae,
550 1375 651 1430 sed
684 1375 1002 1431 senectutis
1034 1375 1288 1431 similem
1316 1392 1443 1431 esse
1473 1374 1762 1447 cupiebat,
1824 1378 1888 1430 ut

243 1463 487 1535 scripsit
511 1479 560 1516 :«
597 1462 782 1535 Magis
813 1464 1076 1531 obsecro,
1107 1480 1242 1519 cum
1273 1464 1357 1520 sis
1386 1464 1521 1519 talis
1551 1468 1617 1519 ut
1667 1462 1887 1519 Paulus

243 1567 421 1607 senex
477 1551 732 1622 (Philem.
792 1552 871 1621 9).
907 1574 934 1601 ››
988 1552 1121 1608 Ideo
1151 1552 1635 1609 adolescentiores
1683 1552 1890 1608 viduas

243 1640 523 1713 pmdicat
559 1640 938 1697 declinandas
968 1640 1016 1713 (I
1045 1642 1177 1696 Tim.
1219 1659 1274 1708 v,
1308 1641 1416 1711 11),
1472 1658 1586 1697 non
1656 1646 1892 1713 propter

242 1735 496 1797 aetatem,
528 1729 631 1785 sed
672 1734 907 1801 propter
935 1731 1252 1801 quamdam
1296 1731 1742 1802 pubescentium
1791 1731 1888 1787 de-

242 1816 518 1873 lictorum
545 1816 867 1888 lasciviam,
901 1820 1052 1875 504
1111 1819 1716 1891 immaturitatemque
1774 1820 1885 1874 vir-
1916 1855 1968 1919 Β

240 1906 409 1961 tutis.
443 1905 731 1961 Caeterum
782 1907 972 1977 major
1019 1907 1075 1961 in
1123 1909 1357 1977 juvene,
1400 1923 1577 1979 quam
1637 1907 1694 1962 in
1753 1924 1891 1963 sene

242 1993 375 2050 laus
404 1994 690 2050 castitatis
719 2000 825 2050 est.
862 1994 1004 2050 Puto
1051 2000 1247 2051 autem
1300 1997 1457 2067 quod
1514 2014 1545 2053 a
1594 2013 1727 2053 vero
1775 2014 1891 2053 non

240 2082 320 2139 sit
347 2081 607 2139 alienum
638 2082 806 2149 illud,
842 2083 891 2139 si
942 2082 1344 2156 intelligamus
1397 2084 1537 2156 quia
1589 2101 1726 2140 cum
1782 2085 1890 2141 hoc

242 2170 465 2227 Paulus
496 2171 735 2227 haberet
764 2175 822 2227 et
865 2171 1129 2228 horreret
1186 2172 1298 2244 (50)
1357 2178 1684 2245 correptus,
1733 2175 1888 2245 quod

244 2259 476 2315 caecitas
518 2259 832 2315 accidisset
887 2260 960 2326 ei,
1018 2260 1303 2333 inciperet
1334 2265 1524 2317 tamen
1587 2262 1893 2334 appropin-

243 2364 422 2420 quare
480 2348 761 2405 dicendo:
825 2371 853 2399 «
886 2348 1156 2419 Domine,
1218 2349 1354 2421 quid
1424 2367 1517 2406 me
1572 2350 1659 2406 vis
1703 2350 1892 2407 facere

243 2437 379 2505 (Act.
442 2454 521 2502 1x,
584 2438 679 2504 6);
725 2459 753 2486 »
809 2437 939 2493 ideo
998 2437 1424 2495 adolescentior
1499 2439 1804 2495 dicebatur
1860 2458 1894 2496 a

246 2524 503 2592 Christo,
539 2529 601 2580 ut
640 2525 739 2596 qui
784 2527 1099 2581 vocabatur
1151 2544 1184 2581 a
1248 2526 1459 2599 gratia,
1516 2532 1894 2584 excusaretur

243 2630 278 2668 a
311 2612 503 2685 culpa,
534 2614 691 2684 quod
721 2630 790 2668 ea
823 2612 1057 2669 lubricae
1106 2614 1314 2670 fuisset
1367 2615 1576 2671 aetatis.
1632 2616 1893 2687 Denique

243 2701 391 2757 vidit
420 2717 554 2756 eum
586 2700 876 2768 Christus,
913 2703 1012 2758 ubi
1044 2701 1145 2758 lux
1175 2703 1567 2760 circumfulsit
1614 2722 1770 2760 eum.
1824 2707 1895 2761 Et

244 2791 385 2860 quia
413 2788 812 2846 adolescentes
852 2792 1042 2862 magis
1074 2796 1254 2859 metu,
1286 2809 1463 2864 quam
1495 2794 1718 2849 ratione
1740 2810 1893 2849 revo-

244 2882 458 2933 cantur
487 2895 521 2934 a
549 2877 712 2947 vitio,
745 2878 1015 2934 adhibuit
1071 2879 1396 2948 stimulum,
1458 2884 1515 2936 et
1580 2882 1893 2939 miseratus

246 2966 574 3034 admonuit,
616 2984 688 3023 ne
705 2967 984 3023 adversus
1004 2967 1334 3037 stimulum,
1367 2969 1712 3026 calcitraret.

310 3056 399 3110 59.
439 3055 735 3110 Turbatus
768 3059 858 3111 est
900 3060 1120 3122 autem,
1143 3057 1295 3112 sicut
1323 3058 1506 3114 habes
1531 3058 1590 3113 in
1632 3059 1892 3131 Evange~

242 3143 528 3215 lio(Joan.
560 3161 636 3208 χι,
675 3144 789 3212 33),
843 3143 980 3215 quia
1036 3145 1294 3201 turbavit
1350 3164 1411 3201 se
1469 3145 1700 3218 spiritu,
1758 3165 1891 3203 cum

245 3232 528 3287 Lazarum
561 3232 970 3288 resuscitaret:
1003 3238 1061 3288 et
1092 3233 1171 3288 ibi
1204 3233 1380 3301 ﬂevit,
1414 3240 1478 3289 ut
1496 3234 1660 3307 prius
1708 3235 1889 3310 lacry-
1921 3220 1963 3287 C

245 3321 360 3377 mis
390 3320 515 3377 suis
545 3321 761 3376 mortui
792 3320 1009 3377 delicta
1036 3320 1272 3377 levaret.
1306 3322 1416 3379 Sed
1449 3322 1603 3379 intra
1624 3341 1685 3380 se
1710 3324 1887 3391 ﬂevit,

243 3414 299 3466 et
339 3408 479 3469 lavit
502 3409 709 3465 faciem
759 3426 949 3465 suam.
1018 3410 1255 3465 Caecitas
1322 3410 1512 3477 Pauli,
1566 3412 1738 3469 fletus
1802 3420 1891 3469 est

243 3496 491 3553 Christi:
525 3496 679 3553 lavat
709 3497 913 3553 faciem
954 3514 1145 3566 suam,
1181 3499 1283 3554 ubi
1312 3498 1512 3555 lumen
1542 3500 1593 3555 ei
1653 3517 1889 3572 repara-

242 3589 340 3641 tur
368 3585 678 3641 amissum.
712 3586 890 3641 Lavat
920 3585 1126 3642 faciem
1157 3603 1325 3643 suam
1356 3587 1643 3655 Christus,
1672 3590 1769 3645 ubi
1796 3590 1888 3645 ba-

244 3673 497 3745 ptizatus
526 3679 616 3730 est
643 3673 884 3741 Paulus,
918 3691 1018 3745 per
1054 3690 1228 3746 quem
1288 3674 1572 3732 Dominus
1628 3676 1799 3733 Jcsus
1858 3697 1892 3733 a

243 3762 510 3835 pluribus
540 3763 850 3818 videretur.
884 3763 952 3818 Et
980 3763 1109 3819 ideo
1156 3763 1214 3818 in
1256 3764 1515 3829 convivio
1582 3781 1717 3836 pars
1761 3767 1890 3838 ejus

244 3850 683 3924 quintupliciter
714 3852 904 3923 major
942 3853 1145 3908 effecta
1173 3857 1281 3919 est,
1316 3853 1473 3924 quod
1506 3852 1745 3910 haberet
1785 3872 1888 3911 su-

244 3939 570 4011 perioribus
600 3940 892 4009 anteferri,
927 3957 1041 3996 non
1074 3940 1266 3997 solum
1315 3942 1526 3998 mentis
1556 3943 1886 4014 prudentia,

246 4028 347 4085 sed
373 4027 550 4087 etiam
583 4028 794 4085 militia
824 4031 1107 4102 corporis,
1138 4034 1195 4085 et
1214 4032 1403 4102 gratia
1440 4031 1751 4087 castitatis.

881 4118 1111 4177 CAPUT
1152 4118 1246 4173 Xl.

245 4205 592 4280 Inebrianlur
618 4222 803 4280 omnes
821 4208 1023 4276 fratres
1049 4223 1174 4261 cum
1204 4215 1388 4263 sancto
1413 4208 1608 4280 .loseph
1626 4226 1648 4271 ;
1704 4218 1761 4265 at
1798 4227 1884 4267 ,ςο-

313 4278 420 4360 lius
443 4277 757 4360 Benjamini
781 4294 929 4360 sacco
963 4279 1227 4360 inseritqu
1272 4277 1545 4360 scyphusf
1579 4282 1884 4360 Inspiciat:-

311 4352 404 4402 tur
434 4348 626 4403 ordine
658 4349 905 4403 omnium
936 4350 1099 4417 sacci,
1133 4357 1184 4403 et
1209 4348 1428 4404 tandem
1457 4367 1551 4405 vas
1598 4348 1738 4405 illud
1794 4355 1882 4406 in-

310 4420 548 4494 venitur,
594 4426 754 4494 atque
775 4422 1005 4494 istorum
1032 4423 1301 4494 mysteria
1315 4424 1605 4494 eruuntur,
1631 4422 1729 4477 ubi
1745 4440 1884 4494 pm:-

307 4493 463 4561 cique
491 4491 556 4545 de
583 4490 742 4545 donis
772 4490 999 4557 divinis,
1032 4490 1103 4547 ac
1124 4491 1189 4545 de
1216 4492 1384 4546 Pauli
1437 4495 1714 4548 vocatione
1745 4490 1879 4548 ’ἀίδ-

295 4565 544 4631 putatur.

1997 592 2073 639 ιι,
2114 575 2215 647 l5).
2248 576 2294 629 A
2317 573 2597 647 principio
2628 573 2952 630 inebriatur
2970 571 3269 640 ebrietate,
3288 571 3385 626 sed
3402 568 3599 627 sobria
3623 590 3636 640 ;

1997 668 2063 719 ut
2081 668 2136 719 et
2168 663 2292 735 ipse
2322 680 2455 719 cum
2478 662 2696 719 sanctis
2721 662 2936 718 diceret
2968 679 2981 717 :
3009 684 3036 710 «
3072 662 3139 716 Et
3172 659 3448 733 poculum
3471 664 3640 716 tuum

1996 752 2316 819 inebrians,
2357 769 2532 823 qaum
2555 751 2895 823 praeclarum
2927 755 3014 806 est
3053 751 3225 817 (Psal.
3284 765 3424 816 xxn,
3470 751 3526 821 5)
3560 748 3573 804 l
3612 771 3640 800 »

2066 842 2155 896 6i.
2190 842 2259 896 Et
2288 840 2545 913 scyphus
2575 844 2886 912 argenteus
2917 839 3023 895 soli
3059 840 3188 910 ejus
3210 856 3377 895 sacco
3430 838 3642 895 inseri-

1996 935 2096 987 tur
2124 931 2235 1003 (5l)
2266 930 2417 998 (Gen.
2450 946 2599 995 XLIV,
2639 930 2716 1001 2).
2764 928 3071 984 Nesciebat
3126 928 3236 983 hoc
3293 929 3637 999 Benjamin:

1997 1019 2305 1075 fallebatur
2334 1019 2569 1085 Paulus,
2604 1018 2703 1073 sed
2728 1018 3057 1073 vocabatur.
3093 1017 3340 1073 Mittitur
3361 1021 3489 1089 post
3507 1034 3640 1073 eum

1998 1125 2187 1165 mane.
2220 1108 2342 1163 Nox
2388 1108 2544 1164 enim
2578 1109 2950 1179 praecesserat
2979 1106 3275 1171 caecitatis,
3329 1100 3451 1161 dies
3508 1107 3642 1163 fidei

1997 1198 2528 1270 appropinquabat.

2065 1288 2156 1342 62.
2188 1287 2296 1341 Per
2332 1287 2594 1341 ordinem
2628 1284 2995 1357 singulorum
3026 1284 3189 1355 prius
3249 1282 3645 1355 inspiciuntur

1997 1375 2217 1433 saeculi
2245 1376 2401 1441 (Ibid.
2438 1378 2545 1442 12).
2573 1376 2747 1431 Docet
2776 1379 2833 1429 te
2863 1373 3281 1429 mortalitatem
3340 1373 3645 1446 Scriptura

1998 1465 2214 1521 divina.
2239 1469 2346 1520 Per
2375 1464 2637 1520 ordinem
2653 1462 3227 1519 antediscuburrunt
3273 1462 3331 1516 in
3380 1461 3642 1518 convivio

1997 1559 2199 1609 contra
2218 1569 2352 1609 eum
2377 1554 2508 1626 (52),
2538 1552 2868 1626 primitivus
2889 1552 3214 1607 secundum
3236 1556 3463 1606 aetatem
3489 1552 3639 1623 (Gen.

1995 1659 2153 1707 xmn,
2185 1642 2296 1713 33).
2328 1641 2504 1696 Vides
2535 1641 2692 1713 quod
2723 1640 2938 1696 seniori
2973 1639 3135 1695 locus
3158 1637 3255 1694 ille
3286 1639 3363 1695 sit
3384 1639 3642 1695 deferen-

1999 1730 2129 1785 dus.
2164 1730 2269 1785 Per
2297 1731 2563 1785 ordinem
2596 1730 2807 1784 iterum
2848 1729 3226 1800 requiruntur
3245 1727 3462 1784 sacculi
3518 1729 3645 1784 sin-

2000 1817 2291 1891 gulorum,
2327 1822 2391 1873 ut
2421 1817 2572 1873 scias
2609 1817 2861 1873 electum
2888 1815 3135 1871 Paulum
3169 1814 3387 1871 caelesti
3413 1805 3647 1887 esseju-

2001 1906 2493 1964 dicioxDiscussit
2521 1911 2779 1971 czeteros,
2814 1906 2969 1961 hunc
2995 1902 3269 1978 praetulit.
3304 1904 3367 1959 In
3423 1902 3645 1961 nullius

2001 1996 2240 2053 alterius
2274 1996 2424 2053 ωδ
2476 2012 2642 2052 sacco
2691 1995 2946 2067 scyphus
2998 1997 3309 2066 argenteus
3375 1993 3647 2050 inventus

2001 2090 2107 2151 est,
2142 2086 2257 2141 nisi
2288 2086 2482 2141 istius.
2514 2084 2662 2149 Quid
2695 2084 2807 2140 sibi
2853 2082 2979 2138 vult
3035 2083 3191 2154 quod
3246 2083 3505 2138 insertus
3559 2086 3649 2139 est

2003 2173 2283 2231 sacculo?
2328 2172 2546 2245 Joseph
2596 2173 2836 2245 quidem
2894 2172 3206 2228 inebriavit
3260 2175 3324 2227 ut
3381 2170 3643 2227 falleret:

2002 2264 2287 2335 scyphum
2341 2262 2503 2317 misit
2559 2267 2625 2317 ut
2663 2262 2906 2316 fratrem
2939 2276 3116 2333 quem
3182 2259 3483 2332 diligebat,
3553 2258 3650 2332 pia

2004 2352 2207 2407 fraude
2238 2355 2566 2408 revocaret:
2600 2351 2702 2406 sed
2735 2349 3025 2422 refulgent
3084 2348 3364 2423 mysteria
3429 2347 3645 2406 divina.

2071 2443 2162 2496 63.
2239 2441 2355 2496 Hoc
2398 2440 2620 2495 invenit
2658 2438 2717 2494 in
2763 2439 2932 2494 nobis
2988 2438 3257 2494 Christus
3317 2441 3645 2511 argentum,

2003 2530 2159 2601 quod
2198 2529 2323 2602 ipse
2352 2528 2674 2584 donaverit.
2711 2527 3004 2583 Habemus
3037 2531 3254 2583 natura:
3313 2531 3648 2598 argentum,

2002 2618 2290 2673 habemus
2320 2621 2378 2673 et
2425 2616 2644 2690 gratiae.
2705 2616 2927 2671 Natura
2986 2632 3133 2686 opus
3186 2620 3276 2669 est
3331 2615 3643 2670 creatoris:

2003 2707 2191 2780 gratia
2224 2724 2442 2762 munus
2473 2709 2560 2761 est
2581 2704 2986 2775 redemptoris.
3020 2704 3084 2757 Et
3118 2702 3167 2759 si
3192 2719 3305 2757 non
3329 2718 3647 2774 possumus

2002 2795 2194 2851 videre
2233 2795 2387 2851 dona
2418 2792 2669 2855 Christi;
2706 2792 2798 2847 ille
2827 2796 3024 2863 tamen
3056 2792 3253 2858 donat,
3287 2794 3343 2847 et
3372 2795 3649 2862 operatur

2003 2884 2248 2951 occulte,
2295 2885 2472 2941 donat
2527 2881 2842 2955 omnibus:
2876 2880 2975 2937 sed
3036 2896 3266 2935 servare
3324 2896 3644 2952 paucorum

2003 2978 2110 3040 est,
2141 2990 2253 3029 non
2286 2973 2574 3027 amittere.
2608 2971 2730 3025 Non
2791 2969 3068 3025 omnibus
3097 2972 3217 3023 tam
3288 2968 3465 3023 donat
3520 2983 3645 3024 om-

2002 3063 2118 3119 nia.
2141 3061 2423 3117 Triticum
2452 3058 2656 3115 multis
2684 3058 2879 3123 datur,
2909 3056 3126 3129 scyhus
3174 3056 3297 3125 uni,
3353 3055 3451 3128 qui
3512 3072 3644 3129 pro-

2004 3150 2234 3224 phetico
2266 3155 2324 3205 et
2352 3146 2697 3204 sacerdotali
2729 3146 2980 3201 donatur
3010 3160 3272 3200 munere.
3325 3144 3449 3200 Non
3488 3144 3646 3200 enim

2003 3256 2227 3307 omnes,
2260 3239 2361 3295 sed
2418 3236 2703 3309 Propheta
2758 3235 2938 3290 dicit:
2999 3256 3026 3282 ‹‹
3060 3231 3313 3288 Calicem
3372 3230 3646 3288 salutaris

1999 3328 2281 3401 accipiam
2293 3371 2306 3392 ,
2319 3330 2376 3381 et
2391 3342 2599 3382 nomen
2615 3324 2844 3380 Domini
2878 3323 3157 3378 invocabo
3171 3322 3478 3393 (Psal.cxv,
3490 3322 3511 3375 1
3524 3320 3597 3391 3).
3616 3343 3643 3371 ››

2070 3418 2165 3475 64.
2196 3416 2259 3470 In
2291 3430 2529 3487 corpore
2559 3411 2912 3489 igiturPauli
2924 3413 3051 3484 jam
3087 3410 3361 3467 doctrinae
3394 3408 3646 3465 cmlestis

1999 3504 2323 3576 alloquium
2351 3501 2691 3574 refulgebat,
2725 3518 2860 3556 cum
2905 3505 3061 3561 esset
3091 3500 3359 3555 eruditus
3388 3499 3448 3553 in
3494 3497 3640 3570 lege,

1999 3594 2111 3649 Sed
2142 3592 2280 3663 quia
2300 3590 2489 3646 adhuc
2512 3589 2757 3661 justitiaa
2797 3588 2898 3644 Dei
2955 3590 3255 3657 subjectus
3315 3604 3430 3642 non
3494 3591 3639 3655 erat,

1996 3681 2151 3737 intra
2180 3696 2415 3736 saccum
2445 3683 2568 3733 erat
2597 3676 2873 3749 scyphus,
2908 3676 3173 3731 doctrina
3220 3676 3375 3739 intra
3430 3675 3638 3748 legem.

1996 3769 2236 3825 lucerna
2263 3767 2416 3823 intra
2441 3765 2723 3821 modium.
2761 3764 2976 3820 Missus
3004 3768 3198 3818 tamen
3222 3767 3311 3820 est
3360 3762 3638 3835 Auanias,

1998 3858 2098 3929 qui
2122 3853 2582 3913 benedictionem
2613 3853 2796 3917 daret,
2841 3867 3083 3907 manum
3117 3851 3459 3927 imponeret,
3511 3867 3639 3906 sac-

1997 3964 2131 4002 cum
2164 3943 2446 4001 solveret:
2481 3958 2648 3998 sacco
2686 3941 2914 4007 soluto,
2937 3938 3147 3993 reluxit
3203 3943 3532 4012 argentum,
3583 3941 3641 3992 et

1996 4033 2401 4094 decidentibus
2428 4030 2695 4103 squamis
2724 4027 2884 4093 velut
2912 4026 3266 4099 quibusdam
3308 4025 3459 4081 sacci
3509 4024 3637 4081 vin-

1995 4123 2164 4187 culis,
2197 4120 2396 4197 statim
2428 4120 2571 4175 vidit
2600 4121 2734 4189 (Act.
2773 4135 2850 4185 1x,
2888 4117 2969 4183 l7,
3003 4115 3114 4189 l8).
3148 4114 3460 4169 Vinculum
3505 4114 3636 4185 ejus

1994 4212 2239 4285 perfidia
2275 4215 2434 4266 erat:
2469 4206 2759 4264 absolutio
2804 4209 2931 4276 ejus
2988 4205 3132 4260 ﬁdes
3200 4206 3351 4259 facta
3405 4206 3515 4257 est.
3568 4203 3638 4258 Et

1992 4302 2118 4357 ideo
2140 4306 2423 4371 tanquam
2449 4296 2677 4353 solutus
2708 4311 2896 4360 sacco,
2930 4293 3038 4349 hoc
3068 4297 3176 4359 est,
3202 4291 3464 4365 deposito
3489 4289 3634 4365 legis

1990 4388 2275 4445 velamine
2304 4386 2457 4458 quod
2492 4383 2746 4456 positum
2782 4386 2870 4437 est
2894 4398 3074 4453 supra
3115 4397 3212 4435 eor
3271 4380 3632 4445 Judaeorum,

1989 4492 2303 4533 conversus
2335 4474 2407 4530 ad
2446 4470 2775 4537 Dominum,
2827 4469 2989 4537 ,liber
3055 4486 3088 4523 a
3145 4486 3316 4537 nexu,
3386 4469 3633 4541 adeptus

1908 4585 1955 4648 D
1987 4567 2233 4640 gratiam
2264 4561 2555 4618 libertatis
2573 4559 2706 4648 ait:
2744 4582 2770 4609 ‹‹
2804 4559 2920 4648 Nos
2949 4557 3145 4648 itaque
3187 4556 3436 4648 revelata
3489 4557 3634 4613 facie

306 4651 394 4705 60.
427 4673 454 4700 ‹‹
485 4650 768 4707 Biberunt
799 4656 1016 4716 autem,
1045 4654 1098 4705 et
1142 4649 1410 4706 inebriati
1470 4657 1611 4706 sunt
1657 4652 1880 4723 pariter
1909 4646 1939 4648 ﬂ
1986 4654 2232 4728 gloriam
2259 4651 2359 4707 Dei
2391 4647 2779 4722 speculantes,
2813 4647 2885 4702 ad
2907 4647 3170 4719 eamdem
3193 4646 3509 4718 imaginem
3542 4663 3629 4700 re-

239 4753 367 4794 cum
398 4754 465 4794 eo
497 4738 649 4810 (Gen.
708 4756 863 4805 xuu,
893 4739 1004 4810 34).
1038 4761 1065 4789 ‹‹
1099 4742 1145 4795 Α
1172 4738 1458 4812 principio
1498 4740 1634 4797 ﬁdei
1690 4743 1880 4813 major

238 4825 413 4883 Paulo
434 4828 815 4901 praerogativa
839 4829 1118 4895 defertur,
1150 4829 1221 4884 de
1246 4844 1362 4899 quo
1396 4828 1614 4885 dictum
1649 4835 1737 4887 est
1802 4833 1874 4887 ad

237 4916 522 4971 Ananiam
546 4932 560 4971 :
595 4939 621 4967 ις
646 4915 826 4986 Vade,
849 4916 1128 4989 quoniam
1150 4932 1250 4972 vas
1263 4916 1562 4973 electionis
1590 4923 1680 4974 est
1703 4918 1870 4989 mihi,

252 5091 520 5166 _50)Edit.
555 5109 759 5150 omnes
790 5098 847 5149 et
877 5110 1018 5150 mss.
1052 5094 1178 5150 Vat.
1211 5096 1267 5149 et
1296 5094 1540 5166 Theod.,
1593 5095 1728 5151 Cum
1785 5099 1874 5153 hic

276 5164 434 5237 aulas
463 5165 1023 5237 haereret,ethnrrore
1045 5169 1325 5237 correptus
1378 5165 1540 5237 quod,
1599 5172 1706 5222 etc.
1776 5170 1865 5226 At.

230 5235 790 5310 nobisc‘um‘faciunt
819 5253 961 5310 mss,
1005 5241 1131 5310 octo
1156 5253 1168 5290 :
1194 5235 1208 5237 ⁷
1233 5235 1400 5310 quos
1437 5235 1568 5310 aliis
1626 5243 1868 5310 antepo-

230 5307 447 5379 nendos
478 5305 721 5362 minime
752 5307 1015 5379 negabis,
1049 5308 1098 5363 si
1137 5305 1473 5363 consideres
1504 5307 1624 5363 haec
1666 5305 1864 5378 verba,

230 5377 359 5451 Cain
387 5379 487 5432 hoc
512 5379 723 5451 Paulus
769 5377 1013 5451 haberet,
1069 5379 1289 5451 optime
1347 5379 1545 5434 relerri
1603 5381 1675 5436 ad
1730 5377 1868 5439 vitia

227 5448 647 5515 adolescentiae,
680 5451 965 5506 lasciviam
984 5448 1326 5517 delictorum,
1377 5457 1535 5521 atque
1592 5453 1866 5509 immatu-

224 5523 436 5575 rilalem
457 5521 691 5575 virtutis.

291 5591 407 5663 (31)
463 5591 627 5647 Rom.
689 5592 809 5647 edit
857 5592 1001 5657 sola,
1060 5592 1282 5663 Implele
1340 5593 1511 5647 saccis
1576 5592 1865 5651 hominum

223 5677 385 5726 escas,
420 5678 752 5735 quaecunque
776 5666 1054 5736 potuerint
1080 5664 1288 5729 tollere,
1319 5668 1372 5719 et
1401 5665 1615 5736 injicite
1664 5668 1860 5723 unius-

1987 4745 2309 4801 formamur
2339 4740 2413 4808 (ll
2441 4737 2561 4793 Cor.
2597 4751 2688 4805 Ill,
2723 4737 2832 4804 18).
2869 4758 2895 4785 ››
2930 4735 3134 4792 Soluto
3191 4736 3348 4792 enim
3407 4732 3627 4787 calcea-

1985 4836 2179 4888 mento
2210 4826 2376 4899 legis,
2410 4825 2568 4883 nudo
2594 4824 2840 4898 vestigio
2874 4824 3038 4879 liberi
3073 4822 3360 4880 sermonis
3374 4822 3626 4892 Evange-

1980 4920 2126 4976 lium
2157 4915 2527 4990 praedicabat.
2553 4915 2998 4971 Tenebauteum
3028 4911 3237 4976 Judaei,
3260 4913 3318 4966 et
3340 4908 3625 4981 impedire

1979 5100 2243 5170 cujusque
2273 5091 2655 5170 argentnmin
2685 5105 2776 5146 ore
2804 5091 2950 5170 sacci
2970 5106 2989 5142 :
3015 5090 3072 5170 et
3102 5084 3385 5170 Dscyp‘ha'm
3438 5102 3624 5143 meum

1977 5154 2301 5239 arbenleum
2327 5154 2871 5239 injiqiteinsacctim
2889 5159 3155 5239 junioris‘.
3180 5154 3194 5157 ⁷
3212 5154 3440 5223 Quibus
3468 5174 3621 5239 Aver-

1975 5227 2065 5296 bis
2097 5242 2274 5310 caput
2306 5227 2741 5310 auspicabatur.
2777 5227 3003 5310 Iterum
3043 5228 3243 5283 eadem
3276 5244 3413 5310 cum
3458 5227 3617 5310 Cili.,

1974 5313 2093 5367 Non
2120 5299 2670 5382 fdllebmur'Paulus.
2704 5304 2832 5382 Am.
2855 5306 2924 5382 _et
2964 5301 3092 5355 Era.
3134 5315 3269 5382 cum
3326 5299 3621 5382 plerisque

1976 5370 2130 5439 mss:
2155 5378 2472 5440 Fallebatur
2505 5374 2729 5433 Paulus.
2760 5371 2873 5426 Sed
2906 5388 3052 5429 mss.
3087 5387 3189 5427 sex
3247 5370 3413 5427 home
3471 5370 3619 5429 notae

1973 5453 2355 5526 Infallebalnr,
2392 5446 2543 5526 quod
2594 5445 2831 5498 verbum
2877 5442 3251 5526 .etsinminus
3310 5442 3618 5526 usitatum,

1973 5512 2621 5599 significatione'tamen
2657 5531 2690 5568 a
2716 5529 2821 5596 suo
2844 5512 3097 5595 simplici
3129 5531 3244 5569 non
3304 5513 3612 5589 discrepat.

2041 5586 2157 5667 (52)
2189 5594 2355 5648 Rom.
2392 5590 2553 5653 edit.,
2589 5589 2647 5640 in
2661 5586 2907 5641 convivio
2936 5601 3120 5641 coram
3147 5602 3226 5642 eo.
