4012 6192
411 244 417 250 ’
445 263 565 329 699

1888 266 1951 328 S.
2000 264 2375 330 AMBROSII
3689 273 3783 337 100

441 398 754 471 cupiebant
776 396 922 481 :xsed
955 394 1054 453 ubi
1075 394 1134 454 in
1156 396 1284 471 ejus
1305 414 1473 456 sacco
1494 399 1801 472 argentum
1824 396 2074 473 resplen-
2106 398 2161 467 Α
2186 396 2391 457 Adhuc
2418 415 2553 474 ergo
2582 396 2838 476 pepulus
2867 415 3033 460 meus
3060 398 3219 472 vivit,
3277 399 3350 459 de
3396 400 3558 475 cujus
3611 406 3779 479 pepuli

437 486 582 554 duit,
617 487 916 543 sciderunt
961 487 1308 544 vestimenta
1334 506 1463 556 sua,
1495 493 1552 545 et
1580 489 1795 546 reversi
1821 495 1961 545 sunt
1990 506 2080 545 re—

438 579 549 631 tro.
582 575 792 631 Libera
822 576 975 632 enim
1008 593 1112 647 pro
1142 576 1372 634 Christo
1412 578 1572 634 Pauli
1604 578 1933 651 praedicatio
1980 596 2086 634 nu-

435 664 596 720 davit
628 664 915 738 populum
941 665 971 720 ,Ι
984 665 1304 734 udaaorum,
1338 671 1395 722 et
1423 684 1658 723 omnem
1682 685 1885 723 eorum
1908 667 2085 724 resci-

438 753 526 809 dit
554 754 822 827 gratiam.

508 845 597 899 65.
634 845 877 915 Ideoque
908 847 1059 898 retro
1094 846 1342 917 regressi
1371 849 1527 913 sunt,
1563 845 1663 917 qui
1697 850 1831 901 ante
1869 863 1931 901 se
1994 846 2084 900 vi—

439 933 573 988 dere
604 950 714 988 non
748 935 1049 1003 poterant(
1085 932 1212 989 Gen.
1247 951 1396 999 XLIV,
1461 935 1546 1004 13)
1599 935 1771 990 Retro
1820 935 2082 1004 redeunt,

437 1020 536 1092 qui
569 1020 861 1076 Christum
894 1022 1192 1077 amittunt.
1237 1022 1499 1095 Denique
1545 1026 1601 1079 et
1657 1023 1714 1077 in
1774 1022 2082 1095 Evangelia

437 1108 612 1180 (Joan.
648 1127 805 1177 xvm,
838 1111 893 1182 6)
924 1127 1058 1166 cum
1091 1111 1451 1182 corriperent
1481 1113 1549 1166 ad
1577 1115 1825 1168 mortem
1886 1112 2080 1167 Domi-

435 1214 575 1251 num
608 1201 833 1264 Jesum,
866 1201 1175 1255 redeuntes
1204 1206 1353 1256 retro
1384 1201 1718 1256 ceciderunt
1740 1202 1798 1255 in
1843 1203 2076 1256 terram.

437 1286 640 1342 Merito
672 1291 825 1343 retro
858 1289 1316 1354 revertebantur,
1350 1289 1451 1361 qui
1473 1289 1533 1345 in
1565 1294 1857 1345 terrenam
1889 1289 2079 1345 labem

434 1375 506 1430 ab
536 1374 637 1429 illa
662 1375 875 1431 cmlesti
910 1377 1097 1449 gratia
1149 1377 1503 1433 recidebant.
1565 1377 1852 1433 Nolebant
1904 1376 2082 1449 igitur

433 1463 735 1519 moraliter
766 1465 955 1519 redire
986 1465 1112 1521 sine
1142 1466 1336 1532 fratre,
1362 1465 1607 1539 mystice
1639 1466 1765 1522 sine
1796 1464 1972 1521 Paulo
1997 1482 2080 1521 re-

431 1551 613 1607 verti:
649 1568 765 1624 quo
798 1553 1037 1619 amisso,
1070 1555 1409 1610 asserebant
1441 1553 1499 1607 in
1538 1570 1846 1609 maerorem
1903 1554 2079 1609 dedu-

432 1641 675 1697 cendam
708 1643 968 1713 parentis
1002 1642 1200 1715 populi
1232 1646 1616 1698 senectutem.

2196 488 2423 547 familia
2471 492 2711 549 fratrem
2741 489 2887 549 mihi
2918 491 3063 566 elegi
3088 489 3117 547 ?
3149 513 3178 541 »

2280 587 2369 641 68.
2407 607 2428 634 α
2458 582 2722 639 Accedite
2748 582 2820 637 ad
2852 581 3115 652 me(Cen.
3150 598 3277 646 XLV,
3311 580 3403 653 4);
3438 580 3611 653 »quia
3626 585 3782 655 egoad

2192 692 2296 732 vos
2325 670 2808 746 appropinquavi,
2847 675 2994 727 eteo
3025 687 3213 743 usque
3243 670 3697 742 appropinquavi,
3739 681 3784 730 ut

2195 780 2297 836 per
2324 762 2518 818 carnis
2541 758 2972 831 susceptionem
2994 759 3242 815 facerem
3265 775 3355 814 me
3378 763 3570 814 vestra:
3599 776 3785 816 consor-

2192 858 2311 908 tem
2341 855 2584 906 naturae.
2615 848 2805 904 Nolite
2841 848 2930 903 vel
2986 847 3327 920 participem
3387 847 3580 919 fugere
3622 854 3785 904 vestra

2195 939 2515 1005 societatis,
2546 937 2733 994 sinon
2759 936 3076 1009 agnoscitis
3107 942 3406 992 auctorem
3436 935 3648 991 salutis.

2262 1040 2352 1094 69.
2388 1060 2416 1089 ‹‹
2448 1038 2514 1091 Et
2552 1038 2941 1103 accesserunt,
2962 1033 3177 1106 inquit,
3205 1034 3275 1089 ad
3307 1032 3495 1101 illum,
3542 1039 3596 1089 et
3636 1032 3782 1089 dixit:

2193 1128 2311 1200 Ego
2342 1142 2477 1182 sum
2508 1123 2726 1196 Joseph
2760 1123 2937 1179 frater
2963 1126 3172 1189 vester,
3188 1138 3361 1194 quem
3380 1138 3479 1177 vos
3511 1121 3785 1178 tradidistis

2190 1216 2252 1271 in
2298 1216 2629 1288 Egyptum.
2661 1214 2827 1269 Nunc
2848 1228 2983 1284 ergo
3016 1210 3196 1267 nolite
3226 1210 3419 1266 moesti
3443 1225 3586 1275 esse,
3624 1225 3777 1280 neque

2190 1304 2353 1360 vobis
2386 1304 2600 1358 durum
2631 1301 2917 1365 videatur.
2952 1299 3230 1372 quoniam
3263 1298 3379 1352 huc
3426 1314 3516 1352 me
3566 1297 3784 1353 vendidi-

2189 1393 2315 1449 stis.
2347 1392 2432 1447 Ad
2462 1391 2642 1447 vitam
2673 1389 2829 1445 enim
2859 1394 3114 1445 vestram
3145 1386 3308 1443 misit
3336 1402 3429 1442 me
3478 1386 3622 1441 Deus
3680 1392 3783 1440 ante

2187 1499 2289 1537 vos
2320 1480 2478 1551 (Ibid.
2513 1480 2544 1534 4
2573 1480 2719 1546 et5).
2758 1500 2786 1527 ››
2835 1477 3020 1541 Quam
3078 1477 3336 1532 fraterna
3390 1474 3589 1546 pietas,
3643 1490 3783 1545 quam

2188 1569 2378 1625 dulcis
2407 1567 2762 1642 germanitas
2786 1567 2799 1622 l
2833 1570 2898 1621 ut
2925 1564 3103 1621 etiam
3133 1563 3479 1636 parricidale
3531 1567 3785 1618 excusaret

2187 1658 2541 1724 admissum,
2573 1655 2774 1712 dicens
2804 1654 3012 1710 divinae
3041 1652 3186 1709 illud
3209 1651 3574 1725 providentius
3619 1651 3781 1714 fuisse,

501 1730 612 1836 φλ
626 1730 694 1784 Et
724 1729 852 1785 ideo
892 1731 1260 1836 {Eds-33PM
1285 1730 1502 1836 :If’sePh
1537 1747 1834 1836 Γθξηθηθτθ
1881 1731 2077 1830 θξιΡίθ·
2108 1771 2157 1836 Β
2192 1764 2303 1803 non
2338 1745 2655 1818 impietatis
2685 1743 2993 1799 humanas:
3053 1739 3526 1814 quandoquidem
3580 1756 3680 1795 non
3727 1738 3781 1793 ab

432 1816 704 1889 bat(Gcn.
737 1817 1117 1890 XLiv,48-34),
1156 1835 1227 1874 ne
1249 1818 1467 1874 videret
1512 1817 1667 1873 mala
1722 1835 1850 1890 quas
1921 1817 2079 1874 inve-

2190 1835 2531 1891 hominibus
2561 1833 2793 1889 oblatus
2814 1832 2885 1888 ad
2918 1834 3189 1896 mortem,
3209 1829 3312 1885 sed
3343 1846 3378 1884 a
3406 1827 3635 1883 Domino
3670 1828 3782 1882 mis-

429 1905 625 1961 nirent
652 1911 873 1978 Patrem
907 1925 1102 1975 suum,
1136 1907 1244 1962 hoc
1281 1911 1390 1975 θεῖ»
1440 1907 1566 1978 jam
1598 1908 1964 1980 PmVidebat:
2023 1911 2081 1963 et
2192 1941 2295 1981 sus
2334 1924 2411 1989 sit
2439 1924 2511 1978 ad
2542 1922 2744 1977 vitam.
2775 1918 2922 1983 Quid
2953 1919 3111 1975 aliud
3144 1917 3322 1974 habet
3342 1916 3440 1973 illa
3465 1916 3675 1972 Domini
3701 1931 3781 1970 no-

430 2011 630 2051 οδνθτθ
660 1996 936 2068 cupiebat
965 1996 1121 2051 mala
1160 2013 1288 2069 (lua3
1335 2001 1580 2052 ventum
1635 2002 1801 2052 erant
1862 1995 2077 2068 ΡοΡυῙο
2189 2012 2295 2069 stri
2323 2012 2463 2068 Jesu
2495 2009 2731 2077 Christi,
2758 2008 2862 2081 qui
2888 2008 3097 2063 fratres
3125 2022 3333 2062 omnes
3363 2006 3568 2077 pietate
3589 2020 3781 2075 supera-

428 2083 785 2139 Judaeorum.
821 2085 930 2140 Sed
965 2102 1096 2140 cum
1129 2084 1321 2141 adhuc
1347 2084 1469 2140 haec
1498 2084 1629 2157 ipsa
1649 2102 1762 2140 non
1795 2088 1951 2141 esset
2015 2086 2073 2139 in

2187 2102 2287 2168 vit,
2322 2100 2380 2156 in
2412 2116 2584 2157 cruce
2607 2097 2779 2170 positi
2811 2095 3153 2152 intercessio
3184 2111 3290 2166 pro
3312 2093 3477 2166 plebe
3539 2090 3776 2148 dicentis:

427 2174 566 2249 typo
604 2171 704 2227 illo
734 2173 1065 2246 principum
1089 2172 1648 2245 populiJudaeorum
1696 2172 1878 2229 libera
1932 2189 2076 2245 prae-

428 2259 602 2328 catio,
634 2260 789 2317 ﬂevit
817 2261 1057 2334 Josepb,
1089 2262 1197 2318 hoc
1223 2265 1330 2330 est,
1364 2261 1421 2317 in
1453 2261 1551 2317 illo
1582 2261 1827 2334 ploravit
1880 2262 2073 2320 Jesus.

959 2385 1110 2442 506
1159 2386 1388 2442 CAPUT
1417 2386 1539 2441 XII.

428 2474 638 2546 Ioseph
657 2474 924 2544 fratribus
951 2491 1008 2529 se
1038 2477 1151 2546 ipse
1175 2476 1559 2543 manifestans,
1592 2492 1657 2530 ac
1684 2492 1770 2530 eos
1798 2475 1868 2530 ad
1924 2491 2074 2531 acce-

499 2543 1024 2618 denduminoitans,
1052 2543 1222 2618 atque
1241 2549 1411 2601 etiam
1441 2563 1725 2611 excusans,
1756 2563 1919 2618 quem
1975 2546 2073 2601 ad-

496 2632 682 2688 versus
736 2617 947 2673 Judwos
994 2616 1344 2673 adhibiturus
1400 2620 1517 2672 erat
1577 2616 1823 2673 Christus
1876 2618 2076 2688 agendi

495 2687 722 2772 modum
788 2690 1069 2772 exprimit.
1147 2690 1227 2744 Ibi
1309 2688 1716 2772 elegantissima
1782 2689 2073 2772 verborum

497 2760 787 2829 utriusque
843 2760 1161 2815 instituitur
1217 2760 1575 2830 comparatio,
1633 2764 1689 2813 et
1739 2767 1860 2829 post
1915 2760 2075 2814 illam

503 2831 816 2897 Beniamini
843 2832 1159 2901 complexus
1188 2847 1223 2885 a
1249 2831 1454 2901 Joseph
1483 2830 1557 2885 de
1585 2831 1755 2885 Paulo
1785 2830 1958 2886 obiter
1984 2846 2075 2886 ex-

493 2901 750 2971 plicetur.

495 3006 584 3060 67.
620 3006 688 3060 Et
711 3005 892 3075 jussit
922 3021 1127 3062 omnes
1158 3007 1441 3073 recedere,
1475 3010 1541 3061 ut
1568 3012 2016 3079 cognosceretur
2040 3023 2074 3063 a

427 3093 713 3148 fratribus
744 3094 877 3165 (53).
903 3095 1029 3150 Non
1062 3098 1296 3150 venerat
1348 3095 1526 3162 enim,
1584 3093 1735 3150 sicut
1788 3094 1913 3165 ipse
1969 3095 2071 3162 ait,

429 3181 543 3238 nisi
568 3183 638 3237 ad
671 3199 806 3239 oves
856 3200 984 3255 qua:
1043 3184 1344 3256 perierunt
1391 3184 1603 3239 domus
1668 3184 1868 3239 Israel.
1939 3206 1967 3233 «
2000 3185 2069 3239 Et

425 3271 701 3326 amittens
726 3287 922 3327 vocem
937 3288 1071 3326 cum
1091 3272 1250 3336 ﬂetu,
1274 3273 1387 3344 Ego
1410 3289 1562 3339 sum,
1586 3271 1800 3343 inquit,
1815 3272 2030 3344 Joseph
2052 3291 2065 3340 ;

426 3358 620 3414 adhuc
652 3364 815 3430 pater
843 3376 1015 3415 meus
1038 3360 1177 3416 vivit
1207 3360 1363 3431 (Gen.
1396 3378 1522 3429 XLv,
1552 3364 1588 3416 2
1631 3365 1683 3417 et
1737 3361 1835 3433 3)?
1864 3382 1891 3412 »
1952 3361 2070 3417 Hoc

425 3452 536 3513 est,
566 3448 843 3519 expandit
873 3465 1085 3504 manus
1114 3465 1253 3505 suas
1282 3451 1352 3505 ad
1385 3449 1667 3520 populum
1689 3467 1803 3505 non
1837 3451 2069 3506 creden-

424 3539 542 3591 tem
573 3540 630 3591 et
658 3536 1153 3593 contradicentem
1188 3555 1201 3594 :
1237 3555 1352 3594 non
1379 3538 1637 3610 legatum
1683 3555 1872 3610 neque
1916 3556 2067 3594 nun-

426 3623 573 3678 tium
606 3640 891 3696 quaerens,
933 3626 1034 3681 sed
1080 3627 1204 3697 ipse
1260 3627 1541 3683 Dominus
1598 3626 1827 3683 salvum
1881 3628 2068 3684 facere

423 3711 621 3768 volens
645 3712 925 3785 populum
958 3731 1170 3770 suum:
1210 3716 1389 3787 «Ipse
1419 3717 1520 3787 qui
1578 3715 1877 3787 loquebar,
1938 3730 2070 3771 ecce

424 3801 657 3869 adsum,
690 3802 1029 3874 iuquit(Isa.
1063 3821 1157 3870 LII,
1198 3805 1273 3873 6).
1312 3827 1339 3853 »
1396 3805 1467 3859 Et
1499 3821 1511 3859 :
1558 3826 1585 3855 ‹‹
1618 3803 1814 3858 Palam
1882 3803 2069 3860 factus

424 3906 539 3945 non
568 3892 964 3962 quaerentibus
997 3908 1113 3958 me,
1143 3893 1477 3965 appareoiis
1490 3893 1591 3964 qui
1624 3909 1717 3948 me
1746 3908 1861 3947 non
1887 3892 2069 3948 inter-

423 3979 855 4052 rogabant(lsa.
892 3997 1016 4046 va,
1075 3980 1144 4051 1).
1212 3976 1412 4046 «Quid
1473 3981 1657 4052 igitur
1714 3980 1872 4035 aliud
1928 3984 2069 4036 tunc

424 4066 715 4133 clamavit,
750 4067 900 4122 nisi:
950 4092 970 4117 α
1008 4069 1123 4140 Ego
1148 4085 1281 4124 sum
1336 4070 1513 4125 Jesus
1553 4070 1732 4141 (Joan.
1790 4086 1951 4138 xvm,
1991 4071 2066 4140 (6,

424 4172 557 4211 cum
590 4146 955 4228 principibus
974 4156 1310 4212 Judmorum
1336 4155 1869 4228 interrogantibus:
1906 4179 1933 4206 ‹‹
1982 4158 2066 4213 Tu

425 4260 487 4299 es
517 4244 673 4299 ﬁlius
721 4245 821 4300 Dei
843 4245 870 4298 ‘I
901 4269 921 4295 ι»
985 4246 1398 4318 responderet:
1436 4267 1463 4295 ‹‹
1517 4245 1633 4301 Vos
1689 4245 1884 4301 dicitis
1933 4247 2071 4317 quia

425 4348 531 4402 ego
564 4348 718 4396 sum,
755 4354 782 4381 ››
814 4350 949 4388 cum
982 4334 1164 4390 Pilato
1194 4333 1447 4391 diceret:
1481 4358 1507 4383 ‹‹
1538 4338 1621 4389 'I‘u
1653 4334 1799 4389 dicis
1826 4335 2068 4405 quiarex

426 4434 558 4472 sum
594 4434 720 4489 ;ego
755 4420 811 4473 in
849 4420 954 4476 hoc
986 4428 1159 4478 natus
1189 4439 1345 4487 sum,
1380 4427 1445 4477 ut
1503 4422 1908 4479 testimonium
1940 4439 2067 4495 per-

426 4505 659 4561 hibeam
693 4507 919 4562 veritati
943 4510 1099 4578 (Ibid.
1130 4512 1222 4581 37)
1248 4529 1260 4577 ;
1292 4534 1320 4559 ››
1350 4527 1487 4565 cum
1528 4510 1779 4582 principi
1809 4511 2069 4566 sacerdo-
2098 4501 2144 4566 D
2246 4512 2336 4565 71.
2370 4508 2530 4574 Quod
2557 4510 2751 4562 autem
2783 4504 3035 4561 habetur
3061 4503 3122 4558 in
3145 4501 3353 4559 Genesi
3394 4518 3408 4556 :

423 4600 551 4651 tum
583 4593 795 4649 dicenti
821 4610 834 4648 :
872 4616 899 4645 «
930 4597 1149 4666 Adjuro
1178 4605 1234 4654 te
1263 4616 1366 4670 per
1386 4601 1567 4655 Deum
1588 4602 1877 4671 vivum,ut
1896 4600 2076 4656 dicas-

424 4683 597 4740 nobis
629 4681 679 4738 si
714 4686 777 4737 tu
810 4698 873 4738 es
902 4683 1176 4740 Christus
1198 4687 1379 4742 Filius
1410 4689 1533 4755 Dei,
1568 4712 1595 4738 ››
1630 4692 1905 4745 referret:
1946 4709 1967 4736 ι
1991 4694 2071 4743 Tu

424 4772 646 4828 dixisti.
680 4777 864 4827 Amen
899 4773 1028 4829 dico
1049 4775 1235 4839 vobis,
1283 4777 1490 4831 amodo
1539 4777 1810 4834 videbitis
1863 4778 2073 4834 Filium

424 4861 664 4939 homnis
696 4862 995 4918 sedentem
1029 4863 1099 4919 ad
1130 4864 1425 4920 dexteram
1457 4864 1690 4921 virtutis
1720 4865 1843 4933 Dei,
1876 4871 1933 4921 et
1978 4884 2072 4922 ve-

426 4950 680 5005 nientem
712 4966 845 5005 cum
877 4951 1135 5007 nubibus
1158 4951 1283 5007 cmli
1338 4954 1525 5023 (Matth
1571 4970 1723 5019 xxvr,
1757 4954 1848 5021 63,
1895 4956 2007 5026 64).
2042 4977 2070 5005 ››

425 5038 543 5095 Hoc
572 5044 663 5095 est
691 5056 828 5113 ergo
860 5042 1017 5113 quod
1048 5042 1164 5098 ait:
1202 5064 1228 5090 ››
1256 5043 1371 5115 Ego
1409 5059 1541 5098 sum
1600 5042 1840 5114 Josepb,
1886 5066 1913 5093 ››
1965 5061 2071 5115 ego

424 5142 555 5179 sum
588 5126 794 5183 divinas
828 5130 1118 5200 potentiae.
1153 5154 1181 5181 «
1216 5131 1419 5186 Adhuc
1441 5135 1606 5202 pater
1636 5146 1801 5185 meus
1831 5131 2069 5187 vivit?»

426 5212 542 5268 Hoc
572 5219 679 5282 est,
739 5219 855 5288 Ego
896 5223 1121 5291 patrem
1183 5236 1296 5276 non
1347 5236 1453 5293 ego
1523 5220 1728 5275 fratres
1796 5237 2069 5293 agnosco,

425 5299 475 5355 si
507 5308 608 5356 aut
636 5319 739 5359 vos
772 5306 1030 5376 fratrem,
1063 5312 1165 5364 aut
1221 5313 1386 5381 pater
1449 5307 1638 5365 filium
1670 5315 2065 5382 recognoscat.

497 5497 608 5578 (53)
653 5498 744 5551 Sic
775 5516 945 5578 omne
977 5520 1117 5559 mss.
1155 5509 1327 5577 atque
1374 5505 1536 5571 edit.,
1577 5509 1815 5578 excepta
1875 5507 2065 5578 Rom.,

426 5585 552 5639 qum
596 5567 749 5623 hunc
798 5573 1105 5643 Scripturre
1141 5567 1357 5631 textum
1390 5567 1686 5649 praemittit
1712 5567 1734 5633 ἶ
1759 5579 1821 5632 Et
1852 5595 1957 5635 non
1979 5567 2069 5651 po:

2186 2214 2215 2241 «
2250 2190 2439 2259 Pater,
2470 2187 2700 2244 dimitte
2720 2185 2837 2242 illis
2861 2203 2875 2254 ;
2898 2201 3015 2240 non
3041 2183 3198 2239 enim
3221 2183 3421 2239 sciunt
3441 2182 3573 2254 quid
3601 2179 3780 2236 faciunt

2186 2281 2337 2349 (Luc.
2365 2294 2527 2346 χχιιι,
2557 2276 2628 2331 34
2671 2274 2700 2329 ?
2732 2296 2761 2324 »
2790 2273 2940 2338 Quid
2971 2271 3129 2328 aliud
3160 2271 3264 2327 illa
3321 2268 3617 2343 appellatio
3671 2285 3776 2323 san-

2183 2366 2404 2424 ctitatis
2487 2366 2547 2420 in
2600 2363 2791 2421 medio
2846 2361 3239 2434 dieipulorum
3296 2359 3573 2417 dicentis:
3626 2380 3649 2405 ε(
3686 2356 3776 2410 Pax

2183 2457 2385 2513 vobis:
2419 2472 2524 2529 ego
2557 2470 2711 2523 sum,
2761 2451 2937 2508 nolite
2965 2450 3173 2508 timere
3217 2451 3371 2520 (Luc.
3430 2465 3572 2513 XXIV,
3622 2443 3773 2515 36)?»

2184 2548 2415 2603 Etcum
2454 2542 2785 2599 conturbati
2850 2546 2908 2596 et
2961 2539 3258 2595 conterriti
3307 2537 3684 2594 existimarent
3728 2546 3775 2586 se

2184 2633 2460 2708 spiritum
2489 2631 2702 2697 videre,
2733 2631 2948 2686 iterum
2977 2629 3123 2684 dixit
3152 2628 3225 2684 ad
3258 2626 3390 2684 illos
3415 2643 3428 2681 :
3461 2649 3489 2676 «
3519 2623 3653 2689 Quid
3679 2626 3775 2676 tur-

2184 2722 2305 2779 bati
2334 2722 2498 2789 estis,
2530 2724 2587 2776 et
2615 2734 2795 2792 quare
2814 2716 3194 2791 cogitationes
3222 2715 3543 2772 ascendunt
3562 2713 3615 2767 in
3635 2708 3775 2766 corda

2181 2815 2374 2867 vestra
2402 2810 2431 2865 ‘I
2456 2808 2677 2874 Videte,
2708 2823 2840 2863 ecce
2870 2822 3081 2861 manus
3110 2821 3298 2871 meas,
3328 2810 3386 2860 et
3413 2803 3578 2875 pedes
3626 2813 3774 2861 meos,

2184 2890 2323 2972 quia
2350 2914 2456 2971 ego
2485 2913 2617 2953 sum
2649 2896 2794 2968 ipse.
2826 2893 3082 2966 Palpate,
3113 2897 3171 2949 et
3199 2891 3558 2964 videte,quia
3576 2886 3775 2960 spiritus

2180 3004 2415 3044 carnem
2443 2991 2502 3043 et
2531 3001 2665 3041 ossa
2695 3001 2811 3040 non
2832 2983 3028 3052 habet,
3061 2982 3216 3038 sicut
3247 2998 3342 3037 me
3370 2979 3569 3036 videtis
3604 2975 3775 3032 habere

2184 3077 2342 3150 (Ibid.
2377 3074 2600 3145 38,39).
2636 3096 2664 3123 »
2696 3073 2825 3128 Haec
2853 3087 2991 3145 ergo
3031 3071 3160 3142 jam
3219 3070 3368 3127 507
3432 3074 3565 3124 tunc
3616 3065 3774 3119 futura

2184 3163 2606 3238 posterioribus
2634 3159 2999 3233 temporibus
3047 3159 3333 3231 mysteria
3362 3157 3597 3213 revelata
3644 3154 3771 3209 sunt.

2246 3263 2335 3316 70.
2362 3259 2624 3332 Denique
2652 3258 2774 3313 haec
2801 3256 2946 3327 ipsis
2982 3256 3396 3328 exprimuntur
3421 3249 3771 3310 sermonibus;

2177 3355 2243 3406 ut
2263 3351 2459 3422 ipsum
2490 3364 2619 3404 esse
2647 3345 3068 3417 intelligamus,
3098 3349 3157 3399 et
3185 3345 3289 3415 qui
3319 3347 3449 3399 ante
3476 3342 3533 3397 in
3571 3334 3771 3407 Josepb,

2177 3444 2235 3496 et
2271 3442 2472 3510 postea
2492 3436 2553 3491 in
2579 3434 3319 3504 suoloeutusestcorpore;
3353 3424 3771 3510 quandoquidem

2177 3508 2290 3586 nec
2310 3527 2483 3584 verba
2505 3524 2771 3581 mutavit.
2805 3524 2900 3579 Ait
2928 3522 3085 3579 enim
3113 3526 3255 3577 tunc
3288 3539 3302 3576 :
3338 3544 3366 3571 ‹‹
3397 3518 3575 3575 Nolite
3615 3508 3771 3570 mutati

2177 3634 2325 3674 esse.
2360 3639 2387 3668 ι)
2430 3616 2500 3671 Et
2526 3614 2715 3669 infra:
2759 3635 2787 3663 ‹‹
2817 3611 3129 3669 Ascendite
3188 3611 3262 3666 ad
3307 3613 3524 3682 patrem
3590 3615 3770 3663 meum,

2176 3712 2234 3765 et
2261 3705 2436 3762 dicite
2463 3703 2586 3759 illi:
2621 3703 2751 3758 Haec
2771 3700 2914 3757 dicit
2958 3699 3115 3756 filius
3169 3704 3314 3755 tuus
3356 3695 3595 3767 Joseph:
3650 3687 3773 3746 Fecit

2178 3811 2272 3850 me
2305 3795 2455 3850 Deus
2485 3789 2793 3847 dominum
2823 3787 3003 3844 totius
3034 3792 3200 3843 terra;
3229 3785 3456 3859 Egypti
3479 3782 3616 3854 (Gai.
3668 3791 3769 3835 XLV.

2176 3884 2255 3950 9).
2290 3903 2318 3932 ››
2348 3883 2420 3937 Et
2447 3880 2506 3935 in
2538 3876 2846 3950 Evangelia
2876 3878 2994 3933 ait:
3031 3897 3062 3927 «
3092 3874 3287 3932 Nolite
3315 3876 3533 3930 timere.
3558 3870 3771 3926 Ite.nuu-

2178 3972 2319 4027 tiate
2349 3969 2627 4026 fratribus
2652 3966 2800 4023 meis
2829 3969 2893 4021 ut
2921 3970 3057 4021 eant
3084 3964 3145 4020 in
3177 3963 3494 4026 Galilaeam,
3524 3963 3576 4014 et
3602 3955 3671 4011 ibi
3698 3965 3769 4006 me

2176 4059 2458 4116 videbunt
2487 4056 2697 4127 (Matth.
2731 4071 2931 4121 xxvm,
2957 4054 3066 4123 10).
3102 4075 3131 4103 ››
3164 4052 3231 4107 Et
3262 4052 3415 4107 intra
3447 4049 3558 4104 ait:
3592 4067 3618 4094 ‹‹
3654 4041 3768 4127 Data

2178 4153 2268 4206 est
2296 4147 2438 4202 mihi
2471 4125 2666 4201 omnis
2697 4147 2955 4214 potestas
2987 4142 3046 4196 in
3074 4141 3218 4196 caelo
3249 4147 3307 4196 et
3352 4140 3408 4194 in
3453 4142 3596 4193 terra
3638 4125 3764 4200 (Ibid.

2182 4238 2290 4309 18),
2322 4259 2350 4287 ››
2384 4235 2494 4290 hoc
2513 4237 2603 4290 est
2631 4232 2858 4288 dicere:
2892 4230 3098 4286 divinae
3130 4229 3239 4286 hoc
3273 4229 3383 4284 fuit
3409 4214 3766 4297 dispositionis

2181 4331 2245 4381 ut
2264 4324 2588 4395 acciperem
2609 4322 3107 4392 potestatem,non
3129 4315 3492 4373 accerbitatis
3520 4312 3764 4366 humana-

2179 4415 2303 4470 Non
2335 4411 2537 4481 objicit
2560 4407 2773 4472 scelus,
2805 4406 2903 4479 qui
2936 4412 3244 4463 enumerat
3292 4404 3602 4477 praemium.

3437 4522 3457 4548 α
3495 4496 3599 4553 Adr
3622 4490 3764 4544 vitam

2183 4600 2338 4656 enim
2369 4600 2619 4653 vestram
2643 4593 2802 4649 misit
2830 4609 2924 4649 me
2952 4592 3107 4648 Deus
3127 4597 3262 4647 ante
3289 4606 3408 4655 vos,
3442 4610 3469 4636 »
3510 4578 3677 4669 reddit
3713 4574 3764 4669 in

2183 4685 2493 4759 Evangelia
2539 4684 2775 4739 dicens:
2811 4704 2838 4731 «
2872 4680 3082 4736 Docete
3112 4696 3316 4736 omnes
3352 4679 3584 4763 gentest
3613 4666 3764 4763 bapti-

2181 4755 2382 4832 zantes
2413 4790 2513 4830 eos
2542 4773 2601 4827 in
2630 4769 2868 4826 nomine
2900 4768 3107 4835 Patris,
3147 4772 3204 4823 et
3259 4766 3401 4833 Filii,
3448 4766 3503 4818 et
3554 4755 3763 4828 Spiritus

2182 4864 2367 4923 sancti
2389 4862 2546 4935 (Ibid.
2579 4860 2690 4927 19).
2716 4880 2745 4909 ››
2765 4858 2895 4913 Haec
2925 4858 3082 4913 enim
3114 4861 3204 4912 est
3226 4870 3440 4912 merces
3468 4854 3522 4906 et
3540 4846 3645 4901 vita
3662 4852 3763 4895 san-

2180 4958 2429 5018 ctorum,
2462 4949 2617 5022 quod
2648 4945 2823 5003 etiam
2854 4944 3000 5001 alios
3040 4945 3426 5001 redemerunt.

2248 5053 2339 5105 72.
2379 5047 2524 5103 illud
2582 5059 2814 5118 quoque
2870 5043 3123 5110 adverte,
3156 5059 3271 5098 non
3301 5028 3761 5127 otiosehscriptug

2179 5140 2238 5195 in
2266 5136 2512 5194 Genesi:
2549 5156 2577 5185 ‹‹
2601 5111 2676 5189 Et
2704 5111 2818 5188 eris
2845 5147 3026 5203 prope
3075 5147 3189 5200 me,
3237 5134 3299 5185 tu
3337 5132 3394 5185 et
3437 5121 3534 5179 ﬁlii
3575 5113 3668 5179 tui,
3700 5111 3761 5206 iet

2180 5226 2281 5284 lilii
2304 5225 2573 5281 ﬁliorum
2601 5225 2841 5277 tuorum
2872 5218 3024 5292 (Gen.
3056 5237 3186 5288 XLV,
3220 5219 3307 5289 10)
3329 5239 3356 5267 ››
3384 5215 3493 5270 Hoc
3520 5210 3600 5264 est
3635 5208 3759 5256 enim

2179 5316 2334 5390 quod
2356 5313 2503 5371 dixit
2522 5311 2582 5366 in
2612 5307 2921 5382 Evangelia
2957 5325 2970 5363 :
3008 5330 3035 5359 »
3065 5309 3209 5364 Ecce
3229 5323 3331 5380 ego
3359 5300 3627 5359 vobiscum
3653 5295 3757 5343 sum

2178 5515 2284 5568 tuit
2310 5510 2502 5583 Ioseph
2553 5506 2789 5563 tolerare
2837 5519 3023 5583 omnes
3065 5506 3316 5583 astantes
3367 5500 3437 5565 ei,
3485 5488 3568 5583 sed
3607 5480 3759 5539 (ἰὰ-ἐκ

2178 5567 2630 5641 Ειηίὶίἰεθόιπηθδ
2661 5596 2695 5634 a
2725 5592 2831 5645 me,
2855 5578 3024 5633 Iussit
3050 5577 3235 5649 Ioseph
3265 5585 3460 5635 omnes,
3489 5567 3583 5620 etc.
