4122 6146
190 354 312 421 701

189 579 235 637 li
266 577 483 654 (Matth.
517 583 715 643 xxviii,
747 573 860 641 20).
901 595 921 620 ι

268 670 363 725 73.
398 670 584 735 Quam
615 664 853 720 evidens
885 677 1113 733 quoque
1144 659 1289 715 illud
1322 658 1856 733 mysterium,quod

187 758 382 816 veluti
414 753 700 826 completo
731 750 893 808 omni
931 749 1487 817 mandato,lratrem
1519 764 1697 804 suum
1719 747 1860 802 Ben-

174 847 388 919 jamin
416 841 823 916 complectitur
859 838 1182 911 Joseph,et
1239 836 1451 893 cecidit
1497 854 1679 910 super
1735 835 1857 890 col—

181 938 322 992 lum
355 936 485 1006 ejus
516 932 667 1002 (Gen.
701 932 856 998 XLV),
893 927 1046 984 sicut
1076 929 1253 983 etiam
1286 926 1574 1000 completo
1608 928 1860 997 Evange-

181 1025 268 1082 lio
300 1023 574 1080 Christus
595 1020 846 1076 Paulum
881 1015 1258 1090 amplectitur
1292 1017 1651 1089 quibusdam
1688 1013 1860 1069 mise-

185 1111 464 1171 ricordia;
494 1128 612 1166 suae
641 1108 904 1164 brachiis
935 1108 1071 1175 (Act.
1105 1106 1298 1179 xx,37)
1324 1125 1337 1173 ;
1378 1110 1442 1160 ut
1473 1104 1708 1160 interna
1738 1101 1847 1174 opi-

187 1205 373 1262 nione
396 1204 728 1265 curvatum,
759 1196 921 1253 velut
947 1214 978 1251 a
1008 1196 1158 1252 collo
1189 1196 1248 1251 in
1284 1194 1494 1251 cmlum
1524 1190 1859 1265 erigat.Un-

187 1294 267 1348 de
299 1295 357 1346 et
388 1287 485 1344 ille
516 1291 741 1343 erectus
765 1304 800 1341 a
830 1284 1061 1341 Christo
1109 1285 1227 1340 ait:
1295 1308 1314 1334 ιι
1377 1285 1591 1339 Nostra
1660 1284 1861 1337 autem

189 1376 561 1438 conversatio
591 1376 650 1431 in
681 1374 843 1430 costis
872 1379 960 1431 est
991 1374 1262 1447 (Philipp.
1296 1389 1360 1440 ιι,
1392 1375 1505 1443 20).
1544 1394 1571 1420 ››

825 1480 1057 1536 CAPUT
1119 1481 1266 1536 XIII.

191 1577 454 1632 Inventas
476 1591 509 1628 a
536 1571 729 1642 Ioseph
758 1573 962 1641 fratres
990 1570 1198 1638 gaudet
1218 1570 1461 1642 Pharao,
1517 1569 1674 1639 cujus
1734 1582 1863 1636 erga

271 1646 484 1703 eosdem
514 1640 824 1699 humanitus
852 1642 1189 1713 evplicatur.
1238 1640 1382 1713 Quid
1439 1654 1690 1703 munera,
1739 1651 1866 1709 qui?

271 1716 480 1790 Josephq
497 1714 764 1786 fratribus
788 1722 838 1790 et
867 1712 1146 1790 przecipue
1173 1712 1465 1790 Benjam‘in
1498 1713 1743 1790 con.frrt,_
1761 1716 1862 1790 ἀι-

273 1781 729 1860 ῃιιείαάίραιτβνη
764 1781 1047 1860 destinat.
1091 1783 1453 1860 signiﬁcent.»
1499 1781 1667 1860 Quid-
1696 1781 1866 1835 etiam

282 1852 418 1915 'uod
444 1852 570 1913 illos
598 1855 921 1911 discedentes
949 1854 1018 1909 ad
1049 1852 1239 1924 pacem
1257 1856 1605 1910 exhortatur.
1633 1854 1767 1921 Quae
1788 1866 1872 1932 re:
1898 1852 1946 1915 Β

272 1877 430 1986 Ξίιυςς
459 1932 703 1986 ipsorum
734 1928 794 1980 in
824 1930 1031 1981 terram
1067 1925 1360 1986 Chanaan,
1432 1928 1483 1979 et
1538 1928 1714 1986 patris
1774 1922 1872 1977 ubi

318 1934 430 2007 itus
459 1932 703 2007 ipsorum
734 1928 794 2007 iii
824 1922 1360 2007 ιθνναιιξοζιαῃᾳαη,
1432 1928 1483 1979 et
1537 1928 1714 2007 patris
1774 1922 1872 1977 ubi

278 1997 495 2058 audivit
523 1998 709 2071 ﬁlium
736 2000 929 2064 vivere,
961 1997 1265 2061 admiratio
1306 1997 1685 2067 consequitur.

281 2091 377 2145 74.
408 2089 476 2144 Et
534 2087 769 2160 gavisus
796 2090 883 2141 est
911 2085 1163 2151 Pharao,
1198 2085 1359 2155 quod
1418 2083 1637 2153 Joseph
1695 2099 1874 2155 agno-

204 2180 401 2237 visset
428 2177 635 2232 fratres
669 2192 829 2230 suos.
862 2173 1028 2230 Unde
1054 2176 1112 2227 et
1140 2171 1384 2245 vulgata
1415 2177 1504 2227 est
1532 2189 1641 2227 vox
1671 2172 1731 2226 in
1774 2171 1876 2225 do-

211 2285 318 2325 mo
348 2266 594 2322 Pharao.
626 2264 695 2319 Et
723 2263 993 2318 hortatus
1040 2264 1130 2317 est
1184 2264 1457 2316 sanctum
1511 2260 1754 2332 Joseph,
1818 2263 1883 2313 ut

214 2358 435 2414 fratres
466 2370 604 2410 suos
632 2351 838 2407 invitet
868 2354 932 2406 ut
960 2348 1201 2404 veniant
1228 2364 1364 2403 cum
1398 2354 1560 2421 patre
1586 2367 1598 2405 :
1632 2352 1689 2405 et
1720 2364 1887 2403 man-

219 2446 336 2501 dat
373 2441 603 2515 impleri
632 2456 832 2496 eorum
866 2438 1132 2495 sarcinas
1161 2436 1375 2503 tritico,
1408 2442 1465 2492 et
1493 2437 1760 2494 vehicula
1780 2437 1885 2491 da-

222 2535 276 2591 ri
311 2534 468 2603 (Gen.
506 2547 632 2598 va,
668 2530 877 2599 16-20).
912 2527 1079 2583 Unde
1112 2525 1232 2580 haec
1273 2525 1614 2582 humanitas
1672 2525 1883 2581 barba-

221 2641 314 2689 ro,
350 2620 465 2677 nisi
506 2618 650 2674 illud
699 2618 1109 2672 ostenderetur
1165 2631 1447 2686 magnum
1508 2615 1882 2688 mysterium,

220 2710 531 2784 quodjam
564 2724 678 2762 non
712 2704 932 2760 invidet
977 2702 1256 2771 Ecclesia,
1318 2720 1450 2758 cum
1512 2705 1888 2760 redimuntur

214 2798 439 2865 Judaei,
471 2801 529 2853 et
559 2795 811 2868 populus
841 2792 1215 2849 Christianus
1246 2791 1354 2847 hac
1386 2793 1762 2864 adjunctione
1795 2792 1888 2848 las-

219 2892 409 2956 tatur,
443 2891 501 2942 et
530 2884 747 2957 quibus
778 2887 971 2956 potest
1003 2879 1285 2937 subsidiis
1339 2881 1527 2952 juvat,
1587 2888 1644 2938 et
1702 2882 1888 2938 mittit

224 2974 701 3048 evangelizantes
733 2987 982 3044 regnum
1016 2970 1136 3037 Dei,
1171 2986 1286 3041 quo
1318 2971 1606 3028 maturius
1651 2988 1887 3028 evocen-

216 3070 321 3121 tur
348 3065 380 3119 Ἰ
413 3063 642 3130 Quibus
665 3062 882 3116 dantur
911 3059 1061 3114 bina“:
1095 3058 1254 3113 stolae
1285 3058 1437 3128 (Gen.
1472 3079 1598 3129 xcv,
1624 3063 1737 3133 22).

288 3151 467 3208 73.Et
496 3150 708 3221 allegat
735 3147 986 3204 Paulum
1022 3147 1299 3219 (54),cum
1332 3147 1460 3218 ejus
1492 3148 1647 3204 dicta
1676 3150 1885 3220 depro-

1267 344 1503 409 LIBER
1545 348 1648 410 DE
1689 343 1985 410 JOSEPH
2032 342 2579 411 PATBIARCHA.

191 486 483 548 omnibus
505 484 715 543 diebus
746 497 934 556 usque
964 476 1037 537 ad
1069 479 1638 537 consummationem
1673 496 1844 535 szecu-
1889 478 1947 547 Α

3533 356 3652 422 702

2052 483 2141 538 76.
2176 476 2475 537 Praecellit
2513 476 2698 551 igitur
2744 479 2965 541 Paulus
2994 487 3052 541 et
3081 482 3210 557 ejus
3239 488 3520 548 exuberat
3549 511 3656 566 por

1968 573 2051 628 tio
2089 590 2101 628 :
2136 571 2235 626 sed
2263 567 2716 627 tamenhabent
2736 575 2793 627 et
2818 571 2918 628 alii
2941 575 3348 646 praedicatores
3372 580 3654 652 gratiam-

1972 678 2167 718 suam.
2196 661 2391 716 Binas
2426 656 2608 713 stolas
2638 660 2950 733 accipiunt.
2997 665 3151 729 Quas
3204 666 3334 724 illas
3366 669 3394 724 ?
3438 670 3652 744 Utique

1973 752 2046 808 de
2077 749 2294 824 quibus
2327 747 2616 804 dubitare
2640 767 2754 805 non
2788 752 2984 819 debes,
3016 754 3154 826 quia
3193 754 3389 829 legisti
3435 761 3506 816 de
3555 763 3655 819 Sa-

1973 840 2198 913 pientia
2229 839 2477 895 dictum
2504 853 2516 890 :
2552 860 2579 887 «
2605 838 2778 896 Binas
2808 847 2996 898 vestes
3027 844 3160 900 fecit
3188 846 3310 902 viro
3333 865 3439 905 suo
3461 852 3648 920 (Prov.

1972 947 2129 998 xxxx,
2161 932 2275 998 22).
2314 950 2349 978 ››
2392 926 2521 982 Una
2550 930 2639 982 est
2686 929 2947 1001 mystica,
2982 933 3221 989 moralis
3272 934 3457 994 altera
3512 942 3648 1015 (55).

1973 1020 2088 1074 Sed
2122 1037 2236 1074 non
2269 1032 2495 1073 omnes
2528 1017 2793 1087 apostoli,
2828 1036 2940 1075 non
2972 1038 3174 1085 omnes
3206 1025 3647 1097 prophetzemon

1974 1125 2183 1163 omnes
2213 1110 2516 1180 pastores.
2552 1123 2663 1162 non
2713 1125 2916 1164 omnes
2964 1110 3232 1181 virtutes,
3284 1131 3399 1170 non
3442 1134 3647 1177 omnes

1975 1196 2196 1252 habent
2245 1193 2511 1268 gratiam
2558 1195 2948 1265 curationum,
2998 1216 3115 1255 non
3162 1218 3369 1260 omnes
3424 1204 3648 1280 linguis

1975 1284 2325 1356 loquuntur.
2368 1283 2480 1338 Ubi
2512 1284 2739 1341 diversa
2769 1288 2994 1354 merita,
3028 1292 3268 1361 praemia
3290 1292 3537 1352 diversa.

2046 1375 2138 1427 77.
2176 1375 2243 1428 Et
2272 1372 2718 1444 praemittuntur
2748 1375 2896 1446 patri
2932 1393 3176 1433 munera
3207 1379 3359 1450 (Gen.
3394 1386 3641 1459 xm.v,25).

1974 1461 2163 1517 Filius
2186 1462 2441 1517 honorat
2466 1465 2712 1533 patrem,
2736 1463 3014 1520 Christus
3043 1469 3328 1539 populum
3361 1488 3536 1530 suum
3562 1478 3645 1532 in-

1974 1550 2125 1604 vitat
2158 1550 2500 1622 promissis,
2533 1551 2743 1606 invitat
2796 1555 3160 1612 muneribus.
3228 1557 3471 1617 Portant
3522 1563 3644 1623 haac

1978 1654 2242 1692 munera
2270 1637 2423 1693 asini
2448 1637 2531 1693 illi
2563 1638 2821 1706 inutiles,
2855 1646 2912 1697 et
2968 1644 3247 1703 laboriosi
3307 1653 3441 1705 ante
3490 1669 3645 1711 nunc

1977 1724 2164 1780 utiles
2200 1743 2213 1779 :
2247 1732 2486 1797 portant
2516 1727 2574 1782 in
2608 1733 2742 1800 typo
2787 1729 3001 1787 Christi
3036 1750 3303 1806 munera,
3357 1745 3646 1811 portaturi

1979 1815 2038 1868 in
2073 1814 2398 1887 Evangelio
2424 1833 2742 1873 munerum
2783 1818 3141 1893 largitorem.

2056 1904 2153 1956 78.
2195 1926 2220 1951 ‹‹
2252 1902 2487 1960 Dimisit
2519 1910 2717 1961 autem
2749 1907 2957 1966 fratres
2987 1928 3126 1969 suos
3166 1918 3225 1970 et
3257 1916 3548 1978 abierunt.
3584 1921 3650 1979 Et

1985 1991 2137 2047 dixit
2174 1989 2292 2084 illis
2321 1993 2541 2066 Joseph
2577 2012 2590 2050 :
2639 1995 2825 2054 Nolite
2858 1999 3027 2057 irasci
3081 2002 3141 2058 in
3174 2003 3266 2061 via
3321 2010 3488 2077 (Ibid.
3536 2012 3652 2084 24).

1987 2082 2185 2145 Quam
2217 2080 2571 2173 benedocet
2599 2085 2670 2141 ab
2702 2086 3004 2146 iracundia
3025 2080 3654 2173 preecavendum,quod

1989 2186 2057 2225 ea
2085 2170 2278 2241 possit
2308 2171 2491 2226 etiam
2524 2179 2788 2234 amantes
2829 2181 2920 2234 sui
2978 2198 3250 2255 separare
3291 2170 3604 2260 germanos
3640 2209 3653 2249 :

1992 2263 2048 2314 et
2079 2259 2339 2315 maxime
2371 2258 2435 2314 in
2480 2261 2573 2317 via
2605 2263 2937 2335 fugiendam
2970 2288 3098 2329 esse
3144 2258 3522 2346 discordiam,
3555 2280 3657 2338 ubi

1994 2348 2122 2441 ipse
2154 2348 2348 2404 viandi
2382 2351 2703 2441 comitatus
2736 2357 2905 2413 debet
2938 2360 3293 2423 inviolabilis
3323 2369 3521 2441 gratia:
3552 2370 3658 2427 ha-

1994 2436 2132 2490 bere
2163 2436 2555 2496 consortium.
2590 2444 2734 2508 Quid
2769 2451 2966 2504 autem
3025 2450 3207 2519 aliud,
3240 2436 3355 2511 ait-
3371 2456 3657 2516 Dominus

1998 2527 2196 2579 noster
2222 2525 2423 2589 Jesus,
2456 2545 2525 2583 ex
2557 2530 2666 2588 hoc
2696 2550 2936 2608 corpore
2967 2555 3329 2611 recessurus,
3362 2563 3496 2603 cum
3533 2550 3657 2606 dis-

1996 2611 2224 2684 cipulos
2255 2614 2581 2677 dimitteret
2610 2639 2769 2693 suos,
2802 2626 2915 2680 nisi
2943 2643 3016 2681 ne
3046 2629 3515 2691 irascerenturin
3541 2638 3654 2703 via,

1997 2701 2199 2789 dicens
2234 2718 2246 2754 :
2291 2725 2321 2751 ‹‹
2358 2702 2564 2763 Pacem
2596 2711 2862 2784 relinquo
2894 2715 3080 2781 vobis,
3115 2736 3317 2789 pacem
3341 2739 3531 2780 meam
3578 2701 3652 2782 do

1995 2788 2369 2859 vobis(Joan.
2395 2810 2511 2865 xxv,
2543 2800 2632 2871 27)
2663 2802 2691 2855 ?
2717 2822 2745 2851 »
2779 2801 2885 2858 Ubi
2908 2803 3065 2860 enim
3115 2788 3223 2877 pax
3248 2814 3356 2877 est,
3417 2811 3647 2871 iracun—

1997 2877 2094 2973 dia
2122 2877 2319 2973 locum
2354 2899 2470 2939 non
2503 2885 2699 2956 habet,
2722 2889 3027 2963 ablegatur
3058 2894 3354 2955 discordia
3396 2902 3531 2973 (56),
3567 2904 3656 2960 fu-

1997 2971 2172 3039 gatur
2209 2968 2521 3029 dissensio.
2552 2976 2668 3033 Hoc
2700 2984 2789 3034 est
2816 2995 2953 3053 ergo
2984 2983 3140 3054 quod
3175 2984 3256 3040 ait
3288 3003 3302 3042 :
3360 2968 3412 3037 ‹‹⁷
3447 2968 3653 3048 Pacem

2000 3071 2190 3111 meam
2218 3057 2293 3113 do
2324 3061 2488 3117 vobis
2523 3083 2535 3130 ;
2573 3088 2598 3114 ››
2627 3066 2681 3121 id
2713 3072 2820 3136 es‘t,
2856 3092 2882 3117 ‹‹
2916 3068 3105 3145 Nolite
3135 3073 3311 3130 irasci
3359 3076 3418 3132 in
3477 3080 3590 3134 via.
3626 3103 3654 3130 ››

2000 3144 2067 3199 Et
2093 3144 2223 3200 vide
2250 3164 2323 3203 ne
2353 3149 2412 3205 in
2444 3151 2552 3208 hac
2586 3154 2680 3210 via
2709 3156 2885 3223 dicat,
2919 3144 3028 3214 hoc
3058 3165 3169 3228 est,
3206 3164 3266 3218 in
3312 3164 3421 3220 hoc
3475 3183 3650 3225 cursu

216 3242 357 3309 mit,
387 3238 485 3294 cui
515 3216 755 3294 trecenti
788 3236 972 3302 aurei,
1005 3216 1062 3291 et
1087 3216 1347 3307 quinque
1363 3216 1532 3290 stolae
1570 3237 1727 3307 (Ibid.
1749 3216 1769 3220 _
1789 3236 1881 3307 23)
1916 3216 1959 3282 C
2000 3233 2180 3323 totius
2209 3235 2339 3292 vita;
2369 3238 2834 3313 indignationem
2867 3216 3208 3318 cavendam,
3245 3216 3651 3323 ξιιὶὸξιίτῖἷδξθῖ

214 3328 447 3387 diversi
489 3325 700 3382 coloris
752 3324 1126 3380 conferantur
1182 3340 1216 3379 a
1264 3323 1508 3379 Christo.
1572 3326 1887 3381 Trecentos

215 3433 441 3474 aureos
471 3415 667 3481 habet,
700 3414 799 3485 qui
833 3429 1063 3468 crucem
1103 3411 1379 3484 praedicat
1424 3412 1660 3470 Christi.
1716 3416 1885 3471 Ideo-

213 3524 341 3581 que
367 3504 525 3562 508
551 3503 634 3559 ait
669 3519 683 3557 :
717 3525 742 3552 «
773 3502 973 3573 Neque
1001 3500 1157 3556 enim
1181 3501 1440 3572 judicavi
1473 3518 1564 3557 me
1596 3504 1745 3559 scire
1778 3502 1885 3559 ali-

210 3594 370 3668 quid
406 3593 559 3647 inter
589 3590 828 3655 vos,nisi
857 3589 1156 3645 Christum
1186 3589 1413 3656 Jesum,
1436 3595 1491 3645 et
1520 3590 1678 3648 hunc
1706 3592 1885 3648 cruci-

210 3683 477 3751 ﬁxum(l
506 3680 625 3735 Cor.
661 3696 722 3746 ιι,
752 3679 828 3750 2).
866 3700 894 3726 »
926 3678 994 3732 Et
1026 3678 1171 3733 bene
1201 3694 1409 3734 aureos
1454 3679 1687 3750 accipit,
1745 3680 1886 3752 quia

210 3790 345 3829 non
381 3772 441 3825 in
477 3767 759 3824 suasoriis
790 3767 1058 3821 humana:
1082 3766 1380 3838 sapientiae
1413 3765 1624 3836 verbis,
1686 3770 1788 3826 scd
1822 3769 1882 3823 in

210 3856 566 3916 ostensione
615 3854 860 3928 spiritus
918 3854 1287 3927 praedicabat.
1358 3854 1627 3928 Quinque
1685 3862 1883 3913 autem

211 3945 414 4005 stolas
446 3944 678 4016 accipit,
709 3941 798 3998 vel
832 3942 1128 4015 sapientia
1161 3942 1514 4015 multiplices
1538 3944 1882 4018 disciplinas

210 4034 315 4091 vel
343 4033 502 4106 quod
527 4031 707 4088 nullis
738 4048 979 4087 sensum
1010 4031 1397 4102 corporalium
1432 4037 1636 4104 captus
1682 4035 1881 4092 illece-

210 4125 373 4191 bris,
412 4121 513 4176 ubi
544 4120 675 4176 aliis
700 4119 1048 4193 periculum,
1083 4118 1198 4174 illic
1251 4124 1472 4176 teneret
1522 4121 1828 4181 victoriam
1864 4144 1878 4193 ;

213 4213 330 4285 qui
366 4226 575 4266 omnes
605 4209 930 4281 voluptates
960 4209 1152 4264 carnis
1201 4209 1487 4282 singulari
1519 4214 1882 4270 continentia

214 4307 283 4357 et
310 4301 532 4355 virtute
562 4302 882 4371 superaret,
917 4299 1085 4368 cujus
1136 4297 1433 4370 ingenium
1494 4299 1880 4374 studiumque

215 4388 399 4445 nulla
426 4387 686 4458 corporis
716 4387 1016 4442 hebetaret
1048 4385 1380 4451 inﬁrmitas,
1417 4386 1518 4456 qui
1549 4403 1689 4445 cum
1721 4396 1877 4446 esset

210 4478 283 4534 in
317 4492 586 4548 corpore,
610 4492 823 4546 corpus
855 4491 916 4529 se
947 4474 1158 4529 habere
1188 4474 1727 4548 nesciret.Denique
1752 4497 1879 4551 rap-

211 4574 323 4624 tus
355 4566 418 4621 in
450 4564 814 4637 paradisum,
860 4563 979 4619 sive
1008 4564 1067 4617 in
1100 4579 1358 4634 corpore,
1392 4562 1511 4618 sive
1542 4570 1704 4621 extra
1752 4585 1876 4623 cor-
1910 4588 1956 4650 ι)

213 4674 339 4730 pus
373 4653 641 4709 nesciens
672 4653 893 4708 audivit
925 4652 1098 4706 verba
1146 4650 1480 4714 ineffabilia,
1541 4668 1667 4723 quae
1717 4650 1876 4725 loqui

213 4741 458 4801 homini
492 4757 604 4797 non
634 4741 835 4797 liceret
868 4758 880 4796 :
912 4739 1014 4811 qui
1056 4743 1347 4810 postremo
1379 4738 1524 4793 nihil
1584 4747 1875 4796 terrenum

211 4833 415 4889 oleret
445 4830 503 4884 in
529 4829 720 4901 terris,
758 4829 910 4885 sicut
940 4829 1065 4900 ipse
1096 4829 1261 4883 docet
1310 4828 1509 4883 dicens
1570 4846 1582 4883 :
1644 4853 1672 4879 ‹‹
1732 4832 1879 4896 Quia

213 4920 445 4979 Christi
478 4919 665 4974 bonus
732 4919 875 4974 odor
931 4933 1138 4974 sumus
1187 4917 1302 4971 Deo
1348 4917 1404 4970 in
1473 4916 1543 4972 iis
1574 4919 1673 4990 qui
1733 4920 1874 4975 salvi

214 5013 380 5066 ﬁunt
412 5008 488 5081 (II
505 5007 625 5064 Cor.
661 5026 719 5077 ιι,
755 5009 865 5078 15).

295 5168 417 5241 (55)
439 5167 654 5241 Omnes
683 5168 821 5224 edit.
850 5184 916 5241 ac
947 5182 1089 5221 mss.
1120 5164 1359 5241 aliquot,
1396 5167 1459 5221 Et
1498 5168 1875 5235 alligat‘l’au-

217 5237 365 5298 tum.
401 5237 668 5312 ‘Aliihnon
699 5240 900 5312 pauci,
924 5255 1027 5312 nec
1058 5237 1363 5312 postremae
1394 5242 1567 5312 notae,
1596 5241 1876 5308 Etallegat

216 5312 494 5370 Paulum.
523 5310 638 5366 Hoc
668 5307 861 5366 a'utem
889 5310 1017 5364 ideo
1047 5308 1326 5363 duximus
1358 5307 1490 5363 aliis
1521 5307 1877 5379 anteponeno

218 5386 356 5452 dos,
384 5381 541 5453 quod
575 5382 897 5453 Benjamin,
930 5379 1031 5453 qui
1054 5379 1213 5453 Pauli
1244 5381 1429 5452 figura
1448 5385 1591 5447 erat,
1616 5398 1738 5453 non
1762 5399 1879 5438 me-

222 5450 506 5525 moratur
536 5458 666 5524 post
687 5450 853 5508 'haac
884 5450 1548 5525 agnitionem_mutuam
1578 5450 1873 5525 alligatus;

220 5531 278 5583 et
309 5522 686 5596 Paulus—ipse
710 5541 831 5579 cum
872 5522 987 5595 ejus
1033 5522 1176 5578 dicta
1234 5522 1645 5648 depromuntur,
1679 5522 1878 5581 minus

221 5602 385 5648 recte
418 5595 710 5648 diceretur
737 5596 987 5648 allinari.
1022 5611 1198 5648 quam
1233 5594 1286 5648 at
1315 5595 1488 5648 eaari.
1520 5592 1627 5648 hoc
1654 5599 1759 5648 est.
1795 5596 1874 5648 le-

221 5602 385 5654 recte
418 5592 710 5650 diceretur
737 5592 987 5663 alligari,
1022 5611 1198 5664 quam
1233 5592 1488 5661 atlegari,
1520 5592 1633 5649 hoc
1654 5599 1759 5661 est,
1795 5596 1874 5652 le-

225 5674 407 5741 gatus
439 5666 610 5720 mitti.

1997 3339 2069 3395 pe
2097 3322 2205 3394 (11,
2240 3332 2443 3397 quaest.
2477 3330 2529 3384 3.
2561 3332 2653 3387 Ira
2681 3336 2841 3404 saepe)
2875 3334 3055 3391 etiam
3085 3322 3505 3398 innocentesin
3538 3346 3648 3400 cri-

1997 3427 2131 3466 men
2162 3412 2415 3470 adducat
2444 3410 2457 3471 ἑ
2482 3419 2621 3488 quia
2640 3421 2782 3475 dum
2826 3423 2982 3493 iusto
3028 3426 3286 3499 amplius
3317 3428 3647 3501 irascimur,

1995 3504 2053 3556 et
2082 3498 2355 3556 volumus
2386 3503 2645 3561 alienum
2678 3524 2941 3566 coercere
2996 3498 3324 3585 peccatum,
3383 3498 3651 3590 graviora

1996 3591 2232 3660 peccata
2257 3591 2704 3650 committimus.
2740 3596 2872 3653 Ideo
2903 3601 3223 3671 Apostolus
3256 3622 3269 3659 :
3307 3629 3334 3655 ‹‹
3369 3607 3492 3663 Νοιι
3546 3624 3649 3664 vos

1997 3678 2175 3749 ipsos,
2208 3676 2425 3749 inquit,
2474 3679 2859 3750 vindicantes,
2919 3686 3301 3748 charissimi:
3355 3696 3455 3749 sed
3514 3696 3647 3751 date

1994 3766 2188 3822 locum
2220 3766 2317 3821 iraa
2349 3769 2523 3839 (Rom.
2555 3786 2656 3839 xu,
2702 3772 2802 3839 I9),
2836 3773 2945 3830 hoc
2976 3778 3459 3843 est,declinemus
3493 3799 3644 3847 eam,

1995 3872 2066 3911 ne
2099 3871 2206 3911 nos
2229 3854 2331 3912 illa
2359 3858 2654 3930 corripiat.
2690 3861 2851 3916 Unde
2874 3862 3162 3922 Dominus
3218 3867 3396 3923 Jesus
3450 3871 3646 3925 dimit-

1990 3949 2143 4011 tens,
2177 3944 2247 4000 ad
2281 3946 2799 4020 evangelizandum
2831 3950 3173 4025 discipulos,
3209 3953 3368 4010 misit
3398 3973 3495 4011 eos
3518 3958 3646 4013 sine

1992 4050 2152 4100 auro,
2188 4034 2312 4089 sine
2335 4040 2595 4109 argento,
2651 4039 2779 4094 sine
2809 4042 3075 4111 pecunia,
3111 4042 3238 4098 sine
3297 4060 3454 4116 pera,
3518 4045 3644 4101 sine

1988 4121 2170 4194 virga,
2196 4122 2250 4176 id
2281 4128 2388 4191 est,
2425 4130 2488 4179 ut
2517 4129 2574 4181 et
2602 4125 2893 4183 incentiva
2944 4130 3082 4198 litis,
3116 4135 3173 4186 et
3242 4132 3642 4190 instrumenta

1988 4210 2234 4281 eriperet
2276 4210 2535 4268 ultionis.

2058 4301 2145 4355 79.
2188 4320 2208 4347 α
2237 4301 2305 4355 Et
2332 4303 2743 4372 ascenderunt,
2782 4305 2998 4377 inquit,
3031 4308 3102 4363 de
3135 4308 3398 4382 Egypto,
3427 4315 3483 4366 et
3540 4328 3640 4367 ve-

1989 4393 2203 4444 nerunt
2236 4389 2386 4446 509
2418 4391 2475 4445 in
2509 4394 2721 4448 terram
2764 4394 3038 4451 Chanaan
3072 4397 3142 4451 ad
3175 4397 3355 4453 Jacuh
3415 4405 3640 4471 patrem

1989 4494 2160 4531 suum
2197 4495 2209 4545 ;
2243 4481 2301 4533 et
2334 4479 2751 4536 nuntiaverunt
2783 4482 2861 4536 illi
2898 4485 3156 4542 dicentes
3193 4504 3205 4540 :
3244 4488 3392 4552 Quia
3420 4487 3636 4562 Joseph

1989 4563 2143 4619 filius
2175 4569 2312 4619 tuus
2342 4566 2480 4619 vivit
2512 4571 2568 4621 ct
2603 4566 2725 4639 ipso
2755 4574 2844 4625 est
2875 4574 3147 4647 princeps
3217 4578 3397 4631 totius
3472 4583 3634 4632 terrae

1985 4653 2210 4726 [Egypti
2246 4656 2401 4725 (Gen.
2433 4672 2557 4720 XLV,
2584 4658 2673 4721 25,
2706 4658 2818 4729 26).
2856 4683 2885 4709 ››
2921 4661 3056 4725 Qua:
3087 4668 3177 4718 cst
3208 4670 3361 4721 terra
3405 4666 3638 4721 Chana—

1986 4759 2059 4797 an
2082 4742 2108 4797 ?
2135 4743 2269 4806 Qua:
2294 4743 2555 4798 nutabat.
2593 4744 2740 4811 Quid
2768 4746 2951 4819 igitur
2977 4755 3096 4805 tam
3151 4752 3409 4816 evidens,
3455 4768 3632 4823 quam

1985 4830 2380 4902 apostolorum
2409 4834 3021 4910 temporadesignari?
3042 4838 3147 4905 Qui
3177 4840 3425 4912 ingressi
3448 4839 3636 4894 Judae-

1984 4937 2151 4975 orum
2186 4936 2511 4993 synagogas
2544 4927 2840 4991 nutantes,
2874 4927 3106 4983 Domini
3136 4927 3277 4982 Jesu
3312 4927 3633 4998 potentiam

1984 5007 2556 5079 przedicabant,sicut
2579 5010 2867 5071 habemus
2891 5016 2948 5071 in
2971 5015 3217 5071 Actibus
3233 5016 3631 5086 apostolorum
3692 5092 3697 5095 ν

2059 5168 2170 5247 (55)
2203 5168 2310 5223 Per
2340 5170 2643 5247 mysticam
2679 5172 3047 5247 ot_moralem
3109 5171 3319 5247 stolam
3375 5172 3636 5247 intellige

1987 5240 2295 5312 mysticam
2328 5248 2384 5295 et
2408 5240 2697 5296 moralem
2731 5244 3171 5315 Scripturarum
3199 5240 3630 5317 interpretatio-

1991 5329 2145 5367 nem.

2060 5383 2170 5457 (56)
2203 5383 2345 5457 Mss.
2381 5382 2587 5457 majori
2622 5399 2864 5457 numero
2896 5389 2952 5441 et
3011 5385 3374 5457 auctoritate,
3434 5390 3636 5457 alliga-

1987 5452 2079 5509 tur
2099 5452 2388 5530 discordia
2410 5471 2433 5516 ;
2460 5452 2705 5530 _Thcod.,
2749 5456 3131 5511 misericordia
3161 5473 3200 5530 ,‘A
3226 5452 3451 5530 Benig.,
3509 5452 3634 5516 con—

1985 5525 2193 5580 cordia.
2228 5523 2390 5601 Quod
2419 5521 2691 5601 ultimum
2740 5542 3111 5601 nequaquam
3171 5521 3463 5601 displicet.
3524 5531 3635 5586 Alii

1988 5601 2183 5671 tamen
2212 5595 2454 5671 aliquot,
2481 5600 2538 5649 et
2569 5595 2704 5671 edit.
2745 5595 2969 5668 omnes;
3010 5595 3296 5671 ablegatur
3342 5600 3636 5657 discordia.

1990 5668 2054 5722 Et
2077 5666 2187 5725 hoc
2219 5667 2705 5740 magisﬁongruit
2735 5684 2867 5725 cum
2908 5666 3316 5744 sequentibus.
