4122 6146
544 218 669 287 ’103

2006 222 2071 284 S.
2118 220 2498 297 AMBROSII
3763 226 3851 297 τοι

547 357 774 415 dicente
795 355 961 412 Petro
995 369 1009 411 :
1044 377 1072 406 ‹‹
1106 353 1271 413 Hune
1288 368 1424 430 ergo
1454 353 2056 455 Jesu‘mresuscitavit
2086 355 2192 411 De-
2221 377 2278 455 Α
2307 356 2493 424 Petro,
2526 354 2724 425 Paulo,
2755 351 3002 422 Joanne,
3032 350 3286 430 pepulus
3303 349 3337 410 J
3343 351 3619 413 udaorum
3636 354 3854 419 invitatur

548 460 639 512 us,
670 444 842 511 cujus
884 459 993 501 nos
1049 447 1230 502 testes
1281 460 1510 501 sumus.
1569 443 1815 501 Dextera
1868 444 2052 519 igitur
2092 444 2191 501 Dei
2223 443 2277 471 Τ
2305 446 2376 501 ad
2410 445 2685 517 gratiam.

545 532 853 601 exaltatus,
888 533 1341 605 repromissione
1369 533 1623 606 Spiritus
1655 533 1840 589 sancti
1894 538 2133 607 accepta
2162 551 2197 590 a

542 622 730 687 Patre,
764 621 971 678 effudit
999 623 1109 678 hoc
1139 623 1359 678 donum
1392 623 1546 694 quod
1583 640 1682 679 vos
1712 623 1923 680 videtis
1969 623 2101 695 (Aci.
2130 641 2191 692 ιι,

544 712 637 777 32,
667 712 778 778 33).
817 734 845 761 ››
875 713 1248 768 Advertimus
1281 716 1435 767 certe
1460 712 1753 785 quomodo
1770 717 1828 768 et
1844 713 2033 767 vivere
2056 728 2192 767 eum

544 806 606 858 et
632 806 799 857 terra;
828 801 1010 857 totius
1042 800 1364 873 principem
1409 801 1582 861 dicat.
1619 802 1717 874 qui
1750 802 2017 874 aperiens
2054 801 2195 857 hor-

544 907 643 947 rea
668 906 794 950 sua,
823 889 1151 960 spiritatilis
1177 890 1376 959 gratia;
1406 891 1583 945 donet
1631 891 1906 946 omnibus
1965 892 2197 946 uberta-

541 983 680 1033 tem.
715 977 846 1032 Haec
874 978 1147 1033 dicebant
1178 979 1448 1051 apostoli,
1482 980 1582 1035 sed
1613 979 1798 1034 Judaei
1831 996 1947 1033 non
2002 981 2197 1037 crede-

542 1065 686 1121 bant
721 1082 734 1120 :
768 1066 869 1121 sed
903 1066 1244 1138 injiciebant
1276 1085 1488 1123 manus
1534 1068 1589 1121 in
1623 1083 1723 1122 eos
1775 1068 1910 1136 (Act.
1966 1084 2019 1135 ν,
2083 1069 2191 1140 l8),

541 1155 643 1209 sed
667 1155 979 1211 tradebant
1001 1156 1058 1209 in
1113 1156 1437 1211 custodiam
1472 1156 1878 1227 praedicatores
1930 1156 2159 1212 salutis.

614 1243 701 1298 80.
738 1243 903 1299 Unde
934 1248 991 1299 et
1018 1245 1089 1300 de
1116 1245 1300 1300 Jacob
1335 1244 1616 1316 scriptum
1663 1248 1751 1299 est
1812 1262 1825 1298 :
1875 1265 1896 1291 ι
1959 1245 2196 1317 Expavit

543 1335 742 1388 mente
774 1332 923 1399 (Gen.
959 1319 1087 1400 xxiv,
1118 1334 1209 1399 36)
1240 1352 1253 1402 ;
1287 1355 1314 1383 »ι
1346 1350 1460 1389 non
1493 1333 1650 1388 enim
1683 1334 1953 1389 credebat
1981 1334 2195 1390 eisEx-

543 1420 701 1492 pavit
761 1421 967 1475 affectu
1036 1421 1225 1494 plebis
1275 1420 1610 1486 incredulae,
1650 1422 1748 1476 sed
1808 1426 2193 1494 posteaquam

541 1508 758 1567 Christi
790 1514 954 1583 gesta
986 1511 1272 1581 cognovit,
1308 1511 1487 1565 tantis
1521 1510 1820 1566 beneﬁciis
1842 1514 1898 1566 et
1919 1511 2193 1582 operibus

542 1598 821 1654 delinitus
854 1599 1173 1671 resumpsit
1218 1600 1494 1672 spiritum
1563 1600 1762 1655 dicens
1796 1616 1809 1654 :
1843 1622 1873 1649 «
1913 1598 2189 1671 Magnum

544 1686 688 1743 mihi
721 1691 830 1755 est,
864 1688 909 1743 si
945 1688 1138 1742 adhuc
1178 1687 1333 1743 filius
1367 1704 1535 1744 meus
1563 1688 1777 1759 Ioseph
1829 1688 1969 1743 vivit
2001 1705 2013 1743 :
2075 1689 2192 1753 ibo,

544 1741 601 1831 .1
629 1741 837 1831 mea
869 1741 1421 1848 illumpriusquam
1437 1741 1849 1847 sessim-.1.
1883 1741 2047 1845 2s...
2080 1741 2197 1832 at:
2226 1741 2271 1806 Β

546 1880 712 1919 mum
747 1868 803 1919 et
824 1866 1147 1920 maximum
1181 1866 1316 1921 ﬁdei
1375 1865 1851 1932 fundamentum,
1883 1866 1944 1921 in
1998 1883 2194 1929 resur-

547 1953 858 2011 rectionem
888 1953 1101 2009 Christi
1134 1955 1386 2010 credere.
1419 1954 1761 2026 Quicunque
1794 1955 1948 2009 enim
2009 1954 2192 2010 credi-

544 2040 697 2097 derit
717 2042 1153 2109 resuscitatum,
1192 2044 1437 2099 festinus
1463 2044 1727 2115 requirit,
1762 2044 2002 2099 devotus
2033 2059 2192 2099 acce-

546 2130 651 2199 dit,
684 2135 741 2185 et
769 2131 981 2186 intima
1008 2131 1195 2187 Deum
1228 2136 1420 2187 mente
1448 2137 1778 2188 veneratur.
1812 2132 2007 2187 Credit
2036 2132 2192 2186 enim

546 2219 702 2291 quod
732 2219 858 2291 ipse
888 2236 1005 2275 non
1036 2220 1342 2287 moriatur,
1375 2220 1422 2276 si
1468 2220 1668 2276 credat
1698 2222 1756 2275 in
1817 2220 2192 2277 resurrectio-

545 2306 642 2364 nis
668 2314 987 2365 auctorem.

1122 2398 1357 2454 CAPUT
1442 2398 1585 2454 XIV.

546 2486 716 2541 Israel
739 2488 956 2542 elevans
985 2503 1043 2542 se
1070 2489 1217 2543 venit
1246 2488 1316 2542 ad
1344 2495 1565 2559 puteum
1590 2489 1919 2553 Juramenti,
1936 2488 2031 2542 ubi
2049 2490 2197 2545 atem

610 2559 841 2628 crz‘ﬁcat.
870 2561 920 2614 Η
924 2576 1028 2614 unc
1058 2564 1200 2615 Deus
1219 2560 1507 2629 promissis
1528 2560 2024 2629 consolatur,eique
2041 2573 2195 2629 spon-

617 2629 835 2701 det/ore
864 2635 924 2685 ut
950 2631 1069 2701 ejus
1097 2631 1242 2685 oculi
1263 2648 1433 2687 manu
1458 2631 1676 2701 Iosephi
1718 2631 2071 2686 claudantur.
2104 2632 2196 2685 In-

614 2701 947 2772 grediuntur
958 2704 1015 2756 in
1042 2704 1332 2773 digyptum
1349 2704 1695 2773 septuaginta
1717 2704 1959 2774 quinque
1980 2702 2198 2759 animae

618 2788 683 2827 ac
708 2772 921 2828 demum
954 2773 1094 2838 ﬁlios
1122 2772 1193 2829 ad
1221 2789 1279 2827 se
1312 2776 1567 2828 convocat
1618 2772 1792 2831 Israel
1824 2789 1837 2827 :
1896 2780 1949 2827 et
2002 2772 2197 2827 horum

618 2788 683 2827 ac
708 2787 921 2828 demum
954 2787 1094 2838 nues
1122 2787 1190 2829 aa
1221 2789 1279 2827 se
1312 2787 1567 2828 convocat
1618 2787 1790 2831 Israel
1824 2789 1837 2827 :
1896 2787 1949 2827 et
2002 2787 2197 2827 norum

616 2846 865 2898 omnium
894 2860 1011 2915 qua
1039 2845 1322 2915 mysteria.

616 2947 751 3001 81.‹‹
785 2948 855 3003 Et
883 2946 1115 3003 elevans
1144 2963 1206 3002 se
1236 2946 1433 3015 Israel,
1464 2947 1623 3003 venit
1652 2948 1721 3003 ad
1756 2951 1999 3019 puteum
2024 2948 2194 3005 Jura-

550 3036 754 3100 menti,
787 3034 1231 3108 immolavitque
1258 3035 1488 3092 hostam
1523 3036 1637 3092 Deo
1662 3037 1852 3110 patris
1884 3036 1974 3093 sui
2032 3038 2196 3095 Isaac

2374 536 2463 590 83.
2497 535 2627 609 Ipse
2659 551 2892 608 quoque
2920 534 3076 590 Deus
3098 536 3295 589 noster
3323 533 3548 605 proprio
3576 550 3689 591 cum
3719 536 3859 597 horta-

2305 627 2402 679 tur
2434 622 2692 691 oraculo,
2725 624 2976 695 spondet
3004 622 3056 680 ei
3110 621 3439 696 protectum
3492 622 3611 679 fidei
3660 630 3857 685 muneris

2304 712 2690 779 suifructum,
2725 713 2925 769 dicens
2958 712 3009 768 ei
3044 730 3057 767 :
3092 710 3311 783 .Ioseph
3347 711 3528 766 mittet
3560 729 3761 769 manum
3792 734 3862 772 su-

2305 818 2406 873 per
2427 800 2627 857 oculos
2648 805 2780 857 tuos
2800 802 2963 874 (Ibid.
2998 800 3072 872 4).
3110 823 3137 849 ››
3168 800 3292 856 Non
3326 799 3522 871 utique
3549 806 3755 858 sanctus
3790 821 3863 876 pa-

2302 890 2558 946 triarcha
2582 890 2866 949 sollicitus
2884 894 3063 947 erata
3082 906 3198 962 quo
3229 890 3280 944 ei
3312 888 3460 943 oculi
3492 888 3865 961 clauderentur;

2302 978 2438 1034 licet
2463 979 2637 1034 etiam
2670 978 2963 1036 intellectu
2995 976 3249 1050 simplici
3292 975 3525 1032 moralis
3578 978 3868 1049 exprimatur

2304 1068 2563 1125 allectus.
2595 1067 2738 1123 Nam
2775 1067 2821 1125 si
2854 1084 2953 1123 eos
2985 1083 3133 1139 quos
3195 1064 3515 1138 diligimus,
3535 1065 3773 1137 cupimus
3794 1068 3872 1124 ire

2302 1160 2545 1226 quenter
2574 1155 2869 1230 amplecti,
2902 1159 3121 1229 quanto
3152 1153 3343 1228 magis
3373 1154 3643 1211 recessuri
3694 1170 3752 1209 ex
3795 1155 3873 1211 hoc

2304 1262 2562 1317 corpore,
2596 1246 2723 1317 ipso
2756 1245 3068 1303 charorum
3116 1243 3426 1316 pignorum
3483 1246 3629 1298 tactu
3681 1242 3875 1299 delecta-

2304 1352 2440 1391 mur
2495 1340 2771 1401 extremo,
2797 1337 2855 1389 et
2895 1333 3005 1388 hoc
3031 1332 3359 1387 mulcemur
3421 1330 3659 1385 viatico!
3704 1330 3874 1387 Tamen

2304 1423 2551 1497 mystice
2569 1422 2705 1479 licet
2735 1421 2905 1478 nobis
2929 1421 3257 1494 intelligere
3282 1419 3435 1492 quod
3459 1422 3649 1492 postea
3666 1420 3875 1491 cognitu-

2305 1528 2407 1567 rus
2436 1511 2619 1567 Deum
2663 1511 2741 1566 sit
2769 1509 3025 1584 populus
3081 1509 3439 1565 Judaaorum.
3507 1508 3614 1563 Hoc
3641 1511 3720 1563 est
3762 1507 3880 1563 enim

2305 1600 2672 1673 mysterium,
2705 1599 2860 1673 quod
2911 1616 3084 1659 verus
3139 1597 3357 1671 Joseph
3413 1596 3679 1653 immittet
3721 1611 3881 1653 manus

2303 1706 2480 1760 super
2507 1688 2708 1745 oculos
2738 1689 2868 1760 ejus
2902 1706 2915 1756 ;
2948 1692 3015 1743 ut
3044 1687 3147 1759 qui
3194 1703 3308 1743 non
3368 1685 3598 1741 videbat
3620 1687 3756 1748 ante,
3788 1684 3883 1755 jam

2302 1777 2663 1833 videat.Veni
2696 1778 2767 1833 a‘d
2812 1774 3218 1849 Evangelium,
3258 1774 3391 1848 lege
3451 1771 3879 1845 quemadmodum

2304 1882 2492 1922 caecus
2520 1864 2617 1922 ille
2641 1870 2885 1922 senatus
2914 1866 3013 1931 sit,
3036 1863 3127 1921 cui
3150 1864 3326 1923 .Jesus
3350 1878 3590 1919 manum
3637 1859 3882 1932 imposuit,

2304 1958 2361 2010 et
2391 1956 2520 2028 ejus
2552 1954 2793 2011 abstulit
2818 1954 3134 2013 caecitatem
3166 1953 3343 2025 (Joan.
3380 1969 3454 2014 Ix,
3485 1951 3560 2022 6).
3605 1948 3717 2004 Non
3767 1946 3884 2001 enim

2304 2042 2626 2111 morituris,
2660 2042 2924 2099 Christus
2955 2058 3197 2099 manum
3231 2039 3502 2113 imponit,
3537 2038 3632 2093 sed
3660 2034 3883 2090 victuris:

2305 2136 2407 2186 aut
2438 2131 2485 2186 si
2519 2130 2839 2200 morituris,
2872 2133 3043 2198 recte,
3077 2128 3216 2202 quia
3246 2129 3412 2202 prius
3444 2126 3731 2192 morimur,
3757 2126 3807 2177 ut
3824 2137 3887 2176 re-

2303 2219 2676 2275 viviscamus.
2709 2219 2833 2275 Non
2865 2217 3022 2274 enim
3055 2234 3373 2291 possumus
3408 2215 3524 2271 Deo
3562 2214 3750 2277 vivere,
3798 2208 3885 2266 nisi

2308 2312 2543 2380 peccato
2574 2311 2708 2367 ante
2738 2306 3079 2363 moriamur.

2376 2407 2463 2461 85.
2499 2405 2873 2463 Descendunt
2899 2402 3081 2477 igitur
3110 2402 3169 2458 in
3214 2402 3525 2476 Egyptum
3581 2395 3889 2471 septuaginta

2308 2494 2568 2567 quinque
2598 2493 2830 2563 animae,
2862 2493 3015 2549 sicut
3044 2492 3328 2564 scriptum
3359 2495 3471 2558 est,
3506 2493 3561 2545 et
3589 2487 3688 2563 hop
3728 2482 3884 2557 mysti-

2306 2599 2384 2638 cae
2416 2600 2661 2639 numero
2684 2582 3220 2655 remissionis,quia
3250 2584 3385 2654 post
3411 2582 3628 2635 tantam
3645 2574 3890 2635 duritiam,

2306 2675 2438 2744 post
2465 2675 2630 2729 tanta
2659 2675 2896 2745 peccata
2925 2671 3281 2727 haberentur
3311 2668 3562 2742 indigni,
3602 2665 3705 2721 nisi
3750 2663 3887 2717 dona-

2304 2764 2467 2816 retur
2496 2760 2590 2819 his
2623 2760 2888 2817 remissio
2917 2762 3311 2835 peccatorum.
3347 2755 3611 2814 Occurrit
3637 2752 3713 2807 illi
3730 2750 3889 2812 Judas,

2305 2847 2416 2904 hoc
2443 2853 2535 2904 est
2563 2849 2854 2906 confessio
2881 2847 3117 2904 erroris.
3149 2847 3316 2904 Hunc
3339 2845 3431 2901 sui
3463 2849 3729 2900 venturus
3746 2837 3892 2894 Juda-

2306 2954 2474 2993 orum
2506 2937 2759 3011 populus
2780 2936 3177 3011 praenuntium
3220 2933 3421 2991 mittit.
3456 2933 3587 2993 Ideo
3617 2935 3671 2986 et
3717 2922 3892 2995 Ioseph

2304 3043 2495 3094 verus,
2530 3027 2586 3082 id
2618 3031 2706 3083 est
2735 3027 2953 3083 arbiter
2974 3029 3037 3093 et
3065 3026 3355 3100 interpres
3387 3018 3895 3083 Divinitatis,occur-

546 3123 697 3195 (Gen.
729 3142 877 3195 xm,
911 3125 982 3194 4).
1020 3146 1047 3175 ››
1079 3106 1283 3181 Merito
1349 3125 1605 3181 elevatur
1662 3106 1770 3199 qui
1839 3126 2075 3182 festinat
2120 3127 2193 3184 ad
2225 3106 2268 3173 C
2306 3115 2383 3171 rit
2414 3134 2428 3179 ς
2461 3116 2601 3187 quia
2625 3114 3048 3190 praeceditjam
3082 3112 3395 3181 confessiO,
3441 3111 3768 3199 quosautef
3794 3116 3892 3199 Ρθτξ

546 3213 871 3271 Christum.
907 3213 1077 3269 Fides
1102 3214 1373 3287 praecedit
1404 3213 1790 3271 devotionem.
1810 3214 1980 3270 Prius
1998 3232 2059 3272 se
2088 3215 2197 3272 ele-

546 3301 721 3369 vavit,
757 3307 958 3375 postea
987 3301 1329 3357 immolavit.
1364 3301 1464 3358 Ille
1490 3302 1645 3359 enim
1702 3302 1850 3371 bene
1906 3303 2195 3372 immolat,

549 3391 647 3464 qui
680 3390 1072 3464 cognitionem
1103 3390 1428 3446 divinitatis
1461 3390 1908 3466 investigaverit.

616 3481 707 3534 82.
744 3503 770 3527 α
805 3478 961 3534 Dixit
991 3483 1185 3535 autem
1218 3479 1374 3535 Deus
1409 3480 1476 3541 ad
1523 3479 1701 3536 Israel
1742 3480 1798 3535 in
1850 3480 1978 3536 visu
2030 3484 2199 3537 nocte

546 3568 748 3623 dicens
782 3584 795 3621 :
829 3568 1030 3635 Jacob,
1065 3568 1268 3624 Jacob.
1303 3567 1412 3635 Qui
1444 3568 1585 3623 dixit
1621 3586 1633 3622 :
1668 3568 1816 3632 Quid
1851 3569 1985 3627 est?
2013 3569 2201 3625 EtDo-

548 3657 745 3711 minus
778 3656 902 3712 ait:
940 3658 1059 3730 Ego
1122 3674 1253 3712 sum
1300 3657 1455 3712 Deus
1495 3661 1727 3730 patrum
1767 3662 2026 3725 tuorurr,
2084 3657 2202 3715 noli

546 3746 776 3811 timere,
802 3745 1087 3801 descende
1117 3746 1174 3801 in
1208 3749 1530 3819 Egyptum
1565 3762 1578 3799 :
1633 3745 1691 3801 in
1749 3750 1979 3819 gentem
2046 3747 2202 3803 enim

549 3841 824 3906 magnam
859 3834 1068 3889 faciam
1102 3838 1157 3889 te
1186 3833 1288 3889 ibi.
1323 3835 1443 3907 Ego
1491 3834 1841 3890 descendam
1894 3838 2086 3891 tecum
2143 3835 2202 3891 in

548 3922 882 3995 Egyptum,
916 3928 973 3979 et
1001 3937 1107 3995 ego
1138 3923 1428 3977 deducam
1459 3926 1514 3977 te
1545 3922 1603 3977 in
1637 3926 1985 3996 perpetuum
2045 3926 2201 3996 (Gen.

545 4029 697 4079 XLVI,
723 4011 867 4082 2-4).
904 4033 925 4059 ι
964 4011 1472 4076 Quemadmodum
1507 4028 1633 4083 quae
1667 4011 1778 4084 ipsi
1832 4011 2056 4087 legunt,
2090 4031 2205 4072 non

548 4098 891 4171 intelligunt
924 4116 937 4165 ;
970 4102 1027 4154 et
1069 4099 1309 4171 Moysen
1362 4116 1535 4171 quem
1596 4097 1858 4170 laudant,
1915 4102 2208 4175 abnegant

549 4204 681 4243 cum
713 4188 843 4263 ejus
873 4186 1108 4259 scriptis
1139 4188 1374 4244 credere
1406 4186 1635 4243 nolunt.
1673 4189 1822 4255 Quid
1882 4190 2207 4247 evidentius

550 4293 727 4348 quam
761 4276 916 4348 quod
949 4275 1059 4331 hoc
1084 4275 1209 4332 loco
1241 4275 1584 4343 invitantur,
1615 4281 1681 4332 ut
1711 4278 1778 4333 ad
1806 4283 2071 4337 sanctam
2103 4279 2207 4335 Ec-

551 4363 793 4420 clesiam
832 4364 927 4419 Dei
965 4368 1282 4431 transeant,
1316 4368 1373 4420 et
1402 4364 1505 4438 qui
1537 4369 1670 4421 ante
1702 4366 2078 4422 intraJudaem
2102 4371 2209 4423 ter~

2305 3204 2447 3259 ﬁdia
2501 3188 2859 3278 possidebat.
2916 3202 3210 3275 Interpres
3264 3202 3426 3257 enim
3488 3192 3795 3253 Divinitatis

2305 3291 2604 3362 Christus;
2649 3291 2788 3365 quia
2815 3292 3001 3351 Deum
3060 3307 3232 3348 nemo
3288 3289 3443 3345 vidit
3495 3298 3760 3357 unquam,
3812 3290 3898 3330 ms!

2304 3381 2643 3456 unigenitus
2666 3380 2845 3437 Filius
2866 3380 2966 3454 qui
2988 3380 3151 3437 estin
3181 3378 3314 3435 sinu
3345 3374 3686 3446 Patris,ipse
3705 3380 3898 3461 enarra-

2306 3469 2517 3527 vit.Hic
2538 3470 2742 3527 senilis
2758 3470 2885 3543 jam
2903 3469 3176 3539 tetatis,et
3188 3468 3413 3524 fessum
3437 3461 3712 3549 suscipiet
3727 3456 3907 3549 ultimis

2307 3559 2670 3634 temporibus
2690 3539 2973 3633 populum
2991 3556 3479 3627 Judaaorummon
3504 3539 3902 3634 secundumilli-

2310 3665 2382 3703 us
2400 3631 2733 3719 merita,sed
2754 3631 3081 3705 secundum
3104 3645 3451 3704 electionem
3478 3639 3673 3715 gratiae
3697 3653 3708 3690 :
3758 3636 3806 3687 et
3826 3631 3910 3719 im-

2313 3740 2486 3809 ponet
2506 3715 2713 3793 manus
2735 3753 2911 3811 super
2931 3734 3132 3795 oculos
3146 3736 3304 3808 ejus,
3332 3737 3397 3788 ut
3445 3729 3751 3786 caecitatem
3786 3715 3912 3774 aule‘

2314 3826 2616 3899 rat.Cujus
2641 3826 2769 3883 ideo
2793 3823 3384 3891 distulitsanitatem,
3410 3825 3477 3876 ut
3496 3821 3809 3892 postremus
3822 3819 3913 3899 ore:

2315 3915 2495 3982 deret,
2512 3896 2629 3987 —qui
2658 3918 2795 3971 ante
2824 3930 2938 3971 non
2997 3911 3225 3987 putavit
3276 3926 3411 3966 esse
3471 3902 3829 3987 credendqu3
3870 3896 3915 3987 ξι

2314 3979 2759 4077 praerogativam
2791 3979 3114 4079 superioris
3142 3997 3453 4057 electionis
3481 3979 3918 4079 amitteretllndf

2314 4069 2370 4149 et
2399 4069 2714 4167 Apostolus
2745 4091 2826 4149 ait
2858 4069 2933 4148 εἰ(
2969 4090 3119 4156 Quia
3146 4087 3380 4146 caecitas
3411 4104 3482 4143 ex
3512 4085 3673 4159 parte
3724 4069 3919 4165 contigit

2314 4182 2375 4236 in
2408 4180 2607 4249 Israel,
2641 4182 2826 4239 donec
2859 4178 3162 4255 plenitudo
3192 4177 3469 4252 gentium
3500 4171 3752 4232 intraret,
3780 4167 3828 4219 et
3864 4169 3923 4212 διε

2315 4269 2507 4326 omnis
2540 4269 2718 4326 Israel
2749 4267 2948 4327 salvus
2979 4268 3143 4325 fieret
3164 4266 3343 4336 (Rom.
3380 4281 3463 4335 XI,
3495 4260 3609 4333 25).
3647 4281 3672 4306 ››

2386 4370 2474 4426 85.
2544 4368 2724 4429 Gesta
2784 4367 2968 4442 igitur
3058 4364 3563 4440 patriarcharum,
3649 4356 3928 4442 futuro‘lillm

554 4452 1231 4541 minosgcoarctabantur
1270 4434 1759 4527 510'angustos,
1792 4456 1863 4509 ad
1922 4455 2205 4529 populum
2239 4474 2285 4541 ι)
2318 4457 2599 4532 mysteria
2618 4462 2779 4517 sunt.
2809 4434 3085 4531 Denique
3105 4456 3231 4529 ipse
3256 4453 3455 4541 Jacobi
3482 4450 3567 4506 sic
3598 4447 3677 4503 ait
3696 4441 3769 4541 ad
3810 4434 3926 4541 ὓίἷοξ

554 4540 655 4596 Dei
689 4539 962 4613 migrent,
995 4540 1094 4612 qui
1126 4557 1193 4596 ex
1217 4546 1339 4597 toto
1371 4543 1613 4610 orbe,ex
1645 4542 1923 4599 omnibus
1954 4545 2206 4600 nationi-

2319 4530 2457 4604 suos
2487 4564 2498 4603 :
2535 4568 2564 4597 ‹‹
2594 4530 3064 4620 Congrcgamini,
3098 4548 3163 4600 ut
3203 4540 3562 4600 annuntiem
3627 4530 3779 4620 vobis
3835 4535 3929 4595 qua

556 4631 665 4686 b'us
697 4633 753 4686 et
782 4627 1016 4702 populis
1047 4634 1434 4705 congregatus
1464 4631 1525 4687 in
1556 4647 1831 4705 magnam
1890 4632 2078 4689 factus
2119 4637 2210 4690 est
2320 4651 2639 4692 occursare
2658 4639 2800 4697 sunt
2826 4618 2992 4695 vobis
3014 4633 3074 4691 in
3106 4630 3453 4689 novissimis
3483 4625 3709 4683 diebus.
3731 4618 3932 4685 ϐοηθη-

555 4718 846 4794 gentem?
916 4716 1172 4791 Denique
1232 4718 1289 4774 in
1349 4735 1582 4777 omnem
1625 4725 1842 4778 terram
1902 4722 2076 4777 exivit
2114 4738 2207 4779 so-

2317 4723 2561 4794 SNIIini,
2594 4728 2651 4781 et
2679 4724 2880 4783 audite
2910 4721 3086 4783 Israel
3116 4725 3347 4796 patrem
3378 4722 3643 4775 vestrum
3668 4709 3929 4783 (δετιωις

555 4825 669 4865 nus
701 4824 923 4865 eorum.
951 4806 1206 4864 Vocatur
1235 4823 1372 4883 ergo
1403 4824 1437 4864 a
1459 4806 1595 4864 [iliis
1617 4808 1955 4876 suisJacob,
1994 4810 2051 4865 id
2070 4815 2159 4867 est
2179 4828 2213 4867 a
2321 4814 2345 4867 1
2383 4818 2441 4869 et
2468 4813 2544 4885 2).
2572 4835 2599 4861 ››
