4012 6192
126 372 246 430 ’105
603 372 834 435 LIBER
876 373 979 436 DE
1021 373 1733 467 BENEDIC'I‘II‘INIBUS
1779 375 2475 437 PAI‘RlARCHAltUll.
2511 409 2584 418 —
2615 374 3084 436 ADMONITIO.
3423 374 3541 437 706

132 560 2158 591 ω

544 758 644 847 IN
704 758 1101 850 LIBRUM“
1140 761 1272 851 DE
1329 752 2225 850 BENEDICTIONIBUS
2284 759 3145 850 PATRIARCHARUM

1613 966 2075 1029 ADMONI'l‘IO.

214 1337 593 1394 Ambrosium
640 1337 700 1394 in
732 1339 1133 1411 superioribus
1160 1338 1327 1396 libris
1348 1339 1476 1411 jam
1507 1338 1944 1395 observavimus
1973 1339 2196 1410 aliquid
2227 1338 2547 1394 inseruisse
2569 1339 2639 1395 de
2664 1339 3170 1396 Benedictionibus
3193 1340 3550 1398 Patriarcba-

147 1441 300 1492 rum,
350 1425 461 1481 hoc
490 1429 599 1494 est,
646 1427 718 1482 de
747 1426 1254 1483 benedictionibus
1283 1425 1400 1482 illis
1431 1427 1647 1498 quibus
1675 1426 1855 1482 Jacob
1880 1426 1941 1481 in
1972 1426 2245 1481 extremis
2295 1426 2540 1498 positus,
2590 1424 2728 1480 filiis
2774 1426 2899 1481 suis
2949 1428 3049 1498 qui
3106 1439 3229 1496 μετά
3283 1436 3551 1500 ἀντονομα-

152 1523 281 1581 σίαν,
315 1513 658 1586 ρειῐιυίθώοω
689 1515 986 1583 dicuntur,
1017 1515 1213 1571 omnia
1240 1516 1434 1571 fausta
1462 1520 1866 1586 comprecatus
1880 1517 2002 1569 est.
2036 1513 2253 1569 Verum
2284 1512 2392 1568 has
2424 1513 2519 1567 ille
2567 1514 2751 1569 obiter
2797 1520 3027 1569 tantum
3076 1515 3365 1589 attigerat,
3412 1518 3553 1573 ube-

148 1603 483 1675 rioremque
512 1621 713 1660 earum
748 1604 1287 1678 interpretationem
1322 1603 1506 1659 alium
1538 1603 1596 1658 in
1631 1604 1948 1668 locum,ubi
1981 1603 2175 1657 dedita
2207 1619 2381 1672 opera
2411 1604 2480 1656 de
2513 1602 2629 1657 illis
2658 1603 3374 1675 disputaret,rejecerat.ld
3396 1623 3555 1662 exse-

150 1692 353 1764 quitur
379 1691 439 1746 in
470 1691 581 1747 hac
612 1708 719 1747 sua
751 1692 1065 1765 scriptione
1098 1698 1339 1748 sanctus
1366 1692 1593 1747 Doctor.

220 1782 425 1852 Itaque
455 1781 713 1852 primum
751 1781 998 1837 utilitate
1027 1785 1276 1853 paternae
1308 1780 1733 1837 benedictionis
1764 1779 2012 1836 breviter
2040 1780 2321 1851 exposita,
2352 1780 2523 1835 docet
2550 1781 2700 1851 (cap.
2738 1783 2788 1850 1)
2816 1780 3138 1851 Josephum
3180 1786 3559 1853 properanter

144 1868 370 1924 liberos
399 1885 543 1925 suos
578 1869 888 1925 Manassen
923 1875 1097 1941 atque
1124 1868 1387 1941 Ephraam
1423 1870 1494 1924 ad
1522 1868 1724 1936 Jacob,
1757 1874 1824 1924 ut
1870 1869 1997 1939 ejus
2048 1868 2449 1923 benedictione
2515 1869 2896 1936 donarentur,
2948 1882 3146 1925 secum
3201 1869 3555 1925 adduxisse:

144 1973 324 2012 avum
356 1963 554 2012 autem
585 1956 879 2030 adaptatis
908 1956 1027 2014 illis
1056 1957 1251 2013 locum
1281 1956 1433 2013 inter
1462 1957 1727 2029 proprios
1781 1956 1933 2012 ﬁlios
1975 1955 2333 2012 attribuisse.
2385 1955 2605 2012 Dehinc
2653 1956 2965 2027 Scriptura:
3006 1961 3244 2013 secutus
3293 1957 3560 2013 ordinem

146 2050 300 2118 quas
328 2045 508 2101 Jacob
541 2044 680 2100 filiis
708 2045 835 2101 suis
864 2045 1185 2118 impertivit
1213 2044 1649 2101 benedictiones
1679 2043 1947 2101 enucleat
1975 2049 2126 2116 (cap,
2148 2048 2184 2099 2
2202 2048 2261 2100 et
2279 2044 2444 2115 seq.).
2469 2045 2739 2099 Rimatur
2759 2046 2817 2099 in
2842 2045 2913 2100 iis
2941 2046 3218 2101 omnibus
3245 2046 3559 2119 mysticum

149 2148 423 2200 sensum,
457 2148 673 2204 easque
704 2150 820 2189 non
846 2139 967 2188 tam
996 2133 1433 2189 benedictiones
1452 2148 1589 2189 esse
1616 2133 1828 2189 asserit
1856 2134 2005 2206 (cap.
2055 2138 2111 2201 2,
2166 2136 2381 2188 num.7
2429 2138 2487 2188 et
2534 2132 2717 2203 alibi),
2771 2151 2950 2205 quam
3006 2135 3388 2206 prophetias:
3441 2135 3560 2192 imo

146 2221 493 2295 prophetias
524 2237 673 2291 esse,
706 2224 766 2276 at
792 2221 968 2276 variis
991 2221 1461 2277 benedictionum
1494 2220 1699 2294 gratiis
1730 2220 2079 2276 cumulatas.
2108 2221 2498 2286 Quamobrem
2530 2221 2668 2293 quid
2701 2222 2778 2276 sit
2798 2223 3057 2293 ipsarum
3083 2222 3334 2295 singulis
3358 2224 3562 2279 adum-

147 2313 413 2373 bratum,
447 2309 649 2381 aperit,
682 2309 934 2382 exempli
965 2320 1142 2365 capsa
1171 2308 1572 2365 benedictione
1601 2307 1890 2365 Manassis
1921 2312 2096 2379 atque
2129 2308 2212 2380 Ep
2226 2307 2410 2362 hraam
2436 2307 2654 2364 Judeos
2684 2317 2742 2365 et
2768 2309 3134 2367 Christianos
3163 2316 3313 2384 (cap.
3341 2312 3419 2384 I),
3462 2312 3562 2367 be-

146 2399 485 2456 nedictione
515 2398 639 2453 Dan
669 2397 1094 2454 Antichristum
1128 2397 1291 2469 (cap:
1310 2397 1387 2467 7),
1420 2396 1821 2453 benedictione
1854 2396 2156 2466 Benjamin
2188 2401 2457 2451 sanctum
2483 2396 2728 2452 Paulum
2763 2400 2910 2469 (cap.
2944 2400 3031 2470 I2)
3058 2418 3070 2455 :
3112 2400 3407 2455 Christum
3428 2414 3562 2456 vero

148 2487 503 2545 earumdem
534 2485 829 2558 plerisque
860 2485 1177 2559 designari,
1211 2485 1465 2540 maxime
1488 2484 1657 2540 ,ΙιιάωΔ
1683 2501 1750 2540 ac
1775 2482 2016 2556 Josephi
2049 2484 2557 2541 benedictionibus
2589 2486 2739 2558 (cap.
2773 2488 2806 2541 4
2837 2492 2892 2541 et
2923 2488 3034 2559 11),
3057 2505 3205 2559 quas
3235 2505 3302 2545 ea
3332 2490 3401 2545 de
3433 2504 3563 2545 cau-

147 2592 218 2632 sa
251 2574 448 2630 fusius
477 2574 653 2646 atque
683 2573 1017 2629 accuratius
1044 2588 1222 2644 quam
1254 2571 1399 2628 alias
1420 2572 1708 2629 edisserit.

227 2662 407 2718 Perro
441 2667 503 2716 ut
535 2662 816 2733 majorem
847 2661 923 2717 iis
943 2678 1120 2734 quam
1149 2661 1441 2734 proponit,
1461 2661 1923 2733 expositionibus
1944 2662 2060 2716 vim
2086 2661 2609 2733 auctoritatemque
2629 2662 2917 2731 conciliet,
2943 2664 3116 2720 verba
3138 2663 3304 2736 queis
3328 2665 3561 2738 Moyses

142 2751 407 2825 jamjam
438 2768 468 2806 e
507 2751 652 2806 vivis
710 2750 980 2806 abiturus
1032 2749 1399 2806 tribubus‘ex
1447 2750 1786 2806 eorumdem
1846 2749 2311 2820 patriarcharum
2367 2749 2586 2805 semine
2634 2752 2900 2807 oriundis
2946 2753 3092 2808 bene
3148 2758 3416 2824 precatus
3470 2759 3565 2809 est

148 2841 335 2909 (Deut.
370 2855 565 2907 xxxiii,
595 2840 631 2894 6
659 2845 717 2895 et
748 2856 870 2912 seq.
906 2840 944 2911 ),
982 2839 1039 2894 in
1074 2837 1336 2894 medium
1369 2840 1608 2911 profert.
1671 2838 2020 2894 Addendum
2051 2843 2247 2895 tamen
2279 2843 2369 2895 est
2396 2845 2663 2895 sanctum
2697 2841 3004 2912 praesulem
3033 2857 3147 2896 non
3182 2841 3397 2914 ubique
3444 2859 3563 2899 me-

162 2927 417 2984 moratis
448 2944 621 2984 usum
655 2944 783 2984 esse
814 2928 1201 2995 testimoniis;
1237 2943 1368 2983 cum
1400 2933 1518 2984 tres
1548 2945 1579 2984 e
1617 2928 1889 2985 Mosaicis
1917 2927 2425 2983 benedictionibus
2455 2930 2910 2999 praetermiserit.
2941 2930 3090 2985 Illud
3118 2932 3310 2985 autem
3350 2932 3408 2985 in
3458 2931 3567 2987 hac

150 3015 350 3090 opella
376 3015 696 3089 singulare,
727 3032 793 3071 ac
822 3032 1030 3088 parum
1062 3016 1353 3072 usitatum
1376 3016 1707 3085 Ambrosio,
1741 3017 1895 3089 quod
1928 3016 1979 3071 is
2008 3016 2127 3071 illic
2162 3016 2656 3088 interpretatione,
2701 3016 2981 3088 mysticae
3018 3017 3299 3074 evolvisse
3322 3023 3561 3075 conten-

153 3112 281 3171 tus,
317 3121 624 3177 nunquam
659 3105 841 3161 ferme
870 3104 985 3160 nisi
1014 3103 1193 3161 semel
1226 3104 1449 3178 aliquid
1480 3121 1711 3161 morum
1741 3103 2095 3161 institutioni
2126 3104 2633 3163 accommodatum
2665 3106 2911 3160 inseruit
2939 3106 3089 3178 (cap.
3122 3108 3178 3170 7,
3210 3122 3374 3161 num.
3406 3108 3518 3178 33).

235 3194 357 3250 Hoc
386 3192 448 3248 in
475 3196 723 3248 tractatu
754 3196 993 3249 sanctus
1015 3192 1226 3249 Doctor
1246 3193 1361 3249 alia
1380 3193 1547 3249 esuis
1570 3193 1847 3266 operibus
1868 3191 2156 3249 nonnulla
2187 3192 2347 3264 citat,
2370 3196 2545 3264 atque
2566 3192 2860 3264 imprimis
2881 3194 3366 3249 commentarium
3392 3211 3565 3250 suum

159 3284 320 3356 (cap.
360 3284 411 3347 4,
447 3297 611 3338 num.
641 3283 732 3353 2i)
758 3281 817 3336 in
851 3282 1101 3338 Lucam:
1132 3282 1291 3354 quod
1322 3280 1560 3354 quidem
1593 3298 1726 3337 cum
1759 3299 1911 3338 anno
1943 3281 2170 3337 circiter
2196 3281 2321 3348 386,
2356 3285 2421 3335 ut
2449 3283 2559 3336 fert
2588 3280 2961 3337 verisimilior
3007 3283 3224 3353 opinio,
3280 3282 3567 3353 scriptum

158 3370 364 3437 fuerit,
395 3369 534 3426 hinc
563 3369 942 3443 consequitur
972 3387 1086 3426 non
1115 3370 1230 3426 nisi
1261 3375 1393 3442 post
1430 3372 1701 3426 eumdem
1734 3387 1956 3426 annum
1987 3369 2642 3425 commentatiunculam
2681 3373 2754 3426 De
2802 3370 3276 3427 Benedictionibus
3312 3373 3565 3427 Patriar-

158 3460 400 3517 eharum
429 3459 645 3514 editam
670 3459 868 3514 fuisse.
900 3464 975 3512 At
1000 3475 1133 3514 vero
1163 3457 1211 3512 si
1243 3458 1621 3514 statuendum
1653 3459 1759 3513 hac
1788 3459 1861 3514 de
1891 3476 1950 3514 re
1981 3475 2048 3513 ex
2079 3457 2333 3513 maxime
2364 3456 2464 3512 illa
2491 3463 2547 3512 et
2571 3458 3010 3514 evidentissima
3040 3460 3417 3529 connexione‘,
3450 3476 3567 3532 qua

153 3565 298 3605 cum
319 3545 500 3603 libris
532 3547 933 3620 superioribus
967 3547 1235 3614 cohaeret,
1268 3546 1583 3603 dicendum
1614 3546 1938 3619 erit‘ipsam
1986 3544 2081 3602 bis
2129 3562 2244 3601 non
2292 3562 2421 3601 esse
2472 3545 2658 3600 multo
2707 3546 3113 3618 posteriorem,
3164 3562 3269 3603 nec
3318 3549 3565 3621 proinde

153 3636 219 3692 in
253 3636 419 3692 aliud
450 3640 707 3708 tempus,
740 3651 917 3707 quam
946 3636 1004 3689 in
1037 3651 1258 3690 annum
1290 3635 1518 3691 circiter
1535 3636 1641 3690 387
1674 3634 2069 3707 rejiciendam.
2103 3634 2173 3688 Et
2215 3649 2356 3688 sane
2403 3635 2754 3690 Ambrosius
2802 3635 2861 3689 in
2912 3634 3063 3691 libro
3107 3652 3216 3692 suo
3260 3638 3334 3692 De
3376 3637 3570 3709 Ioseph

149 3725 485 3800 patriarcha
517 3741 630 3780 non
660 3725 889 3779 videtur
918 3723 1381 3779 benedictionem
1403 3727 1532 3795 ejus
1555 3723 1729 3779 aliam
1751 3724 1824 3780 ob
1845 3739 2107 3789 causam,
2130 3720 2245 3777 nisi
2267 3722 2423 3793 quod
2450 3739 2620 3777 suam
2643 3723 2694 3777 ei
2725 3723 3077 3794 peculiarem
3111 3724 3569 3796 disputationem

156 3817 221 3872 in
256 3814 591 3887 proximum
643 3819 878 3885 tempus
909 3813 1257 3883 destinabat,
1290 3814 1571 3869 omissam
1604 3812 1894 3879 voluisse;
1930 3828 2062 3868 cum
2095 3811 2356 3883 alioquin
2388 3810 2651 3881 ejusdem
2700 3812 3101 3882 interpretatio
3147 3813 3570 3869 benedictionis

154 3903 456 3977 praecipuo
487 3900 815 3974 argumenti
849 3900 940 3955 sui
964 3901 1162 3973 capiti,
1189 3917 1305 3973 quo
1334 3900 1601 3957 videlicet
1626 3900 1683 3956 in
1713 3899 1968 3972 Josepho
1990 3914 2322 3971 expressam
2342 3898 2555 3954 Christi
2580 3898 2807 3954 Domini
2830 3899 3147 3972 imaginem
3169 3901 3568 3956 demonstrare

152 3991 481 4062 cogitabat,
505 3989 769 4063 apprime
800 3989 1152 4045 conveniret.

226 4082 518 4136 Caeterum
546 4093 837 4133 summam
868 4077 1019 4133 hanc
1049 4077 1388 4133 eorumdem
1439 4081 1801 4134 tractatuum:
1855 4077 2201 4132 afﬁnitatem
2234 4078 2376 4131 adeo
2407 4076 2757 4132 confirmant
2772 4077 2995 4148 aliquot
3016 4081 3274 4133 veterum
3300 4076 3566 4133 codicum

154 4168 598 4240 inscriptiones,
635 4170 695 4222 ut
725 4184 795 4222 ex
827 4173 1071 4238 utroque
1100 4165 1337 4222 unicum
1363 4182 1510 4239 opus
1541 4167 1892 4222 constituere
1919 4164 2244 4221 videantur.
2278 4165 2503 4221 Etenim
2535 4168 2974 4239 manuscriptus
2996 4166 3418 4239 Benignianus,
3444 4165 3566 4221 sive

154 4256 359 4315 Sancti
410 4255 655 4328 Benigni
717 4252 1077 4311 Divionensis
1100 4253 1159 4308 in
1212 4254 1400 4310 fronte
1430 4254 1563 4310 libri
1593 4256 1667 4311 De
1692 4254 1882 4326 Ioseph
1904 4256 2225 4326 patriarcha
2255 4253 2410 4309 hunc
2456 4253 2696 4310 titulum
2751 4255 3020 4310 exhibet:
3078 4256 3276 4327 Incipit
3328 4254 3570 4327 ejusdem

156 4343 479 4417 (Ambrosii
513 4342 819 4411 nimirum)
848 4344 989 4398 liber
1012 4344 1225 4413 primus
1243 4344 1482 4415 Ioseph;
1517 4343 1575 4397 in
1606 4342 1760 4399 calce
1789 4347 2023 4398 autem:
2057 4342 2304 4414 Explicit
2328 4344 2469 4399 liber
2490 4344 2709 4415 primus
2739 4344 2803 4399 de
2829 4343 3050 4415 Ioseph,
3098 4346 3155 4399 et
3204 4358 3565 4415 consequen-

154 4438 251 4489 ter
277 4434 409 4488 sine
440 4431 556 4488 alia
585 4431 966 4505 inscriptione
996 4431 1548 4503 subjungit‘librum
1580 4431 1651 4487 de
1676 4430 2050 4488 Patriarchis.
2086 4431 2523 4504 Manuscriptus
2554 4432 2863 4501 Uticensis,
2898 4432 3017 4488 sive
3038 4432 3236 4488 Sancti
3262 4431 3568 4505 Ebrulphi,

156 4523 215 4577 in
252 4520 422 4576 initio
453 4525 631 4593 atque
670 4520 727 4576 in
757 4522 870 4575 ﬁne
895 4519 1027 4576 libri
1059 4520 1131 4575 de
1162 4519 1379 4592 Josepb
1409 4520 1617 4576 eadem
1671 4519 1853 4575 ferme
1875 4520 2047 4576 verba
2076 4537 2204 4592 quae
2236 4521 2652 4594 Benignianus,
2687 4537 2801 4592 prae
2829 4537 2890 4577 se
2921 4521 3066 4577 fert:
3103 4521 3372 4577 sed'illud
3397 4521 3572 4577 habet

157 4609 497 4681 expressius
538 4610 694 4681 quod
723 4625 856 4663 eum
888 4612 1209 4663 tractatum
1242 4608 1313 4663 de
1341 4622 1458 4680 quo
1489 4608 1706 4681 agitur,
1746 4609 1827 4664 ita
1856 4608 2159 4664 inscribit:
2185 4610 2383 4681 Incipit
2409 4611 2679 4665 secundus
2709 4610 2773 4665 de
2796 4609 2990 4682 Ioseph
3018 4619 3071 4665 et
3106 4611 3378 4682 fratribus
3424 4611 3564 4682 ejus,

157 4702 209 4753 et
239 4698 310 4752 de
336 4696 799 4753 benedictionibus
826 4712 1035 4753 eorum.
1068 4695 1329 4768 Denique
1360 4696 1416 4751 in
1450 4696 1805 4768 quibusdam
1836 4697 2137 4753 codicibus
2166 4699 2354 4754 eidem
2388 4697 2536 4754 libro
2571 4700 2641 4755 De
2671 4698 3145 4754 Benedictionibus
3192 4697 3570 4771 prmmittitur

154 4785 281 4841 haec
314 4784 860 4857 inscriptiancipit
890 4785 1030 4840 liber
1054 4783 1424 4841 secundus-De
1452 4784 1834 4846 Putriarehis;
1857 4786 1969 4842 ista
1995 4803 2128 4842 vero
2160 4786 2424 4842 clausula
2448 4786 2797 4858 subjicitur:
2830 4789 3071 4859 Explica
3119 4788 3259 4843 liber
3303 4783 3567 4840 secundus

161 4879 249 4929 De
286 4873 649 4929 Patriarchis.
681 4872 861 4928 Jonas
895 4888 1127 4944 quoque
1153 4872 1463 4945 episcopus
1486 4872 1998 4929 Aurelianensium
2027 4874 2216 4947 ipsius
2249 4875 2517 4930 meminit
2546 4876 2655 4931 sub
2687 4874 2860 4932 titulo
2889 4877 2965 4931 De
2986 4877 3179 4946 Ioseph
3204 4892 3218 4942 ;
3273 4870 3564 4943 siquidem

163 4963 267 5018 ubi
303 4962 495 5034 prima
523 4961 789 5032 ejusdem
819 4962 995 5016 verba
1017 4960 1246 5033 allegat,
1280 4961 1369 5016 ita
1389 4960 1650 5034 loquitur
1680 4962 1804 5035 (lib.
1834 4980 1872 5017 ll
1904 4952 1979 5018 De
2006 4964 2183 5019 Instit.
2213 4964 2364 5029 laic.,
2396 4981 2522 5037 cap.
2555 4965 2644 5034 l5)
2670 4982 2682 5020 :
2719 4988 2746 5015 «
2777 4964 3121 5020 Ambrosius
3144 4957 3203 5015 in
3224 4961 3371 5015 libro
3393 4959 3564 5029 cujus

162 5050 376 5105 titulus
407 5054 497 5105 est
527 5051 600 5104 De
624 5048 833 5121 Ioseph.
872 5071 898 5098 ››
922 5049 1219 5104 Postremo
1250 5048 1771 5107 nulli‘dubitamus
1801 5051 1943 5123 quin
1982 5051 2075 5106 hic
2106 5051 2253 5106 liber
2302 5051 2544 5109 ultimus
2593 5068 2794 5109 eorum
2839 5057 3059 5123 septem
3109 5047 3415 5104 habendus
3464 5047 3560 5114 sit,

159 5155 312 5212 quos
334 5139 394 5193 in
424 5138 485 5194 id
518 5142 939 5211 argumentum
962 5137 1035 5193 ab
1066 5138 1373 5195 Ambrosio
1415 5139 1667 5212 scriptos
1715 5145 2003 5196 memorat
2048 5141 2472 5198 Cassiodorus:
2519 5144 2674 5209 Item,
2723 5140 2913 5213 inquit
2958 5138 3054 5194 ille
3102 5136 3227 5209 (lib.
3279 5137 3355 5191 De
3382 5136 3560 5190 Instit.

160 5229 343 5284 divin.
375 5228 528 5296 Litt,,
571 5243 700 5299 cap.
736 5227 811 5298 1),
840 5231 1060 5282 sanctus
1083 5226 1396 5283 Ambrosius
1422 5227 1488 5283 de
1508 5228 1845 5299 patriarchis
1883 5233 2086 5300 septem
2114 5229 2280 5286 libros
2309 5230 2496 5286 edidit.
2549 5231 2664 5285 Hos
2723 5228 2901 5284 dubio
2948 5224 3150 5299 procul
3198 5242 3232 5280 a
3280 5222 3446 5279 libris
3493 5224 3563 5280 de

166 5316 464 5371 Abraham
495 5317 566 5372 ad
596 5315 753 5371 hunc
778 5316 974 5388 ipsum
1006 5314 1307 5382 inclusive,
1340 5321 1406 5372 ut
1432 5321 1660 5384 vocant,
1688 5321 2013 5372 enumerat.

232 5406 382 5462 Cum
414 5410 607 5461 autem
635 5416 840 5461 omnes
869 5404 953 5460 illi
985 5408 1268 5462 tractatus
1299 5421 1330 5461 e
1360 5405 1731 5461 sermonibus
1763 5410 2051 5472 constent,
2084 5425 2232 5480 quos
2271 5425 2305 5463 a
2348 5410 2550 5462 sancto
2595 5405 2840 5478 praesule
2883 5404 3112 5460 circiter
3157 5420 3375 5461 annum
3433 5404 3559 5470 387,

164 5495 275 5551 sub
304 5493 528 5551 exitum
559 5494 1031 5568 Quadragesim
1059 5493 1257 5551 haberi
1290 5499 1530 5567 emptos,
1561 5510 1628 5551 ac
1658 5497 1792 5566 post
1828 5495 1976 5552 festa
2008 5496 2308 5553 Pascbatis
2339 5493 2706 5551 continuatos
2737 5494 2920 5550 fuisse
2949 5494 3337 5563 ostendimus,
3388 5491 3561 5550 relin-

165 5583 366 5655 quitur
398 5586 464 5638 ut
491 5582 647 5639 hunc
680 5599 913 5658 quoque
940 5598 1046 5657 per
1071 5582 1227 5639 idem
1252 5582 1505 5657 quidem.
1524 5587 1779 5658 tempus,
1812 5583 1914 5641 sed
1946 5588 2081 5644 ante
2111 5599 2374 5644 mensem
2407 5585 2736 5661 Augustum
2767 5584 2881 5643 sub
2910 5599 3086 5661 quem
3133 5583 3423 5642 Maximus
3477 5590 3560 5663 ty-

165 5686 388 5736 rannus
418 5671 479 5731 in
511 5670 739 5735 Italiam
769 5671 1000 5756 irrupit,
1034 5670 1477 5753 pronuntiatum
1507 5671 1876 5756 colligamus.
