4104 6156
590 243 698 300 707

2041 238 2103 297 S.
2141 235 2515 297 AMBROSII

3789 247 3876 308 708

1366 554 2085 720 SANCTI
2211 414 3202 721 AMDMDmBgII

1804 821 2385 878 MEDIOLANENSIS
2423 821 2740 878 EPISCOPI

1096 983 1246 1091 DE
1344 979 2364 1094 BENEDICTIONIBUS
2459 980 3442 1093 PATRIARCIIARIIM

1846 1215 2171 1299 LIBER
2231 1214 2382 1300 UN
2400 1213 2546 1300 US
2588 1205 2659 1266 (ί)
2684 1281 2704 1301 .

930 1556 1221 1611 511-18
1262 1553 1494 1608 CAPUT
1535 1551 1838 1607 PRIMUM.

1686 1666 1969 1721 urentibus
2019 1665 2213 1733 impel-

565 1675 626 1730 Ut
668 1673 835 1727 liberi
865 1672 941 1727 ad
971 1671 1229 1726 honorem
1259 1669 1611 1739 deferendum

1671 1738 2001 1793 encdietioni
2047 1737 2216 1793 Deum

629 1745 896 1808 terentur,
929 1758 1196 1813 magnam
1233 1743 1347 1795 vim
1392 1742 1586 1813 horum

632 1815 917 1870 indidisse.
947 1810 1245 1869 Paternum
1297 1811 1719 1866 benedictionem
1767 1810 2008 1878 accipere
2053 1811 2213 1864 Jose-

629 1887 799 1957 phum
825 1886 1142 1957 festinasse,
1167 1884 1524 1957 atqueeiiam
1564 1881 1707 1957 ﬁlios
1752 1880 1899 1957 patri
1955 1878 2215 1957 obtulisse

629 1951 1031 2013 benedicendos.
1068 1960 1134 2011 Et
1164 1951 1287 2025 qua)
1318 1953 1403 2008 his
1433 1953 1699 2024 mysteria
1718 1951 2105 2005 contineantur

629 2090 679 2145 Ι.
705 2088 965 2144 Primum
1001 2086 1267 2144 omnium
1308 2091 1590 2157 quantam
1621 2082 1906 2139 discimus
1955 2082 2209 2153 parenti-

557 2179 670 2233 bus
701 2178 912 2233 referre
941 2176 1346 2239 reverentiam,
1382 2190 1514 2228 cum
1543 2172 1793 2244 legimus
1827 2172 1901 2241 (‘2)
1926 2170 2076 2241 (Gen.
2128 2187 2203 2237 1x,

554 2267 738 2339 25.27)
766 2265 1046 2337 quoniam
1080 2264 1178 2336 qui
1211 2262 1667 2318 benedicebatur
1721 2277 1755 2314 a
1798 2265 1981 2330 patre,
2032 2258 2204 2313 bene-

553 2356 746 2411 dictus
777 2360 920 2417 erat,
953 2359 1011 2408 et
1041 2369 1141 2424 qni
1174 2350 1650 2418 maledicebatur,
1686 2347 2030 2403 maledictus
2061 2347 2200 2402 erat!

556 2445 689 2499 Ideo
711 2443 862 2498 banc
886 2440 1227 2514 parentibus
1247 2440 1496 2512 gratiam
1520 2436 1757 2493 donavit
1777 2436 1953 2503 Deus,
1977 2441 2041 2490 ut
2063 2434 2205 2490 ﬁlio-

555 2550 684 2588 rum
713 2532 900 2604 pietas
924 2534 1284 2602 provocetur.
1305 2526 1685 2599 Prmrogativa
1702 2525 2201 2598 igiturparentum

555 2619 870 2693 disciplina
898 2624 988 2675 est
1020 2618 1293 2674 ﬁliorum.
1329 2618 1561 2672 Honora
1587 2631 1723 2689 ergo
1746 2618 1993 2685 patrem,
2025 2618 2088 2667 ut
2108 2613 2203 2667 be-

552 2709 785 2764 nedicat
813 2712 890 2763 te.
923 2708 1178 2762 Honoret
1209 2706 1343 2777 pius
1375 2710 1596 2776 patrem
1642 2706 1881 2774 propter
1925 2700 2196 2771 gratiam,

549 2798 820 2869 ingratus
851 2800 1089 2867 propter
1117 2794 1409 2848 timorem.
1445 2791 1513 2846 Et
1542 2792 1591 2845 si
1617 2806 1837 2862 pauper
1878 2794 1967 2844 est
2014 2794 2196 2860 pater,

550 2888 606 2940 et
639 2901 752 2939 non
783 2883 959 2939 habet
985 2883 1320 2937 divitiarum
1339 2879 1535 2951 copias
1558 2895 1701 2950 quas
1729 2877 2019 2949 relinquat
2037 2877 2193 2942 ﬁliis,

552 2972 727 3027 habet
740 2977 935 3026 tamen
961 2970 1179 3024 ultimae
1204 2967 1627 3024 benedictionis
1650 2965 2197 3037 hereditatemque

550 3058 1031 3117 sanctificationis
1080 3074 1219 3129 opes
1278 3055 1716 3111 successoribus
1764 3053 2065 3123 largiatur.
2129 3054 2194 3108 Et

549 3147 734 3204 multo
766 3147 897 3221 plus
928 3156 1018 3201 est
1049 3146 1280 3200 beatum
1312 3161 1490 3215 quam
1522 3142 1760 3197 divitem
1793 3142 1934 3198 ﬁeri.

615 3239 668 3296 2.
706 3235 1040 3292 Festinabat
1056 3233 1275 3305 Joseph
1298 3248 1530 3288 sumere
1552 3232 2010 3287 benedictionem
2036 3232 2186 3302 (Gen.

544 3343 736 3391 xcvm,
782 3322 1189 3394 i-li).Denique
1220 3326 1277 3377 et
1308 3320 1457 3375 ﬁlios
1489 3337 1627 3375 suos
1649 3320 1861 3375 obtulit
1880 3320 2191 3376 Manassen

545 3420 603 3470 et
632 3413 922 3485 Ephrem,
966 3426 1114 3483 quos
1172 3409 1468 3466 benedixit
1512 3408 1692 3464 Jacob
1746 3410 1884 3477 (Ibid
1938 3409 2096 3481 9-20)
2131 3414 2193 3464 ut

546 3498 1024 3575 quiwdmdecim
1052 3499 1305 3554 habebat
1354 3497 1526 3563 ﬁlios,
1556 3502 1611 3551 et
1671 3497 1879 3552 tertius
1925 3498 2190 3554 decimus

544 3597 669 3647 erat
699 3591 932 3645 futurus
963 3588 1261 3659 apostolus
1293 3586 1529 3652 Paulus,
1563 3585 1729 3657 quasi
1763 3586 2049 3657 posterior
2076 3586 2189 3642 ele-

546 3684 698 3743 ctus,
728 3679 899 3735 tertia
940 3678 1166 3733 decima
1196 3677 1386 3732 tribus
1418 3677 1489 3731 de
1522 3675 1790 3730 Manasse
1820 3679 1877 3729 et
1923 3674 2189 3745 Ephraem

544 3768 855 3841 nepotibus
885 3767 1349 3823 sanctiﬁcaretur
1378 3764 1432 3819 in
1467 3769 1784 3834 utrumque
1822 3762 2029 3830 divisa,
2077 3781 2192 3835 quo

546 3857 762 3914 Paulus
794 3874 910 3912 non
944 3860 1105 3911 extra
1137 3859 1517 3927 paternarum
1568 3869 1878 3907 numerum
1931 3852 2191 3908 tribuum

546 3946 924 4005 inveniretur,
961 3943 1061 4016 qui
1092 3942 1317 3999 Veteris
1350 3941 1711 3997 Testamenti
1745 3944 1802 3996 et
1849 3940 1987 3995 Novi
2033 3957 2192 4013 egre-

544 4035 678 4106 gius
696 4033 1059 4107 praedicator,
1083 4036 1337 4104 paternae
1358 4029 1780 4085 benedictionis
1797 4028 2194 4086 haereditatem

546 4123 658 4178 sibi
690 4137 924 4194 quoque
958 4119 1122 4176 facile
1154 4119 1470 4192 profecisse
1501 4119 1925 4190 comprobaret.

615 4212 667 4266 3.
702 4212 1047 4281 Quanquam
1102 4206 1382 4280 praeclara
1409 4206 1531 4261 haec
1564 4207 1622 4260 in
1655 4206 1765 4260 hoc
1787 4206 1905 4261 sint
1922 4206 2196 4277 mysteria

2242 1550 2295 1615 Α
2329 1550 2600 1615 servavit,
2639 1558 2694 1605 ut
2731 1551 2945 1605 seniori
2978 1550 3097 1607 ﬁlio
3129 1550 3261 1623 plus
3291 1551 3553 1616 deferret,
3603 1552 3737 1607 sicut
3774 1552 3893 1609 Isaac

2327 1655 2559 1710 quoque
2592 1639 2650 1693 in
2686 1640 2830 1693 Esau
2868 1640 3118 1711 priorem
3152 1638 3335 1693 ﬁlium
3369 1639 3794 1695 benedictionem
3823 1642 3892 1696 dc-

2326 1726 2473 1782 ferre
2504 1727 2806 1799 cupiebat:
2841 1728 2941 1783 sed
2976 1727 3259 1783 minorem
3293 1727 3477 1782 ﬁlium
3506 1728 3559 1781 in
3591 1732 3712 1799 typo
3743 1728 3897 1799 junioo

2326 1814 2407 1870 ris
2438 1814 2637 1887 populi
2669 1815 2917 1871 credidit
2948 1815 3393 1887 praeferendum,
3428 1815 3575 1871 sicut
3610 1821 3721 1871 erat
3760 1816 3896 1888 ipsea

2324 1909 2510 1959 matre
2532 1902 2827 1975 praelatus.

2391 1993 2444 2045 4.
2479 1992 2741 2064 Denique
2773 1992 3072 2049 Manasses
3104 2010 3171 2048 ex
3202 1993 3493 2050 oblivione
3520 1995 3663 2062 (Gen.
3690 2009 3783 2057 xu,
3806 1992 3888 2062 5|),

2322 2080 2528 2135 Latina
2561 2079 3056 2151 interpretatione,
3090 2082 3359 2154 signatur
3394 2099 3460 2137 eo
3511 2082 3657 2153 quod
3699 2080 3893 2153 populus

2317 2168 2652 2224 Judeeorum
2684 2169 2900 2225 oblitus
2931 2176 3020 2226 est
3050 2170 3231 2225 Deum
3264 2188 3444 2226 suum
3476 2170 3576 2242 qui
3617 2170 3734 2225 fecit
3774 2185 3890 2223 eum.

2317 2257 2388 2311 Et
2417 2258 2772 2331 quicumque
2802 2274 2871 2314 ex
2902 2277 2968 2314 ea
3000 2258 3164 2331 plebe
3195 2260 3532 2328 crediderit,
3581 2264 3821 2330 tanquam
3845 2273 3893 2311 ex

2315 2346 2603 2402 oblivione
2636 2352 2955 2403 revocatur.
2989 2334 3253 2420 Ephrem
3302 2355 3503 2404 autem
3547 2347 3891 2404 fecunditatem

2314 2434 2469 2500 ﬁdei,
2503 2435 2978 2507 interpretatione
3010 2437 3262 2492 nominis
3283 2436 3612 2508 pollicetur,
3658 2433 3746 2506 qui
3776 2432 3894 2488 auxit

2312 2528 2560 2594 patrem,
2595 2525 2749 2580 sicut
2778 2525 2858 2579 ait
2884 2525 3008 2597 ipse
3038 2525 3252 2596 Joseph
3287 2526 3493 2581 dicens
3519 2543 3530 2581 :
3567 2548 3593 2575 ‹‹
3623 2524 3752 2589 Quia
3776 2520 3893 2577 auxit

2315 2627 2405 2666 me
2435 2612 2591 2668 Deus
2622 2613 2681 2667 in
2713 2618 2866 2668 terra
2895 2613 3244 2670 humilitatis
3276 2632 3422 2670 mea:
3450 2614 3747 2683 (Ibid.52).»
3772 2609 3893 2675 Quod

2306 2700 2609 2771 proprium
2633 2706 2722 2757 est
2746 2701 2938 2773 populi
2954 2702 3232 2772 junioris,
3255 2704 3364 2772 qui
3387 2720 3596 2775 corpus
3611 2707 3691 2757 est
3708 2698 3890 2760 Christi,

2308 2804 2529 2860 augens
2560 2793 2803 2860 patrem,
2840 2796 2896 2845 et
2923 2790 3105 2846 Deum
3130 2792 3437 2862 proprium
3462 2808 3575 2847 non
3599 2789 3891 2860 relinquens.

2376 2880 2430 2933 5.
2465 2878 2723 2950 Denique
2754 2878 3092 2949 spiritaliter
3121 2880 3192 2935 de
3220 2880 3458 2953 populis
3487 2881 3593 2935 hoc
3649 2896 3761 2934 esse
3800 2891 3891 2945 my-

2303 2972 2546 3028 sterium
2573 2968 2768 3023 senior
2797 2968 3135 3024 declaravit.
3168 2969 3314 3024 Nam
3351 2986 3486 3025 cum
3522 2969 3668 3024 filius
3716 2966 3895 3038 putaret

2302 3077 2437 3117 eum
2459 3072 2685 3114 errasse
2712 3056 2851 3111 vitio
2898 3056 3213 3113 hobetioris
3271 3064 3574 3131 aspectus,
3623 3060 3893 3111 convertam

2301 3148 2484 3203 voluit
2506 3161 2718 3201 manus
2738 3148 2868 3218 ejus
2895 3146 3099 3203 dicens
3123 3164 3135 3201 :
3162 3171 3188 3196 ‹‹
3218 3146 3347 3203 Non
3371 3148 3458 3203 sic
3487 3153 3661 3219 pater,
3679 3142 3759 3198 hic
3775 3138 3893 3196 enim

2302 3235 2633 3310 primitivus
2663 3240 2771 3300 est,
2800 3236 3035 3306 impone
3065 3236 3363 3291 dexteram
3396 3241 3560 3292 tuam
3583 3250 3743 3306 super
3761 3233 3895 3300 caput

2300 3327 2448 3396 ejus.
2483 3325 2552 3380 Et
2580 3324 2789 3395 noluit,
2815 3324 2917 3380 sed
2949 3324 3130 3378 dixit:
3180 3324 3334 3389 Scio,
3389 3325 3492 3391 liii,
3543 3324 3677 3379 scio.
3723 3320 3777 3375 Et
3821 3317 3893 3371 hic

2299 3415 2409 3470 erit
2439 3413 2497 3468 in
2536 3412 2841 3485 papulum,
2872 3418 2930 3467 et
2958 3412 3053 3468 hic
3080 3413 3472 3468 exaltabitur:
3506 3411 3605 3468 sed
3632 3411 3787 3465 frater
3805 3405 3899 3475 ejus

2294 3502 2491 3574 junior
2523 3503 2710 3571 major
2730 3500 2827 3557 illo
2859 3501 2987 3567 erit,
3029 3506 3085 3556 et
3117 3518 3326 3558 semen
3352 3503 3486 3574 ejus
3506 3501 3616 3556 erit
3636 3492 3895 3554 multitudo

2298 3592 2559 3664 gentium
2594 3590 2743 3661 (Gen.
2779 3606 2971 3656 vam,
3012 3592 3075 3645 18
3115 3596 3170 3645 et
3202 3591 3320 3663 t9).
3361 3615 3388 3641 ››
3445 3590 3699 3661 Denique
3743 3582 3901 3657 prefe-

2300 3681 2546 3735 rendum
2580 3679 2844 3750 Ephraam
2887 3678 3103 3734 seniori
3141 3695 3453 3752 germano,
3507 3679 3678 3735 etiam
3720 3668 3902 3728 benedi-

2301 3769 2512 3825 ctionis
2549 3768 2698 3823 serie
2729 3767 3097 3840 prophetavit
3126 3768 3333 3825 dicens
3356 3789 3374 3824 :
3404 3794 3430 3819 «ι
3462 3769 3524 3824 In
3551 3765 3705 3822 vobis
3724 3755 3904 3817 benedi-

2302 3863 2467 3912 cetur
2498 3855 2696 3920 Israel,
2729 3855 3103 3912 dicentibus:
3140 3856 3292 3912 515
3351 3857 3553 3913 Faciat
3598 3852 3749 3909 vobis
3788 3848 3905 3903 Deus

2305 3946 2460 4001 sicut
2492 3944 2756 4015 Ephraam
2805 3948 2863 3999 et
2919 3943 3227 3999 Manassen
3280 3945 3429 4016 (Ibid
3476 3946 3589 4014 20).
3631 3965 3657 3993 ››
3707 3939 3766 3995 Et
3810 3933 3906 3988 ideo

2305 4050 2438 4089 cum
2470 4036 2666 4089 essent
2697 4036 2958 4104 nepotes,
2994 4032 3053 4087 in
3085 4032 3283 4088 locum
3318 4033 3580 4089 ﬁliorum
3611 4034 3739 4087 sunt
3774 4023 3906 4091 adop-

2304 4122 2433 4188 tati,
2468 4126 2533 4176 ut
2558 4138 2675 4177 non
2706 4125 2904 4177 essent
2934 4120 3098 4176 avitae
3125 4122 3566 4178 benedictionis
3609 4118 3855 4191 expertes.

2976 4236 3200 4292 CAPUT
3243 4237 3315 4292 II.

548 4298 921 4398 διθβυῖἀ
953 4313 1198 4398 sum”:
1219 4295 1436 4398 {oseph
1470 4295 1622 4398 ﬁlio?
1650 4311 1789 4398 9P”
1820 4311 1967 4366 quos
1998 4309 2195 4398 sua”:
2228 4282 2272 4350 C
2309 4328 2384 4383 De
2428 4326 2795 4382 benedictione
2840 4282 3450 4395 Ruben-pnimopeniti,
3512 4340 3636 4398 qua:
3686 4337 3782 4377 non
3827 4320 3910 4371 tam

547 4393 711 4458 perat
741 4386 800 4440 in
832 4385 1076 4457 Egyplo
1110 4427 1123 4451 ,
1160 4384 1420 4456 Ephraem
1455 4383 1528 4439 ad
1557 4383 1849 4438 dexteram
1883 4398 2076 4453 suam,
2124 4382 2197 4437 ad

548 4474 852 4530 sinistram
882 4480 1078 4529 autem
1111 4471 1287 4528 Israel
1313 4472 1493 4543 patris
1516 4473 1608 4527 sui
1634 4488 1646 4527 :
1670 4471 1976 4527 Manassen
2000 4477 2195 4526 autem

546 4562 620 4620 ad
652 4562 953 4619 sinistram
986 4578 1178 4623 suam,
1228 4566 1291 4615 ut
1329 4561 1399 4615 ad
1447 4560 1741 4617 dexteram
1793 4564 1949 4615 esset
1998 4558 2194 4626 Israel,

546 4651 831 4724 applicuit
860 4666 959 4704 eos
991 4656 1127 4705 ante
1161 4654 1385 4720 patrem
1418 4665 1614 4704 suum.
1650 4648 1977 4703 Extendens
2000 4654 2195 4703 autem

545 4740 722 4797 Israel
776 4755 1019 4794 manum
1081 4738 1400 4806 dexteram,
1463 4736 1744 4809 imposuit
1798 4753 1974 4807 super
2022 4741 2199 4808 caput

544 4829 813 4903 Ephrem
846 4827 948 4899 qui
977 4831 1101 4884 erat
1122 4827 1326 4897 junior
1355 4831 1411 4881 et
1434 4827 1629 4880 stabat
1654 4825 1723 4880 ad
1751 4826 2050 4880 sinistram
2074 4826 2194 4886 avi:

543 4924 601 4975 et
632 4918 936 4974 sinistram
969 4933 1139 4973 suam
1173 4916 1370 4989 posuit
1401 4932 1581 4986 supra
1609 4914 1918 4970 Manassen
1951 4914 2050 4985 qui
2072 4920 2197 4970 erat

547 5008 616 5064 ad
652 5008 971 5074 dexteram,
1004 5012 1061 5061 et
1092 5009 1174 5059 ita
1202 5004 1529 5062 immutatis
1562 5003 1856 5071 manibus,
1905 5003 2198 5059 benedixit

542 5113 644 5152 eos
665 5095 807 5165 (Ibid
836 5095 1049 5167 i3-2I).
1086 5095 1149 5149 In
1183 5110 1297 5166 quo
1328 5098 1385 5148 et
1413 5091 1629 5164 Joseph
1660 5097 1877 5146 naturae
1930 5093 2193 5147 ordinem

612 5254 691 5325 (1)
720 5255 984 5327 Scriptus
1014 5254 1167 5311 circa
1197 5272 1292 5310 an.
1325 5255 1450 5327 387.

729 5326 813 5380 Ita
844 5323 987 5382 mss.
1022 5344 1085 5405 ac
1117 5331 1244 5405 vet_._
1278 5325 1416 5405 edit.
1466 5340 1691 5405 omnes.
1741 5323 1909 5378 Rom.
1970 5328 2189 5405 alitem,

544 5419 571 5445 α
608 5395 869 5452 Primum
900 5398 1166 5454 omnium
1189 5396 1475 5452 discimus
1511 5400 1794 5469 quantam
1848 5395 2190 5466 parentibus

544 5469 926 5525 reverentiam
959 5468 1185 5527 deferre
1218 5468 1671 5537 debeamus,etc.
1701 5490 1729 5516 .›

616 5537 693 5616 (3)
732 5538 1044 5615 Caputhoc
1074 5541 1131 5601 in
1162 5537 1303 5598 edit.
1337 5539 1502 5599 Rom.
1527 5540 1609 5598 ita
1641 5536 1882 5613 incipit:
1943 5556 1964 5586 ι
2017 5536 2191 5599 Voca-

2383 4397 2703 4465 benedictzo,
2736 4413 2899 4469 quam
2923 4397 3208 4469 prophetia
3235 4401 3357 4453 est:
3401 4398 3467 4454 de
3515 4397 3805 4469 Iudaeorum
3843 4400 3909 4462 eff

2378 4485 2499 4523 rore
2521 4471 2667 4524 circa
2691 4462 3114 4541 ip'samfdeéue
3136 4470 3428 4539 mysteriis
3455 4484 3557 4541 per
3602 4462 3819 4523 eamdem
3854 4470 3907 4509 δι’

2379 4558 2448 4609 gn
2459 4541 2676 4610 iﬁcatis.

2375 4656 2429 4709 6.
2466 4654 2581 4709 Hac
2613 4652 3012 4709 benedictione
3043 4654 3337 4709 celebrata
3369 4656 3474 4728 (3),
3520 4651 3734 4710 vocavit
3774 4644 3908 4702 etiam

2305 4741 2455 4798 ﬁlios
2487 4759 2624 4798 suos
2658 4742 2808 4813 (Gen.
2843 4759 2991 4807 xux,
3030 4742 3101 4813 Ι).
3146 4742 3211 4796 Et
3239 4744 3349 4815 qui
3381 4749 3519 4799 ante
3552 4741 3821 4813 juniorem
3843 4744 3910 4785 sc-

2306 4830 2453 4886 niori
2488 4829 2841 4902 praetulerat,
2871 4830 3104 4902 ccepita
3149 4831 3390 4902 primo;
3448 4837 3513 4887 ut
3561 4832 3617 4886 in
3667 4826 3756 4883 illo
3812 4832 3909 4888 mY‘

2305 4919 2468 4975 sterii
2503 4919 2797 4990 praeferret
2826 4918 3097 4990 gratiam,
3128 4918 3187 4974 in
3237 4919 3355 4975 hoc
3406 4921 3671 4976 ordinem
3711 4908 3911 4970 servaret

2310 5006 2532 5075 aetatis;
2567 5007 2745 5062 simul
2776 5007 2875 5078 qui
2910 5012 3043 5063 ante
3076 5008 3133 5062 in
3165 5007 3409 5064 duobus
3442 5005 3793 5064 benedixerat
3816 4991 3909 5050 uni-

2304 5112 2501 5153 versos
2526 5112 2668 5175 cum
2709 5111 2844 5151 omn
2861 5096 3200 5167 posteritate
3221 5100 3283 5152 et
3298 5096 3584 5171 progenie
3611 5097 3906 5150 futurorum,

2299 5255 2383 5311 vit
2414 5259 2606 5311 autem
2634 5254 2818 5327 (Jacob
2848 5252 3001 5327 ﬁlios
3029 5273 3186 5323 suos,
3218 5261 3280 5312 et
3332 5258 3454 5314 ait:
3496 5242 3904 5327 Congregalpiqii

2302 5332 2366 5383 ut
2397 5326 2743 5382 annuntiem
2774 5326 2939 5381 vobis
2970 5342 3096 5397 qua:
3137 5319 3465 5384 occursum
3512 5319 3648 5384 sunt
3693 5319 3830 5397 {obit}
3860 5319 3903 5397 il}

2301 5397 2642 5473 novissimis
2680 5397 2923 5473 diebus:
2942 5392 3199 5473 Duorum
3235 5406 3527 5473 nepotum
3559 5392 3901 5455 benedictione

2300 5470 2611 5541 celebrata,
2643 5469 2866 5526 vocavit
2891 5468 3073 5528 Jacob
3099 5468 3451 5543 etiamfetc.
3492 5495 3513 5522 ι
