4012 6192
148 350 265 411 709

920 345 1152 409 LIBER
1195 345 1297 406 DE
1342 340 2047 405 BENEDICTIONIBUS
2092 339 2806 402 PATRIARCHARUM.

3452 340 3570 403 710

147 488 359 539 ueaut
388 480 990 553 superﬂuavideretur
1018 477 1422 551 plebisiterata
1452 476 1798 541 benedictio,
1834 477 1884 542 Α
1913 490 2041 545 quas
2087 474 2340 543 patrium
2390 490 2505 529 non
2541 477 2795 529 servaret
2824 472 3135 541 affectum;
3169 478 3225 530 et
3258 475 3397 548 quia
3428 494 3572 549 prm-

148 573 250 627 aut
274 569 437 643 prior
465 569 855 625 aestimaretur
882 568 1138 622 infirma.
1159 565 1478 637 Meritoque
1496 564 1801 636 repetitam
1911 562 2055 617 vidit
2095 562 2425 634 ﬂagitium;
2473 561 2865 634 perhorrescit
2913 562 3141 617 consilii
3192 565 3570 638 contagium:

138 663 269 715 tam
290 658 483 732 magis
503 656 1009 713 annuntiationem
1022 671 1225 712 eorum
1243 670 1370 727 quae
1385 651 1806 725 posterioribus

136 753 351 805 essent
396 751 640 804 ventura
698 745 1081 819 temporibus,
1127 760 1307 817 quam
1342 740 1806 799 benedictionem

137 836 419 893 conferre
444 851 507 891 se
529 834 689 891 dicit.

210 928 273 980 7.
301 924 564 996 Denique
619 922 703 979 sic
736 921 945 995 coepit:
981 943 1010 971 ‹‹
1034 920 1239 977 Ruben
1262 919 1597 993 primitivus
1621 935 1806 986 meus,

135 1019 205 1071 tu
239 1014 439 1070 virtus
468 1028 619 1079 mea,
651 1015 709 1067 et
755 1009 988 1066 initium
1018 1008 1274 1066 filiorum
1298 1023 1584 1075 meorum,
1626 1007 1811 1063 durus

145 1104 395 1178 portari,
429 1102 612 1157 durus
643 1104 701 1156 et
748 1099 1116 1167 temerarius,
1148 1096 1392 1154 effecisti
1447 1114 1540 1153 me
1607 1099 1813 1153 contu-

150 1192 357 1257 melio,
392 1190 545 1247 sicut
574 1206 726 1262 aqua
762 1205 879 1244 non
910 1188 1206 1245 eﬂ‘erveas.
1264 1185 1597 1243 Ascendisti
1655 1184 1814 1241 enim

148 1281 207 1336 in
242 1278 444 1337 cubile
475 1278 655 1351 patris
682 1277 788 1347 tui,
823 1281 965 1333 tunc
993 1275 1254 1349 polluisti
1285 1276 1522 1332 thorum
1581 1274 1814 1347 quando

152 1368 477 1427 ascendisti
499 1367 680 1440 (Ibid.,
709 1370 736 1421 3
758 1370 934 1438 etseq.
966 1365 1005 1437 ).
1042 1387 1063 1415 ι
1080 1365 1283 1421 Nonne
1303 1364 1573 1436 redargui
1605 1362 1816 1435 magis,

153 1474 338 1531 quam
370 1455 633 1512 benedici
664 1454 895 1510 videtur
923 1458 946 1510 Ρ
975 1454 1044 1509 Et
1090 1452 1220 1509 ideo
1252 1452 1556 1525 prophetia
1604 1452 1814 1525 magis,

156 1563 339 1619 quam
364 1543 687 1600 benedictio
718 1548 825 1599 est.
861 1542 1167 1616 Prophetia
1242 1542 1399 1597 enim
1450 1540 1818 1597 annuntiatio

158 1639 497 1691 futurorum
529 1638 640 1699 est,
675 1632 1003 1687 benedictio
1036 1635 1230 1687 autem
1267 1629 1747 1686 sanctificationis
1767 1634 1823 1685 et

163 1724 494 1798 gratiarum
522 1722 715 1777 votiva
736 1719 985 1776 collatio.
1548 1712 1551 1717 ’

1916 672 1944 701 ‹‹
1976 651 2039 707 In
2063 650 2397 719 consilium,
2461 650 2674 724 inquit,
2726 668 2929 707 eorum
2982 668 3097 707 non
3127 652 3322 709 veniat
3376 654 3575 711 anima

1921 756 2072 809 mea,
2118 743 2176 796 et
2219 739 2279 795 in
2338 740 2847 813 congregationem
2883 739 3115 797 illorum
3160 759 3275 798 non
3330 748 3575 800 conten-

1917 829 2062 885 dant
2090 828 2313 885 viscera
2335 845 2501 884 mea:
2546 828 2826 900 quoniam
2860 829 2918 885 in
2951 830 3038 885 ira
3077 848 3184 887 sua
3240 832 3579 889 occiderunt

1918 917 2238 987 hominem,
2268 921 2325 974 et
2362 918 2419 974 in
2452 916 2770 989 cupiditate
2796 936 2903 973 sua
2933 919 3435 977 subnervaverunt
3449 925 3572 978 tau-

1919 1024 2053 1063 rum
2084 1006 2235 1081 (Gen.
2267 1025 2418 1076 xux,
2449 1008 2526 1078 6).
2568 1028 2595 1056 »
2645 1008 2806 1073 Quod
2869 1007 3029 1075 dicit,
3061 1008 3132 1064 de
3162 1008 3300 1066 ﬁliis
3338 1010 3578 1082 quidem

1921 1096 2063 1152 dicit
2090 1095 2324 1152 Simeon
2350 1100 2406 1153 et
2444 1095 2574 1151 Levi
2602 1113 2615 1150 :
2646 1096 2747 1152 sed
2779 1113 2980 1153 eorum
3013 1096 3251 1154 nomine
3271 1098 3461 1155 tribus
3492 1098 3579 1155 si-

1921 1188 2081 1259 gnat,
2127 1203 2255 1258 quae
2304 1183 2695 1258 appellatione
2743 1185 2921 1240 simili
2966 1187 3344 1243 vocabantur.
3390 1189 3577 1254 Quam

1921 1273 2461 1347 interpretationem
2484 1272 2943 1346 pulcherrimam
2964 1275 3228 1332 derivant
3259 1276 3444 1332 Judaei
3470 1296 3483 1344 ;
3510 1280 3576 1332 ut

1924 1363 2283 1421 arbitrentur
2311 1363 2451 1435 quia
2478 1368 2782 1435 propterea
2805 1370 3015 1435 arguat
3038 1364 3191 1421 ﬁlios
3212 1364 3415 1433 Jacob,
3440 1364 3582 1437 quia

1924 1455 2160 1524 propter
2188 1456 2459 1524 stuprum
2509 1450 2725 1506 sororis
2777 1452 3117 1509 Sichimitas
3148 1453 3244 1510 isti
3296 1454 3410 1510 duo
3462 1470 3579 1526 pra:

1927 1540 2149 1596 caeteris
2182 1540 2460 1596 fratribus
2482 1537 2670 1595 ultum
2703 1540 2785 1595 ire
2808 1542 3131 1613 cupientes,
3154 1542 3580 1599 simulaverunt

1928 1645 2063 1683 cum
2096 1628 2241 1701 ipsis
2272 1627 2418 1684 inire
2447 1628 2591 1684 velle
2639 1646 2699 1684 se
2739 1631 3010 1701 gratiam,
3045 1635 3102 1686 et
3157 1632 3287 1688 ideo
3319 1636 3582 1705 oportere

1928 1716 2267 1773 circumcidi
2319 1734 2418 1773 eos
2471 1723 2784 1773 suaserunt
2823 1736 2836 1786 ;
2871 1723 2935 1773 ut
2998 1718 3280 1793 religione
3310 1718 3583 1778 concordi

230 1813 287 1867 8.
316 1810 389 1867 Et
409 1809 590 1866 Judaei
626 1812 835 1882 putant
863 1809 1000 1881 quia
1030 1811 1333 1880 propterea
1390 1807 1511 1862 haec
1541 1823 1718 1863 senex
1748 1807 1815 1862 ad
1854 1844 1899 1908 Β
1932 1823 2041 1879 pax
2072 1806 2223 1861 inter
2252 1822 2372 1873 eos,
2404 1810 2458 1861 et
2499 1805 2839 1877 recipiendae
2872 1808 3177 1864 afﬁnitatis
3208 1809 3455 1867 societas
3487 1809 3584 1863 fir-

163 1902 371 1958 Ruben
408 1900 595 1955 [ilium
626 1898 801 1965 dicat,
836 1897 1122 1970 quiacum
1146 1896 1283 1951 Bala
1301 1895 1820 1968 concubinapatris
1854 1894 1899 1908 "
1928 1900 2221 1951 maretur:
2257 1895 2360 1950 sed
2392 1894 2766 1951 circumcisos
2796 1896 2993 1952 adorsi
3026 1898 3357 1956 recentibus
3386 1902 3578 1960 adhuc

162 1985 501 2055 concubuit,
532 1990 589 2044 et
646 1986 880 2043 thorum
939 1985 1197 2057 patrium
1252 1984 1475 2055 polluit.
1507 1985 1614 2040 Sed
1658 1984 1820 2040 facile

162 2079 554 2135 refelluntur:
589 2076 698 2132 hoc
726 2076 884 2130 enim
914 2079 1038 2130 erat
1060 2078 1193 2129 ante
1214 2077 1445 2147 gestum
1469 2091 1482 2129 :
1507 2073 1686 2129 Jacob
1717 2089 1818 2129 au-

164 2176 283 2226 tem
318 2184 447 2239 quae
474 2168 716 2221 ventura
744 2168 941 2219 essent
981 2162 1038 2217 in
1069 2162 1411 2219 novissimis
1443 2161 1670 2231 diebus,
1704 2179 1818 2217 non

163 2276 237 2314 ea
289 2274 421 2330 quae
469 2258 633 2328 gesta
699 2255 886 2321 erant,
929 2250 1176 2323 spondet
1218 2267 1282 2307 se
1328 2266 1456 2307 esse
1504 2250 1820 2305 dicturum.

164 2349 318 2419 Ergo
350 2342 687 2417 patriarchae
717 2341 829 2397 sibi
859 2340 1128 2413 congruit
1153 2343 1210 2394 et
1254 2342 1485 2395 constat
1514 2338 1822 2405 sententia,

163 2436 268 2509 qui
292 2435 519 2500 videns,
536 2427 1288 2505 persequentibusJudzeis,
1312 2428 1570 2483 futuram
1593 2427 1825 2483 Domini

163 2524 531 2598 passionem,
550 2523 882 2577 exsecratur
897 2518 1219 2573 immanem
1233 2516 1628 2590 primogenitae
1641 2515 1828 2588 plebis

165 2613 503 2677 audaciam,
537 2627 662 2683 qua)
694 2607 1016 2673 incredula,
1049 2624 1155 2663 nec
1190 2607 1283 2662 Dei
1323 2606 1437 2679 legi
1485 2607 1739 2674 subdita,
1773 2610 1830 2662 et

156 2707 383 2777 jugum
412 2699 625 2757 Christi
656 2699 802 2754 dura
825 2695 1089 2752 nesciens
1117 2698 1346 2768 portare
1367 2695 1604 2761 cervice,
1626 2699 1829 2751 aucto-

166 2809 294 2848 rem
328 2790 457 2844 vitae
489 2804 602 2842 non
635 2785 825 2842 solum
859 2784 1076 2841 scelere
1105 2784 1284 2852 necis,
1318 2785 1418 2840 sed
1442 2782 1617 2838 etiam
1651 2784 1828 2839 sacri-

170 2882 323 2953 legae
347 2874 749 2933 insultationis
770 2873 964 2929 affecit
990 2871 1227 2944 injuria.

244 2969 301 3022 9.
338 2966 501 3021 «Non
531 2964 823 3027 ell‘erveas,
847 2962 1062 3034 inquit,
1076 2961 1233 3017 sicut
1252 2977 1441 3033 aqua;
1470 2982 1498 3009 »
1520 2978 1593 3015 ne
1616 2962 1673 3016 in
1706 2977 1830 3016 ma-

162 3062 363 3131 jorem
392 3055 731 3126 prorumpat
755 3050 1091 3118 amentiam,
1114 3053 1172 3106 et
1201 3049 1390 3105 fervor
1410 3049 1624 3106 furoris
1652 3053 1831 3121 atque

1928 1983 2290 2049 vulneribus,
2322 1987 2379 2039 et
2406 1983 2678 2041 invalidis
2710 1984 2927 2041 viribus
2949 2002 3099 2058 quas
3125 1987 3290 2044 dolor
3313 1988 3583 2064 solverat,

1931 2072 2144 2128 fractos
2190 2072 2282 2127 die
2334 2073 2781 2144 superveniente
2843 2074 3012 2130 tertio
3073 2083 3429 2136 necaverunt
3476 2082 3577 2153 (4).

1929 2162 2059 2218 Ideo
2082 2164 2139 2215 et
2170 2160 2418 2217 fortasse
2446 2161 2541 2217 isti
2575 2163 2690 2217 duo
2725 2161 2941 2219 ultores
2984 2181 3098 2236 prae
3152 2167 3393 2236 caeteris,
3445 2171 3587 2242 quia

1933 2250 2262 2305 scribarum
2297 2253 2352 2304 et
2373 2250 2740 2306 sacerdotum
2765 2255 3029 2308 auctores
3056 2259 3214 2309 sunt.
3239 2255 3398 2312 Nulli
3429 2258 3585 2316 enim

1934 2339 2124 2410 magis
2157 2355 2335 2410 quam
2378 2339 2669 2411 sapientes
2700 2345 2755 2396 et
2803 2342 3135 2399 sacerdotes
3167 2344 3381 2402 debent
3409 2348 3587 2404 casti-

1936 2428 2195 2483 moniam
2228 2427 2543 2484 vindicare.

2014 2516 2229 2571 H.Sed
2254 2516 2311 2570 in
2334 2516 2443 2572 hoc
2499 2534 2731 2589 quoque
2781 2524 2976 2575 errant
3022 2520 3230 2578 Judaei.
3286 2526 3386 2581 Isti
3428 2528 3587 2584 enim

1936 2621 2144 2660 causas
2174 2604 2391 2661 doloris
2416 2605 2507 2661 sui
2542 2607 2931 2678 praestiterant
2962 2609 3133 2681 patri,
3168 2619 3496 2671 asserentes
3526 2632 3589 2672 se

1936 2694 1996 2748 in
2028 2693 2128 2748 illa
2157 2692 2292 2749 licet
2322 2695 2747 2767 tetatejuvenili
2781 2696 3045 2754 vindices
3075 2698 3228 2756 laesa:
3257 2701 3587 2777 fuisse-pie-

1938 2780 2095 2848 tatis,
2146 2787 2202 2838 et
2258 2782 2478 2838 violata:
2529 2785 2816 2840 castitatis
2880 2785 3115 2842 ultores.
3178 2790 3341 2855 Quod
3388 2791 3590 2864 utique

1940 2875 2179 2959 sanctus
2211 2872 2598 2927 condemnare
2621 2890 2733 2928 non
2776 2880 3021 2946 poterat,
3080 2893 3199 2948 qua
3257 2895 3371 2934 non
3431 2881 3591 2952 passi

1940 2966 2079 3015 sunt
2107 2959 2355 3015 inultam
2406 2978 2665 3016 sororem
2698 2979 2865 3017 suam
2895 2961 3020 3019 loco
3072 2982 3201 3022 esse
3244 2968 3587 3039 meretricis,

1941 3065 2067 3121 quae
2098 3054 2156 3104 et
2186 3048 2580 3121 virginitatem
2599 3050 2898 3118 amiserat,
2923 3057 2980 3107 et
3010 3052 3274 3110 vindictas
3309 3055 3589 3113 solatium

168 3145 421 3204 insaniae
446 3159 559 3199 non
581 3141 736 3197 sinat
757 3140 1096 3211 resipiscere
1144 3142 1476 3211 peccatores
1496 3155 1516 3201 ;
1535 3138 1635 3194 sed
1658 3141 1833 3210 agant
1868 3209 1902 3218 _
1943 3154 2056 3193 non
2090 3137 2377 3193 habebat:
2413 3137 2663 3195 maxime
2694 3156 2828 3195 cum
2858 3139 2982 3213 ipse
3015 3142 3099 3198 sic
3132 3144 3349 3200 factum
3382 3147 3590 3218 proba-

171 3231 585 3311 poenitentiam
617 3209 998 3294 delictorum;
1032 3209 1311 3300 quoniam
1354 3226 1539 3283 durus
1569 3209 1833 3282 ascendit
1860 3209 1903 3276 C
1941 3226 2106 3294 verit,
2136 3230 2199 3281 ut
2220 3226 2538 3282 Sichimam
2572 3209 2916 3299 possideret,
2942 3234 2999 3285 et
3023 3230 3081 3285 in
3114 3237 3299 3288 morte
3343 3209 3586 3290 donaret

174 3322 435 3397 populus
464 3318 651 3375 cubile
683 3317 885 3389 patris,
917 3320 974 3371 et
1004 3315 1238 3370 thorum
1282 3313 1490 3386 polluit
1537 3319 1831 3377 sanctum,

174 3416 288 3470 boc
319 3415 432 3481 est,
458 3423 692 3465 carnem
727 3404 956 3461 Domini
1005 3404 1144 3460 Jesu
1168 3404 1456 3459 Creatoris
1479 3404 1661 3459 nostri
1686 3404 1833 3476 pati-

174 3501 320 3559 bulo
355 3499 603 3570 afﬁgens
628 3495 839 3563 crucis,
872 3494 930 3548 in
956 3510 1073 3564 qua
1101 3491 1259 3548 velut
1281 3491 1339 3546 in
1371 3492 1628 3564 quodam
1661 3491 1834 3547 cubili

176 3597 239 3649 et
260 3589 455 3663 patrio
478 3587 644 3643 thoro
665 3583 848 3639 sancti
872 3583 998 3653 ejus
1020 3581 1265 3636 salutari
1290 3579 1598 3637 refectione
1609 3581 1835 3653 requie-

178 3682 371 3737 scant.
397 3675 538 3743 Quis
558 3673 738 3747 igitur
766 3672 985 3726 abnuat
1013 3671 1084 3725 de
1133 3668 1342 3741 populo
1399 3669 1643 3737 dictum,
1703 3685 1837 3724 cum

180 3767 403 3843 pepulo
425 3766 546 3821 haec
576 3762 848 3818 universa
877 3757 1269 3814 conveniant?
1292 3757 1421 3830 Ipse
1450 3757 1606 3813 enim
1646 3758 1839 3813 dictus

182 3866 277 3915 est
308 3852 740 3929 primogenitus
771 3848 967 3905 Israel:
994 3849 1118 3921 ipse
1133 3847 1290 3902 dura:
1320 3863 1447 3902 esse
1476 3847 1734 3903 cervicis.
1759 3846 1839 3901 De

182 3950 318 4020 ipso
352 3945 501 4000 dixit
531 3942 793 4014 Moyses:
822 3961 850 3989 ‹‹
882 3941 999 3993 Vos
1030 3940 1225 3992 autem
1257 3935 1508 4008 populus
1539 3935 1685 3991 dura
1718 3952 1839 3991 cer-

178 4040 301 4093 vice
334 4030 691 4103 estis(E.cod.
726 4044 920 4083 xxxm.
955 4026 1031 4098 3).
1073 4048 1102 4075 »
1134 4025 1207 4079 Et
1262 4040 1324 4079 re
1355 4040 1490 4079 vera
1547 4023 1680 4096 quis
1720 4028 1839 4080 tam

180 4130 373 4184 durus
404 4127 464 4179 et
485 4116 831 4176 temerarius
861 4121 917 4171 et
962 4112 1444 4179 contumeliosus,
1503 4129 1680 4185 quam
1738 4130 1839 4185 po-

181 4218 357 4291 pulus
390 4211 752 4275 Judzeorum,
786 4205 886 4278 qui
920 4203 1234 4260 Dominum
1263 4201 1490 4269 Jesum,
1532 4218 1634 4274 per
1665 4218 1840 4273 quem

180 4288 455 4363 viderant
484 4300 742 4355 mortuos
765 4293 1099 4359 suscitatos,
1124 4306 1305 4347 caecos
1329 4288 1714 4357 illuminatos,
1740 4290 1841 4346 fla-

181 4394 349 4467 gellis
379 4388 852 4451 verberaverunt,
885 4381 1062 4437 clavis
1081 4380 1463 4446 confixerunt,
1506 4379 1659 4436 ΜΟ
1706 4396 1840 4435 cum

182 4466 379 4540 divina
394 4480 526 4551 ejus
556 4491 737 4549 opera
767 4487 978 4545 negare
999 4486 1115 4525 non
1140 4473 1374 4542 possent
1398 4473 1421 4525 Ρ
1450 4468 1598 4534 Quid
1632 4466 1842 4523 scribis

1942 3331 2072 3371 eam
2096 3314 2214 3370 filio
2241 3331 2349 3371 suo
2385 3315 2768 3373 dilectissimo
2794 3318 3034 3391 Josepb',
3071 3320 3267 3377 dicens
3299 3323 3394 3389 ad.
3423 3339 3586 3378 eum:

1943 3427 1971 3453 ‹‹
1998 3403 2076 3458 Do
2102 3403 2206 3457 tibi
2231 3404 2549 3460 Sichimam
2582 3406 2937 3478 praecipuam
2956 3424 3131 3480 super
3152 3426 3355 3466 omnes
3382 3410 3590 3467 fratres

1945 3497 2300 3563 tuos,quam
2354 3493 2549 3564 accepi
2607 3494 2675 3547 de
2709 3495 2980 3551 manibus
3012 3498 3485 3555 Amorrhaeorum
3534 3500 3593 3555 in

1946 3580 2235 3635 machara
2294 3596 2424 3636 mea
2479 3586 2536 3636 et
2579 3598 2715 3636 arcu
2749 3582 2903 3653 (Gen.
2960 3603 3154 3652 XLVIII,
3212 3590 3371 3659 22).»
3431 3590 3591 3655 Quod

1947 3670 2165 3724 factum
2188 3669 2382 3741 negari
2410 3686 2524 3724 non
2546 3674 2754 3741 potest.
2780 3673 3151 3744 Interpretari
3173 3680 3365 3732 tamen
3390 3678 3592 3749 possu-

1948 3774 2081 3812 mus
2113 3774 2215 3829 per
2245 3757 2563 3813 Sichimam
2596 3759 2871 3816 humeros
2892 3760 3232 3834 signiﬁcari,
3252 3781 3354 3836 per
3390 3766 3593 3821 hume—

1949 3863 2044 3902 ros
2065 3862 2258 3918 opera.
2285 3846 2581 3902 Haaredem
2602 3863 2737 3920 ergo
2757 3848 3045 3905 bonorum
3063 3868 3301 3923 operum
3323 3858 3593 3909 sanctum

1946 3934 2164 4006 Joseph
2214 3951 2329 4006 prae
2379 3935 2598 3992 caeteris
2657 3936 2847 4009 elegit,
2907 3939 3078 4009 cujus
3149 3956 3325 4011 opera
3384 3941 3593 3995 fratres

1950 4040 2179 4095 aequare
2201 4040 2317 4079 non
2340 4028 2625 4096 poterant.
2653 4025 2796 4090 Quis
2816 4026 2973 4082 enim
2998 4027 3148 4084 facta
3169 4027 3379 4084 Christi
3404 4027 3596 4101 potuit

1950 4114 2259 4184 adaequare
2274 4113 2302 4167 ‘?
2604 4116 2609 4121 ’

2026 4202 2108 4257 l2.
2139 4202 2289 4257 Tum
2319 4208 2596 4274 praaterea
2622 4204 3037 4262 immaculatus
3068 4210 3123 4261 et
3157 4210 3355 4262 castus
3385 4206 3456 4262 de
3484 4206 3596 4263 hoc

1948 4295 2178 4347 terreno
2208 4289 2543 4360 diversorio,
2576 4297 2633 4348 et
2651 4293 3010 4366 impuritatis
3030 4295 3368 4352 auctoribus
3388 4312 3597 4352 manu-

1949 4379 2076 4435 bias
2108 4380 2438 4452 reportavit,
2473 4380 2666 4436 locum
2699 4382 2919 4454 stupris
2948 4387 3004 4439 ct
3034 4383 3272 4456 ﬂagitiis
3297 4388 3599 4441 vacantem

1951 4468 2023 4523 ad
2048 4467 2365 4523 incolatum
2384 4474 2720 4526 sanctorum
2745 4471 2936 4528 verbis
2958 4472 3312 4540 coelestibus,
3326 4478 3383 4530 et
3402 4472 3598 4548 gladio

186 4577 239 4628 et
261 4567 669 4643 pontificibus,
702 4559 1061 4626 auctoribus,
1092 4562 1150 4614 et
1182 4557 1440 4630 principe
1472 4557 1841 4613 sacerdotum
1874 4580 1920 4644 Β
1951 4557 2216 4630 capimus
2247 4556 2495 4629 spiritali
2523 4577 2535 4615 :
2563 4562 2626 4613 ut
2684 4560 2784 4615 ubi
2809 4560 2953 4617 517
3013 4562 3438 4619 inbabitatores
3468 4567 3602 4619 ante

188 4659 409 4733 Caipha
449 4654 668 4728 pariter
698 4649 987 4717 saeviente,
1020 4644 1403 4703 commissum
1435 4643 1731 4718 Evangelii
1752 4662 1842 4701 se-

190 4749 298 4805 ries
346 4740 683 4801 declaravit.
750 4740 816 4794 Et
844 4737 973 4793 ideo
1005 4738 1245 4792 sanctus
1301 4733 1582 4806 propheta
1629 4734 1844 4807 refugit

186 4835 330 4892 tanti
362 4830 602 4890 sceleris
654 4826 1075 4902 principatum,
1117 4839 1189 4879 ne
1246 4839 1349 4896 per
1380 4822 1841 4905 ‘successionem

192 4923 422 4996 generis
454 4920 738 4976 auderent
793 4913 943 4971 tanti
999 4912 1342 4986 patriarchas
1402 4912 1513 4968 sibi
1573 4920 1844 4985 arrogdre

194 5012 577 5071 consortium.

836 5073 1068 5131 CAPUT
1110 5072 1205 5128 III.

196 5153 583 5213 Praedicanzur
611 5164 730 5219 qua:
749 5148 884 5219 ﬁliis
914 5147 1128 5201 Simeon
1167 5148 1219 5200 et
1256 5144 1402 5212 Levi,
1463 5159 1695 5216 quorum
1744 5159 1842 5199 no-

260 5167 583 5213 'wawamur
645 5167 884 5219 uanius
914 5167 1128 5201 almam
1167 5167 1219 5200 ει
1256 5167 1402 5212 ιισυῑ,
1463 5167 1695 5216 quorum
1744 5167 1842 5199 7w-

260 5224 508 5281 minibus
536 5167 707 5277 triZus
762 5220 1142 5290 designantur,
1196 5223 1355 5290 erant
1409 5223 1710 5290 eventura;
1746 5231 1847 5270 nec

262 5313 379 5352 non
408 5295 595 5365 Opinio
621 5286 949 5365 Iudaeorum
977 5292 1126 5344 circa
1151 5288 1443 5365 mysticam
1498 5287 1656 5341 istius
1688 5286 1844 5341 bene-

261 5361 525 5424 dictionis
555 5363 1067 5434 interpretationem
1093 5361 1426 5429 confutatur.

268 5457 355 5512 10.
390 5453 767 5509 Contestatur
807 5451 1031 5522 justus,
1048 5451 1123 5504 -et
1151 5445 1384 5503 abdicat
1420 5444 1843 5519 posteritatem,

266 5601 347 5672 (4)
380 5596 533 5672 ﬁdit.
570 5612 796 5672 omnes,
815 5593 914 5672 die
940 5591 1378 5672 supervenientes
1425 5590 1597 5672 teiliq
1619 5605 1849 5646 necave-

204 5659 350 5728 rm‘zt'.
385 5668 514 5724 Non
543 5666 700 5725 mala
719 5659 926 5739 lectio;
960 5659 1052 5726 cui
1075 5668 1274 5722 tamen
1296 5671 1440 5720 mss.
1475 5659 1622 5721 Gall.
1645 5677 1847 5722 omnes

201 5743 591 5822 refragantur.

1952 4645 2201 4701 lasciviae
2224 4650 2279 4701 et
2309 4645 2602 4718 principes
2635 4646 2879 4703 luxuria:
2910 4649 3316 4717 versabantur,
3348 4649 3448 4705 ubi
3480 4650 3601 4704 fue-

1953 4739 2087 4789 rant
2132 4734 2420 4789 incentiva
2462 4733 2753 4804 libidinis,
2781 4743 2838 4793 et
2870 4737 3126 4794 fomenta
3184 4738 3475 4811 nequitiae,
3518 4735 3599 4791 ibi

1954 4839 2110 4878 nunc
2124 4823 2311 4878 sancti
2330 4825 2658 4881 sacerdotes
2674 4826 3011 4899 magisteria
3022 4827 3267 4899 doceant
3282 4826 3588 4891 castitatis,

1950 4916 2005 4965 et
2037 4910 2292 4982 plurima
2322 4911 2624 4985 virginalis
2656 4915 3009 4988 integritatis
3041 4914 3306 4986 exempla
3337 4914 3595 4986 quodam

1952 5016 2217 5071 supernae
2250 4999 2398 5056 lucis
2428 5000 2655 5074 fulgore
2675 5004 3101 5075 resplendeant.

2026 5088 2111 5142 13.
2147 5088 2362 5145 Tribus
2386 5089 2566 5163 igitur
2598 5097 2739 5146 sunt
2772 5108 2898 5163 quae
2930 5091 3313 5163 designantur
3341 5089 3593 5145 nomini-

1953 5178 2064 5233 bus
2100 5177 2587 5250 patriarcharum,
2620 5180 2760 5250 quia
2788 5180 2857 5235 de
2886 5180 3040 5234 tribu
3100 5178 3335 5235 Simeon
3397 5179 3600 5235 scribae

1954 5271 2111 5334 sunt,
2143 5267 2214 5321 de
2245 5266 2401 5322 tribu
2420 5267 2551 5322 Levi
2573 5267 2867 5340 principes
2887 5268 3279 5335 sacerdotum,
3300 5267 3398 5340 qui
3422 5268 3605 5341 perfe-

1953 5359 2159 5410 cerunt
2187 5354 2509 5427 nequitiam
2542 5372 2711 5410 suam
2761 5355 2819 5409 in
2851 5355 3083 5411 Domini
3111 5357 3401 5428 passione,
3437 5372 3601 5412 men-

1953 5460 2153 5500 suram
2184 5459 2417 5499 omnem
2448 5447 2698 5515 paterna:
2746 5442 3062 5515 impietatis
3121 5444 3450 5518 implentes.
3484 5446 3603 5518 Ipsi

2028 5588 2105 5659 (5)
2138 5586 2222 5659 Ita
2252 5601 2395 5641 mss.
2429 5584 2648 5659 plures,
2675 5585 3065 5658 potioresque.
3096 5589 3170 5643 At
3227 5587 3362 5643 edit.
3398 5604 3603 5645 omnes

1955 5656 2209 5738 etpauci
2239 5673 2404 5738 mss.,
2431 5656 2449 5658 “
2457 5656 2760 5733 possideret
2813 5659 2873 5717 in
2927 5656 3361 5738 mouenturque,
3426 5659 3605 5720 dona-

1957 5732 2140 5812 ntque
2162 5745 2306 5805 eam,
2336 5732 2447 5794 etc.
