4104 6156
438 212 441 215 ’
497 224 609 281 ’ῚΗ
1963 203 2027 261 S.
2078 199 2146 261 Α]

2251 198 2459 261 aosn
3738 206 3830 267 τι,

503 352 814 410 consilium
850 347 1248 418 cogitaverunt
1268 342 1547 397 adversus
1572 335 1886 393 Dominum
1917 334 2148 399 Jesuni,
2180 335 2233 397 Α
2268 335 2449 405 (Hebr.
2484 352 2583 399 vn,
2616 334 2729 399 44).
2782 334 2847 388 Ut
2905 348 2972 388 ex
3019 331 3175 388 tribu
3222 332 3351 388 Levi
3408 334 3738 389 sacerdotalis
3782 342 3827 393 et

501 447 563 513 ut
591 438 923 495 occiderent
950 434 1110 498 eum,
1155 432 1311 487 sicut
1367 427 1549 485 Isaias
1579 424 1719 481 dicit
1751 440 1764 479 :
1797 425 1892 477 Va:
1941 421 2150 477 animm
2263 422 2434 493 plena
2467 421 2789 477 sanctitatis
2819 425 3241 476 annumeretur
3272 420 3600 476 haereditas:
3630 408 3695 477 ex.
3710 423 3829 479 tribu

500 511 799 601 ipsorum‘;
834 522 973 597 quia
1003 521 1403 593 cogitaverunt
1444 515 1754 572 consilium
1788 512 2011 568 malum
2048 510 2147 565 ad-
2260 514 2456 566 autem
2486 511 2516 567 J
2527 511 2661 576 uda,
2694 528 2762 565 ex
2790 527 2907 582 qua
2960 510 3136 565 David
3165 514 3221 565 et
3248 509 3517 565 Salomon
3568 514 3618 564 et
3669 510 3834 582 reliqui

494 616 814 674 versum'se
831 605 1118 669 dicentes:
1144 607 1736 682 Alligemquustum,
1761 601 1900 674 quia
1923 598 2148 656 inutilis
2259 616 2426 671 reges
2458 600 2710 660 fuerunt.
2745 598 2958 671 regalis
2994 597 3384 654 successionis
3430 596 3681 669 splendor
3704 600 3838 655 efful-

494 706 587 764 est'
613 705 783 763 nobis
815 705 939 777 (Isa.
972 718 1052 768 ιιι,
1082 701 1137 764 9,
1173 698 1281 768 10).
1319 718 1347 746 ››
1378 695 1491 767 Ipsi
1523 693 1859 750 occiderunt
1897 688 2145 777 prophe-

2256 692 2410 762 geat,
2440 692 2505 743 ut
2535 689 2687 743 idem
2719 692 2777 743 et
2807 704 2904 742 rex
2945 691 3003 743 et
3040 687 3310 742 sacerdos
3355 686 3752 755 Scripturarum
3774 694 3839 743 te-

494 798 607 866 ta's,
650 798 729 851 et‘
761 772 1051 865 apOStol'os
1099 784 1516 842 annuntiantes
1554 778 1787 837 Domini
1827 776 2146 834 Salvatoris
2259 776 2534 832 stimonio
2566 777 3016 831 demonstretur.
3041 774 3361 846 Meritoque
3384 790 3445 829 se
3473 772 3618 828 circa
3636 775 3838 845 gratiam

498 884 835 948 adventum,
868 878 1160 950 passiionis
1191 875 1320 944 ejus
1349 878 1406 929 et
1434 865 2142 938 resurrectionis‘gloriam
2254 866 2422 921 Judaa
2452 865 2635 921 Jacob
2666 868 2903 919 sanctus
2933 862 3137 919 etiudit
3156 863 3357 919 dicens
3381 881 3394 918 :
3421 884 3448 912 ‹‹
3478 862 3637 929 Juda,
3673 868 3723 917 te
3742 862 3841 917 lau-

495 956 898 1047 prmdicantes.
920 966 1033 1039 Ipsi
1054 963 1330 1038 pbsteafin
1350 978 1457 1018 sua
1471 960 1808 1032 cupiditate,
1824 972 1940 1027 qua
1965 959 2144 1009 terre-
2258 955 2486 1011 dabunt
2511 955 2719 1008 fratres
2734 953 2849 1007 tui:
2879 969 3090 1008 manus
3112 959 3221 1007 tuae
3244 967 3419 1023 super
3438 951 3658 1006 dorsum
3679 950 3839 1005 inimi-

495 1037 572 1117 ᾖε.
603 1056 822 1132 ﬂagitia
844 1037 1278 1115 desiderabant,
1311 1050 1509 1107 divina
1537 1042 2146 1132 consortia'refugien-
2255 1060 2459 1099 corum
2484 1047 2744 1107 tuorum,
2768 1041 3098 1097 adorabunt
3124 1045 3179 1097 te
3194 1039 3298 1095 ﬁlii
3331 1039 3508 1111 patris
3536 1037 3840 1094 tui.Catulus

493 1153 606 1217 tes,
666 1145 926 1217 corporis
983 1140 1416 1204 castimoniam,
1473 1136 1847 1193 sobrietatem
1908 1131 2142 1198 mentis,
2252 1133 2437 1189 leonis
2465 1133 2632 1188 Judec
2665 1148 2731 1185 ex
2753 1129 3034 1203 germine,
3058 1129 3138 1184 ﬁli
3170 1129 3270 1195 mi,
3295 1127 3617 1183 ascendisti.
3642 1128 3843 1182 Recum-

494 1239 895 1307 cOntemptum
930 1230 1208 1304 pecunia,
1234 1229 1461 1284 lucrum
1494 1226 1713 1298 gratiae,
1759 1222 2144 1279 subnervave-
2253 1222 2398 1278 bene
2429 1220 2695 1277 dormisti
2726 1224 2789 1274 ut
2833 1219 2942 1277 leo.
3003 1222 3060 1274 et
3114 1221 3396 1289 tanquam
3453 1215 3683 1282 catulus,
3736 1215 3841 1288 quis

495 1329 633 1384 runt
654 1304 914 1386 taurum,
948 1320 1113 1375 illum
1147 1316 1415 1372 videlicet
1453 1330 1672 1370 cornua
1726 1309 2144 1383 producentem
2255 1309 2565 1365 suscitabit
2593 1326 2725 1365 eum
2752 1310 2775 1363 Ρ
2802 1312 2928 1363 Non
2959 1306 3143 1363 deerit
3166 1307 3346 1375 judex
3372 1322 3440 1360 ex
3458 1304 3623 1368 Juda,
3652 1307 3702 1358 et
3723 1304 3847 1374 prin-

495 1421 552 1472 et
577 1412 851 1487 ungulas,
914 1424 1089 1482 quem
1146 1406 1344 1461 vident
1402 1418 1685 1475 pauperes
1740 1404 1798 1454 et
1826 1398 2097 1454 laetantur
2126 1415 2140 1464 ;
2253 1415 2389 1470 ceps
2419 1399 2491 1453 de
2515 1397 2838 1453 femoribus
2861 1397 3010 1466 ejus,
3036 1397 3220 1451 donec
3247 1395 3441 1449 veniat
3461 1393 3549 1448 cui
3572 1391 3844 1464 repositum

496 1478 775 1577 quoniam
807 1478 981 1555 verbo
1012 1497 1109 1552 Dei
1143 1493 1412 1550 exultavit
1445 1507 1623 1545 cornu
1659 1485 1855 1561 populi
1882 1485 1995 1547 sui,
2029 1501 2142 1556 quo
2252 1491 2360 1551 est,
2394 1490 2452 1540 et
2507 1486 2633 1555 ipse
2680 1485 2791 1540 erit
2843 1484 3164 1557 expectatio
3201 1484 3488 1556 gentium.
3533 1481 3765 1553 alligans
3794 1478 3849 1533 ad

496 1599 552 1650 et
584 1589 853 1647 inimicos
884 1585 1115 1657 repulit,
1150 1587 1205 1636 et
1262 1580 1563 1653 praemium
1609 1592 1832 1631 corona:
1891 1573 2142 1629 caelestis
2250 1576 2426 1630 vitem
2460 1575 2688 1629 asinam
2711 1590 2904 1638 suam,
2938 1578 2995 1627 et
3052 1571 3238 1627 cilicio
3288 1570 3510 1643 pullum
3540 1570 3701 1623 asinae
3732 1583 3843 1622 suae.

496 1681 763 1738 emeruit.
794 1677 895 1733 Hic
928 1679 1016 1730 est
1057 1680 1262 1728 taurus
1290 1686 1418 1742 quo
1461 1666 1718 1723 Ecclesia
1766 1665 2053 1736 ﬁguratur
2083 1662 2138 1717 in
2171 1694 2218 1760 B
2252 1664 2491 1719 Lavabit
2518 1664 2577 1717 in
2609 1663 2741 1717 vino
2773 1662 2982 1717 stolam
3027 1678 3218 1725 suam,
3248 1664 3303 1715 et
3334 1661 3392 1714 in
3446 1657 3713 1730 sanguine
3756 1671 3850 1711 uva

494 1772 654 1835 luna,
682 1774 823 1823 tunc
854 1763 1078 1838 plenior
1094 1756 1690 1817 cumvelutcornibus
1710 1754 1843 1809 nixa
1872 1752 2141 1819 taurinis,
2171 1746 2218 1760 ”
2253 1751 2667 1807 anaboladium
2701 1767 2898 1806 suum.
2933 1749 3153 1805 Hilares
3211 1749 3363 1805 oculi
3397 1749 3523 1818 ejus
3565 1764 3597 1801 a
3638 1746 3773 1808 vino,
3812 1750 3853 1797 et

496 1833 754 1933 spatium
784 1833 966 1910 totius
997 1850 1154 1907 orbis
1184 1847 1451 1903 includit.

2252 1842 2457 1896 dentes
2482 1840 2609 1910 ejus
2635 1836 3001 1895 candidiores
3023 1854 3196 1910 quam
3222 1835 3309 1891 lac
3330 1837 3643 1907 (Gen.xux,
3666 1833 3851 1899 842).»

569 1948 654 2004 14.
687 1947 907 2002 Tamen
940 1938 1255 2013 prophetiae
1286 1936 1423 1991 huic
1452 1934 1681 1988 videtur
1698 1932 1871 1987 etiam
1895 1933 2140 2003 gratiam

496 2032 916 2093 benedictionis
934 2030 1273 2099 adjungcre.
1298 2025 1441 2079 Nam
1463 2023 1530 2077 ad
1550 2020 1998 2093 primogenitum
2035 2019 2144 2073 Ru-

499 2128 612 2183 ben
644 2120 922 2179 dicendo:
979 2139 1008 2169 «
1064 2121 1188 2170 Non
1249 2115 1591 2169 eII‘ervesras
1644 2116 1706 2164 ut
1763 2126 1917 2179 aqua
1989 2108 2140 2178 (Gen.

494 2229 643 2270 xux.
678 2213 756 2281 Α),
793 2233 817 2259 ››
854 2210 1151 2280 peccatum
1169 2200 1488 2272 statuittti),
1515 2200 1651 2269 quia
1667 2215 1821 2269 aqua
1860 2198 2144 2251 mundare

496 2301 683 2374 magis
711 2298 943 2360 delicta,
980 2297 1322 2362 mentesque
1347 2294 1579 2344 nostras
1610 2288 1681 2342 ab
1705 2285 1863 2341 omni
1888 2285 2033 2340 solet
2063 2286 2143 2338 vi-

495 2391 708 2446 tiorum
732 2388 965 2443 fervore
995 2396 1281 2438 revocare.
1315 2380 1382 2434 Et
1438 2379 1649 2432 iterum
1682 2375 1926 2430 dicendo
1953 2374 2023 2429 ad
2056 2375 2144 2429 Si-

497 2494 666 2534 meon
698 2482 757 2532 et
786 2473 916 2529 Levi
943 2492 955 2529 :
989 2495 1016 2520 α
1045 2469 1309 2526 Dividam
1323 2467 1497 2522 vosin
1520 2465 1717 2529 Jacob,
1740 2463 2143 2534 etdispergam

496 2568 554 2622 in
586 2563 763 2622 Israel
795 2561 953 2633 (Ibid,
984 2563 1061 2627 7).
1100 2555 1677 2627 nostenditgentium
1697 2552 2147 2623 congregatione

497 2653 869 2711 redimendos
895 2652 992 2721 (7).
1028 2649 1311 2703 Percusso
1353 2644 1506 2699 enim
1569 2647 1816 2713 pastore,
1868 2657 2003 2711 grex
2053 2638 2147 2693 ille

494 2745 798 2815 dispersus
829 2745 937 2803 est,
971 2738 1069 2809 qui
1107 2736 1293 2789 fuerat
1329 2738 1465 2787 ante
1484 2729 1783 2791 collectus,
1815 2730 1995 2800 utqui
2030 2744 2146 2781 non

497 2838 639 2898 erat,
675 2828 963 2889 introiret,
996 2831 1054 2880 et
1102 2824 1184 2878 sic
1211 2821 1404 2876 omnis
1434 2818 1610 2873 Israel
1641 2817 1837 2872 salvus
1869 2817 2047 2871 fieret.
2082 2817 2150 2871 Et

499 2920 750 2977 maxime
780 2920 1015 2987 prOpter
1039 2912 1259 2967 tribum
1296 2907 1425 2963 Levi
1456 2906 1743 2961 debemus
1761 2905 1870 2960 hoc
1892 2905 2147 2970 credere,

506 3008 647 3081 quia
668 3023 772 3062 vex
805 3021 871 3059 ea
890 3002 1044 3058 tribu
1080 2998 1364 3055 Dominus
1392 2999 1565 3051 Jesus
1594 2994 1787 3048 idetur
1828 2994 2147 3048 secundum

497 3094 755 3169 corporis
786 3088 1215 3161 susceptionem
1254 3100 1448 3156 genus
1480 3084 1710 3137 ducere.
1749 3082 1826 3135 Ex
1856 3098 1971 3151 qua
1992 3081 2146 3136 tribu

500 3190 640 3242 sunt
668 3181 999 3239 sacerdotes
1029 3177 1160 3232 Levi
1189 3179 1245 3229 et
1273 3172 1523 3233 Nathan,
1544 3188 1690 3243 quos
1707 3176 1946 3226 sanctus
1970 3174 2149 3225 Lucas

502 3277 559 3331 in
591 3269 885 3343 Evangelii
918 3268 1068 3322 libro
1101 3279 1274 3336 quem
1308 3263 1434 3333 ipse
1467 3258 1883 3331 scripsit,inter
1900 3260 2149 3329 majores

504 3360 735 3419 Domini
770 3353 1286 3429 computavit(Luc.
1322 3356 1407 3416 In,
1438 3349 1645 3419 29-31).
1679 3347 1962 3403 Sacerdos
1990 3347 2146 3401 enim

502 3449 690 3508 Patris
719 3452 777 3502 et
807 3446 1074 3518 princeps
1104 3440 1367 3497 omnium
1399 3438 1790 3499 sacerdotum,
1824 3437 1977 3491 sicut
2005 3437 2148 3491 scri-

503 3545 670 3613 ptum
728 3540 816 3592 est
863 3551 874 3589 :
937 3533 1023 3587 Tu
1072 3547 1135 3586 es
1192 3528 1461 3584 sacerdos
1516 3526 1575 3581 in
1633 3531 1915 3580 aeternum
1972 3525 2144 3592 (Psal.

503 3646 615 3694 cux,
647 3628 724 3695 1i),
761 3648 787 3674 ››
841 3619 1219 3678 sacerdotalis
1275 3615 1521 3688 originis
1568 3615 1999 3670 successionem
2043 3616 2146 3670 de-

505 3718 641 3774 buit
661 3712 974 3770 vindicare.

2324 1974 2411 2029 47.
2441 1973 2527 2028 Ad
2544 1972 2757 2028 Judam
2780 1971 3016 2044 quidem
3036 1969 3458 2043 partriarcbam
3484 1966 3646 2040 dirigi
3670 1964 3855 2020 videtur

2254 2061 2603 2133 alloquium,
2636 2060 2736 2116 sed
2754 2060 2784 2116 ,Ι
2792 2060 2940 2115 udas
2967 2058 3063 2114 ille
3090 2058 3378 2130 posterior
3398 2056 3585 2112 verius
3606 2053 3857 2111 confessor

2253 2150 2618 2223 exprimitur,
2650 2149 2751 2221 qui
2780 2166 2925 2206 exea
2946 2148 3100 2203 tribu
3122 2150 3294 2203 natus
3314 2152 3426 2212 est,
3461 2144 3558 2217 qui
3577 2143 3723 2199 solus
3753 2140 3854 2195 lau—

2254 2240 2425 2294 datur
2453 2255 2486 2293 a
2508 2237 2783 2293 fratribus
2806 2236 2875 2292 de
2898 2235 3265 2308 quibusdicit
3293 2252 3305 2289 ε
3346 2256 3374 2284 ‹‹
3400 2233 3650 2289 Narrabo
3684 2243 3855 2285 nomen

2252 2332 2424 2382 tuum
2456 2326 2733 2382 fratribus
2765 2325 2911 2381 meis
2943 2325 3115 2390 (Psal.
3148 2340 3262 2390 xxx,
3293 2322 3408 2393 23).
3447 2346 3474 2371 ››
3503 2320 3762 2377 Dominus
3780 2332 3859 2388 per

2257 2420 2549 2482 naturam,
2576 2416 2751 2471 frater
2780 2431 2883 2486 per
2911 2414 3181 2486 gratiam,
3208 2412 3381 2483 cujus
3401 2428 3608 2467 manus
3629 2424 3758 2481 quas
3782 2422 3858 2461 ex-

2256 2504 2458 2576 pandit
2490 2504 2561 2559 ad
2593 2502 2873 2575 populum
2909 2519 3025 2557 non
3057 2502 3412 2566 credentem,
3459 2515 3631 2571 super
3658 2497 3856 2552 dorsum

2256 2592 2650 2663 inimicorum,
2684 2607 2945 2647 suorum.
2978 2590 3191 2646 Iisdem
3238 2589 3399 2645 enim
3417 2587 3697 2652 manibus,
3723 2587 3864 2653 atque

2258 2682 2457 2736 eadem
2492 2680 2762 2752 passione
2788 2696 2926 2735 suos
2951 2679 3115 2744 texit,
3175 2682 3231 2734 et
3259 2675 3599 2749 subjugavit
3635 2674 3861 2730 adversa-

2258 2770 2375 2825 rias
2408 2772 2743 2841 potestates,
2776 2782 3097 2840 omnesque
3126 2766 3258 2822 ﬁdei
3293 2771 3349 2822 et
3384 2764 3615 2838 pietatis
3643 2768 3861 2818 exsortes

2258 2857 2525 2913 subditos
2556 2857 2666 2912 sibi
2701 2856 2854 2913 fecit.
2889 2856 2969 2911 De
2990 2855 3206 2927 quibus
3237 2854 3319 2910 ait
3348 2858 3524 2909 Pater
3552 2852 3619 2908 ad
3650 2848 3861 2905 Filium:

2188 2992 2195 2997 .
2259 2970 2286 2994 ‹‹
2320 2947 2391 3001 Et
2432 2945 2829 3002 dominaberis
2884 2944 2944 3000 in
2988 2944 3180 3000 medio
3240 2942 3614 2999 inimicorum
3670 2943 3863 2993 tuorum

2181 3061 2223 3127 Ο
2261 3035 2433 3101 (Ρρται.
2464 3050 2574 3099 cxx,
2605 3035 2694 3105 2):
2720 3058 2747 3084 ››
2766 3050 2913 3105 quos
2940 3032 3215 3088 inimicos
3237 3049 3347 3089 sua
3371 3030 3599 3087 malitia
3621 3026 3864 3089 fecit,non

2263 3123 2474 3179 Christi
2502 3122 2792 3179 voluntas.
2854 3123 2916 3176 In
2979 3138 3094 3193 quo
3145 3137 3360 3193 magna
3415 3119 3603 3192 gratia
3654 3109 3864 3171 Domini.

2257 3211 2484 3268 Etenim
2526 3210 2821 3282 spiritales
2905 3209 3178 3282 nequitiae
3238 3213 3375 3265 ante
3456 3206 3724 3263 cervicem
3788 3214 3866 3254 no-

2257 3305 2437 3357 stram
2462 3300 2608 3372 jugo
2639 3299 2908 3355 solebant
2967 3298 3322 3371 captivitatis
3375 3296 3684 3358 inﬂectere,
3717 3291 3787 3344 ita
3824 3288 3871 3339 ut

2259 3389 2435 3445 David
2486 3387 2612 3461 ipse
2668 3404 2881 3443 manus
2913 3387 3349 3459 quodammodo
3379 3400 3560 3457 super
3601 3397 3660 3437 se
3699 3376 3867 3434 trium-

2259 3477 2565 3551 phantium
2598 3476 2815 3532 sentire
2841 3493 2904 3533 se
2930 3475 3212 3531 scriberet
3242 3475 3450 3531 dicens
3476 3490 3489 3528 :
3517 3496 3543 3522 «
3568 3472 3743 3540 Super
3766 3465 3872 3519 dor-

2258 3583 2389 3622 sum
2423 3581 2616 3621 meum
2642 3563 3069 3620 fabricaverunt
3120 3567 3463 3635 peccatores
3513 3558 3661 3633 (Psal
3699 3566 3871 3616 CXXV“:

2256 3655 2334 3726 3),
2370 3677 2398 3704 ››
2432 3653 2567 3725 ipsae
2600 3670 2753 3709 nunc
2783 3653 3032 3708 subditae
3064 3651 3371 3723 triumpho
3391 3648 3603 3707 Christi
3629 3641 3872 3715 etquibus

2256 3744 2390 3798 dam
2424 3741 2696 3798 manibus
2726 3742 2876 3812 ejus,
2908 3741 2966 3796 id
3000 3744 3108 3811 est,
3142 3741 3310 3796 factis
3338 3738 3727 3812 Operibusque
3754 3726 3868 3784 sub-

2252 3834 2439 3904 jectae,
2487 3835 2775 3903 perpetua:
2835 3830 3091 3885 subeunt
3147 3828 3514 3901 captivitatis
3567 3831 3874 3904 aerumnam.

2259 3899 2391 3993 ipse
2420 3899 2621 3990 utique
2646 3920 2722 3990 (8)
2782 3919 2880 3990 qui
2938 3899 3235 3974 adoratur—
3273 3935 3308 3972 a
3357 3916 3501 3971 ﬁliis
3560 3909 3734 3986 patris
3783 3899 3876 3965 sui.

2262 4008 2497 4081 quando
2530 4008 2805 4063 adoratur
2834 4025 2867 4063 a
2898 4007 3070 4063 nobis
3100 4004 3317 4078 quibus
3378 4006 3507 4077 ipse
3539 3996 3789 4074 permisit
3828 3994 3880 4043 ut

2262 4101 2490 4153 Patrem
2522 4113 2818 4163 vocemus,
2852 4097 3022 4167 cujus
3054 4111 3283 4150 servum
3322 4110 3457 4150 esse
3518 4085 3748 4145 virtutis
3789 4082 3877 4135 est.

577 3808 664 3861 15.
688 3802 853 3860 Unde
881 3806 936 3856 et
978 3800 1205 3870 Moyses
1244 3794 1537 3851 benedixit
1576 3793 1725 3847 hanc
1782 3793 2001 3847 tribum
2061 3792 2148 3847 di-

505 3911 643 3952 cens
671 3910 683 3948 :
718 3916 745 3942 «
782 3895 917 3946 Date
948 3887 1080 3943 Levi
1108 3889 1330 3958 septem
1364 3882 1624 3955 suﬁragii
1646 3880 1735 3935 sui
1746 3887 1823 3947 ,et
1853 3881 2150 3935 veritatem

506 3988 634 4055 ejus
683 3984 885 4037 sancto
945 3979 1100 4048 (Deut
1148 3989 1351 4038 XXXIlI,
1412 3971 1491 4043 8).
1526 3993 1553 4021 ι)
1618 3969 1917 4025 Benedixit
1973 3970 2149 4025 etiam

508 4075 734 4144 Moyses
752 4068 974 4125 tribum
994 4064 1194 4119 Ruben
1215 4062 1368 4117 sicut
1393 4060 1571 4114 babes
1596 4059 1876 4130 scriptum
1901 4075 1914 4112 :
1939 4082 1964 4107 (ι
1987 4058 2153 4115 Vivat

511 4162 737 4225 Ruben,
752 4155 1122 4219 etmoriatur,
1137 4157 1317 4206 etnon
1333 4148 1644 4204 sitmultus
1660 4148 1720 4202 in
1735 4164 1977 4203 numero
1992 4150 2149 4219 (Ibid.

548 4239 1448 4319 ).>iNequeenimbenedixisset,
1477 4238 1547 4303 si,
1569 4236 1894 4292 secundum
1916 4216 2155 4308 patriar-
2335 4230 2418 4284 18.
2455 4252 2483 4279 ‹‹
2517 4228 2757 4285 Catulus
2780 4227 2965 4283 leonis
2995 4227 3165 4281 Juda.
3203 4248 3230 4274 »
3259 4226 3472 4281 Nonne
3510 4220 3800 4277 evidentur
3839 4216 3883 4262 et

512 4302 1064 4395 cbaaiseiitentiam,
1102 4302 1502 4385 benedictione
1536 4302 1805 4382 scivisset
1858 4302 2151 4399 indignos.
2264 4323 2497 4372 Patrem
2528 4315 2831 4388 express“,
2865 4320 2923 4370 et
2964 4313 3148 4368 ﬁlium
3199 4311 3532 4367 declaravit
3557 4308 3586 4363 ?
3637 4302 3737 4370 Ουὶ
3785 4304 3883 4355 tam

512 4391 677 4482 Derte
708 4424 864 4496 quod
897 4391 1144 4477 strictim
1164 4418 1259 4474 ille
1276 4416 1572 4491 praeteriit,
1597 4416 1705 4473 istc
1729 4391 2059 4488 complevit.
2188 4430 2233 4494 Β
2265 4406 2520 4496 evidens,
2550 4421 2665 4477 quo
2697 4403 3110 4496 uni-uenatum:
3128 4400 3344 4457 Filium
3376 4400 3724 4496 Dei(9).cum
3751 4391 3885 4496 Ρξξξεζ

1737 4470 1751 4472 ν
1772 4470 1785 4472 ἡ
1912 4470 1949 4472 7-
2188 4470 2232 4494 υ
2265 4511 2393 4551 esse
2425 4470 2703 4577 doceatur
2725 4492 2754 4547 ?
2785 4493 2897 4547 Leo
2945 4490 3065 4558 ille,
3096 4490 3192 4545 hic
3238 4488 3487 4544 catulus
3508 4488 3537 4542 ?
3568 4481 3761 4541 leonis.
3796 4470 3885 4581 Yili

516 4625 587 4679 De
611 4620 940 4676 benectione.
999 4613 1159 4671 Judze
1188 4628 1314 4685 qua?
1339 4611 1582 4677 Christo,
1638 4614 1858 4685 ejusque
1890 4631 2153 4671 zncarna-
2264 4582 2723 4685 90,9939“?
2754 4579 3021 4649 ejus‘iem
3049 4583 3269 4634 natum
3423 4573 3694 4685 ξοίξηίίδ
3725 4567 3886 4685 “fit?

611 4654 940 4676 υυιιῡιιιοιυηυο
999 4654 1153 4671 cum“.
1188 4654 1307 4685 ιιιουιι
1340 4654 1438 4665 ιιι..
1460 4654 1582 4677 μην,
1638 4654 1751 4681 νλιιυ
1795 4654 1855 4669 νυν
1890 4654 2029 4669 ιινωυ
2050 4654 2146 4671 nu-

585 4692 742 4757 tioni,
771 4689 1044 4763 pastioni,
1075 4684 1485 4749 resurrectioni,
1518 4694 1678 4754 atque
1703 4654 1850 4753 aliis
1878 4688 2146 4757 mysteria

2262 4669 2627 4742 intelligitur.
2655 4670 2773 4724 Rex
2802 4685 2871 4723 ex
2920 4683 3052 4739 rege
3084 4665 3395 4738 processit,
3434 4664 3602 4719 fortis
3631 4675 3697 4714 ex
3747 4654 3882 4708 forte.

586 4739 1043 4820 accommodatur.
1587 4739 1597 4754 Ι
1703 4746 1708 4753 ’
1935 4739 1960 4757 α
2265 4758 2411 4823 Quia
2435 4739 2662 4813 futuros
2693 4756 3047 4829 prmvidebat
3091 4754 3189 4826 qui
3242 4753 3439 4808 filium
3476 4739 3887 4807 assererentju-

589 4873 673 4926 16.
708 4871 778 4926 Et
810 4868 949 4940 quia
972 4882 1072 4938 per
1093 4861 1503 4917 admistionem
1523 4861 1923 4931 generisJuda
1943 4868 1999 4918 et
2025 4864 2146 4918 Levi

2267 4847 2449 4902 nioris
2480 4846 2689 4913 aetatis,
2724 4844 2977 4901 occurrit
3006 4843 3100 4899 hic
3119 4842 3472 4913 subjiciens,
3506 4861 3527 4889 α
3558 4827 3886 4908 Exgermine,

2278 4935 2345 4940 __.
2447 4934 2458 4940 .
2716 4934 2751 4940 -.
2800 4933 2832 4940 γ.
2893 4933 2929 4940 -
3117 4932 3129 4940 .
3342 4930 3358 4940 .
3512 4929 3522 4938 .
3567 4928 3601 4940 ..
3679 4928 3689 4940 .
3746 4915 3883 4940 1--Α1

514 4915 947 5029 ῒιυίὺυελυξειεθ
972 4915 1138 5017 ζωή,
1172 4952 1299 5005 ideo
1354 4915 1659 5004 Mattbieus
1715 4915 1785 5005 ex

2267 4935 2349 4990 ﬁli
2383 4934 2485 5004 mi,
2520 4933 2858 4989 aseendisti.
2893 4932 3261 4987 Recumbens
3325 4928 3605 4984 dormisti
3638 4928 3696 4979 ut
3746 4915 3888 4973 1608’-

516 5006 988 5117 descvrib'i‘tuejvus
1011 5006 1292 5099 familiam
1337 5038 1569 5111 (Matth..
1605 5038 1704 5108 1,).
1735 5041 1800 5094 Et
1846 5040 2146 5111 Apostolus

2267 5030 2549 5096 tanquam
2582 5022 2831 5078 catulus.
2859 5043 2886 5071 ››
2910 5022 2978 5075 Et
2998 5019 3135 5074 alibi
3155 5018 3366 5086 babes,
3390 5018 3533 5090 quia
3554 5010 3769 5069 catulus
3792 5006 3887 5075 ipse

520 5096 792 5104 *νυν-ἠ·-
838 5096 959 5117 'd“'
1012 5096 1051 5099 ν’
1340 5096 1351 5111 \
1634 5096 1681 5108 τι
1898 5096 1916 5111 ι

518 5138 599 5193 ait
626 5153 639 5191 :
671 5160 698 5186 ››
730 5133 1013 5199 Quoniam
1045 5132 1115 5187 de
1146 5130 1301 5186 Juda
1331 5132 1493 5183 ortus
1524 5130 1611 5182 est
1649 5127 1934 5185 Dominus
1966 5135 2146 5184 nostei

2269 5118 2359 5168 est
2386 5112 2475 5167 leo
2505 5111 2576 5167 de
2597 5112 2751 5166 tribu
2783 5110 2937 5167 Juda
2967 5112 3162 5181 (lpoc.
3194 5124 3245 5177 v,
3280 5109 3364 5179 5).
3400 5108 3551 5177 Ergo
3598 5100 3728 5174 quia
3754 5096 3885 5151 catu-

593 5311 667 5393 (6)
713 5314 995 5393 Peccatum
1025 5310 1250 5393 statuit,
1282 5305 1344 5387 id
1378 5308 1466 5360 est
1522 5310 1824 5393 peccatum
1875 5308 2050 5375 sistit,
2106 5312 2163 5362 et
2273 5307 2464 5393 Paris.
2505 5305 2929 5393 contraxit-hoc
2990 5304 3205 5360 modo:
3239 5303 3365 5375 Ipse
3416 5303 3604 5372 utique
3671 5293 3890 5350 adoratur

520 5378 723 5459 contra
752 5387 881 5451 ejus
912 5384 1170 5459 impetus
1200 5378 1423 5459 obicem
1458 5378 1679 5459 ponit.”
1831 5449 1865 5459 Η
1912 5452 1920 5459 _
2072 5451 2081 5459 _
2270 5399 2303 5437 α
2333 5382 2489 5436 nobis
2516 5380 2734 5452 quibus,
2768 5381 2876 5433 ριο,

591 5427 1780 5594 {7)adiiciam:'géniiiiih'éenﬁiiéiione
1808 5449 2159 5505 dirimendas.
2271 5427 2303 5437 "
2336 5427 2429 5525 iii)"
2444 5427 3093 5521 iué‘é'."66ib'.',"Laud.,
3152 5443 3356 5504 Albin.
3424 5447 3485 5501 et
3526 5437 3703 5506 0011).,
3745 5427 3889 5490 riuus

613 5523 781 5594 8)Sic
798 5527 939 5580 edit.
962 5537 1166 5580 omnes
1198 5536 1269 5573 ac
1298 5521 2020 5594 mss.pra3terquatuor,in
2039 5522 2163 5594 qui-
2270 5524 2430 5583 Deus.

613 5523 781 5594 8)Sic
798 5525 939 5580 edit.
962 5537 1166 5580 omnes
1198 5536 1269 5573 ac
1298 5521 2020 5594 mss.pra3terquatuor,in
2039 5522 2163 5594 qui-
2270 5521 2430 5583 Deus,

500 5590 630 5661 bus
649 5590 806 5652 deest
824 5593 928 5673 qui
938 5598 1074 5665 post
1087 5605 1295 5657 vocem
1316 5593 1523 5671 utique.
1545 5595 1617 5652 At
1636 5590 1833 5652 locum
1866 5592 2006 5667 edit,
2055 5590 2160 5655 ult.
