4012 6192
199 371 318 428 713

966 369 1197 429 LIBER
1244 368 1345 427 DE
1390 318 2095 430 BENEDID’I‘IO‘NIBUS
2142 368 2844 432 PATRIARCHARUM.

3491 374 3609 431 ’714

194 501 325 556 lum
362 501 519 557 519
545 500 789 569 dixerat,
814 503 959 559 bene
990 503 1189 560 statim
1234 503 1459 559 leonem
1491 502 1706 576 posuit,
1739 501 1846 557 hoc
1880 503 1932 567 Α
1964 500 2145 573 Moysi
2173 520 2217 557 :«
2250 502 2415 558 Solve
2438 503 2895 558 calceamentum
2921 504 3135 575 pedum
3159 507 3390 558 tuorum
3417 506 3609 573 (Exod.

193 593 288 646 est
320 591 512 647 dicere
540 608 552 646 :
577 591 700 647 Non
731 592 1037 664 capiantur
1074 610 1246 649 aures
1273 597 1495 658 vestrae,
1519 591 1659 664 quia
1686 594 1848 646 catu-

192 677 325 734 lum
357 678 692 749 audierunt,
716 679 926 737 Filium
948 681 1229 754 expressi,
1252 698 1368 737 non
1391 680 1509 736 dixi
1540 679 1847 735 minorem.

192 769 267 824 Et
299 768 427 841 ipse
457 772 545 824 est
575 767 664 825 leo
695 768 850 826 sicut
877 774 1060 843 pater.
1088 770 1342 826 Audiant
1372 769 1511 843 quia
1539 773 1595 826 et
1624 767 1852 824 leonem

189 861 251 913 et
280 856 546 913 catulum
580 857 897 931 appellavit
928 876 941 914 :
975 859 1202 916 leonem
1233 860 1402 932 quasi
1437 858 1701 933 perfectae
1732 856 1853 929 ple-

191 963 408 1020 nasque
426 946 661 1003 virtutis
684 964 697 1002 ε
723 947 1008 1016 catulum,
1024 949 1194 1022 quasi
1217 948 1453 1014 Filium,
1471 965 1544 1003 ne
1565 946 1698 1020 quis
1718 962 1852 1002 eum

192 1035 436 1091 audiret
482 1034 768 1108 aequalem
816 1037 997 1105 Patri,
1031 1055 1145 1094 non
1194 1041 1427 1110 putaret
1476 1036 1853 1092 Filium.Non

189 1122 280 1178 sic
313 1122 591 1179 laudatur
618 1122 820 1191 Filius,
844 1128 909 1181 ut
950 1131 1257 1198 separetur
1287 1144 1321 1182 a
1350 1130 1538 1181 Patre.
1576 1125 1674 1181 Ille
1721 1141 1853 1197 pro-

187 1211 296 1268 bat
324 1212 631 1284 aequalem,
666 1213 767 1286 qui
798 1214 1011 1270 Filium
1042 1216 1373 1271 conﬁtetur.

264 1302 354 1356 19.
382 1301 628 1359 Mirifice
658 1306 864 1360 autem.
888 1307 945 1360 et
974 1303 1440 1361 incarnationem
1472 1303 1601 1376 ejus
1630 1318 1856 1376 expres-

188 1389 291 1458 sit,
335 1388 538 1446 dicens
564 1409 612 1446 :«
639 1390 717 1446 Ex
767 1391 1051 1465 germine,
1094 1391 1178 1447 ﬁli
1228 1392 1331 1461 mi,
1367 1391 1705 1460 ascendisti,
1736 1414 1763 1440 »
1789 1408 1855 1447 eo

188 1478 353 1552 quod
388 1482 671 1551 tanquam
704 1480 894 1536 frutex
921 1484 1089 1538 terrae
1120 1481 1178 1537 in
1209 1480 1337 1538 alvo
1358 1480 1616 1554 Virginis
1646 1480 1858 1554 germi.

190 1567 378 1629 navit.
412 1570 469 1623 et
518 1570 581 1622 ut
639 1567 747 1624 flos
805 1568 945 1625 boni
1005 1568 1201 1625 odoris
1260 1570 1332 1624 ad
1393 1568 1855 1641 redemptionem

192 1655 406 1712 mundi
454 1657 634 1711 totius
683 1657 968 1712 maternis
996 1656 1318 1713 visceribus
1350 1658 1660 1730 splendore
1698 1673 1855 1711 novae

192 1743 347 1800 lucis
378 1745 637 1800 emissus
667 1746 1014 1814 ascenderit,
1050 1747 1203 1802 sicut
1236 1746 1418 1803 Isaias
1449 1746 1588 1802 dicit
1615 1765 1666 1802 :«
1698 1745 1860 1801 Exiet

191 1834 361 1907 virga
390 1834 461 1889 de
491 1833 685 1889 radice
712 1834 897 1905 Jesse,
930 1840 990 1891 et
1032 1835 1138 1891 flos
1170 1852 1238 1891 ex
1268 1836 1466 1892 radice
1496 1837 1625 1907 ejus
1655 1851 1855 1891 ascen-
1886 1867 1935 1931 B

191 1923 290 1980 det
342 1923 465 1994 (13a.
492 1940 571 1990 χι,
619 1925 692 1994 1).
726 1946 752 1972 ››
798 1924 985 1979 Radix
1033 1924 1259 1980 familia
1307 1925 1665 1992 Judazorum,
1694 1923 1859 1995 virga

188 2011 397 2078 Maria,
424 2013 531 2068 ﬂos
562 2012 757 2068 Mariae
788 2013 1078 2070 Christus.
1105 2014 1277 2071 Recte
1298 2014 1463 2087 virga
1485 2030 1613 2087 quae
1643 2012 1855 2087 regalis

189 2105 284 2158 est
314 2100 568 2174 generis,
603 2102 673 2157 de
721 2102 894 2158 domo
944 2107 1001 2158 et
1054 2102 1244 2175 patria
1293 2103 1495 2169 David,
1527 2104 1698 2174 cujus
1749 2102 1855 2157 ﬂos

188 2189 463 2246 Christus
491 2194 580 2247 est
600 2191 700 2262 qui
735 2191 974 2247 fetorem
1009 2193 1319 2247 mundana:
1344 2190 1690 2248 colluvionis
1723 2192 1857 2246 abo-

186 2279 351 2347 levit,
381 2284 440 2335 et
468 2279 598 2335 vita:
623 2283 848 2335 aeternae
880 2280 1117 2336 odorem
1150 2281 1383 2337 infudit.

262 2370 356 2424 20.
386 2368 575 2425 Habes
600 2385 735 2442 ergo
760 2370 1246 2436 incarnationem,
1265 2370 1463 2442 accipe
1484 2370 1850 2442 passionem:

190 2482 222 2509 ‹‹
257 2457 651 2526 Recumbens,
679 2480 707 2507 »
732 2459 945 2530 inquit,
970 2459 1284 2514 «dormisti
1317 2462 1381 2514 ut
1411 2458 1498 2514 leo
1524 2475 1537 2514 :
1567 2481 1593 2508 ››
1620 2458 1854 2531 quando

180 2546 381 2623 jacuit
406 2546 466 2602 in
489 2545 951 2619 sepulcro,velut
972 2548 1227 2619 quodam
1254 2547 1510 2620 corporis
1532 2547 1623 2603 sui
1647 2563 1853 2603 somno

194 2636 462 2707 quietus,
496 2635 648 2692 sicut
677 2636 803 2709 ipse
838 2636 917 2691 ait
948 2652 960 2690 :
988 2658 1016 2685 «
1048 2636 1166 2709 Ego
1196 2636 1467 2702 dormivi,
1490 2640 1545 2691 et
1576 2635 1852 2707 requievi,

190 2730 252 2780 et
281 2724 533 2791 surrexi,
557 2725 833 2798 quoniam
860 2724 1144 2781 Dominus
1176 2726 1433 2796 suscepit
1461 2741 1551 2780 me
1572 2725 1741 2793 (Psal.
1767 2741 1850 2779 ιιι.

187 2814 272 2883 6).
298 2838 327 2863 ››
353 2812 519 2869 Unde
540 2817 597 2869 et
616 2813 793 2869 Jacob
818 2813 902 2869 ait
926 2831 977 2869 :«
1004 2814 1146 2879 Quis
1168 2813 1475 2870 suscitabit
1497 2813 1673 2869 eum?
1695 2834 1722 2861 ››
1745 2813 1856 2868 hoc

190 2906 309 2970 est,
347 2918 524 2975 quem
574 2902 859 2959 Dominus
902 2902 1200 2975 suscipiet.
1233 2904 1373 2969 Quis
1422 2908 1511 2957 est
1559 2901 1708 2957 alius
1752 2900 1854 2973 qui

193 2990 537 3057 resuscitet,
566 2991 679 3047 nisi
711 2990 836 3063 ipse
867 3006 930 3047 se
960 3007 1067 3047 sua
1098 2990 1400 3063 Patrisque
1431 2991 1735 3046 resuscitet
1762 3006 1858 3062 po-

189 3079 461 3137 testate?
500 3080 678 3136 Video
736 3083 942 3136 natum
993 3080 1337 3136 auctoritate
1387 3079 1641 3152 prOpria,
1690 3079 1855 3134 video

194 3173 507 3226 mortuum
540 3170 777 3242 propria
797 3168 1116 3235 voluntate,
1143 3168 1310 3224 video
1342 3168 1727 3224 dormientem
1760 3184 1853 3240 po-

1961 607 2044 655 ιιι,
2075 592 2152 662 5),
2180 613 2206 640 ››
2238 608 2309 647 ne
2341 591 2467 664 ipse
2499 609 2758 664 sponsus
2806 590 3076 648 Ecclesiae
3123 592 3474 661 crederetur,
3515 596 3617 667 qui

1964 679 2082 734 dux
2136 679 2327 752 plebis
2375 680 2721 753 eligebatur.
2758 681 2891 737 Ideo
2938 680 3110 737 solvit
3157 681 3615 739 calceamentum

1962 783 2141 824 suum
2171 769 2347 825 Jesus
2377 770 2530 825 Nave
2557 771 2738 841 (Josue
2757 788 2811 837 v,
2839 769 3025 842 16),ut
3051 774 3294 826 venturo
3326 772 3472 827 tanti
3496 789 3621 828 mu-

1963 857 2119 913 neris
2150 858 2403 931 gratiam
2436 863 2492 914 et
2522 859 2645 931 ipse
2677 863 2953 914 servaret.
2986 859 3118 915 Ideo
3151 859 3293 915 dicit
3318 864 3576 917 Joannes
3603 879 3615 917 :

1964 969 1992 996 «
2026 951 2164 1003 Post
2194 964 2287 1004 me
2312 948 2471 1004 venit
2497 948 2585 1003 vir
2615 948 2785 1018 cujus
2830 965 2945 1003 non
2978 964 3109 1003 sum
3142 948 3357 1021 dignus
3388 949 3612 1006 solvere

1964 1035 2275 1108 corrigiam
2304 1036 2835 1093 calceamentorum
2870 1038 3194 1108 ejus(Joan.
3218 1038 3398 1108 1.27.)
3425 1060 3453 1088 ››
3486 1039 3619 1095 Ideo

1964 1125 2107 1180 dicit
2141 1142 2207 1180 τί(
2242 1125 2348 1192 Qui
2380 1125 2559 1182 habet
2609 1142 2888 1198 sponsam
2935 1143 3187 1198 sponsus
3218 1130 3306 1182 est
3341 1144 3353 1181 :
3391 1127 3619 1183 amicus

1966 1217 2159 1269 autem
2193 1213 2415 1286 sponsi,
2442 1215 2541 1287 qui
2575 1219 2690 1270 stat
2719 1220 2778 1270 et
2807 1215 2972 1271 audit
3000 1232 3157 1284 eum,
3190 1219 3247 1271 et
3279 1215 3439 1273 520
3472 1232 3615 1287 gau-

1965 1303 2059 1357 dio
2107 1303 2323 1376 gaudet
2352 1304 2527 1375 (Joan.
2564 1321 2647 1371 ιιι,
2678 1304 2790 1377 29),
2818 1325 2846 1353 ››
2874 1303 2983 1359 hoc
3014 1308 3124 1369 est,
3166 1304 3289 1375 ipse
3323 1304 3483 1360 solus
3530 1305 3620 1359 vir

1965 1396 2054 1447 est
2086 1391 2373 1460 Ecclesiae,
2406 1392 2499 1447 hic
2530 1398 2618 1449 est
2648 1393 2999 1465 exspectatio
3030 1393 3315 1465 gentium,
3349 1391 3487 1448 huic
3513 1394 3616 1449 de-

1966 1479 2214 1537 ferentes
2243 1481 2512 1553 copulam
2546 1482 2744 1554 gratia:
2773 1481 3055 1553 nuptialis
3088 1483 3104 1553 (
3116 1482 3226 1553 11),
3256 1481 3615 1537 calceamen-

1966 1573 2094 1625 tum
2126 1586 2301 1625 suum
2351 1569 2650 1626 solverunt
2698 1570 3015 1643 prophetas.
3051 1570 3153 1625 Hic
3202 1587 3456 1641 sponsus
3505 1575 3615 1639 est,

1966 1674 2070 1730 ego
2103 1659 2330 1714 amicus
2361 1658 2558 1730 sponsi
2585 1676 2597 1713 :
2627 1660 2852 1731 gaudeo
2880 1660 3018 1731 quia
3048 1659 3224 1727 venit,
3250 1660 3390 1731 quia
3417 1675 3616 1715 vocem

1968 1747 2142 1802 audio
2175 1747 2685 1820 nuptialem,quia
2721 1749 2847 1820 jam
2878 1765 2993 1803 non
3041 1750 3190 1803 dura
3243 1753 3618 1820 peccatorum
3658 1800 3667 1803 -

1968 1836 2278 1909 supplicia,
2323 1837 2473 1892 dura
2519 1837 2663 1909 legis
2712 1841 3023 1903 tormenta,
3058 1837 3158 1893 sed
3210 1836 3617 1893 remissionem

1968 1925 2308 1994 criminum,
2343 1943 2538 1982 vocem
2571 1926 2804 1991 laetitiae,
2838 1943 3048 1981 sonum
3073 1926 3489 1997 jucunditatis,
3525 1943 3619 1982 ex-

1969 2014 2348 2071 sultationem
2384 2014 2514 2071 festi
2546 2014 2825 2087 nuptialis
2858 2014 3212 2070 audivimus.

2034 2106 2124 2159 23.
2159 2104 2263 2159 Hic
2320 2107 2411 2159 est
2469 2103 2564 2159 ille
2617 2128 2643 2153 ‹‹
2707 2102 2957 2176 alligans
3016 2104 3087 2158 ad
3145 2104 3321 2159 vitem
3382 2104 3618 2159 asinum

1965 2210 2159 2259 suum,
2191 2197 2247 2248 et
2276 2192 2462 2248 cilicio
2494 2191 2721 2265 pullum
2756 2191 2933 2248 asinae
2966 2210 3083 2248 suae
3114 2194 3260 2264 (12);
3291 2214 3319 2243 »
3344 2196 3409 2247 ut
3438 2193 3619 2248 fervo-

1965 2298 2086 2338 rem
2120 2281 2372 2354 Spiritus
2412 2283 2597 2338 sancti
2630 2282 2843 2338 habeat
2890 2281 3260 2355 congregatio
3309 2282 3614 2338 nationum

1964 2376 2096 2427 ante
2144 2372 2391 2427 remissa
2446 2376 2506 2426 et
2563 2371 2889 2444 negligens,
2923 2373 3024 2427 sed
3076 2372 3202 2443 jam
3254 2373 3460 2427 devota
3516 2388 3619 2443 per

1963 2458 2281 2526 Christum,
2323 2465 2379 2514 et
2424 2458 2527 2514 viti
2574 2458 2658 2513 illi
2706 2464 3022 2531 perpetuae,
3071 2459 3183 2515 hoc
3233 2464 3322 2515 est
3366 2460 3615 2516 Domino

1962 2548 2124 2615 Jesu,
2146 2547 2245 2619 qui
2279 2548 2395 2602 ait:
2423 2570 2449 2597 «
2478 2548 2597 2619 Ego
2633 2564 2763 2601 sum
2794 2547 2951 2613 vitis,
2985 2551 3041 2602 et
3071 2547 3238 2604 Pater
3266 2565 3433 2604 meus
3465 2549 3617 2621 agri-

1965 2635 2091 2692 cola
2120 2636 2296 2707 (Joan.
2329 2654 2423 2704 xv,
2459 2637 2583 2705 1),»
2616 2634 2774 2691 velut
2822 2635 3107 2690 fructuosi
3158 2635 3434 2707 palmites
3486 2636 3617 2708 qui-

1966 2724 2211 2779 busdam
2246 2723 2649 2780 inexsolubilis
2696 2723 2829 2779 ﬁdei
2862 2723 3111 2781 vinculis
3146 2722 3477 2797 alligemur.
3502 2724 3619 2779 Hoc

1964 2818 2051 2869 est
2084 2812 2223 2868 illud
2250 2812 2616 2886 mysterium,
2636 2813 2790 2885 quod
2812 2812 3041 2885 pullum
3066 2813 3240 2869 asina:
3263 2812 3407 2869 solvi
3434 2812 3622 2884 jussit

1964 2903 2022 2958 in
2050 2901 2381 2975 Evangelio,
2413 2907 2471 2958 et
2523 2902 2648 2975 ipse
2680 2901 2966 2958 Dominus
2998 2902 3172 2957 Jesus
3229 2902 3381 2957 sedit
3440 2919 3617 2974 super

1966 3008 2120 3059 eum,
2155 2996 2220 3046 ut
2250 2989 2525 3064 alligatus
2572 2991 2642 3045 ad
2696 2990 2872 3046 vitem
2931 2994 3213 3063 perpetua
3270 2994 3610 3047 sanctorum

1966 3080 2253 3136 suavitate
2284 3080 2691 3151 requiesceret.

2035 3171 2124 3225 2t.
2168 3191 2192 3222 ιι
2224 3168 2483 3236 Lavabit,
2516 3167 2733 3240 inquit,
2784 3168 2840 3222 in
2893 3169 3024 3223 vino
3085 3168 3295 3224 stolam
3355 3185 3544 3224 suam.
3577 3190 3605 3218 »

190 3262 413 3315 testate
444 3234 697 3331 propria.
731 3258 837 3322 Qui
869 3258 1065 3326 omnia
1096 3274 1202 3313 suo
1236 3257 1367 3313 fecit
1396 3257 1655 3324 arbitrio,
1685 3234 1854 3327 cujus
1884 3234 1927 3300 (ἶ
1967 3259 2125 3315 Bona
2154 3257 2305 3313 stola
2335 3262 2423 3313 est
2469 3234 3012 3329 caro-Christi,quze
3061 3258 3324 3313 omnium
3378 3262 3614 3329 peccata

191 3347 450 3403 alterius
480 3352 547 3403 ut
577 3350 846 3420 resurgat
874 3347 1066 3419 egebit
1093 3345 1368 3402 auxiliis?
1396 3348 1521 3418 Ipse
1552 3346 1731 3418 igitur
1759 3361 1850 3400 re-

192 3435 587 3493 surrectionis
617 3452 735 3491 suae
767 3439 969 3491 auctor
1010 3439 1099 3491 est
1127 3435 1229 3507 qui
1260 3435 1465 3490 mortis
1494 3438 1582 3491 est
1612 3434 1848 3501 arbiter,

194 3522 306 3599 qui
338 3528 708 3598 exspectatur
737 3541 771 3580 a
799 3523 1093 3598 gentibus.

271 3619 365 3673 21.
399 3616 469 3672 Et
497 3614 648 3677 ideo,
673 3636 700 3663 «
729 3614 912 3669 donec
952 3612 1048 3669 ille
1077 3611 1288 3682 veniat,
1320 3629 1437 3668 non
1481 3610 1710 3667 deficiet
1737 3611 1854 3665 dux

194 3726 271 3765 ex
300 3706 461 3763 Juda
491 3721 503 3757 :
530 3724 557 3751 ››
590 3706 654 3757 ut
683 3718 869 3774 usque
899 3702 971 3757 ad
1005 3703 1133 3774 ejus
1159 3705 1353 3757 ortum
1386 3699 1598 3773 regalis
1631 3715 1855 3755 succes-

194 3796 392 3855 sionis
439 3792 585 3848 ﬁdes
634 3791 975 3863 incorrupta
1005 3795 1284 3846 servetur.
1329 3789 1533 3845 Postea
1580 3788 1756 3856 enim,
1792 3792 1858 3843 ut

196 3882 519 3941 docuimus
548 3884 800 3936 tractatu
850 3878 1049 3935 habito
1098 3878 1156 3933 in
1205 3876 1580 3951 Evangelium
1613 3876 1736 3949 (lib.
1770 3893 1854 3948 In,

195 3966 262 4030 iri
300 3970 547 4043 Lucam),
580 3985 683 4041 per
712 3968 995 4024 Herodem
1028 3966 1351 4023 adulterata
1387 3966 1681 4024 successio
1713 3982 1857 4038 prae-

198 4061 531 4136 rogativam
590 4056 893 4131 dignitatis
942 4055 1159 4112 amisit.
1193 4055 1422 4111 Etenim
1472 4056 1611 4127 quia
1658 4070 1860 4109 verum

200 4167 407 4225 regem
454 4150 830 4220 negaverunt,
864 4143 1045 4201 falsos
1097 4144 1310 4200 habere
1363 4147 1679 4217 coeperunt.
1715 4144 1863 4215 Ergo

202 4243 315 4297 hoc
335 4237 495 4311 quod
512 4235 654 4292 dicit
671 4233 1029 4302 Patriarcha,
1046 4232 1370 4291 servabitur
1386 4232 1444 4287 in
1458 4232 1762 4304 judieibus
1777 4230 1865 4288 vel

203 4328 453 4403 regibus
482 4325 820 4381 Judzeorum
864 4323 1221 4379 intemerata
1265 4320 1655 4378 successionis
1686 4320 1865 4376 haere-

204 4418 369 4473 ditas
399 4415 578 4470 ducta
620 4428 722 4485 per
768 4428 933 4484 reges
958 4429 970 4467 :
995 4434 1023 4461 «
1057 4412 1240 4466 donec
1290 4409 1483 4465 veniat
1512 4409 1623 4481 (10)
1655 4409 1749 4465 cui
1782 4424 1869 4464 re-

208 4504 478 4580 positum
511 4506 619 4569 est,
647 4523 674 4552 »
708 4504 775 4557 ut
803 4499 1124 4557 Ecclesiam
1156 4499 1257 4555 Dei
1292 4503 1606 4572 congreget
1635 4515 1703 4554 ex
1734 4514 1871 4553 con-

1961 3348 2208 3420 operuit,
2232 3345 2495 3401 omnium
2529 3344 2739 3401 delicta
2782 3345 3059 3417 suscepit,
3084 3346 3350 3401 omnium
3375 3336 3614 3402 errores

1962 3437 2121 3492 texit.
2156 3436 2314 3491 Bona
2362 3434 2528 3501 stola,
2564 3452 2690 3506 quae
2740 3436 3044 3491 universos
3074 3435 3265 3491 induit
3312 3438 3467 3493 veste
3510 3436 3610 3506 juo

1962 3524 2298 3582 cunditatis.
2326 3524 2487 3579 Lavit
2516 3523 2667 3578 hanc
2699 3522 2912 3579 stolam
2945 3524 3003 3578 in
3033 3524 3190 3592 vino,
3217 3524 3450 3596 quando
3473 3540 3607 3579 cum

1960 3614 2357 3686 baptizaretur
2401 3611 2460 3666 in
2510 3612 2783 3678 Jordane,
2817 3612 3116 3668 descendit
3164 3613 3419 3685 Spiritus
3467 3630 3609 3668 san-

1965 3708 2093 3760 ctus
2123 3703 2276 3758 sicut
2302 3700 2592 3768 columba,
2625 3706 2680 3757 ct
2709 3700 2930 3757 mansit
2973 3718 3150 3773 super
3188 3718 3343 3757 eum.
3377 3704 3499 3765 Quo
3532 3700 3612 3756 si-

1965 3792 2278 3865 gniﬁcatur
2320 3790 2474 3862 quod
2524 3788 2826 3862 plenitudo
2873 3789 3125 3862 Spiritus
3172 3791 3359 3846 sancti
3409 3788 3615 3844 indivi-

1968 3882 2085 3935 dua
2134 3897 2200 3935 eo
2259 3879 2450 3944 fuerit,
2502 3895 2607 3933 nec
2665 3878 2989 3935 recesserit.
3032 3878 3194 3934 Unde
3249 3883 3306 3933 et
3360 3893 3614 3948 evange-

1966 3969 2106 4025 lista
2134 3968 2216 4024 ait
2266 3985 2278 4023 :
2328 3967 2474 4033 Quia
2527 3966 2736 4040 plenus
2791 3967 3010 4039 Spiritu
3052 3978 3269 4022 sancto
3328 3965 3615 4021 Dominus

1969 4059 2162 4124 Jesus,
2195 4072 2497 4127 regressus
2527 4060 2615 4111 est
2659 4057 2730 4110 ab
2772 4056 3026 4112 Jordane
3052 4056 3203 4128 (Luc.
3238 4073 3312 4125 ιν,
3348 4054 3420 4126 1).
3456 4051 3619 4109 Lavit

1972 4162 2109 4219 ergo
2139 4146 2311 4202 Jesus
2360 4145 2570 4201 stolam
2600 4161 2794 4213 suam,
2824 4162 2938 4201 non
2993 4150 3060 4200 ut
3104 4162 3273 4200 suam
3325 4160 3452 4216 qua:
3501 4158 3617 4197 non

1974 4239 2100 4293 erat
2131 4252 2144 4290 :
2178 4235 2279 4290 sed
2313 4238 2375 4289 ut
2405 4238 2664 4289 nostram
2697 4251 2823 4306 quae
2872 4238 3017 4301 erat,
3051 4235 3283 4290 sordem
3332 4232 3617 4288 ablueret.

1977 4325 2238 4397 Denique
2255 4322 2479 4378 addidit
2501 4340 2549 4377 ;‹‹
2578 4323 2643 4378 Et
2670 4323 2726 4377 in
2750 4323 3036 4395 sanguine
3059 4340 3183 4379 uvae
3207 4320 3622 4377 anaboladium

1980 4430 2154 4470 suum
2177 4413 2287 4484 (13)
2314 4428 2361 4466 »ε
2392 4411 2501 4466 hoc
2521 4415 2630 4476 est,
2653 4410 2710 4465 in
2734 4412 3008 4483 passione
3039 4409 3300 4483 corporis
3330 4410 3423 4465 sui
3456 4407 3628 4464 diluit

1981 4504 2184 4574 gentes
2215 4515 2321 4554 suo
2370 4497 2676 4568 sanguine.
2702 4498 2931 4553 Etenim
2980 4497 3154 4553 Verbi
3212 4496 3626 4555 anaboladium

204 4599 391 4652 ventu
423 4591 733 4648 nationum
781 4589 1069 4656 omnium,
1102 4593 1160 4644 et
1209 4586 1520 4661 gentilium
1572 4585 1873 4647 devotione
1906 4602 1951 4667 D
1983 4591 2183 4661 gentes
2224 4590 2383 4658 sunt,
2407 4586 2559 4642 sicut
2606 4586 2892 4658 scriptum
2924 4591 3012 4643 est
3041 4610 3067 4636 ‹‹
3106 4586 3283 4643 :Vivo
3331 4603 3457 4660 ego,
3491 4586 3633 4641 dicit

208 4680 592 4757 populorum,
616 4680 727 4735 hoc
757 4683 865 4745 est,
889 4678 1081 4750 ipsum
1113 4681 1330 4743 manet,
1356 4676 1465 4748 ipsi
1498 4675 1762 4731 debitum
1784 4692 1871 4732 re-

209 4775 504 4836 servatur,
537 4767 648 4841 ipsi
678 4771 851 4823 tantte
883 4766 1081 4839 gratiae
1116 4765 1494 4837 praerogativa
1523 4764 1800 4820 defertur.

281 4864 380 4915 22.
406 4882 435 4908 ‹‹
464 4858 534 4913 Et
565 4857 690 4929 ipse
721 4861 812 4911 est
839 4855 1194 4926 exspectatio
1216 4854 1538 4926 gentium.»
1561 4852 1700 4908 Plus
1731 4852 1879 4908 dixit

211 4964 397 5023 quam
430 4947 483 5003 si
526 4945 792 5011 dixisset,
824 4944 1021 5016 ipsum
1072 4948 1414 5015 exspectant
1463 4947 1686 5015 gentes,
1720 4942 1875 5014 quod

216 5037 422 5095 omnis
455 5050 591 5108 spes
612 5032 880 5090 Ecclesia:
912 5033 970 5087 in
1006 5032 1132 5104 ipso
1159 5032 1481 5087 recumbat.
1507 5032 1639 5087 Ideo
1668 5030 1883 5087 dicitur

284 5190 408 5264 (10)
443 5187 611 5244 Rovn.
645 5186 811 5264 edit.,
839 5184 1141 5264 itareditas
1184 5184 1349 5240 donec
1393 5185 1601 5264 veniat.
1634 5181 1788 5264 Aliae
1821 5199 1887 5237 ac

217 5255 372 5319 mss.
396 5255 636 5327 omnes,
668 5258 962 5315 haereditas
992 5257 1164 5312 ducta
1191 5273 1289 5327 per
1317 5271 1488 5326 reges,
1524 5255 1708 5327 donec,
1742 5260 1849 5309 etc.

285 5332 412 5406 (11)
446 5326 663 5386 Omnes
691 5329 1107 5406 edi_t.,_COputa:
1145 5326 1390 5399 gratiam
1431 5326 1734 5396 nuptialis;
1765 5342 1888 5380 om-

217 5403 320 5463 nes
363 5419 510 5458 mss.
544 5406 609 5456 ut
638 5418 745 5457 nos
777 5403 836 5455 in
865 5404 1047 5455 textu.

284 5475 408 5549 (12)
443 5473 610 5549 Rom.
636 5472 808 5549 edit.,
839 5473 1261 5549 asinameuam,
1280 5476 1331 5524 et
1356 5467 1429 5549 ad
1452 5468 1739 5540 palmitem
1769 5468 1889 5549 put-

218 5541 362 5615 luin,
392 5541 512 5602 etc.
545 5544 671 5599 Vet.
704 5560 770 5600 ac
820 5559 963 5615 mss.
984 5541 1246 5615 aliquot,
1279 5541 1496 5615 asinam
1526 5548 1791 5615 suam,_et
1815 5541 1892 5595 ci-

1247 5610 1446 5685 plures
1497 5614 1554 5665 et
1601 5608 1895 5679 meliores,

218 5682 466 5754 asinum"
487 5682 681 5762 suum,
707 5689 758 5749 et
782 5686 966 5747 cilicio
989 5682 1377 5764 pullum,'etc.
1416 5682 1587 5756 LXX,
1619 5690 1704 5746 τὸν
1732 5689 1898 5746 πῶλον

219 5613 418 5677 licium
447 5616 689 5689 pullum,
739 5613 1017 5689 etcrLAIii
1064 5613 1210 5689 mss.

561 5814 828 5882 PnaOL.
872 5813 1033 5881 XIV.

1987 4677 2290 4743 Dominus,
2324 4674 2440 4731 nisi
2471 4692 2672 4730 omnes
2704 4692 2801 4731 eos
2842 4676 3084 4731 induam
3119 4676 3273 4731 sicut
3313 4675 3631 4732 vestimen-

1987 4772 2116 4822 tum
2162 4766 2290 4837 (lsa.
2342 4782 2492 4831 xux,
2548 4767 2652 4836 18).
2682 4788 2708 4814 »
2733 4766 2801 4820 Et
2848 4764 2987 4820 alibi
3022 4783 3087 4822 :«
3139 4766 3302 4821 Sicut
3349 4764 3630 4818 amictum

1992 4855 2252 4911 mutabis
2300 4870 2421 4920 eos,
2470 4858 2527 4909 et
2574 4854 2959 4910 mutabuntur
3000 4855 3173 4923 (Psal.
3209 4870 3279 4921 cr,
3312 4853 3475 4923 27).»
3509 4849 3634 4904 Non

1992 4961 2127 5017 ergo
2160 4944 2445 5015 sanguine
2476 4943 2708 5016 proprio
2730 4960 2836 4999 suo
2870 4948 3124 5015 peccata,
3146 4958 3274 5013 quae
3302 4956 3416 5003 non
3448 4941 3633 5004 erant,

1996 5036 2098 5090 sed
2129 5039 2330 5089 nostra
2358 5049 2485 5105 quae
2516 5033 2764 5088 fecimus
2786 5033 3017 5096 delicta,
3042 5028 3362 5085 mundavit.
3396 5028 3465 5083 Et
3494 5027 3639 5082 bene

2000 5189 2169 5243 αὺτοῦ,
2202 5187 2284 5233 καὶ
2310 5188 2374 5244 τῆ
2403 5185 2526 5233 ἕλικι
2551 5186 2635 5232 τὸν
2664 5183 2828 5230 ’πῶλον
2866 5185 2951 5240 τῆς
2988 5182 3100 5230 ὄνου
3129 5179 3299 5229 αὐτοῦ.
3329 5171 3416 5225 Ad
3466 5188 3641 5243 quem

2002 5251 2197 5306 locum
2224 5249 2439 5303 videsis
2470 5254 2635 5302 notas
2665 5244 2897 5301 Nobilii.

2072 5322 2183 5393 (13)
2214 5319 2628 5393 Anabiladoum,
2658 5317 2861 5393 siveut
2884 5315 2938 5369 in
2964 5314 3316 5393 quibusdam
3343 5331 3485 5393 mss.
3510 5314 3649 5386 legi-

1998 5385 2114 5459 tur,
2130 5385 2467 5455 ahabelium,
2488 5392 2634 5444 forte
2653 5385 3018 5459 anabolwum,
3041 5385 3351 5441 amiculius
3373 5391 3516 5459 erat,
3532 5385 3646 5458 quo

2002 5458 2231 5519 humeri
2258 5462 2617 5533 tegebantur.
2635 5458 2726 5513 Sic
2749 5462 2940 5533 autem
2967 5459 3286 5533 dicebatur,
3312 5458 3451 5533 quia
3472 5461 3542 5514 ab
3564 5459 3649 5514 in-

2003 5528 2605 5603 ferioribusfpartibus
2638 5528 2998 5587 attolleretur
3025 5531 3096 5587 ad
3129 5528 3480 5603 superiOres,
3530 5537 3650 5589 ἀπὸ·

2004 5609 2091 5659 τοῦ
2121 5601 2502 5657 ὰναὸἀλλὶσθαι.

3256 5804 3331 5871 23
