  <div class='ocr_page' id='page_1' title='image "/cluster/home/n/w/nwhite01/storage/ocr_20150623/14/hvd.32044048207138/363.png"; bbox 0 0 4012 6192; ppageno 0'>
   <div class='ocr_carea' id='block_1_1' title="bbox 413 301 538 367">
    <p class='ocr_par' dir='ltr' id='par_1_1' title="bbox 413 301 538 367">
     <span class='ocr_line' id='line_1_1' title="bbox 413 301 538 367; baseline -0.024 0"><span class='ocrx_word' id='word_1_1' title='bbox 413 301 538 367; x_wconf 75' lang='lat'><strong>715</strong></span> 
     </span>
    </p>
   </div>
   <div class='ocr_carea' id='block_1_2' title="bbox 1799 285 3754 369">
    <p class='ocr_par' dir='ltr' id='par_1_2' title="bbox 1799 285 3754 369">
     <span class='ocr_line' id='line_1_2' title="bbox 1799 285 3754 369; baseline 0.005 -10"><span class='ocrx_word' id='word_1_2' title='bbox 1799 341 1814 359; x_wconf 88' lang='lat'><strong>.</strong></span> <span class='ocrx_word' id='word_1_3' title='bbox 1873 304 1938 362; x_wconf 91' lang='lat' dir='ltr'><strong>s.</strong></span> <span class='ocrx_word' id='word_1_4' title='bbox 1988 285 2363 363; x_wconf 52' lang='lat' dir='ltr'><strong>“inausa</strong></span> <span class='ocrx_word' id='word_1_5' title='bbox 3663 311 3754 369; x_wconf 77' lang='lat' dir='ltr'><strong>nr.</strong></span> 
     </span>
    </p>
   </div>
   <div class='ocr_carea' id='block_1_3' title="bbox 421 433 3760 512">
    <p class='ocr_par' dir='ltr' id='par_1_3' title="bbox 421 433 3760 512">
     <span class='ocr_line' id='line_1_3' title="bbox 421 433 3760 512; baseline 0.002 -20"><span class='ocrx_word' id='word_1_6' title='bbox 421 453 593 496; x_wconf 87' lang='lat' dir='ltr'><strong>uvam</strong></span> <span class='ocrx_word' id='word_1_7' title='bbox 623 435 788 506; x_wconf 83' lang='lat' dir='ltr'><strong>dixit,</strong></span> <span class='ocrx_word' id='word_1_8' title='bbox 822 434 962 508; x_wconf 91' lang='lat' dir='ltr'><strong>quia</strong></span> <span class='ocrx_word' id='word_1_9' title='bbox 991 434 1142 490; x_wconf 86' lang='lat' dir='ltr'><strong>sicut</strong></span> <span class='ocrx_word' id='word_1_10' title='bbox 1181 452 1292 491; x_wconf 91' lang='lat' dir='ltr'><strong>uva</strong></span> <span class='ocrx_word' id='word_1_11' title='bbox 1331 434 1606 508; x_wconf 84' lang='lat' dir='ltr'><strong>pependit</strong></span> <span class='ocrx_word' id='word_1_12' title='bbox 1635 435 1692 490; x_wconf 91' lang='lat' dir='ltr'><strong>in</strong></span> <span class='ocrx_word' id='word_1_13' title='bbox 1723 433 1901 508; x_wconf 87' lang='lat' dir='ltr'><strong>ligno.</strong></span> <span class='ocrx_word' id='word_1_14' title='bbox 1934 433 2062 506; x_wconf 78' lang='lat' dir='ltr'><strong>lpse</strong></span> <span class='ocrx_word' id='word_1_15' title='bbox 2091 435 2149 502; x_wconf 76' lang='grc' dir='ltr'><strong>Α</strong></span> <span class='ocrx_word' id='word_1_16' title='bbox 2177 437 2400 506; x_wconf 87' lang='lat' dir='ltr'><strong>parata,</strong></span> <span class='ocrx_word' id='word_1_17' title='bbox 2434 450 2609 507; x_wconf 89' lang='lat' dir='ltr'><strong>quam</strong></span> <span class='ocrx_word' id='word_1_18' title='bbox 2655 435 2910 507; x_wconf 84' lang='lat' dir='ltr'><strong>periculo</strong></span> <span class='ocrx_word' id='word_1_19' title='bbox 2943 435 3211 508; x_wconf 91' lang='lat' dir='ltr'><strong>obnoxia,</strong></span> <span class='ocrx_word' id='word_1_20' title='bbox 3243 440 3310 494; x_wconf 92' lang='lat' dir='ltr'><strong>ut</strong></span> <span class='ocrx_word' id='word_1_21' title='bbox 3355 437 3404 493; x_wconf 88' lang='lat' dir='ltr'><strong>si</strong></span> <span class='ocrx_word' id='word_1_22' title='bbox 3444 439 3536 512; x_wconf 86' lang='lat' dir='ltr'><strong>qui</strong></span> <span class='ocrx_word' id='word_1_23' title='bbox 3577 444 3760 512; x_wconf 86' lang='lat' dir='ltr'><strong>tempe-</strong></span> 
     </span>
    </p>
   </div>
   <div class='ocr_carea' id='block_1_4' title="bbox 421 523 2064 596">
    <p class='ocr_par' dir='ltr' id='par_1_4' title="bbox 421 523 2064 596">
     <span class='ocr_line' id='line_1_4' title="bbox 421 523 2064 596; baseline -0.003 -14"><span class='ocrx_word' id='word_1_24' title='bbox 421 531 510 582; x_wconf 84' lang='lat' dir='ltr'><strong>est</strong></span> <span class='ocrx_word' id='word_1_25' title='bbox 539 523 694 591; x_wconf 90' lang='lat' dir='ltr'><strong>vitis,</strong></span> <span class='ocrx_word' id='word_1_26' title='bbox 719 523 845 596; x_wconf 90' lang='lat' dir='ltr'><strong>ipse</strong></span> <span class='ocrx_word' id='word_1_27' title='bbox 877 540 1005 578; x_wconf 89' lang='lat' dir='ltr'><strong>uva.</strong></span> <span class='ocrx_word' id='word_1_28' title='bbox 1027 523 1177 579; x_wconf 79' lang='lat' dir='ltr'><strong>Vitis</strong></span> <span class='ocrx_word' id='word_1_29' title='bbox 1207 523 1364 596; x_wconf 88' lang='lat' dir='ltr'><strong>ligno</strong></span> <span class='ocrx_word' id='word_1_30' title='bbox 1397 523 1699 580; x_wconf 67' lang='lat' dir='ltr'><strong>adbrerens</strong></span> <span class='ocrx_word' id='word_1_31' title='bbox 1724 541 1736 579; x_wconf 92' lang='lat'>:</span> <span class='ocrx_word' id='word_1_32' title='bbox 1773 538 1900 591; x_wconf 87' lang='lat' dir='ltr'><strong>uva,</strong></span> <span class='ocrx_word' id='word_1_33' title='bbox 1925 523 2064 596; x_wconf 84' lang='lat' dir='ltr'><strong>quia</strong></span> 
     </span>
    </p>
   </div>
   <div class='ocr_carea' id='block_1_5' title="bbox 418 607 2059 686">
    <p class='ocr_par' dir='ltr' id='par_1_5' title="bbox 418 607 2059 686">
     <span class='ocr_line' id='line_1_5' title="bbox 418 607 2059 686; baseline -0.002 -18"><span class='ocrx_word' id='word_1_34' title='bbox 418 612 620 668; x_wconf 83' lang='lat' dir='ltr'><strong>lancea</strong></span> <span class='ocrx_word' id='word_1_35' title='bbox 650 611 857 668; x_wconf 77' lang='lat' dir='ltr'><strong>militis</strong></span> <span class='ocrx_word' id='word_1_36' title='bbox 886 617 1150 686; x_wconf 89' lang='lat' dir='ltr'><strong>apertum</strong></span> <span class='ocrx_word' id='word_1_37' title='bbox 1185 611 1339 668; x_wconf 88' lang='lat' dir='ltr'><strong>latus</strong></span> <span class='ocrx_word' id='word_1_38' title='bbox 1369 612 1566 669; x_wconf 84' lang='lat' dir='ltr'><strong>emisit</strong></span> <span class='ocrx_word' id='word_1_39' title='bbox 1595 607 1810 685; x_wconf 80' lang='lat' dir='ltr'><strong>aquam</strong></span> <span class='ocrx_word' id='word_1_40' title='bbox 1841 615 1898 667; x_wconf 91' lang='lat' dir='ltr'><strong>et</strong></span> <span class='ocrx_word' id='word_1_41' title='bbox 1929 628 2059 666; x_wconf 88' lang='lat' dir='ltr'><strong>san-</strong></span> 
     </span>
    </p>
   </div>
   <div class='ocr_carea' id='block_1_6' title="bbox 417 701 2062 776">
    <p class='ocr_par' dir='ltr' id='par_1_6' title="bbox 417 701 2062 776">
     <span class='ocr_line' id='line_1_6' title="bbox 417 701 2062 776; baseline -0.002 -18"><span class='ocrx_word' id='word_1_42' title='bbox 417 701 680 776; x_wconf 88' lang='lat' dir='ltr'><strong>guinem.</strong></span> <span class='ocrx_word' id='word_1_43' title='bbox 713 701 808 758; x_wconf 89' lang='lat' dir='ltr'><strong>Sic</strong></span> <span class='ocrx_word' id='word_1_44' title='bbox 837 702 991 759; x_wconf 89' lang='lat' dir='ltr'><strong>enim</strong></span> <span class='ocrx_word' id='word_1_45' title='bbox 1024 701 1167 756; x_wconf 80' lang='lat' dir='ltr'><strong>dixit</strong></span> <span class='ocrx_word' id='word_1_46' title='bbox 1193 701 1448 758; x_wconf 83' lang='lat' dir='ltr'><strong>Joannes</strong></span> <span class='ocrx_word' id='word_1_47' title='bbox 1482 701 1662 766; x_wconf 89' lang='lat' dir='ltr'><strong>:Quia</strong></span> <span class='ocrx_word' id='word_1_48' title='bbox 1693 701 1864 756; x_wconf 79' lang='lat' dir='ltr'><strong>exivit</strong></span> <span class='ocrx_word' id='word_1_49' title='bbox 1896 703 1966 755; x_wconf 87' lang='lat' dir='ltr'><strong>de</strong></span> <span class='ocrx_word' id='word_1_50' title='bbox 1997 717 2062 755; x_wconf 90' lang='lat' dir='ltr'><strong>eo</strong></span> 
     </span>
    </p>
   </div>
   <div class='ocr_carea' id='block_1_7' title="bbox 418 790 2058 864">
    <p class='ocr_par' dir='ltr' id='par_1_7' title="bbox 418 790 2058 864">
     <span class='ocr_line' id='line_1_7' title="bbox 418 790 2058 864; baseline -0.003 -18"><span class='ocrx_word' id='word_1_51' title='bbox 418 807 572 864; x_wconf 88' lang='lat' dir='ltr'><strong>aqua</strong></span> <span class='ocrx_word' id='word_1_52' title='bbox 602 793 658 848; x_wconf 91' lang='lat' dir='ltr'><strong>et</strong></span> <span class='ocrx_word' id='word_1_53' title='bbox 689 791 930 864; x_wconf 83' lang='lat' dir='ltr'><strong>sanguis</strong></span> <span class='ocrx_word' id='word_1_54' title='bbox 963 791 1136 864; x_wconf 81' lang='lat' dir='ltr'><strong>(Joan.</strong></span> <span class='ocrx_word' id='word_1_55' title='bbox 1168 807 1283 858; x_wconf 73' lang='lat' dir='ltr'><strong>xxx,</strong></span> <span class='ocrx_word' id='word_1_56' title='bbox 1307 791 1419 863; x_wconf 83' lang='grc'>34).</span> <span class='ocrx_word' id='word_1_57' title='bbox 1443 793 1606 863; x_wconf 89' lang='lat' dir='ltr'><strong>Aqua</strong></span> <span class='ocrx_word' id='word_1_58' title='bbox 1637 791 1709 846; x_wconf 89' lang='lat' dir='ltr'><strong>ad</strong></span> <span class='ocrx_word' id='word_1_59' title='bbox 1741 790 2058 854; x_wconf 84' lang='lat' dir='ltr'><strong>lavacrum,</strong></span> 
     </span>
    </p>
   </div>
   <div class='ocr_carea' id='block_1_8' title="bbox 417 879 2061 955">
    <p class='ocr_par' dir='ltr' id='par_1_8' title="bbox 417 879 2061 955">
     <span class='ocr_line' id='line_1_8' title="bbox 417 879 2061 955; baseline -0.004 -18"><span class='ocrx_word' id='word_1_60' title='bbox 417 881 663 955; x_wconf 85' lang='lat' dir='ltr'><strong>sanguis</strong></span> <span class='ocrx_word' id='word_1_61' title='bbox 691 882 764 936; x_wconf 87' lang='lat' dir='ltr'><strong>ad</strong></span> <span class='ocrx_word' id='word_1_62' title='bbox 793 879 1067 953; x_wconf 83' lang='lat' dir='ltr'><strong>pretium.</strong></span> <span class='ocrx_word' id='word_1_63' title='bbox 1100 881 1266 952; x_wconf 88' lang='lat' dir='ltr'><strong>Aqua</strong></span> <span class='ocrx_word' id='word_1_64' title='bbox 1299 897 1402 935; x_wconf 90' lang='lat' dir='ltr'><strong>nos</strong></span> <span class='ocrx_word' id='word_1_65' title='bbox 1444 880 1647 947; x_wconf 88' lang='lat' dir='ltr'><strong>abluit,</strong></span> <span class='ocrx_word' id='word_1_66' title='bbox 1680 879 1924 952; x_wconf 83' lang='lat' dir='ltr'><strong>sanguis</strong></span> <span class='ocrx_word' id='word_1_67' title='bbox 1959 895 2061 933; x_wconf 84' lang='lat' dir='ltr'><strong>nos</strong></span> 
     </span>
    </p>
   </div>
   <div class='ocr_carea' id='block_1_9' title="bbox 419 970 682 1026">
    <p class='ocr_par' dir='ltr' id='par_1_9' title="bbox 419 970 682 1026">
     <span class='ocr_line' id='line_1_9' title="bbox 419 970 682 1026; baseline -0.008 0"><span class='ocrx_word' id='word_1_68' title='bbox 419 970 682 1026; x_wconf 76' lang='lat' dir='ltr'><strong>redemit.</strong></span> 
     </span>
    </p>
   </div>
   <div class='ocr_carea' id='block_1_10' title="bbox 485 1055 2063 1131">
    <p class='ocr_par' dir='ltr' id='par_1_10' title="bbox 485 1055 2063 1131">
     <span class='ocr_line' id='line_1_10' title="bbox 485 1055 2063 1131; baseline -0.003 -17"><span class='ocrx_word' id='word_1_69' title='bbox 485 1061 574 1114; x_wconf 85' lang='lat'><strong>25.</strong></span> <span class='ocrx_word' id='word_1_70' title='bbox 599 1057 668 1113; x_wconf 88' lang='lat' dir='ltr'><strong>Et</strong></span> <span class='ocrx_word' id='word_1_71' title='bbox 695 1055 823 1112; x_wconf 90' lang='lat' dir='ltr'><strong>ideo</strong></span> <span class='ocrx_word' id='word_1_72' title='bbox 863 1057 947 1114; x_wconf 89' lang='lat' dir='ltr'><strong>ait</strong></span> <span class='ocrx_word' id='word_1_73' title='bbox 977 1058 1259 1131; x_wconf 75' lang='lat' dir='ltr'><strong>propheta</strong></span> <span class='ocrx_word' id='word_1_74' title='bbox 1296 1076 1360 1114; x_wconf 84' lang='lat'><strong>:«</strong></span> <span class='ocrx_word' id='word_1_75' title='bbox 1395 1058 1618 1113; x_wconf 86' lang='lat' dir='ltr'><strong>Hilares</strong></span> <span class='ocrx_word' id='word_1_76' title='bbox 1667 1057 1816 1112; x_wconf 91' lang='lat' dir='ltr'><strong>oculi</strong></span> <span class='ocrx_word' id='word_1_77' title='bbox 1871 1057 1996 1126; x_wconf 79' lang='lat' dir='ltr'><strong>ejus</strong></span> <span class='ocrx_word' id='word_1_78' title='bbox 2029 1073 2063 1110; x_wconf 88' lang='lat' dir='ltr'><strong>a</strong></span> 
     </span>
    </p>
   </div>
   <div class='ocr_carea' id='block_1_11' title="bbox 413 1144 2060 1220">
    <p class='ocr_par' dir='ltr' id='par_1_11' title="bbox 413 1144 2060 1220">
     <span class='ocr_line' id='line_1_11' title="bbox 413 1144 2060 1220; baseline -0.001 -20"><span class='ocrx_word' id='word_1_79' title='bbox 413 1145 568 1213; x_wconf 90' lang='lat' dir='ltr'><strong>vino,</strong></span> <span class='ocrx_word' id='word_1_80' title='bbox 590 1149 647 1201; x_wconf 90' lang='lat' dir='ltr'><strong>et</strong></span> <span class='ocrx_word' id='word_1_81' title='bbox 673 1144 878 1202; x_wconf 80' lang='lat' dir='ltr'><strong>dentes</strong></span> <span class='ocrx_word' id='word_1_82' title='bbox 908 1146 1295 1213; x_wconf 85' lang='lat' dir='ltr'><strong>candidiores,</strong></span> <span class='ocrx_word' id='word_1_83' title='bbox 1321 1163 1500 1220; x_wconf 90' lang='lat' dir='ltr'><strong>quam</strong></span> <span class='ocrx_word' id='word_1_84' title='bbox 1534 1145 1645 1214; x_wconf 86' lang='lat' dir='ltr'><strong>lae,</strong></span> <span class='ocrx_word' id='word_1_85' title='bbox 1671 1170 1697 1195; x_wconf 89' lang='grc'><strong>››</strong></span> <span class='ocrx_word' id='word_1_86' title='bbox 1723 1145 2060 1219; x_wconf 80' lang='lat' dir='ltr'><strong>signiﬁcans</strong></span> 
     </span>
    </p>
   </div>
   <div class='ocr_carea' id='block_1_12' title="bbox 415 1233 2059 1308">
    <p class='ocr_par' dir='ltr' id='par_1_12' title="bbox 415 1233 2059 1308">
     <span class='ocr_line' id='line_1_12' title="bbox 415 1233 2059 1308; baseline -0.003 -17"><span class='ocrx_word' id='word_1_87' title='bbox 415 1234 726 1308; x_wconf 82' lang='lat' dir='ltr'><strong>prophetas</strong></span> <span class='ocrx_word' id='word_1_88' title='bbox 757 1238 814 1290; x_wconf 88' lang='lat' dir='ltr'><strong>et</strong></span> <span class='ocrx_word' id='word_1_89' title='bbox 842 1234 1156 1308; x_wconf 85' lang='lat' dir='ltr'><strong>apostolos.</strong></span> <span class='ocrx_word' id='word_1_90' title='bbox 1179 1235 1289 1290; x_wconf 89' lang='lat' dir='ltr'><strong>Alii</strong></span> <span class='ocrx_word' id='word_1_91' title='bbox 1312 1237 1467 1292; x_wconf 88' lang='lat' dir='ltr'><strong>enim</strong></span> <span class='ocrx_word' id='word_1_92' title='bbox 1503 1235 1655 1292; x_wconf 81' lang='lat' dir='ltr'><strong>sicut</strong></span> <span class='ocrx_word' id='word_1_93' title='bbox 1675 1234 1822 1291; x_wconf 77' lang='lat' dir='ltr'><strong>oculi</strong></span> <span class='ocrx_word' id='word_1_94' title='bbox 1847 1233 2059 1290; x_wconf 86' lang='lat' dir='ltr'><strong>Christi</strong></span> 
     </span>
    </p>
   </div>
   <div class='ocr_carea' id='block_1_13' title="bbox 414 1323 2060 1396">
    <p class='ocr_par' dir='ltr' id='par_1_13' title="bbox 414 1323 2060 1396">
     <span class='ocr_line' id='line_1_13' title="bbox 414 1323 2060 1396; baseline -0.001 -16"><span class='ocrx_word' id='word_1_95' title='bbox 414 1323 806 1396; x_wconf 66' lang='lat' dir='ltr'><strong>praeviderunt</strong></span> <span class='ocrx_word' id='word_1_96' title='bbox 835 1327 892 1380; x_wconf 92' lang='lat' dir='ltr'><strong>et</strong></span> <span class='ocrx_word' id='word_1_97' title='bbox 921 1325 1416 1380; x_wconf 87' lang='lat' dir='ltr'><strong>annuntiaverunt</strong></span> <span class='ocrx_word' id='word_1_98' title='bbox 1458 1327 1587 1396; x_wconf 93' lang='lat' dir='ltr'><strong>ejus</strong></span> <span class='ocrx_word' id='word_1_99' title='bbox 1631 1325 1966 1391; x_wconf 78' lang='lat' dir='ltr'><strong>adventum,</strong></span> <span class='ocrx_word' id='word_1_100' title='bbox 1993 1323 2060 1378; x_wconf 91' lang='lat' dir='ltr'><strong>de</strong></span> 
     </span>
    </p>
   </div>
   <div class='ocr_carea' id='block_1_14' title="bbox 414 1412 2062 1486">
    <p class='ocr_par' dir='ltr' id='par_1_14' title="bbox 414 1412 2062 1486">
     <span class='ocr_line' id='line_1_14' title="bbox 414 1412 2062 1486; baseline -0.002 -16"><span class='ocrx_word' id='word_1_101' title='bbox 414 1413 632 1486; x_wconf 90' lang='lat' dir='ltr'><strong>quibus</strong></span> <span class='ocrx_word' id='word_1_102' title='bbox 661 1413 786 1486; x_wconf 88' lang='lat' dir='ltr'><strong>ipse</strong></span> <span class='ocrx_word' id='word_1_103' title='bbox 813 1413 953 1469; x_wconf 88' lang='lat' dir='ltr'><strong>dicit</strong></span> <span class='ocrx_word' id='word_1_104' title='bbox 984 1431 997 1468; x_wconf 90' lang='lat'><strong>:</strong></span> <span class='ocrx_word' id='word_1_105' title='bbox 1025 1437 1052 1464; x_wconf 88' lang='grc'><strong><em>‹‹</em></strong></span> <span class='ocrx_word' id='word_1_106' title='bbox 1080 1414 1372 1470; x_wconf 83' lang='lat' dir='ltr'><strong>Abraham</strong></span> <span class='ocrx_word' id='word_1_107' title='bbox 1405 1414 1558 1469; x_wconf 90' lang='lat' dir='ltr'><strong>diem</strong></span> <span class='ocrx_word' id='word_1_108' title='bbox 1591 1431 1786 1469; x_wconf 90' lang='lat' dir='ltr'><strong>meum</strong></span> <span class='ocrx_word' id='word_1_109' title='bbox 1819 1412 1980 1480; x_wconf 83' lang='lat' dir='ltr'><strong>vidit,</strong></span> <span class='ocrx_word' id='word_1_110' title='bbox 2005 1416 2062 1467; x_wconf 85' lang='lat' dir='ltr'><strong>et</strong></span> 
     </span>
    </p>
   </div>
   <div class='ocr_carea' id='block_1_15' title="bbox 413 1501 2060 1577">
    <p class='ocr_par' dir='ltr' id='par_1_15' title="bbox 413 1501 2060 1577">
     <span class='ocr_line' id='line_1_15' title="bbox 413 1501 2060 1577; baseline -0.002 -19"><span class='ocrx_word' id='word_1_111' title='bbox 413 1502 653 1577; x_wconf 83' lang='lat' dir='ltr'><strong>gavisus</strong></span> <span class='ocrx_word' id='word_1_112' title='bbox 699 1507 786 1558; x_wconf 89' lang='lat' dir='ltr'><strong>est</strong></span> <span class='ocrx_word' id='word_1_113' title='bbox 817 1505 992 1572; x_wconf 81' lang='lat' dir='ltr'><strong>(Joan.</strong></span> <span class='ocrx_word' id='word_1_114' title='bbox 1015 1521 1134 1569; x_wconf 82' lang='lat' dir='ltr'><strong>vm,</strong></span> <span class='ocrx_word' id='word_1_115' title='bbox 1158 1504 1269 1574; x_wconf 84' lang='lat'><strong>56).</strong></span> <span class='ocrx_word' id='word_1_116' title='bbox 1299 1526 1324 1552; x_wconf 89' lang='grc'><strong>››</strong></span> <span class='ocrx_word' id='word_1_117' title='bbox 1349 1504 1416 1558; x_wconf 89' lang='lat' dir='ltr'><strong>Et</strong></span> <span class='ocrx_word' id='word_1_118' title='bbox 1449 1521 1602 1558; x_wconf 90' lang='lat' dir='ltr'><strong>unus</strong></span> <span class='ocrx_word' id='word_1_119' title='bbox 1647 1503 1719 1558; x_wconf 91' lang='lat' dir='ltr'><strong>de</strong></span> <span class='ocrx_word' id='word_1_120' title='bbox 1763 1501 2060 1574; x_wconf 85' lang='lat' dir='ltr'><strong>prophetis</strong></span> 
     </span>
    </p>
   </div>
   <div class='ocr_carea' id='block_1_16' title="bbox 414 1591 2059 1664">
    <p class='ocr_par' dir='ltr' id='par_1_16' title="bbox 414 1591 2059 1664">
     <span class='ocr_line' id='line_1_16' title="bbox 414 1591 2059 1664; baseline -0.003 -16"><span class='ocrx_word' id='word_1_121' title='bbox 414 1591 555 1648; x_wconf 84' lang='lat' dir='ltr'><strong>dicit</strong></span> <span class='ocrx_word' id='word_1_122' title='bbox 585 1609 599 1648; x_wconf 88' lang='lat'><strong>:</strong></span> <span class='ocrx_word' id='word_1_123' title='bbox 625 1615 652 1642; x_wconf 84' lang='lat'><strong>«</strong></span> <span class='ocrx_word' id='word_1_124' title='bbox 684 1591 816 1646; x_wconf 80' lang='lat' dir='ltr'><strong>Vidi</strong></span> <span class='ocrx_word' id='word_1_125' title='bbox 850 1591 1166 1648; x_wconf 89' lang='lat' dir='ltr'><strong>Dominum</strong></span> <span class='ocrx_word' id='word_1_126' title='bbox 1197 1591 1447 1647; x_wconf 84' lang='lat' dir='ltr'><strong>Sabaoth</strong></span> <span class='ocrx_word' id='word_1_127' title='bbox 1470 1594 1596 1660; x_wconf 77' lang='lat' dir='ltr'><strong>(13a.</strong></span> <span class='ocrx_word' id='word_1_128' title='bbox 1617 1609 1692 1659; x_wconf 83' lang='lat' dir='ltr'><strong>v1,</strong></span> <span class='ocrx_word' id='word_1_129' title='bbox 1721 1592 1771 1664; x_wconf 89' lang='lat'><strong>1)</strong></span> <span class='ocrx_word' id='word_1_130' title='bbox 1797 1608 1808 1644; x_wconf 93' lang='lat'>:</span> <span class='ocrx_word' id='word_1_131' title='bbox 1834 1611 1858 1642; x_wconf 68' lang='grc' dir='ltr'><strong>υ</strong></span> <span class='ocrx_word' id='word_1_132' title='bbox 1887 1605 2059 1661; x_wconf 88' lang='lat' dir='ltr'><strong>quem</strong></span> 
     </span>
    </p>
   </div>
   <div class='ocr_carea' id='block_1_17' title="bbox 411 1668 2057 1754">
    <p class='ocr_par' dir='ltr' id='par_1_17' title="bbox 411 1668 2057 1754">
     <span class='ocr_line' id='line_1_17' title="bbox 411 1668 2057 1754; baseline -0.001 -18"><span class='ocrx_word' id='word_1_133' title='bbox 411 1681 676 1738; x_wconf 75' lang='lat' dir='ltr'><strong>videntes</strong></span> <span class='ocrx_word' id='word_1_134' title='bbox 707 1679 954 1754; x_wconf 78' lang='lat' dir='ltr'><strong>spiritali</strong></span> <span class='ocrx_word' id='word_1_135' title='bbox 1006 1680 1204 1737; x_wconf 69' lang='lat' dir='ltr'><strong>laetitia</strong></span> <span class='ocrx_word' id='word_1_136' title='bbox 1253 1681 1714 1754; x_wconf 86' lang='lat' dir='ltr'><strong>complebantur.</strong></span> <span class='ocrx_word' id='word_1_137' title='bbox 1749 1679 1858 1734; x_wconf 90' lang='lat' dir='ltr'><strong>Alii</strong></span> <span class='ocrx_word' id='word_1_138' title='bbox 1905 1668 2057 1746; x_wconf 76' lang='lat' dir='ltr'><strong>vero,</strong></span> 
     </span>
    </p>
   </div>
   <div class='ocr_carea' id='block_1_18' title="bbox 413 1768 2138 1870">
    <p class='ocr_par' dir='ltr' id='par_1_18' title="bbox 413 1768 2138 1870">
     <span class='ocr_line' id='line_1_18' title="bbox 413 1768 2138 1870; baseline -0.003 -44"><span class='ocrx_word' id='word_1_139' title='bbox 413 1771 523 1826; x_wconf 82' lang='lat' dir='ltr'><strong>hoc</strong></span> <span class='ocrx_word' id='word_1_140' title='bbox 552 1774 644 1826; x_wconf 91' lang='lat' dir='ltr'><strong>est</strong></span> <span class='ocrx_word' id='word_1_141' title='bbox 673 1769 941 1843; x_wconf 84' lang='lat' dir='ltr'><strong>apostoli,</strong></span> <span class='ocrx_word' id='word_1_142' title='bbox 966 1785 1114 1842; x_wconf 91' lang='lat' dir='ltr'><strong>quos</strong></span> <span class='ocrx_word' id='word_1_143' title='bbox 1145 1768 1428 1826; x_wconf 82' lang='lat' dir='ltr'><strong>Dominus</strong></span> <span class='ocrx_word' id='word_1_144' title='bbox 1472 1771 1545 1826; x_wconf 89' lang='lat' dir='ltr'><strong>ab</strong></span> <span class='ocrx_word' id='word_1_145' title='bbox 1594 1768 1751 1824; x_wconf 87' lang='lat' dir='ltr'><strong>omni</strong></span> <span class='ocrx_word' id='word_1_146' title='bbox 1795 1769 2056 1840; x_wconf 88' lang='lat' dir='ltr'><strong>peccato-</strong></span> <span class='ocrx_word' id='word_1_147' title='bbox 2091 1804 2138 1870; x_wconf 84' lang='lat' dir='ltr'><strong>B</strong></span> 
     </span>
    </p>
   </div>
   <div class='ocr_carea' id='block_1_19' title="bbox 414 1855 2056 1932">
    <p class='ocr_par' dir='ltr' id='par_1_19' title="bbox 414 1855 2056 1932">
     <span class='ocr_line' id='line_1_19' title="bbox 414 1855 2056 1932; baseline -0.003 -17"><span class='ocrx_word' id='word_1_148' title='bbox 414 1876 543 1915; x_wconf 88' lang='lat' dir='ltr'><strong>rum</strong></span> <span class='ocrx_word' id='word_1_149' title='bbox 595 1858 727 1916; x_wconf 85' lang='lat' dir='ltr'><strong>labe</strong></span> <span class='ocrx_word' id='word_1_150' title='bbox 775 1858 1302 1932; x_wconf 87' lang='lat' dir='ltr'><strong>mundavit,supcr</strong></span> <span class='ocrx_word' id='word_1_151' title='bbox 1361 1857 1446 1913; x_wconf 70' lang='lat' dir='ltr'><strong>lac</strong></span> <span class='ocrx_word' id='word_1_152' title='bbox 1503 1857 1872 1914; x_wconf 80' lang='lat' dir='ltr'><strong>candidiores</strong></span> <span class='ocrx_word' id='word_1_153' title='bbox 1925 1855 2056 1912; x_wconf 79' lang='lat' dir='ltr'><strong>facti</strong></span> 
     </span>
    </p>
   </div>
   <div class='ocr_carea' id='block_1_20' title="bbox 412 1946 2056 2020">
    <p class='ocr_par' dir='ltr' id='par_1_20' title="bbox 412 1946 2056 2020">
     <span class='ocr_line' id='line_1_20' title="bbox 412 1946 2056 2020; baseline -0.002 -16"><span class='ocrx_word' id='word_1_154' title='bbox 412 1952 574 2018; x_wconf 90' lang='lat' dir='ltr'><strong>sunt,</strong></span> <span class='ocrx_word' id='word_1_155' title='bbox 605 1965 754 2020; x_wconf 91' lang='lat' dir='ltr'><strong>quos</strong></span> <span class='ocrx_word' id='word_1_156' title='bbox 801 1947 1031 2004; x_wconf 86' lang='lat' dir='ltr'><strong>macula</strong></span> <span class='ocrx_word' id='word_1_157' title='bbox 1072 1947 1236 2004; x_wconf 89' lang='lat' dir='ltr'><strong>nulla</strong></span> <span class='ocrx_word' id='word_1_158' title='bbox 1281 1952 1484 2020; x_wconf 78' lang='lat' dir='ltr'><strong>postea</strong></span> <span class='ocrx_word' id='word_1_159' title='bbox 1532 1947 1798 2002; x_wconf 84' lang='lat' dir='ltr'><strong>fuscavit.</strong></span> <span class='ocrx_word' id='word_1_160' title='bbox 1831 1946 2056 2002; x_wconf 84' lang='lat' dir='ltr'><strong>Etenim</strong></span> 
     </span>
    </p>
   </div>
   <div class='ocr_carea' id='block_1_21' title="bbox 411 2035 2060 2110">
    <p class='ocr_par' dir='ltr' id='par_1_21' title="bbox 411 2035 2060 2110">
     <span class='ocr_line' id='line_1_21' title="bbox 411 2035 2060 2110; baseline -0.002 -18"><span class='ocrx_word' id='word_1_161' title='bbox 411 2036 501 2093; x_wconf 88' lang='lat' dir='ltr'><strong>lac</strong></span> <span class='ocrx_word' id='word_1_162' title='bbox 529 2036 848 2110; x_wconf 85' lang='lat' dir='ltr'><strong>temporale</strong></span> <span class='ocrx_word' id='word_1_163' title='bbox 875 2042 982 2105; x_wconf 89' lang='lat' dir='ltr'><strong>est,</strong></span> <span class='ocrx_word' id='word_1_164' title='bbox 1007 2037 1197 2110; x_wconf 88' lang='lat' dir='ltr'><strong>gratia</strong></span> <span class='ocrx_word' id='word_1_165' title='bbox 1239 2044 1436 2092; x_wconf 76' lang='lat' dir='ltr'><strong>autem</strong></span> <span class='ocrx_word' id='word_1_166' title='bbox 1486 2035 1886 2108; x_wconf 88' lang='lat' dir='ltr'><strong>apostolorum</strong></span> <span class='ocrx_word' id='word_1_167' title='bbox 1930 2051 2060 2106; x_wconf 90' lang='lat' dir='ltr'><strong>per-</strong></span> 
     </span>
    </p>
   </div>
   <div class='ocr_carea' id='block_1_22' title="bbox 411 2123 2059 2199">
    <p class='ocr_par' dir='ltr' id='par_1_22' title="bbox 411 2123 2059 2199">
     <span class='ocr_line' id='line_1_22' title="bbox 411 2123 2059 2199; baseline -0.002 -17"><span class='ocrx_word' id='word_1_168' title='bbox 411 2130 588 2199; x_wconf 87' lang='lat' dir='ltr'><strong>petua</strong></span> <span class='ocrx_word' id='word_1_169' title='bbox 629 2130 848 2196; x_wconf 88' lang='lat' dir='ltr'><strong>manet,</strong></span> <span class='ocrx_word' id='word_1_170' title='bbox 875 2126 975 2198; x_wconf 89' lang='lat' dir='ltr'><strong>qui</strong></span> <span class='ocrx_word' id='word_1_171' title='bbox 1009 2125 1175 2182; x_wconf 91' lang='lat' dir='ltr'><strong>nobis</strong></span> <span class='ocrx_word' id='word_1_172' title='bbox 1207 2125 1492 2198; x_wconf 86' lang='lat' dir='ltr'><strong>spiritalia</strong></span> <span class='ocrx_word' id='word_1_173' title='bbox 1538 2125 1638 2180; x_wconf 88' lang='lat' dir='ltr'><strong>illa</strong></span> <span class='ocrx_word' id='word_1_174' title='bbox 1687 2129 1859 2196; x_wconf 88' lang='lat' dir='ltr'><strong>atque</strong></span> <span class='ocrx_word' id='word_1_175' title='bbox 1893 2123 2059 2179; x_wconf 71' lang='lat' dir='ltr'><strong>cccle-</strong></span> 
     </span>
    </p>
   </div>
   <div class='ocr_carea' id='block_1_23' title="bbox 409 2213 2060 2282">
    <p class='ocr_par' dir='ltr' id='par_1_23' title="bbox 409 2213 2060 2282">
     <span class='ocr_line' id='line_1_23' title="bbox 409 2213 2060 2282; baseline -0.002 -11"><span class='ocrx_word' id='word_1_176' title='bbox 409 2215 525 2272; x_wconf 90' lang='lat' dir='ltr'><strong>stia</strong></span> <span class='ocrx_word' id='word_1_177' title='bbox 553 2215 930 2272; x_wconf 79' lang='lat' dir='ltr'><strong>conﬁcientes</strong></span> <span class='ocrx_word' id='word_1_178' title='bbox 974 2213 1269 2282; x_wconf 89' lang='lat' dir='ltr'><strong>alimenta,</strong></span> <span class='ocrx_word' id='word_1_179' title='bbox 1307 2215 1519 2270; x_wconf 86' lang='lat' dir='ltr'><strong>mentis</strong></span> <span class='ocrx_word' id='word_1_180' title='bbox 1571 2215 1810 2270; x_wconf 69' lang='lat' dir='ltr'><strong>internae</strong></span> <span class='ocrx_word' id='word_1_181' title='bbox 1841 2213 2060 2268; x_wconf 80' lang='lat' dir='ltr'><strong>viscera</strong></span> 
     </span>
    </p>
   </div>
   <div class='ocr_carea' id='block_1_24' title="bbox 411 2303 2056 2378">
    <p class='ocr_par' dir='ltr' id='par_1_24' title="bbox 411 2303 2056 2378">
     <span class='ocr_line' id='line_1_24' title="bbox 411 2303 2056 2378; baseline -0.005 -14"><span class='ocrx_word' id='word_1_182' title='bbox 411 2305 777 2378; x_wconf 89' lang='lat' dir='ltr'><strong>saginarunt.</strong></span> <span class='ocrx_word' id='word_1_183' title='bbox 811 2306 961 2360; x_wconf 88' lang='lat' dir='ltr'><strong>Sunt</strong></span> <span class='ocrx_word' id='word_1_184' title='bbox 991 2304 1136 2361; x_wconf 68' lang='lat'><strong>521</strong></span> <span class='ocrx_word' id='word_1_185' title='bbox 1171 2304 1347 2360; x_wconf 85' lang='lat' dir='ltr'><strong>etiam</strong></span> <span class='ocrx_word' id='word_1_186' title='bbox 1381 2303 1478 2376; x_wconf 87' lang='lat' dir='ltr'><strong>qui</strong></span> <span class='ocrx_word' id='word_1_187' title='bbox 1524 2304 1795 2359; x_wconf 86' lang='lat' dir='ltr'><strong>mandata</strong></span> <span class='ocrx_word' id='word_1_188' title='bbox 1829 2303 2056 2358; x_wconf 86' lang='lat' dir='ltr'><strong>Domini</strong></span> 
     </span>
    </p>
   </div>
   <div class='ocr_carea' id='block_1_25' title="bbox 411 2391 2060 2468">
    <p class='ocr_par' dir='ltr' id='par_1_25' title="bbox 411 2391 2060 2468">
     <span class='ocr_line' id='line_1_25' title="bbox 411 2391 2060 2468; baseline -0.003 -17"><span class='ocrx_word' id='word_1_189' title='bbox 411 2394 626 2466; x_wconf 90' lang='lat' dir='ltr'><strong>lucida,</strong></span> <span class='ocrx_word' id='word_1_190' title='bbox 659 2411 785 2468; x_wconf 68' lang='lat' dir='ltr'><strong>quae</strong></span> <span class='ocrx_word' id='word_1_191' title='bbox 833 2392 1027 2448; x_wconf 89' lang='lat' dir='ltr'><strong>divino</strong></span> <span class='ocrx_word' id='word_1_192' title='bbox 1058 2409 1154 2448; x_wconf 90' lang='lat' dir='ltr'><strong>ore</strong></span> <span class='ocrx_word' id='word_1_193' title='bbox 1205 2393 1547 2465; x_wconf 87' lang='lat' dir='ltr'><strong>deprompta</strong></span> <span class='ocrx_word' id='word_1_194' title='bbox 1578 2397 1736 2459; x_wconf 88' lang='lat' dir='ltr'><strong>sunt,</strong></span> <span class='ocrx_word' id='word_1_195' title='bbox 1773 2393 1926 2447; x_wconf 90' lang='lat' dir='ltr'><strong>sicut</strong></span> <span class='ocrx_word' id='word_1_196' title='bbox 1971 2391 2060 2446; x_wconf 81' lang='lat' dir='ltr'><strong>lac</strong></span> 
     </span>
    </p>
   </div>
   <div class='ocr_carea' id='block_1_26' title="bbox 413 2481 2058 2554">
    <p class='ocr_par' dir='ltr' id='par_1_26' title="bbox 413 2481 2058 2554">
     <span class='ocr_line' id='line_1_26' title="bbox 413 2481 2058 2554; baseline -0.003 -14"><span class='ocrx_word' id='word_1_197' title='bbox 413 2483 584 2540; x_wconf 91' lang='lat' dir='ltr'><strong>nobis</strong></span> <span class='ocrx_word' id='word_1_198' title='bbox 617 2484 764 2540; x_wconf 85' lang='lat' dir='ltr'><strong>facta</strong></span> <span class='ocrx_word' id='word_1_199' title='bbox 789 2483 1164 2546; x_wconf 86' lang='lat' dir='ltr'><strong>arbitrentur,</strong></span> <span class='ocrx_word' id='word_1_200' title='bbox 1188 2482 1404 2554; x_wconf 87' lang='lat' dir='ltr'><strong>quibus</strong></span> <span class='ocrx_word' id='word_1_201' title='bbox 1438 2481 1640 2536; x_wconf 87' lang='lat' dir='ltr'><strong>nutriti</strong></span> <span class='ocrx_word' id='word_1_202' title='bbox 1665 2482 1735 2536; x_wconf 90' lang='lat' dir='ltr'><strong>ad</strong></span> <span class='ocrx_word' id='word_1_203' title='bbox 1759 2481 1928 2553; x_wconf 88' lang='lat' dir='ltr'><strong>panis</strong></span> <span class='ocrx_word' id='word_1_204' title='bbox 1951 2497 2058 2535; x_wconf 72' lang='lat' dir='ltr'><strong>co:-</strong></span> 
     </span>
    </p>
   </div>
   <div class='ocr_carea' id='block_1_27' title="bbox 411 2569 2056 2646">
    <p class='ocr_par' dir='ltr' id='par_1_27' title="bbox 411 2569 2056 2646">
     <span class='ocr_line' id='line_1_27' title="bbox 411 2569 2056 2646; baseline -0.004 -16"><span class='ocrx_word' id='word_1_205' title='bbox 411 2573 578 2630; x_wconf 91' lang='lat' dir='ltr'><strong>lestis</strong></span> <span class='ocrx_word' id='word_1_206' title='bbox 608 2573 980 2646; x_wconf 84' lang='lat' dir='ltr'><strong>pervenimus</strong></span> <span class='ocrx_word' id='word_1_207' title='bbox 1011 2571 1369 2627; x_wconf 57' lang='lat' dir='ltr'><strong>ntimoniam.</strong></span> <span class='ocrx_word' id='word_1_208' title='bbox 1397 2571 1560 2627; x_wconf 89' lang='lat' dir='ltr'><strong>Unde</strong></span> <span class='ocrx_word' id='word_1_209' title='bbox 1591 2576 1648 2627; x_wconf 91' lang='lat' dir='ltr'><strong>et</strong></span> <span class='ocrx_word' id='word_1_210' title='bbox 1680 2569 1897 2626; x_wconf 89' lang='lat' dir='ltr'><strong>Paulus</strong></span> <span class='ocrx_word' id='word_1_211' title='bbox 1929 2571 2010 2625; x_wconf 89' lang='lat' dir='ltr'><strong>ait</strong></span> <span class='ocrx_word' id='word_1_212' title='bbox 2044 2588 2056 2624; x_wconf 90' lang='lat'><strong>:</strong></span> 
     </span>
    </p>
   </div>
   <div class='ocr_carea' id='block_1_28' title="bbox 413 2658 2056 2735">
    <p class='ocr_par' dir='ltr' id='par_1_28' title="bbox 413 2658 2056 2735">
     <span class='ocr_line' id='line_1_28' title="bbox 413 2658 2056 2735; baseline -0.001 -21"><span class='ocrx_word' id='word_1_213' title='bbox 413 2686 441 2715; x_wconf 90' lang='grc'><strong>‹‹</strong></span> <span class='ocrx_word' id='word_1_214' title='bbox 476 2665 587 2720; x_wconf 89' lang='lat' dir='ltr'><strong>Lac</strong></span> <span class='ocrx_word' id='word_1_215' title='bbox 614 2661 782 2718; x_wconf 89' lang='lat' dir='ltr'><strong>vobis</strong></span> <span class='ocrx_word' id='word_1_216' title='bbox 807 2666 1009 2735; x_wconf 90' lang='lat' dir='ltr'><strong>potum</strong></span> <span class='ocrx_word' id='word_1_217' title='bbox 1031 2661 1185 2728; x_wconf 86' lang='lat' dir='ltr'><strong>dedi,</strong></span> <span class='ocrx_word' id='word_1_218' title='bbox 1211 2677 1322 2715; x_wconf 87' lang='lat' dir='ltr'><strong>non</strong></span> <span class='ocrx_word' id='word_1_219' title='bbox 1348 2677 1572 2729; x_wconf 85' lang='lat' dir='ltr'><strong>escam;</strong></span> <span class='ocrx_word' id='word_1_220' title='bbox 1609 2661 1868 2715; x_wconf 85' lang='lat' dir='ltr'><strong>nondum</strong></span> <span class='ocrx_word' id='word_1_221' title='bbox 1901 2658 2056 2713; x_wconf 90' lang='lat' dir='ltr'><strong>enim</strong></span> 
     </span>
    </p>
   </div>
   <div class='ocr_carea' id='block_1_29' title="bbox 411 2747 2061 2826">
    <p class='ocr_par' dir='ltr' id='par_1_29' title="bbox 411 2747 2061 2826">
     <span class='ocr_line' id='line_1_29' title="bbox 411 2747 2061 2826; baseline -0.004 -18"><span class='ocrx_word' id='word_1_222' title='bbox 411 2751 692 2826; x_wconf 84' lang='lat' dir='ltr'><strong>poteratis</strong></span> <span class='ocrx_word' id='word_1_223' title='bbox 719 2753 768 2821; x_wconf 91' lang='grc' dir='ltr'>(ι</span> <span class='ocrx_word' id='word_1_224' title='bbox 795 2751 916 2808; x_wconf 85' lang='lat' dir='ltr'><strong>Cor.</strong></span> <span class='ocrx_word' id='word_1_225' title='bbox 950 2767 1032 2820; x_wconf 84' lang='lat' dir='ltr'><strong>IlI,</strong></span> <span class='ocrx_word' id='word_1_226' title='bbox 1061 2751 1138 2820; x_wconf 88' lang='lat'><strong>2).</strong></span> <span class='ocrx_word' id='word_1_227' title='bbox 1169 2773 1193 2800; x_wconf 76' lang='grc' dir='ltr'><strong>υ</strong></span> <span class='ocrx_word' id='word_1_228' title='bbox 1228 2749 1555 2805; x_wconf 87' lang='lat' dir='ltr'><strong>Corinthios</strong></span> <span class='ocrx_word' id='word_1_229' title='bbox 1589 2750 1647 2803; x_wconf 93' lang='lat' dir='ltr'><strong>in</strong></span> <span class='ocrx_word' id='word_1_230' title='bbox 1681 2747 1967 2821; x_wconf 87' lang='lat' dir='ltr'><strong>principio</strong></span> <span class='ocrx_word' id='word_1_231' title='bbox 2001 2748 2061 2801; x_wconf 80' lang='lat' dir='ltr'><strong>ti-</strong></span> 
     </span>
    </p>
   </div>
   <div class='ocr_carea' id='block_1_30' title="bbox 411 2836 2059 2914">
    <p class='ocr_par' dir='ltr' id='par_1_30' title="bbox 411 2836 2059 2914">
     <span class='ocr_line' id='line_1_30' title="bbox 411 2836 2059 2914; baseline -0.004 -16"><span class='ocrx_word' id='word_1_232' title='bbox 411 2842 504 2898; x_wconf 90' lang='lat' dir='ltr'><strong>dei</strong></span> <span class='ocrx_word' id='word_1_233' title='bbox 535 2844 676 2914; x_wconf 92' lang='lat' dir='ltr'><strong>potu</strong></span> <span class='ocrx_word' id='word_1_234' title='bbox 708 2839 875 2894; x_wconf 87' lang='lat' dir='ltr'><strong>lactis</strong></span> <span class='ocrx_word' id='word_1_235' title='bbox 918 2839 1152 2895; x_wconf 88' lang='lat' dir='ltr'><strong>imbuit.</strong></span> <span class='ocrx_word' id='word_1_236' title='bbox 1187 2839 1253 2892; x_wconf 86' lang='lat' dir='ltr'><strong>Et</strong></span> <span class='ocrx_word' id='word_1_237' title='bbox 1284 2838 1466 2894; x_wconf 83' lang='lat' dir='ltr'><strong>sancti</strong></span> <span class='ocrx_word' id='word_1_238' title='bbox 1516 2837 1598 2892; x_wconf 89' lang='lat' dir='ltr'><strong>illi</strong></span> <span class='ocrx_word' id='word_1_239' title='bbox 1632 2854 1878 2909; x_wconf 80' lang='lat' dir='ltr'><strong>quorum</strong></span> <span class='ocrx_word' id='word_1_240' title='bbox 1916 2836 2059 2891; x_wconf 71' lang='lat' dir='ltr'><strong>fides</strong></span> 
     </span>
    </p>
   </div>
   <div class='ocr_carea' id='block_1_31' title="bbox 411 2925 2057 2997">
    <p class='ocr_par' dir='ltr' id='par_1_31' title="bbox 411 2925 2057 2997">
     <span class='ocr_line' id='line_1_31' title="bbox 411 2925 2057 2997; baseline -0.004 -11"><span class='ocrx_word' id='word_1_241' title='bbox 411 2929 798 2986; x_wconf 87' lang='lat' dir='ltr'><strong>aununtiatur</strong></span> <span class='ocrx_word' id='word_1_242' title='bbox 819 2929 874 2982; x_wconf 89' lang='lat' dir='ltr'><strong>in</strong></span> <span class='ocrx_word' id='word_1_243' title='bbox 899 2927 1169 2983; x_wconf 87' lang='lat' dir='ltr'><strong>universo</strong></span> <span class='ocrx_word' id='word_1_244' title='bbox 1192 2927 1432 2993; x_wconf 89' lang='lat' dir='ltr'><strong>mundo,</strong></span> <span class='ocrx_word' id='word_1_245' title='bbox 1459 2930 1736 2997; x_wconf 85' lang='lat' dir='ltr'><strong>tanquam</strong></span> <span class='ocrx_word' id='word_1_246' title='bbox 1763 2925 2057 2996; x_wconf 84' lang='lat' dir='ltr'><strong>ablactati,</strong></span> 
     </span>
    </p>
   </div>
   <div class='ocr_carea' id='block_1_32' title="bbox 412 3015 1208 3075">
    <p class='ocr_par' dir='ltr' id='par_1_32' title="bbox 412 3015 1208 3075">
     <span class='ocr_line' id='line_1_32' title="bbox 412 3015 1208 3075; baseline -0.006 0"><span class='ocrx_word' id='word_1_247' title='bbox 412 3035 546 3075; x_wconf 89' lang='lat' dir='ltr'><strong>esca</strong></span> <span class='ocrx_word' id='word_1_248' title='bbox 575 3015 848 3072; x_wconf 89' lang='lat' dir='ltr'><strong>solidiore</strong></span> <span class='ocrx_word' id='word_1_249' title='bbox 880 3017 1208 3072; x_wconf 82' lang='lat' dir='ltr'><strong>ﬁrmantur.</strong></span> 
     </span>
    </p>
   </div>
   <div class='ocr_carea' id='block_1_33' title="bbox 1071 3148 1406 3204">
    <p class='ocr_par' dir='ltr' id='par_1_33' title="bbox 1071 3148 1406 3204">
     <span class='ocr_line' id='line_1_33' title="bbox 1071 3148 1406 3204; baseline -0.006 0"><span class='ocrx_word' id='word_1_250' title='bbox 1071 3148 1302 3204; x_wconf 83' lang='lat' dir='ltr'><strong>CAPUT</strong></span> <span class='ocrx_word' id='word_1_251' title='bbox 1339 3149 1406 3203; x_wconf 91' lang='lat' dir='ltr'><strong>V.</strong></span> 
     </span>
    </p>
   </div>
   <div class='ocr_carea' id='block_1_34' title="bbox 335 3238 2060 3309">
    <p class='ocr_par' dir='ltr' id='par_1_34' title="bbox 335 3238 2060 3309">
     <span class='ocr_line' id='line_1_34' title="bbox 335 3238 2060 3309; baseline -0.003 -12"><span class='ocrx_word' id='word_1_252' title='bbox 335 3275 338 3280; x_wconf 94' lang='lat'><strong>-</strong></span> <span class='ocrx_word' id='word_1_253' title='bbox 412 3239 794 3297; x_wconf 80' lang='lat' dir='ltr'><strong>Benedictione</strong></span> <span class='ocrx_word' id='word_1_254' title='bbox 822 3239 1065 3294; x_wconf 84' lang='lat' dir='ltr'><strong>Zabulon</strong></span> <span class='ocrx_word' id='word_1_255' title='bbox 1102 3239 1394 3292; x_wconf 76' lang='lat' dir='ltr'><strong>Ecclesium</strong></span> <span class='ocrx_word' id='word_1_256' title='bbox 1438 3241 1599 3308; x_wconf 79' lang='lat' dir='ltr'><strong>atque</strong></span> <span class='ocrx_word' id='word_1_257' title='bbox 1639 3238 1755 3308; x_wconf 84' lang='lat' dir='ltr'><strong>ejus</strong></span> <span class='ocrx_word' id='word_1_258' title='bbox 1783 3238 2060 3309; x_wconf 78' lang='lat' dir='ltr'><strong>principes</strong></span> 
     </span>
    </p>
   </div>
   <div class='ocr_carea' id='block_1_35' title="bbox 1086 3309 1384 3379">
    <p class='ocr_par' dir='ltr' id='par_1_35' title="bbox 1086 3309 1384 3379">
     <span class='ocr_line' id='line_1_35' title="bbox 1086 3309 1384 3379; baseline -0.003 -15"><span class='ocrx_word' id='word_1_259' title='bbox 1086 3309 1384 3379; x_wconf 79' lang='lat' dir='ltr'><strong>designari.</strong></span> 
     </span>
    </p>
   </div>
   <div class='ocr_carea' id='block_1_36' title="bbox 478 3424 2054 3496">
    <p class='ocr_par' dir='ltr' id='par_1_36' title="bbox 478 3424 2054 3496">
     <span class='ocr_line' id='line_1_36' title="bbox 478 3424 2054 3496; baseline -0.004 -12"><span class='ocrx_word' id='word_1_260' title='bbox 478 3430 568 3484; x_wconf 86' lang='lat'><strong>26.</strong></span> <span class='ocrx_word' id='word_1_261' title='bbox 603 3449 631 3477; x_wconf 87' lang='grc'><strong>‹‹</strong></span> <span class='ocrx_word' id='word_1_262' title='bbox 662 3427 919 3483; x_wconf 88' lang='lat' dir='ltr'><strong>Zabulon</strong></span> <span class='ocrx_word' id='word_1_263' title='bbox 955 3427 1125 3496; x_wconf 88' lang='lat' dir='ltr'><strong>juxta</strong></span> <span class='ocrx_word' id='word_1_264' title='bbox 1159 3442 1317 3480; x_wconf 87' lang='lat' dir='ltr'><strong>mare</strong></span> <span class='ocrx_word' id='word_1_265' title='bbox 1369 3425 1672 3480; x_wconf 86' lang='lat' dir='ltr'><strong>habitabit.</strong></span> <span class='ocrx_word' id='word_1_266' title='bbox 1707 3425 1775 3479; x_wconf 83' lang='lat' dir='ltr'><strong>Et</strong></span> <span class='ocrx_word' id='word_1_267' title='bbox 1807 3424 1930 3495; x_wconf 80' lang='lat' dir='ltr'><strong>ipse</strong></span> <span class='ocrx_word' id='word_1_268' title='bbox 1964 3442 2054 3479; x_wconf 84' lang='lat' dir='ltr'><strong>se-</strong></span> 
     </span>
    </p>
   </div>
   <div class='ocr_carea' id='block_1_37' title="bbox 407 3512 2056 3586">
    <p class='ocr_par' dir='ltr' id='par_1_37' title="bbox 407 3512 2056 3586">
     <span class='ocr_line' id='line_1_37' title="bbox 407 3512 2056 3586; baseline -0.002 -14"><span class='ocrx_word' id='word_1_269' title='bbox 407 3532 513 3572; x_wconf 89' lang='lat' dir='ltr'><strong>cus</strong></span> <span class='ocrx_word' id='word_1_270' title='bbox 543 3530 815 3572; x_wconf 88' lang='lat' dir='ltr'><strong>accessus</strong></span> <span class='ocrx_word' id='word_1_271' title='bbox 847 3515 1104 3581; x_wconf 89' lang='lat' dir='ltr'><strong>navium,</strong></span> <span class='ocrx_word' id='word_1_272' title='bbox 1128 3519 1184 3569; x_wconf 89' lang='lat' dir='ltr'><strong>et</strong></span> <span class='ocrx_word' id='word_1_273' title='bbox 1227 3513 1528 3586; x_wconf 89' lang='lat' dir='ltr'><strong>pertendet</strong></span> <span class='ocrx_word' id='word_1_274' title='bbox 1562 3529 1749 3585; x_wconf 89' lang='lat' dir='ltr'><strong>usque</strong></span> <span class='ocrx_word' id='word_1_275' title='bbox 1779 3513 1850 3568; x_wconf 91' lang='lat' dir='ltr'><strong>ad</strong></span> <span class='ocrx_word' id='word_1_276' title='bbox 1883 3512 2056 3568; x_wconf 88' lang='lat' dir='ltr'><strong>Sido-</strong></span> 
     </span>
    </p>
   </div>
   <div class='ocr_carea' id='block_1_38' title="bbox 405 3600 2054 3674">
    <p class='ocr_par' dir='ltr' id='par_1_38' title="bbox 405 3600 2054 3674">
     <span class='ocr_line' id='line_1_38' title="bbox 405 3600 2054 3674; baseline -0.003 -14"><span class='ocrx_word' id='word_1_277' title='bbox 405 3621 541 3662; x_wconf 87' lang='lat' dir='ltr'><strong>nem</strong></span> <span class='ocrx_word' id='word_1_278' title='bbox 569 3604 723 3674; x_wconf 81' lang='lat' dir='ltr'><strong>(Gen.</strong></span> <span class='ocrx_word' id='word_1_279' title='bbox 775 3621 924 3672; x_wconf 76' lang='lat' dir='ltr'><strong>xmx,</strong></span> <span class='ocrx_word' id='word_1_280' title='bbox 973 3604 1136 3674; x_wconf 82' lang='lat'><strong>13).»</strong></span> <span class='ocrx_word' id='word_1_281' title='bbox 1169 3608 1304 3673; x_wconf 85' lang='lat' dir='ltr'><strong>Ipsa</strong></span> <span class='ocrx_word' id='word_1_282' title='bbox 1352 3601 1610 3656; x_wconf 88' lang='lat' dir='ltr'><strong>nominis</strong></span> <span class='ocrx_word' id='word_1_283' title='bbox 1655 3600 2054 3672; x_wconf 87' lang='lat' dir='ltr'><strong>interpretatio</strong></span> 
     </span>
    </p>
   </div>
   <div class='ocr_carea' id='block_1_39' title="bbox 403 3689 2052 3766">
    <p class='ocr_par' dir='ltr' id='par_1_39' title="bbox 403 3689 2052 3766">
     <span class='ocr_line' id='line_1_39' title="bbox 403 3689 2052 3766; baseline -0.003 -17"><span class='ocrx_word' id='word_1_284' title='bbox 403 3692 649 3750; x_wconf 90' lang='lat' dir='ltr'><strong>meliora</strong></span> <span class='ocrx_word' id='word_1_285' title='bbox 690 3692 1000 3766; x_wconf 87' lang='lat' dir='ltr'><strong>promittit,</strong></span> <span class='ocrx_word' id='word_1_286' title='bbox 1023 3708 1088 3746; x_wconf 89' lang='lat' dir='ltr'><strong>eo</strong></span> <span class='ocrx_word' id='word_1_287' title='bbox 1122 3694 1276 3764; x_wconf 90' lang='lat' dir='ltr'><strong>quod</strong></span> <span class='ocrx_word' id='word_1_288' title='bbox 1329 3689 1536 3746; x_wconf 87' lang='lat' dir='ltr'><strong>Latina</strong></span> <span class='ocrx_word' id='word_1_289' title='bbox 1582 3690 1877 3762; x_wconf 84' lang='lat' dir='ltr'><strong>expressio</strong></span> <span class='ocrx_word' id='word_1_290' title='bbox 1912 3689 2052 3744; x_wconf 76' lang='lat' dir='ltr'><strong>libe-</strong></span> 
     </span>
    </p>
   </div>
   <div class='ocr_carea' id='block_1_40' title="bbox 402 3779 2056 3854">
    <p class='ocr_par' dir='ltr' id='par_1_40' title="bbox 402 3779 2056 3854">
     <span class='ocr_line' id='line_1_40' title="bbox 402 3779 2056 3854; baseline -0.002 -16"><span class='ocrx_word' id='word_1_291' title='bbox 402 3783 689 3838; x_wconf 85' lang='lat' dir='ltr'><strong>rationem</strong></span> <span class='ocrx_word' id='word_1_292' title='bbox 733 3781 1022 3854; x_wconf 81' lang='lat' dir='ltr'><strong>signiticet</strong></span> <span class='ocrx_word' id='word_1_293' title='bbox 1070 3799 1104 3836; x_wconf 90' lang='lat' dir='ltr'><strong>a</strong></span> <span class='ocrx_word' id='word_1_294' title='bbox 1150 3779 1475 3844; x_wconf 89' lang='lat' dir='ltr'><strong>nocturnis,</strong></span> <span class='ocrx_word' id='word_1_295' title='bbox 1509 3780 1661 3850; x_wconf 89' lang='lat' dir='ltr'><strong>quod</strong></span> <span class='ocrx_word' id='word_1_296' title='bbox 1713 3782 1800 3834; x_wconf 89' lang='lat' dir='ltr'><strong>est</strong></span> <span class='ocrx_word' id='word_1_297' title='bbox 1850 3779 2056 3850; x_wconf 87' lang='lat' dir='ltr'><strong>utique</strong></span> 
     </span>
    </p>
   </div>
   <div class='ocr_carea' id='block_1_41' title="bbox 402 3867 2054 3942">
    <p class='ocr_par' dir='ltr' id='par_1_41' title="bbox 402 3867 2054 3942">
     <span class='ocr_line' id='line_1_41' title="bbox 402 3867 2054 3942; baseline -0.004 -14"><span class='ocrx_word' id='word_1_298' title='bbox 402 3873 646 3938; x_wconf 89' lang='lat' dir='ltr'><strong>bonum,</strong></span> <span class='ocrx_word' id='word_1_299' title='bbox 671 3875 729 3926; x_wconf 87' lang='lat' dir='ltr'><strong>et</strong></span> <span class='ocrx_word' id='word_1_300' title='bbox 758 3871 886 3942; x_wconf 87' lang='lat' dir='ltr'><strong>ejus</strong></span> <span class='ocrx_word' id='word_1_301' title='bbox 917 3872 1018 3942; x_wconf 91' lang='lat' dir='ltr'><strong>qui</strong></span> <span class='ocrx_word' id='word_1_302' title='bbox 1045 3875 1240 3941; x_wconf 88' lang='lat' dir='ltr'><strong>sperat</strong></span> <span class='ocrx_word' id='word_1_303' title='bbox 1269 3870 1327 3924; x_wconf 92' lang='lat' dir='ltr'><strong>in</strong></span> <span class='ocrx_word' id='word_1_304' title='bbox 1363 3868 1570 3940; x_wconf 81' lang='lat' dir='ltr'><strong>pennis</strong></span> <span class='ocrx_word' id='word_1_305' title='bbox 1601 3867 1853 3934; x_wconf 90' lang='lat' dir='ltr'><strong>Domini,</strong></span> <span class='ocrx_word' id='word_1_306' title='bbox 1879 3884 2054 3938; x_wconf 90' lang='lat' dir='ltr'><strong>quem</strong></span> 
     </span>
    </p>
   </div>
   <div class='ocr_carea' id='block_1_42' title="bbox 403 3956 2054 4030">
    <p class='ocr_par' dir='ltr' id='par_1_42' title="bbox 403 3956 2054 4030">
     <span class='ocr_line' id='line_1_42' title="bbox 403 3956 2054 4030; baseline -0.004 -14"><span class='ocrx_word' id='word_1_307' title='bbox 403 3961 732 4016; x_wconf 89' lang='lat' dir='ltr'><strong>circumdat</strong></span> <span class='ocrx_word' id='word_1_308' title='bbox 759 3959 972 4016; x_wconf 87' lang='lat' dir='ltr'><strong>veritas</strong></span> <span class='ocrx_word' id='word_1_309' title='bbox 1003 3961 1152 4030; x_wconf 87' lang='lat' dir='ltr'><strong>ejus,</strong></span> <span class='ocrx_word' id='word_1_310' title='bbox 1186 3975 1255 4012; x_wconf 91' lang='lat' dir='ltr'><strong>ne</strong></span> <span class='ocrx_word' id='word_1_311' title='bbox 1285 3959 1492 4012; x_wconf 88' lang='lat' dir='ltr'><strong>timeat</strong></span> <span class='ocrx_word' id='word_1_312' title='bbox 1520 3973 1553 4010; x_wconf 92' lang='lat' dir='ltr'><strong>a</strong></span> <span class='ocrx_word' id='word_1_313' title='bbox 1576 3956 1786 4012; x_wconf 85' lang='lat' dir='ltr'><strong>timore</strong></span> <span class='ocrx_word' id='word_1_314' title='bbox 1818 3962 2054 4010; x_wconf 88' lang='lat' dir='ltr'><strong>noctur-</strong></span> 
     </span>
    </p>
   </div>
   <div class='ocr_carea' id='block_1_43' title="bbox 404 4043 1780 4121">
    <p class='ocr_par' dir='ltr' id='par_1_43' title="bbox 404 4043 1780 4121">
     <span class='ocr_line' id='line_1_43' title="bbox 404 4043 1780 4121; baseline -0.004 -17"><span class='ocrx_word' id='word_1_315' title='bbox 404 4066 502 4116; x_wconf 91' lang='lat' dir='ltr'><strong>no,</strong></span> <span class='ocrx_word' id='word_1_316' title='bbox 532 4055 592 4104; x_wconf 91' lang='lat' dir='ltr'><strong>et</strong></span> <span class='ocrx_word' id='word_1_317' title='bbox 620 4065 655 4104; x_wconf 87' lang='lat' dir='ltr'><strong>a</strong></span> <span class='ocrx_word' id='word_1_318' title='bbox 686 4047 916 4121; x_wconf 88' lang='lat' dir='ltr'><strong>negotio</strong></span> <span class='ocrx_word' id='word_1_319' title='bbox 947 4044 1391 4120; x_wconf 86' lang='lat' dir='ltr'><strong>perambulante</strong></span> <span class='ocrx_word' id='word_1_320' title='bbox 1420 4046 1478 4100; x_wconf 91' lang='lat' dir='ltr'><strong>in</strong></span> <span class='ocrx_word' id='word_1_321' title='bbox 1510 4043 1780 4100; x_wconf 88' lang='lat' dir='ltr'><strong>tenebris.</strong></span> 
     </span>
    </p>
   </div>
   <div class='ocr_carea' id='block_1_44' title="bbox 473 4133 2052 4208">
    <p class='ocr_par' dir='ltr' id='par_1_44' title="bbox 473 4133 2052 4208">
     <span class='ocr_line' id='line_1_44' title="bbox 473 4133 2052 4208; baseline -0.003 -16"><span class='ocrx_word' id='word_1_322' title='bbox 473 4139 563 4192; x_wconf 76' lang='lat'><strong>27.</strong></span> <span class='ocrx_word' id='word_1_323' title='bbox 598 4137 701 4192; x_wconf 86' lang='lat' dir='ltr'><strong>Hic</strong></span> <span class='ocrx_word' id='word_1_324' title='bbox 732 4152 868 4208; x_wconf 88' lang='lat' dir='ltr'><strong>ergo</strong></span> <span class='ocrx_word' id='word_1_325' title='bbox 889 4159 917 4186; x_wconf 87' lang='grc'><em>‹‹</em></span> <span class='ocrx_word' id='word_1_326' title='bbox 948 4134 1202 4190; x_wconf 88' lang='lat' dir='ltr'><strong>Zabulon</strong></span> <span class='ocrx_word' id='word_1_327' title='bbox 1226 4135 1397 4205; x_wconf 83' lang='lat' dir='ltr'><strong>juxta</strong></span> <span class='ocrx_word' id='word_1_328' title='bbox 1429 4150 1609 4200; x_wconf 85' lang='lat' dir='ltr'><strong>mare,</strong></span> <span class='ocrx_word' id='word_1_329' title='bbox 1643 4133 1854 4204; x_wconf 88' lang='lat' dir='ltr'><strong>inquit,</strong></span> <span class='ocrx_word' id='word_1_330' title='bbox 1886 4133 2052 4189; x_wconf 87' lang='lat' dir='ltr'><strong>habi-</strong></span> 
     </span>
    </p>
   </div>
   <div class='ocr_carea' id='block_1_45' title="bbox 405 4221 2052 4295">
    <p class='ocr_par' dir='ltr' id='par_1_45' title="bbox 405 4221 2052 4295">
     <span class='ocr_line' id='line_1_45' title="bbox 405 4221 2052 4295; baseline -0.003 -14"><span class='ocrx_word' id='word_1_331' title='bbox 405 4227 581 4295; x_wconf 87' lang='lat' dir='ltr'><strong>tabit;</strong></span> <span class='ocrx_word' id='word_1_332' title='bbox 607 4248 636 4275; x_wconf 85' lang='lat'>»</span> <span class='ocrx_word' id='word_1_333' title='bbox 670 4229 735 4281; x_wconf 91' lang='lat' dir='ltr'><strong>ut</strong></span> <span class='ocrx_word' id='word_1_334' title='bbox 759 4225 951 4280; x_wconf 88' lang='lat' dir='ltr'><strong>videat</strong></span> <span class='ocrx_word' id='word_1_335' title='bbox 979 4223 1230 4280; x_wconf 90' lang='lat' dir='ltr'><strong>aliorum</strong></span> <span class='ocrx_word' id='word_1_336' title='bbox 1263 4221 1589 4295; x_wconf 76' lang='lat' dir='ltr'><strong>naufragia,</strong></span> <span class='ocrx_word' id='word_1_337' title='bbox 1616 4222 1740 4294; x_wconf 91' lang='lat' dir='ltr'><strong>ipse</strong></span> <span class='ocrx_word' id='word_1_338' title='bbox 1770 4222 2052 4277; x_wconf 89' lang='lat' dir='ltr'><strong>immunis</strong></span> 
     </span>
    </p>
   </div>
   <div class='ocr_carea' id='block_1_46' title="bbox 405 4311 2052 4387">
    <p class='ocr_par' dir='ltr' id='par_1_46' title="bbox 405 4311 2052 4387">
     <span class='ocr_line' id='line_1_46' title="bbox 405 4311 2052 4387; baseline -0.001 -19"><span class='ocrx_word' id='word_1_339' title='bbox 405 4314 670 4387; x_wconf 90' lang='lat' dir='ltr'><strong>periculi,</strong></span> <span class='ocrx_word' id='word_1_340' title='bbox 703 4320 761 4370; x_wconf 87' lang='lat' dir='ltr'><strong>et</strong></span> <span class='ocrx_word' id='word_1_341' title='bbox 798 4317 1021 4386; x_wconf 90' lang='lat' dir='ltr'><strong>spectet</strong></span> <span class='ocrx_word' id='word_1_342' title='bbox 1059 4311 1204 4368; x_wconf 88' lang='lat' dir='ltr'><strong>alios</strong></span> <span class='ocrx_word' id='word_1_343' title='bbox 1234 4312 1585 4366; x_wconf 86' lang='lat' dir='ltr'><strong>ﬂuctuantes</strong></span> <span class='ocrx_word' id='word_1_344' title='bbox 1619 4311 1674 4365; x_wconf 92' lang='lat' dir='ltr'><strong>in</strong></span> <span class='ocrx_word' id='word_1_345' title='bbox 1707 4311 1849 4365; x_wconf 82' lang='lat' dir='ltr'><strong>freto</strong></span> <span class='ocrx_word' id='word_1_346' title='bbox 1882 4311 2052 4366; x_wconf 84' lang='lat' dir='ltr'><strong>istius</strong></span> 
     </span>
    </p>
   </div>
   <div class='ocr_carea' id='block_1_47' title="bbox 406 4399 2046 4473">
    <p class='ocr_par' dir='ltr' id='par_1_47' title="bbox 406 4399 2046 4473">
     <span class='ocr_line' id='line_1_47' title="bbox 406 4399 2046 4473; baseline -0.002 -16"><span class='ocrx_word' id='word_1_347' title='bbox 406 4402 632 4468; x_wconf 87' lang='lat' dir='ltr'><strong>mundi,</strong></span> <span class='ocrx_word' id='word_1_348' title='bbox 664 4401 765 4473; x_wconf 88' lang='lat' dir='ltr'><strong>qui</strong></span> <span class='ocrx_word' id='word_1_349' title='bbox 813 4401 1300 4458; x_wconf 81' lang='lat' dir='ltr'><strong>circumferantur</strong></span> <span class='ocrx_word' id='word_1_350' title='bbox 1329 4399 1489 4455; x_wconf 91' lang='lat' dir='ltr'><strong>omni</strong></span> <span class='ocrx_word' id='word_1_351' title='bbox 1531 4406 1701 4454; x_wconf 87' lang='lat' dir='ltr'><strong>vento</strong></span> <span class='ocrx_word' id='word_1_352' title='bbox 1750 4400 2046 4464; x_wconf 62' lang='lat' dir='ltr'><strong>doctrina},</strong></span> 
     </span>
    </p>
   </div>
   <div class='ocr_carea' id='block_1_48' title="bbox 405 4490 2050 4563">
    <p class='ocr_par' dir='ltr' id='par_1_48' title="bbox 405 4490 2050 4563">
     <span class='ocr_line' id='line_1_48' title="bbox 405 4490 2050 4563; baseline -0.001 -18"><span class='ocrx_word' id='word_1_353' title='bbox 405 4492 531 4563; x_wconf 90' lang='lat' dir='ltr'><strong>ipse</strong></span> <span class='ocrx_word' id='word_1_354' title='bbox 562 4490 696 4544; x_wconf 80' lang='lat' dir='ltr'><strong>fidei</strong></span> <span class='ocrx_word' id='word_1_355' title='bbox 728 4491 920 4546; x_wconf 88' lang='lat' dir='ltr'><strong>radice</strong></span> <span class='ocrx_word' id='word_1_356' title='bbox 962 4490 1279 4548; x_wconf 89' lang='lat' dir='ltr'><strong>immobilis</strong></span> <span class='ocrx_word' id='word_1_357' title='bbox 1328 4505 1726 4562; x_wconf 84' lang='lat' dir='ltr'><strong>perseverans,</strong></span> <span class='ocrx_word' id='word_1_358' title='bbox 1760 4490 1913 4544; x_wconf 90' lang='lat' dir='ltr'><strong>sicut</strong></span> <span class='ocrx_word' id='word_1_359' title='bbox 1961 4494 2050 4544; x_wconf 89' lang='lat' dir='ltr'><strong>est</strong></span> 
     </span>
    </p>
   </div>
   <div class='ocr_carea' id='block_1_49' title="bbox 403 4577 2046 4649">
    <p class='ocr_par' dir='ltr' id='par_1_49' title="bbox 403 4577 2046 4649">
     <span class='ocr_line' id='line_1_49' title="bbox 403 4577 2046 4649; baseline -0.002 -13"><span class='ocrx_word' id='word_1_360' title='bbox 403 4583 778 4636; x_wconf 87' lang='lat' dir='ltr'><strong>sacrosancta</strong></span> <span class='ocrx_word' id='word_1_361' title='bbox 799 4577 1051 4633; x_wconf 76' lang='lat' dir='ltr'><strong>Ecclesia</strong></span> <span class='ocrx_word' id='word_1_362' title='bbox 1086 4578 1339 4633; x_wconf 86' lang='lat' dir='ltr'><strong>radicata</strong></span> <span class='ocrx_word' id='word_1_363' title='bbox 1363 4583 1536 4649; x_wconf 88' lang='lat' dir='ltr'><strong>atque</strong></span> <span class='ocrx_word' id='word_1_364' title='bbox 1561 4579 1802 4632; x_wconf 78' lang='lat' dir='ltr'><strong>fundata</strong></span> <span class='ocrx_word' id='word_1_365' title='bbox 1831 4577 1888 4630; x_wconf 88' lang='lat' dir='ltr'><strong>in</strong></span> <span class='ocrx_word' id='word_1_366' title='bbox 1915 4577 2046 4641; x_wconf 81' lang='lat' dir='ltr'><strong>fide,</strong></span> 
     </span>
    </p>
   </div>
   <div class='ocr_carea' id='block_1_50' title="bbox 402 4665 2049 4738">
    <p class='ocr_par' dir='ltr' id='par_1_50' title="bbox 402 4665 2049 4738">
     <span class='ocr_line' id='line_1_50' title="bbox 402 4665 2049 4738; baseline -0.002 -13"><span class='ocrx_word' id='word_1_367' title='bbox 402 4673 674 4738; x_wconf 88' lang='lat' dir='ltr'><strong>spectans</strong></span> <span class='ocrx_word' id='word_1_368' title='bbox 695 4666 1095 4722; x_wconf 69' lang='lat' dir='ltr'><strong>hwrctieorum</strong></span> <span class='ocrx_word' id='word_1_369' title='bbox 1119 4665 1400 4737; x_wconf 86' lang='lat' dir='ltr'><strong>procellas</strong></span> <span class='ocrx_word' id='word_1_370' title='bbox 1421 4673 1476 4722; x_wconf 89' lang='lat' dir='ltr'><strong>et</strong></span> <span class='ocrx_word' id='word_1_371' title='bbox 1500 4665 1804 4738; x_wconf 80' lang='lat' dir='ltr'><strong>naufragia</strong></span> <span class='ocrx_word' id='word_1_372' title='bbox 1823 4666 1853 4720; x_wconf 92' lang='lat' dir='ltr'><strong>J</strong></span> <span class='ocrx_word' id='word_1_373' title='bbox 1865 4667 2049 4722; x_wconf 66' lang='lat' dir='ltr'><strong>udaeo-</strong></span> 
     </span>
    </p>
   </div>
   <div class='ocr_carea' id='block_1_51' title="bbox 402 4754 2044 4829">
    <p class='ocr_par' dir='ltr' id='par_1_51' title="bbox 402 4754 2044 4829">
     <span class='ocr_line' id='line_1_51' title="bbox 402 4754 2044 4829; baseline -0.004 -15"><span class='ocrx_word' id='word_1_374' title='bbox 402 4773 566 4825; x_wconf 87' lang='lat' dir='ltr'><strong>rum,</strong></span> <span class='ocrx_word' id='word_1_375' title='bbox 626 4759 903 4829; x_wconf 88' lang='lat' dir='ltr'><strong>quoniam</strong></span> <span class='ocrx_word' id='word_1_376' title='bbox 962 4755 1408 4827; x_wconf 85' lang='lat' dir='ltr'><strong>gubernatorem</strong></span> <span class='ocrx_word' id='word_1_377' title='bbox 1462 4771 1635 4826; x_wconf 90' lang='lat' dir='ltr'><strong>quem</strong></span> <span class='ocrx_word' id='word_1_378' title='bbox 1699 4754 2044 4820; x_wconf 78' lang='lat' dir='ltr'><strong>habuerant,</strong></span> 
     </span>
    </p>
   </div>
   <div class='ocr_carea' id='block_1_52' title="bbox 401 4843 2045 4918">
    <p class='ocr_par' dir='ltr' id='par_1_52' title="bbox 401 4843 2045 4918">
     <span class='ocr_line' id='line_1_52' title="bbox 401 4843 2045 4918; baseline -0.004 -14"><span class='ocrx_word' id='word_1_379' title='bbox 401 4849 786 4918; x_wconf 83' lang='lat' dir='ltr'><strong>abnegarunt.</strong></span> <span class='ocrx_word' id='word_1_380' title='bbox 819 4845 986 4901; x_wconf 86' lang='lat' dir='ltr'><strong>Circa</strong></span> <span class='ocrx_word' id='word_1_381' title='bbox 1026 4844 1238 4899; x_wconf 85' lang='lat' dir='ltr'><strong>fluctus</strong></span> <span class='ocrx_word' id='word_1_382' title='bbox 1285 4843 1465 4914; x_wconf 87' lang='lat' dir='ltr'><strong>igitur</strong></span> <span class='ocrx_word' id='word_1_383' title='bbox 1513 4843 1755 4911; x_wconf 83' lang='lat' dir='ltr'><strong>habitat,</strong></span> <span class='ocrx_word' id='word_1_384' title='bbox 1791 4860 1906 4898; x_wconf 90' lang='lat' dir='ltr'><strong>non</strong></span> <span class='ocrx_word' id='word_1_385' title='bbox 1941 4843 2045 4899; x_wconf 83' lang='lat' dir='ltr'><strong>flu-</strong></span> 
     </span>
    </p>
   </div>
   <div class='ocr_carea' id='block_1_53' title="bbox 401 4931 2047 5004">
    <p class='ocr_par' dir='ltr' id='par_1_53' title="bbox 401 4931 2047 5004">
     <span class='ocr_line' id='line_1_53' title="bbox 401 4931 2047 5004; baseline -0.003 -11"><span class='ocrx_word' id='word_1_386' title='bbox 401 4937 596 4994; x_wconf 88' lang='lat' dir='ltr'><strong>ctibus</strong></span> <span class='ocrx_word' id='word_1_387' title='bbox 641 4939 1062 5001; x_wconf 85' lang='lat' dir='ltr'><strong>commovetur,</strong></span> <span class='ocrx_word' id='word_1_388' title='bbox 1114 4931 1419 5004; x_wconf 88' lang='lat' dir='ltr'><strong>magisque</strong></span> <span class='ocrx_word' id='word_1_389' title='bbox 1467 4932 1536 4986; x_wconf 89' lang='lat' dir='ltr'><strong>ad</strong></span> <span class='ocrx_word' id='word_1_390' title='bbox 1584 4933 2047 4988; x_wconf 82' lang='lat' dir='ltr'><strong>subveniendum</strong></span> 
     </span>
    </p>
   </div>
   <div class='ocr_carea' id='block_1_54' title="bbox 475 5047 2046 5118">
    <p class='ocr_par' dir='ltr' id='par_1_54' title="bbox 475 5047 2046 5118">
     <span class='ocr_line' id='line_1_54' title="bbox 475 5047 2046 5118; baseline 0 -14"><span class='ocrx_word' id='word_1_391' title='bbox 475 5049 586 5118; x_wconf 70' lang='grc'>(14)</span> <span class='ocrx_word' id='word_1_392' title='bbox 619 5047 770 5106; x_wconf 86' lang='lat' dir='ltr'><strong>Edit.</strong></span> <span class='ocrx_word' id='word_1_393' title='bbox 796 5047 1092 5104; x_wconf 69' lang='lat' dir='ltr'><strong>nonnulla:</strong></span> <span class='ocrx_word' id='word_1_394' title='bbox 1136 5047 1342 5108; x_wconf 79' lang='lat' dir='ltr'><strong>Paris.,</strong></span> <span class='ocrx_word' id='word_1_395' title='bbox 1365 5050 1502 5102; x_wconf 67' lang='lat' dir='ltr'><strong>sicut</strong></span> <span class='ocrx_word' id='word_1_396' title='bbox 1531 5047 1680 5100; x_wconf 57' lang='lat' dir='ltr'><strong>(lucet</strong></span> <span class='ocrx_word' id='word_1_397' title='bbox 1712 5051 2046 5118; x_wconf 63' lang='grc' dir='ltr'><strong>.ε.ν]›ι¹ῖξσες,ιεσςι’-</strong></span> 
     </span>
    </p>
   </div>
   <div class='ocr_carea' id='block_1_55' title="bbox 401 5119 2044 5185">
    <p class='ocr_par' dir='ltr' id='par_1_55' title="bbox 401 5119 2044 5185">
     <span class='ocr_line' id='line_1_55' title="bbox 401 5119 2044 5185; baseline -0.001 -8"><span class='ocrx_word' id='word_1_398' title='bbox 401 5138 523 5177; x_wconf 79' lang='lat' dir='ltr'><strong>mus</strong></span> <span class='ocrx_word' id='word_1_399' title='bbox 553 5121 830 5185; x_wconf 71' lang='lat' dir='ltr'><strong>Psalmus,</strong></span> <span class='ocrx_word' id='word_1_400' title='bbox 883 5121 1110 5180; x_wconf 85' lang='lat' dir='ltr'><strong>ultima.</strong></span> <span class='ocrx_word' id='word_1_401' title='bbox 1141 5121 1278 5174; x_wconf 73' lang='lat' dir='ltr'><strong>sicut</strong></span> <span class='ocrx_word' id='word_1_402' title='bbox 1323 5119 1472 5173; x_wconf 73' lang='lat' dir='ltr'><strong>(locet</strong></span> <span class='ocrx_word' id='word_1_403' title='bbox 1521 5121 1782 5174; x_wconf 58' lang='lat' dir='ltr'><strong>(&quot;su/mus.</strong></span> <span class='ocrx_word' id='word_1_404' title='bbox 1819 5125 1892 5174; x_wconf 80' lang='lat' dir='ltr'><strong>At.</strong></span> <span class='ocrx_word' id='word_1_405' title='bbox 1938 5129 2044 5176; x_wconf 89' lang='lat' dir='ltr'><strong>vet.</strong></span> 
     </span>
    </p>
   </div>
   <div class='ocr_carea' id='block_1_56' title="bbox 401 5192 2048 5263">
    <p class='ocr_par' dir='ltr' id='par_1_56' title="bbox 401 5192 2048 5263">
     <span class='ocr_line' id='line_1_56' title="bbox 401 5192 2048 5263; baseline 0 -17"><span class='ocrx_word' id='word_1_406' title='bbox 401 5193 566 5258; x_wconf 86' lang='lat' dir='ltr'><strong>edit.,</strong></span> <span class='ocrx_word' id='word_1_407' title='bbox 596 5193 737 5247; x_wconf 79' lang='lat' dir='ltr'><strong>sicut</strong></span> <span class='ocrx_word' id='word_1_408' title='bbox 777 5194 924 5246; x_wconf 65' lang='lat' dir='ltr'><strong>docet</strong></span> <span class='ocrx_word' id='word_1_409' title='bbox 967 5193 1454 5263; x_wconf 68' lang='lat' dir='ltr'><strong>quinqzuigesfmus</strong></span> <span class='ocrx_word' id='word_1_410' title='bbox 1495 5193 1756 5262; x_wconf 67' lang='lat' dir='ltr'><strong>septimus</strong></span> <span class='ocrx_word' id='word_1_411' title='bbox 1803 5192 2048 5246; x_wconf 76' lang='lat' dir='ltr'><strong>decimus</strong></span> 
     </span>
    </p>
   </div>
   <div class='ocr_carea' id='block_1_57' title="bbox 399 5262 2046 5327">
    <p class='ocr_par' dir='ltr' id='par_1_57' title="bbox 399 5262 2046 5327">
     <span class='ocr_line' id='line_1_57' title="bbox 399 5262 2046 5327; baseline 0 -9"><span class='ocrx_word' id='word_1_412' title='bbox 399 5264 668 5318; x_wconf 69' lang='lat' dir='ltr'><strong>Psalmus.</strong></span> <span class='ocrx_word' id='word_1_413' title='bbox 721 5263 902 5327; x_wconf 88' lang='lat' dir='ltr'><strong>Quam</strong></span> <span class='ocrx_word' id='word_1_414' title='bbox 957 5262 1300 5318; x_wconf 81' lang='lat' dir='ltr'><strong>numerandi</strong></span> <span class='ocrx_word' id='word_1_415' title='bbox 1353 5262 1638 5317; x_wconf 81' lang='lat' dir='ltr'><strong>rationem</strong></span> <span class='ocrx_word' id='word_1_416' title='bbox 1700 5279 1811 5316; x_wconf 89' lang='lat' dir='ltr'><strong>non</strong></span> <span class='ocrx_word' id='word_1_417' title='bbox 1878 5279 2046 5318; x_wconf 85' lang='lat' dir='ltr'><strong>nemo</strong></span> 
     </span>
    </p>
   </div>
   <div class='ocr_carea' id='block_1_58' title="bbox 401 5333 2047 5407">
    <p class='ocr_par' dir='ltr' id='par_1_58' title="bbox 401 5333 2047 5407">
     <span class='ocr_line' id='line_1_58' title="bbox 401 5333 2047 5407; baseline 0 -19"><span class='ocrx_word' id='word_1_418' title='bbox 401 5333 534 5388; x_wconf 89' lang='lat' dir='ltr'><strong>hinc</strong></span> <span class='ocrx_word' id='word_1_419' title='bbox 566 5339 748 5407; x_wconf 80' lang='lat' dir='ltr'><strong>ortam</strong></span> <span class='ocrx_word' id='word_1_420' title='bbox 786 5339 970 5404; x_wconf 79' lang='lat' dir='ltr'><strong>putat,</strong></span> <span class='ocrx_word' id='word_1_421' title='bbox 1006 5336 1158 5407; x_wconf 85' lang='lat' dir='ltr'><strong>quod</strong></span> <span class='ocrx_word' id='word_1_422' title='bbox 1192 5333 1402 5407; x_wconf 83' lang='lat' dir='ltr'><strong>Psalmi</strong></span> <span class='ocrx_word' id='word_1_423' title='bbox 1447 5333 1504 5388; x_wconf 90' lang='lat' dir='ltr'><strong>in</strong></span> <span class='ocrx_word' id='word_1_424' title='bbox 1541 5334 2047 5407; x_wconf 23' lang='lat' dir='ltr'><strong>ti-es‘quinquage-</strong></span> 
     </span>
    </p>
   </div>
   <div class='ocr_carea' id='block_1_59' title="bbox 400 5403 2046 5478">
    <p class='ocr_par' dir='ltr' id='par_1_59' title="bbox 400 5403 2046 5478">
     <span class='ocr_line' id='line_1_59' title="bbox 400 5403 2046 5478; baseline 0.001 -20"><span class='ocrx_word' id='word_1_425' title='bbox 400 5419 506 5459; x_wconf 85' lang='lat' dir='ltr'><strong>nas</strong></span> <span class='ocrx_word' id='word_1_426' title='bbox 565 5403 980 5473; x_wconf 86' lang='lat' dir='ltr'><strong>dividerentur,</strong></span> <span class='ocrx_word' id='word_1_427' title='bbox 1009 5403 1064 5461; x_wconf 73' lang='lat' dir='ltr'><strong>et</strong></span> <span class='ocrx_word' id='word_1_428' title='bbox 1113 5411 1243 5478; x_wconf 79' lang='lat' dir='ltr'><strong>post</strong></span> <span class='ocrx_word' id='word_1_429' title='bbox 1272 5406 1542 5478; x_wconf 79' lang='lat' dir='ltr'><strong>primum</strong></span> <span class='ocrx_word' id='word_1_430' title='bbox 1572 5403 2046 5478; x_wconf 76' lang='lat' dir='ltr'><strong>quinquagenum</strong></span> 
     </span>
    </p>
   </div>
   <div class='ocr_carea' id='block_1_60' title="bbox 401 5477 2042 5546">
    <p class='ocr_par' dir='ltr' id='par_1_60' title="bbox 401 5477 2042 5546">
     <span class='ocr_line' id='line_1_60' title="bbox 401 5477 2042 5546; baseline 0.001 -15"><span class='ocrx_word' id='word_1_431' title='bbox 401 5478 711 5546; x_wconf 89' lang='lat' dir='ltr'><strong>sequentes</strong></span> <span class='ocrx_word' id='word_1_432' title='bbox 771 5477 1222 5532; x_wconf 77' lang='lat' dir='ltr'><strong>numerarentur</strong></span> <span class='ocrx_word' id='word_1_433' title='bbox 1269 5477 1324 5530; x_wconf 92' lang='lat' dir='ltr'><strong>in</strong></span> <span class='ocrx_word' id='word_1_434' title='bbox 1376 5477 1532 5530; x_wconf 86' lang='lat' dir='ltr'><strong>hunc</strong></span> <span class='ocrx_word' id='word_1_435' title='bbox 1582 5477 1841 5540; x_wconf 88' lang='lat' dir='ltr'><strong>modum,</strong></span> <span class='ocrx_word' id='word_1_436' title='bbox 1895 5477 2042 5531; x_wconf 56' lang='lat' dir='ltr'><strong>Paul.</strong></span> 
     </span>
    </p>
   </div>
   <div class='ocr_carea' id='block_1_61' title="bbox 397 5547 2047 5621">
    <p class='ocr_par' dir='ltr' id='par_1_61' title="bbox 397 5547 2047 5621">
     <span class='ocr_line' id='line_1_61' title="bbox 397 5547 2047 5621; baseline 0.001 -20"><span class='ocrx_word' id='word_1_437' title='bbox 397 5547 894 5621; x_wconf 62' lang='grc' dir='ltr'><strong>(ιαἰιξιλιιιξςιιεδὺηιιδΔ</strong></span> <span class='ocrx_word' id='word_1_438' title='bbox 909 5549 1168 5621; x_wconf 77' lang='lat' dir='ltr'><strong>decimus,</strong></span> <span class='ocrx_word' id='word_1_439' title='bbox 1203 5549 1687 5621; x_wconf 73' lang='lat' dir='ltr'><strong>quinquagesimus</strong></span> <span class='ocrx_word' id='word_1_440' title='bbox 1710 5549 1996 5602; x_wconf 75' lang='lat' dir='ltr'><strong>vicesimus</strong></span> <span class='ocrx_word' id='word_1_441' title='bbox 2028 5565 2047 5602; x_wconf 88' lang='lat'><em>:</em></span> 
     </span>
    </p>
   </div>
   <div class='ocr_carea' id='block_1_62' title="bbox 396 5615 2049 5676">
    <p class='ocr_par' dir='ltr' id='par_1_62' title="bbox 396 5615 2049 5676">
     <span class='ocr_line' id='line_1_62' title="bbox 396 5615 2049 5676; baseline -0.002 0"><span class='ocrx_word' id='word_1_442' title='bbox 396 5615 455 5676; x_wconf 76' lang='lat' dir='ltr'><strong>et</strong></span> <span class='ocrx_word' id='word_1_443' title='bbox 483 5615 680 5672; x_wconf 27' lang='lat' dir='ltr'><strong>si’icde</strong></span> <span class='ocrx_word' id='word_1_444' title='bbox 707 5618 950 5674; x_wconf 63' lang='lat' dir='ltr'><strong>caeteris.</strong></span> <span class='ocrx_word' id='word_1_445' title='bbox 975 5619 1090 5675; x_wconf 90' lang='lat' dir='ltr'><strong>Nos</strong></span> <span class='ocrx_word' id='word_1_446' title='bbox 1109 5615 1242 5676; x_wconf 76' lang='lat' dir='ltr'><strong>vero</strong></span> <span class='ocrx_word' id='word_1_447' title='bbox 1263 5615 1616 5676; x_wconf 80' lang='lat' dir='ltr'><strong>arbitramur</strong></span> <span class='ocrx_word' id='word_1_448' title='bbox 1635 5635 1888 5676; x_wconf 88' lang='lat' dir='ltr'><strong>errorem</strong></span> <span class='ocrx_word' id='word_1_449' title='bbox 1919 5634 2049 5674; x_wconf 88' lang='lat' dir='ltr'><strong>esse</strong></span> 
     </span>
    </p>
   </div>
   <div class='ocr_carea' id='block_1_63' title="bbox 395 5687 2047 5756">
    <p class='ocr_par' dir='ltr' id='par_1_63' title="bbox 395 5687 2047 5756">
     <span class='ocr_line' id='line_1_63' title="bbox 395 5687 2047 5756; baseline 0.001 -6"><span class='ocrx_word' id='word_1_450' title='bbox 395 5691 459 5756; x_wconf 89' lang='lat' dir='ltr'><strong>in</strong></span> <span class='ocrx_word' id='word_1_451' title='bbox 489 5691 611 5750; x_wconf 83' lang='lat' dir='ltr'><strong>aut.</strong></span> <span class='ocrx_word' id='word_1_452' title='bbox 638 5687 776 5748; x_wconf 85' lang='lat' dir='ltr'><strong>edit.</strong></span> <span class='ocrx_word' id='word_1_453' title='bbox 800 5704 935 5747; x_wconf 86' lang='lat' dir='ltr'><strong>cum</strong></span> <span class='ocrx_word' id='word_1_454' title='bbox 959 5691 1017 5746; x_wconf 85' lang='lat' dir='ltr'><strong>in</strong></span> <span class='ocrx_word' id='word_1_455' title='bbox 1034 5690 1309 5748; x_wconf 87' lang='lat' dir='ltr'><strong>omnibus</strong></span> <span class='ocrx_word' id='word_1_456' title='bbox 1331 5707 1472 5749; x_wconf 89' lang='lat' dir='ltr'><strong>mss.</strong></span> <span class='ocrx_word' id='word_1_457' title='bbox 1497 5689 1710 5750; x_wconf 86' lang='lat' dir='ltr'><strong>litteris</strong></span> <span class='ocrx_word' id='word_1_458' title='bbox 1731 5689 2047 5752; x_wconf 85' lang='lat' dir='ltr'><strong>numericis</strong></span> 
     </span>
    </p>
   </div>
   <div class='ocr_carea' id='block_1_64' title="bbox 2175 524 3761 601">
    <p class='ocr_par' dir='ltr' id='par_1_64' title="bbox 2175 524 3761 601">
     <span class='ocr_line' id='line_1_64' title="bbox 2175 524 3761 601; baseline 0.006 -25"><span class='ocrx_word' id='word_1_459' title='bbox 2175 524 2427 579; x_wconf 75' lang='lat' dir='ltr'><strong>statibus</strong></span> <span class='ocrx_word' id='word_1_460' title='bbox 2452 525 2568 600; x_wconf 80' lang='lat' dir='ltr'><strong>acti</strong></span> <span class='ocrx_word' id='word_1_461' title='bbox 2604 524 2876 596; x_wconf 84' lang='lat' dir='ltr'><strong>gravibus</strong></span> <span class='ocrx_word' id='word_1_462' title='bbox 2908 525 3220 598; x_wconf 82' lang='lat' dir='ltr'><strong>confugere</strong></span> <span class='ocrx_word' id='word_1_463' title='bbox 3250 527 3322 582; x_wconf 88' lang='lat' dir='ltr'><strong>ad</strong></span> <span class='ocrx_word' id='word_1_464' title='bbox 3355 531 3569 600; x_wconf 88' lang='lat' dir='ltr'><strong>portum</strong></span> <span class='ocrx_word' id='word_1_465' title='bbox 3597 527 3761 601; x_wconf 85' lang='lat' dir='ltr'><strong>velint,</strong></span> 
     </span>
    </p>
   </div>
   <div class='ocr_carea' id='block_1_65' title="bbox 2175 613 3766 690">
    <p class='ocr_par' dir='ltr' id='par_1_65' title="bbox 2175 613 3766 690">
     <span class='ocr_line' id='line_1_65' title="bbox 2175 613 3766 690; baseline 0.005 -24"><span class='ocrx_word' id='word_1_466' title='bbox 2175 617 2385 684; x_wconf 75' lang='lat' dir='ltr'><strong>prrosto</strong></span> <span class='ocrx_word' id='word_1_467' title='bbox 2417 613 2492 668; x_wconf 87' lang='lat' dir='ltr'><strong>sit</strong></span> <span class='ocrx_word' id='word_1_468' title='bbox 2523 613 2779 669; x_wconf 84' lang='lat' dir='ltr'><strong>Ecclesia</strong></span> <span class='ocrx_word' id='word_1_469' title='bbox 2827 618 3110 686; x_wconf 87' lang='lat' dir='ltr'><strong>tanquam</strong></span> <span class='ocrx_word' id='word_1_470' title='bbox 3167 621 3370 688; x_wconf 89' lang='lat' dir='ltr'><strong>portus</strong></span> <span class='ocrx_word' id='word_1_471' title='bbox 3425 615 3636 688; x_wconf 87' lang='lat' dir='ltr'><strong>salutis,</strong></span> <span class='ocrx_word' id='word_1_472' title='bbox 3665 635 3766 690; x_wconf 70' lang='lat' dir='ltr'><strong>qua</strong></span> 
     </span>
    </p>
   </div>
   <div class='ocr_carea' id='block_1_66' title="bbox 2173 700 3767 777">
    <p class='ocr_par' dir='ltr' id='par_1_66' title="bbox 2173 700 3767 777">
     <span class='ocr_line' id='line_1_66' title="bbox 2173 700 3767 777; baseline 0.004 -21"><span class='ocrx_word' id='word_1_473' title='bbox 2173 701 2444 773; x_wconf 64' lang='lat' dir='ltr'><strong>cvpansis</strong></span> <span class='ocrx_word' id='word_1_474' title='bbox 2478 700 2733 757; x_wconf 89' lang='lat' dir='ltr'><strong>brachiis</strong></span> <span class='ocrx_word' id='word_1_475' title='bbox 2782 701 2839 756; x_wconf 90' lang='lat' dir='ltr'><strong>in</strong></span> <span class='ocrx_word' id='word_1_476' title='bbox 2889 703 3176 774; x_wconf 81' lang='lat' dir='ltr'><strong>gremium</strong></span> <span class='ocrx_word' id='word_1_477' title='bbox 3211 703 3634 777; x_wconf 85' lang='lat' dir='ltr'><strong>tranquillitatis</strong></span> <span class='ocrx_word' id='word_1_478' title='bbox 3674 723 3767 762; x_wconf 68' lang='lat' dir='ltr'><strong>sua</strong></span> 
     </span>
    </p>
   </div>
   <div class='ocr_carea' id='block_1_67' title="bbox 2173 790 3768 862">
    <p class='ocr_par' dir='ltr' id='par_1_67' title="bbox 2173 790 3768 862">
     <span class='ocr_line' id='line_1_67' title="bbox 2173 790 3768 862; baseline 0.004 -18"><span class='ocrx_word' id='word_1_479' title='bbox 2173 795 2336 844; x_wconf 79' lang='lat' dir='ltr'><strong>vocet</strong></span> <span class='ocrx_word' id='word_1_480' title='bbox 2384 790 2799 862; x_wconf 79' lang='lat' dir='ltr'><strong>periclitantes,</strong></span> <span class='ocrx_word' id='word_1_481' title='bbox 2850 790 3042 847; x_wconf 88' lang='lat' dir='ltr'><strong>locum</strong></span> <span class='ocrx_word' id='word_1_482' title='bbox 3103 793 3230 848; x_wconf 74' lang='lat' dir='ltr'><strong>ﬁda:</strong></span> <span class='ocrx_word' id='word_1_483' title='bbox 3295 795 3560 850; x_wconf 88' lang='lat' dir='ltr'><strong>stationis</strong></span> <span class='ocrx_word' id='word_1_484' title='bbox 3611 800 3768 851; x_wconf 86' lang='lat' dir='ltr'><strong>osten-</strong></span> 
     </span>
    </p>
   </div>
   <div class='ocr_carea' id='block_1_68' title="bbox 2172 879 3770 955">
    <p class='ocr_par' dir='ltr' id='par_1_68' title="bbox 2172 879 3770 955">
     <span class='ocr_line' id='line_1_68' title="bbox 2172 879 3770 955; baseline 0.004 -22"><span class='ocrx_word' id='word_1_485' title='bbox 2172 879 2335 934; x_wconf 88' lang='lat' dir='ltr'><strong>dens.</strong></span> <span class='ocrx_word' id='word_1_486' title='bbox 2369 879 2637 934; x_wconf 77' lang='lat' dir='ltr'><strong>Ecclesiae</strong></span> <span class='ocrx_word' id='word_1_487' title='bbox 2677 879 2857 952; x_wconf 86' lang='lat' dir='ltr'><strong>igitur</strong></span> <span class='ocrx_word' id='word_1_488' title='bbox 2887 881 2944 934; x_wconf 92' lang='lat' dir='ltr'><strong>in</strong></span> <span class='ocrx_word' id='word_1_489' title='bbox 2980 881 3089 936; x_wconf 88' lang='lat' dir='ltr'><strong>hoc</strong></span> <span class='ocrx_word' id='word_1_490' title='bbox 3117 881 3328 937; x_wconf 75' lang='lat' dir='ltr'><strong>szeculo</strong></span> <span class='ocrx_word' id='word_1_491' title='bbox 3357 887 3624 955; x_wconf 88' lang='lat' dir='ltr'><strong>tanquam</strong></span> <span class='ocrx_word' id='word_1_492' title='bbox 3667 901 3770 955; x_wconf 85' lang='lat' dir='ltr'><strong>por-</strong></span> 
     </span>
    </p>
   </div>
   <div class='ocr_carea' id='block_1_69' title="bbox 2172 968 3773 1040">
    <p class='ocr_par' dir='ltr' id='par_1_69' title="bbox 2172 968 3773 1040">
     <span class='ocr_line' id='line_1_69' title="bbox 2172 968 3773 1040; baseline 0.004 -19"><span class='ocrx_word' id='word_1_493' title='bbox 2172 971 2268 1021; x_wconf 90' lang='lat' dir='ltr'><strong>tus</strong></span> <span class='ocrx_word' id='word_1_494' title='bbox 2297 968 2573 1022; x_wconf 85' lang='lat' dir='ltr'><strong>maritimi</strong></span> <span class='ocrx_word' id='word_1_495' title='bbox 2607 985 2708 1040; x_wconf 89' lang='lat' dir='ltr'><strong>per</strong></span> <span class='ocrx_word' id='word_1_496' title='bbox 2748 969 2946 1024; x_wconf 89' lang='lat' dir='ltr'><strong>littora</strong></span> <span class='ocrx_word' id='word_1_497' title='bbox 2979 969 3174 1024; x_wconf 72' lang='lat' dir='ltr'><strong>diffusi</strong></span> <span class='ocrx_word' id='word_1_498' title='bbox 3209 977 3518 1027; x_wconf 90' lang='lat' dir='ltr'><strong>occurrunt</strong></span> <span class='ocrx_word' id='word_1_499' title='bbox 3544 972 3773 1028; x_wconf 84' lang='lat' dir='ltr'><strong>laboran-</strong></span> 
     </span>
    </p>
   </div>
   <div class='ocr_carea' id='block_1_70' title="bbox 2172 1055 3775 1134">
    <p class='ocr_par' dir='ltr' id='par_1_70' title="bbox 2172 1055 3775 1134">
     <span class='ocr_line' id='line_1_70' title="bbox 2172 1055 3775 1134; baseline 0.006 -26"><span class='ocrx_word' id='word_1_500' title='bbox 2172 1055 2350 1123; x_wconf 82' lang='lat' dir='ltr'><strong>tibus,</strong></span> <span class='ocrx_word' id='word_1_501' title='bbox 2385 1057 2642 1112; x_wconf 83' lang='lat' dir='ltr'><strong>dicentes</strong></span> <span class='ocrx_word' id='word_1_502' title='bbox 2674 1073 2802 1112; x_wconf 86' lang='lat' dir='ltr'><strong>csse</strong></span> <span class='ocrx_word' id='word_1_503' title='bbox 2833 1059 3208 1114; x_wconf 86' lang='lat' dir='ltr'><strong>credentibus</strong></span> <span class='ocrx_word' id='word_1_504' title='bbox 3257 1055 3541 1133; x_wconf 80' lang='lat' dir='ltr'><strong>refugium</strong></span> <span class='ocrx_word' id='word_1_505' title='bbox 3589 1078 3775 1134; x_wconf 72' lang='lat' dir='ltr'><strong>przepa-</strong></span> 
     </span>
    </p>
   </div>
   <div class='ocr_carea' id='block_1_71' title="bbox 2174 1145 3775 1226">
    <p class='ocr_par' dir='ltr' id='par_1_71' title="bbox 2174 1145 3775 1226">
     <span class='ocr_line' id='line_1_71' title="bbox 2174 1145 3775 1226; baseline 0.005 -28"><span class='ocrx_word' id='word_1_506' title='bbox 2174 1148 2321 1209; x_wconf 89' lang='lat' dir='ltr'><strong>tum,</strong></span> <span class='ocrx_word' id='word_1_507' title='bbox 2355 1161 2470 1216; x_wconf 89' lang='lat' dir='ltr'><strong>quo</strong></span> <span class='ocrx_word' id='word_1_508' title='bbox 2507 1145 2695 1201; x_wconf 89' lang='lat' dir='ltr'><strong>ventis</strong></span> <span class='ocrx_word' id='word_1_509' title='bbox 2729 1149 3007 1226; x_wconf 77' lang='lat' dir='ltr'><strong>quassata</strong></span> <span class='ocrx_word' id='word_1_510' title='bbox 3050 1147 3280 1219; x_wconf 82' lang='lat' dir='ltr'><strong>navigia</strong></span> <span class='ocrx_word' id='word_1_511' title='bbox 3326 1148 3550 1222; x_wconf 88' lang='lat' dir='ltr'><strong>possint</strong></span> <span class='ocrx_word' id='word_1_512' title='bbox 3588 1149 3775 1206; x_wconf 85' lang='lat' dir='ltr'><strong>subdu-</strong></span> 
     </span>
    </p>
   </div>
   <div class='ocr_carea' id='block_1_72' title="bbox 2172 1250 2320 1290">
    <p class='ocr_par' dir='ltr' id='par_1_72' title="bbox 2172 1250 2320 1290">
     <span class='ocr_line' id='line_1_72' title="bbox 2172 1250 2320 1290; baseline -0.014 0"><span class='ocrx_word' id='word_1_513' title='bbox 2172 1250 2320 1290; x_wconf 68' lang='lat' dir='ltr'><strong>CCI‘R.</strong></span> 
     </span>
    </p>
   </div>
   <div class='ocr_carea' id='block_1_73' title="bbox 2241 1322 3780 1398">
    <p class='ocr_par' dir='ltr' id='par_1_73' title="bbox 2241 1322 3780 1398">
     <span class='ocr_line' id='line_1_73' title="bbox 2241 1322 3780 1398; baseline 0.002 -21"><span class='ocrx_word' id='word_1_514' title='bbox 2241 1322 2423 1378; x_wconf 82' lang='lat' dir='ltr'><strong>28.1n</strong></span> <span class='ocrx_word' id='word_1_515' title='bbox 2472 1323 2564 1378; x_wconf 90' lang='lat' dir='ltr'><strong>his</strong></span> <span class='ocrx_word' id='word_1_516' title='bbox 2613 1323 2888 1380; x_wconf 84' lang='lat' dir='ltr'><strong>Ecclesiis</strong></span> <span class='ocrx_word' id='word_1_517' title='bbox 2933 1333 3071 1380; x_wconf 89' lang='lat' dir='ltr'><strong>sunt</strong></span> <span class='ocrx_word' id='word_1_518' title='bbox 3118 1326 3411 1398; x_wconf 87' lang='lat' dir='ltr'><strong>principes</strong></span> <span class='ocrx_word' id='word_1_519' title='bbox 3466 1325 3701 1382; x_wconf 88' lang='lat' dir='ltr'><strong>Zabulon</strong></span> <span class='ocrx_word' id='word_1_520' title='bbox 3735 1331 3780 1381; x_wconf 89' lang='lat' dir='ltr'><strong>et</strong></span> 
     </span>
    </p>
   </div>
   <div class='ocr_carea' id='block_1_74' title="bbox 2173 1411 3781 1484">
    <p class='ocr_par' dir='ltr' id='par_1_74' title="bbox 2173 1411 3781 1484">
     <span class='ocr_line' id='line_1_74' title="bbox 2173 1411 3781 1484; baseline 0.002 -18"><span class='ocrx_word' id='word_1_521' title='bbox 2173 1411 2464 1484; x_wconf 76' lang='lat' dir='ltr'><strong>principes</strong></span> <span class='ocrx_word' id='word_1_522' title='bbox 2514 1413 2868 1484; x_wconf 80' lang='lat' dir='ltr'><strong>Nephtalim,</strong></span> <span class='ocrx_word' id='word_1_523' title='bbox 2912 1414 3063 1469; x_wconf 88' lang='lat' dir='ltr'><strong>sicut</strong></span> <span class='ocrx_word' id='word_1_524' title='bbox 3117 1415 3286 1470; x_wconf 89' lang='lat' dir='ltr'><strong>docet</strong></span> <span class='ocrx_word' id='word_1_525' title='bbox 3342 1433 3492 1470; x_wconf 73' lang='lat' dir='ltr'><strong>van</strong></span> <span class='ocrx_word' id='word_1_526' title='bbox 3548 1413 3781 1470; x_wconf 83' lang='lat' dir='ltr'><strong>Psalmus</strong></span> 
     </span>
    </p>
   </div>
   <div class='ocr_carea' id='block_1_75' title="bbox 2171 1501 3782 1576">
    <p class='ocr_par' dir='ltr' id='par_1_75' title="bbox 2171 1501 3782 1576">
     <span class='ocr_line' id='line_1_75' title="bbox 2171 1501 3782 1576; baseline 0.002 -22"><span class='ocrx_word' id='word_1_527' title='bbox 2171 1502 2304 1571; x_wconf 74' lang='grc'>(14),</span> <span class='ocrx_word' id='word_1_528' title='bbox 2339 1519 2590 1572; x_wconf 83' lang='lat' dir='ltr'><strong>qum-um</strong></span> <span class='ocrx_word' id='word_1_529' title='bbox 2641 1501 2738 1557; x_wconf 87' lang='lat' dir='ltr'><strong>alii</strong></span> <span class='ocrx_word' id='word_1_530' title='bbox 2790 1502 3132 1560; x_wconf 80' lang='lat' dir='ltr'><strong>liberatores</strong></span> <span class='ocrx_word' id='word_1_531' title='bbox 3188 1508 3328 1560; x_wconf 88' lang='lat' dir='ltr'><strong>sunt</strong></span> <span class='ocrx_word' id='word_1_532' title='bbox 3389 1522 3424 1560; x_wconf 90' lang='lat' dir='ltr'><strong>a</strong></span> <span class='ocrx_word' id='word_1_533' title='bbox 3478 1508 3782 1576; x_wconf 81' lang='lat' dir='ltr'><strong>tempestate</strong></span> 
     </span>
    </p>
   </div>
   <div class='ocr_carea' id='block_1_76' title="bbox 2172 1590 3782 1667">
    <p class='ocr_par' dir='ltr' id='par_1_76' title="bbox 2172 1590 3782 1667">
     <span class='ocr_line' id='line_1_76' title="bbox 2172 1590 3782 1667; baseline 0.003 -24"><span class='ocrx_word' id='word_1_534' title='bbox 2172 1594 2474 1644; x_wconf 75' lang='lat' dir='ltr'><strong>nocturna.</strong></span> <span class='ocrx_word' id='word_1_535' title='bbox 2515 1590 2836 1646; x_wconf 85' lang='lat' dir='ltr'><strong>clamantes</strong></span> <span class='ocrx_word' id='word_1_536' title='bbox 2873 1609 2924 1646; x_wconf 81' lang='grc'><strong>;‹‹</strong></span> <span class='ocrx_word' id='word_1_537' title='bbox 2953 1592 3316 1664; x_wconf 87' lang='lat' dir='ltr'><strong>Abjiciamus</strong></span> <span class='ocrx_word' id='word_1_538' title='bbox 3357 1609 3494 1667; x_wconf 89' lang='lat' dir='ltr'><strong>ergo</strong></span> <span class='ocrx_word' id='word_1_539' title='bbox 3533 1610 3694 1666; x_wconf 89' lang='lat' dir='ltr'><strong>opera</strong></span> <span class='ocrx_word' id='word_1_540' title='bbox 3717 1597 3782 1648; x_wconf 87' lang='lat' dir='ltr'><strong>te-</strong></span> 
     </span>
    </p>
   </div>
   <div class='ocr_carea' id='block_1_77' title="bbox 2173 1680 3783 1754">
    <p class='ocr_par' dir='ltr' id='par_1_77' title="bbox 2173 1680 3783 1754">
     <span class='ocr_line' id='line_1_77' title="bbox 2173 1680 3783 1754; baseline 0 -20"><span class='ocrx_word' id='word_1_541' title='bbox 2173 1681 2508 1744; x_wconf 83' lang='lat' dir='ltr'><strong>nebrarum,</strong></span> <span class='ocrx_word' id='word_1_542' title='bbox 2535 1684 2590 1734; x_wconf 89' lang='lat' dir='ltr'><strong>et</strong></span> <span class='ocrx_word' id='word_1_543' title='bbox 2612 1680 2932 1735; x_wconf 86' lang='lat' dir='ltr'><strong>induamur</strong></span> <span class='ocrx_word' id='word_1_544' title='bbox 2953 1698 3114 1736; x_wconf 89' lang='lat' dir='ltr'><strong>arma</strong></span> <span class='ocrx_word' id='word_1_545' title='bbox 3135 1681 3286 1738; x_wconf 89' lang='lat' dir='ltr'><strong>lucis</strong></span> <span class='ocrx_word' id='word_1_546' title='bbox 3309 1683 3486 1754; x_wconf 84' lang='lat' dir='ltr'><strong>(Rom.</strong></span> <span class='ocrx_word' id='word_1_547' title='bbox 3508 1699 3625 1747; x_wconf 80' lang='lat' dir='ltr'><strong>xm,</strong></span> <span class='ocrx_word' id='word_1_548' title='bbox 3651 1681 3783 1753; x_wconf 82' lang='lat'><strong>12):»</strong></span> 
     </span>
    </p>
   </div>
   <div class='ocr_carea' id='block_1_78' title="bbox 2173 1767 3784 1844">
    <p class='ocr_par' dir='ltr' id='par_1_78' title="bbox 2173 1767 3784 1844">
     <span class='ocr_line' id='line_1_78' title="bbox 2173 1767 3784 1844; baseline -0.001 -20"><span class='ocrx_word' id='word_1_549' title='bbox 2173 1767 2268 1824; x_wconf 82' lang='lat' dir='ltr'><strong>alii</strong></span> <span class='ocrx_word' id='word_1_550' title='bbox 2304 1768 2790 1840; x_wconf 48' lang='lat' dir='ltr'><strong>suntjlatitudinis</strong></span> <span class='ocrx_word' id='word_1_551' title='bbox 2821 1769 3172 1841; x_wconf 70' lang='lat' dir='ltr'><strong>apostolicze,</strong></span> <span class='ocrx_word' id='word_1_552' title='bbox 3199 1771 3295 1842; x_wconf 89' lang='lat' dir='ltr'><strong>qui</strong></span> <span class='ocrx_word' id='word_1_553' title='bbox 3325 1775 3572 1844; x_wconf 86' lang='lat' dir='ltr'><strong>possunt</strong></span> <span class='ocrx_word' id='word_1_554' title='bbox 3593 1771 3784 1826; x_wconf 86' lang='lat' dir='ltr'><strong>dicere:</strong></span> 
     </span>
    </p>
   </div>
   <div class='ocr_carea' id='block_1_79' title="bbox 2173 1859 3788 1930">
    <p class='ocr_par' dir='ltr' id='par_1_79' title="bbox 2173 1859 3788 1930">
     <span class='ocr_line' id='line_1_79' title="bbox 2173 1859 3788 1930; baseline 0.004 -22"><span class='ocrx_word' id='word_1_555' title='bbox 2173 1879 2198 1908; x_wconf 91' lang='grc'><strong>‹‹</strong></span> <span class='ocrx_word' id='word_1_556' title='bbox 2222 1859 2297 1913; x_wconf 84' lang='lat' dir='ltr'><strong>Os</strong></span> <span class='ocrx_word' id='word_1_557' title='bbox 2330 1862 2590 1913; x_wconf 83' lang='lat' dir='ltr'><strong>nostrum</strong></span> <span class='ocrx_word' id='word_1_558' title='bbox 2616 1863 2772 1930; x_wconf 87' lang='lat' dir='ltr'><strong>patet</strong></span> <span class='ocrx_word' id='word_1_559' title='bbox 2804 1859 2872 1913; x_wconf 86' lang='lat' dir='ltr'><strong>ad</strong></span> <span class='ocrx_word' id='word_1_560' title='bbox 2896 1875 3020 1930; x_wconf 89' lang='lat' dir='ltr'><strong>vos,</strong></span> <span class='ocrx_word' id='word_1_561' title='bbox 3044 1875 3076 1913; x_wconf 90' lang='grc' dir='ltr'>ο</span> <span class='ocrx_word' id='word_1_562' title='bbox 3098 1859 3410 1928; x_wconf 89' lang='lat' dir='ltr'><strong>Corinthii,</strong></span> <span class='ocrx_word' id='word_1_563' title='bbox 3436 1877 3534 1916; x_wconf 91' lang='lat' dir='ltr'><strong>cor</strong></span> <span class='ocrx_word' id='word_1_564' title='bbox 3558 1864 3788 1916; x_wconf 87' lang='lat' dir='ltr'><strong>nostrum</strong></span> 
     </span>
    </p>
   </div>
   <div class='ocr_carea' id='block_1_80' title="bbox 2170 1946 3790 2021">
    <p class='ocr_par' dir='ltr' id='par_1_80' title="bbox 2170 1946 3790 2021">
     <span class='ocr_line' id='line_1_80' title="bbox 2170 1946 3790 2021; baseline 0.001 -20"><span class='ocrx_word' id='word_1_565' title='bbox 2170 1946 2477 2002; x_wconf 83' lang='lat' dir='ltr'><strong>dilatatum</strong></span> <span class='ocrx_word' id='word_1_566' title='bbox 2529 1952 2613 2002; x_wconf 85' lang='lat' dir='ltr'><strong>est</strong></span> <span class='ocrx_word' id='word_1_567' title='bbox 2658 1947 2730 2018; x_wconf 88' lang='lat' dir='ltr'><strong>(II</strong></span> <span class='ocrx_word' id='word_1_568' title='bbox 2761 1948 2882 2002; x_wconf 85' lang='lat' dir='ltr'><strong>Cor.</strong></span> <span class='ocrx_word' id='word_1_569' title='bbox 2913 1965 2992 2016; x_wconf 83' lang='lat' dir='ltr'><strong>vI,</strong></span> <span class='ocrx_word' id='word_1_570' title='bbox 3030 1949 3138 2015; x_wconf 83' lang='lat'><strong>11).</strong></span> <span class='ocrx_word' id='word_1_571' title='bbox 3167 1970 3193 1997; x_wconf 84' lang='grc'><strong>››</strong></span> <span class='ocrx_word' id='word_1_572' title='bbox 3227 1948 3342 2021; x_wconf 89' lang='lat' dir='ltr'><strong>Ipsi</strong></span> <span class='ocrx_word' id='word_1_573' title='bbox 3393 1952 3534 2004; x_wconf 89' lang='lat' dir='ltr'><strong>sunt</strong></span> <span class='ocrx_word' id='word_1_574' title='bbox 3578 1948 3668 2005; x_wconf 88' lang='lat' dir='ltr'><strong>isti</strong></span> <span class='ocrx_word' id='word_1_575' title='bbox 3709 1947 3790 2021; x_wconf 87' lang='lat' dir='ltr'><strong>qui</strong></span> 
     </span>
    </p>
   </div>
   <div class='ocr_carea' id='block_1_81' title="bbox 2168 2035 3786 2110">
    <p class='ocr_par' dir='ltr' id='par_1_81' title="bbox 2168 2035 3786 2110">
     <span class='ocr_line' id='line_1_81' title="bbox 2168 2035 3786 2110; baseline 0.001 -19"><span class='ocrx_word' id='word_1_576' title='bbox 2168 2052 2298 2091; x_wconf 86' lang='lat' dir='ltr'><strong>eum</strong></span> <span class='ocrx_word' id='word_1_577' title='bbox 2334 2043 2533 2090; x_wconf 72' lang='lat' dir='ltr'><strong>essent</strong></span> <span class='ocrx_word' id='word_1_578' title='bbox 2581 2036 2636 2090; x_wconf 90' lang='lat' dir='ltr'><strong>in</strong></span> <span class='ocrx_word' id='word_1_579' title='bbox 2669 2036 2947 2102; x_wconf 80' lang='lat' dir='ltr'><strong>tenebris,</strong></span> <span class='ocrx_word' id='word_1_580' title='bbox 2983 2035 3169 2092; x_wconf 88' lang='lat' dir='ltr'><strong>lucem</strong></span> <span class='ocrx_word' id='word_1_581' title='bbox 3205 2037 3480 2092; x_wconf 89' lang='lat' dir='ltr'><strong>viderunt</strong></span> <span class='ocrx_word' id='word_1_582' title='bbox 3527 2053 3786 2110; x_wconf 86' lang='lat' dir='ltr'><strong>magnam,</strong></span> 
     </span>
    </p>
   </div>
   <div class='ocr_carea' id='block_1_82' title="bbox 2169 2125 3789 2199">
    <p class='ocr_par' dir='ltr' id='par_1_82' title="bbox 2169 2125 3789 2199">
     <span class='ocr_line' id='line_1_82' title="bbox 2169 2125 3789 2199; baseline 0.001 -20"><span class='ocrx_word' id='word_1_583' title='bbox 2169 2125 2322 2180; x_wconf 89' lang='lat' dir='ltr'><strong>sicut</strong></span> <span class='ocrx_word' id='word_1_584' title='bbox 2370 2125 2646 2196; x_wconf 75' lang='lat' dir='ltr'><strong>propheta</strong></span> <span class='ocrx_word' id='word_1_585' title='bbox 2695 2129 2942 2179; x_wconf 83' lang='lat' dir='ltr'><strong>testatur</strong></span> <span class='ocrx_word' id='word_1_586' title='bbox 2970 2125 3172 2181; x_wconf 89' lang='lat' dir='ltr'><strong>dicens</strong></span> <span class='ocrx_word' id='word_1_587' title='bbox 3207 2143 3272 2180; x_wconf 77' lang='grc' dir='ltr'><strong>τα</strong></span> <span class='ocrx_word' id='word_1_588' title='bbox 3310 2125 3492 2199; x_wconf 81' lang='lat' dir='ltr'><strong>Regio</strong></span> <span class='ocrx_word' id='word_1_589' title='bbox 3543 2126 3789 2191; x_wconf 83' lang='lat' dir='ltr'><strong>Zabulon,</strong></span> 
     </span>
    </p>
   </div>
   <div class='ocr_carea' id='block_1_83' title="bbox 2169 2213 3790 2288">
    <p class='ocr_par' dir='ltr' id='par_1_83' title="bbox 2169 2213 3790 2288">
     <span class='ocr_line' id='line_1_83' title="bbox 2169 2213 3790 2288; baseline 0.001 -18"><span class='ocrx_word' id='word_1_590' title='bbox 2169 2219 2224 2270; x_wconf 86' lang='lat' dir='ltr'><strong>et</strong></span> <span class='ocrx_word' id='word_1_591' title='bbox 2258 2213 2412 2284; x_wconf 79' lang='lat' dir='ltr'><strong>regio</strong></span> <span class='ocrx_word' id='word_1_592' title='bbox 2444 2213 2940 2284; x_wconf 82' lang='lat' dir='ltr'><strong>Nephthalim,via</strong></span> <span class='ocrx_word' id='word_1_593' title='bbox 2971 2215 3150 2269; x_wconf 90' lang='lat' dir='ltr'><strong>maris</strong></span> <span class='ocrx_word' id='word_1_594' title='bbox 3183 2218 3348 2271; x_wconf 87' lang='lat' dir='ltr'><strong>trans</strong></span> <span class='ocrx_word' id='word_1_595' title='bbox 3375 2215 3680 2271; x_wconf 84' lang='lat' dir='ltr'><strong>Jordanem</strong></span> <span class='ocrx_word' id='word_1_596' title='bbox 3708 2231 3790 2288; x_wconf 80' lang='lat' dir='ltr'><strong>po-</strong></span> 
     </span>
    </p>
   </div>
   <div class='ocr_carea' id='block_1_84' title="bbox 2170 2302 3788 2375">
    <p class='ocr_par' dir='ltr' id='par_1_84' title="bbox 2170 2302 3788 2375">
     <span class='ocr_line' id='line_1_84' title="bbox 2170 2302 3788 2375; baseline 0.001 -17"><span class='ocrx_word' id='word_1_597' title='bbox 2170 2302 2345 2375; x_wconf 79' lang='lat' dir='ltr'><strong>putus</strong></span> <span class='ocrx_word' id='word_1_598' title='bbox 2401 2304 2502 2374; x_wconf 92' lang='lat' dir='ltr'><strong>qui</strong></span> <span class='ocrx_word' id='word_1_599' title='bbox 2560 2303 2797 2358; x_wconf 85' lang='lat' dir='ltr'><strong>sedebat</strong></span> <span class='ocrx_word' id='word_1_600' title='bbox 2858 2303 2916 2357; x_wconf 92' lang='lat' dir='ltr'><strong>in</strong></span> <span class='ocrx_word' id='word_1_601' title='bbox 2975 2303 3257 2370; x_wconf 85' lang='lat' dir='ltr'><strong>tenebris,</strong></span> <span class='ocrx_word' id='word_1_602' title='bbox 3298 2303 3576 2360; x_wconf 86' lang='lat' dir='ltr'><strong>viderunt</strong></span> <span class='ocrx_word' id='word_1_603' title='bbox 3627 2303 3788 2360; x_wconf 87' lang='lat' dir='ltr'><strong>lucem</strong></span> 
     </span>
    </p>
   </div>
   <div class='ocr_carea' id='block_1_85' title="bbox 2172 2389 3786 2466">
    <p class='ocr_par' dir='ltr' id='par_1_85' title="bbox 2172 2389 3786 2466">
     <span class='ocr_line' id='line_1_85' title="bbox 2172 2389 3786 2466; baseline -0.001 -20"><span class='ocrx_word' id='word_1_604' title='bbox 2172 2407 2445 2464; x_wconf 87' lang='lat' dir='ltr'><strong>magnam</strong></span> <span class='ocrx_word' id='word_1_605' title='bbox 2483 2408 2494 2445; x_wconf 90' lang='lat'>:</span> <span class='ocrx_word' id='word_1_606' title='bbox 2531 2389 2630 2462; x_wconf 88' lang='lat' dir='ltr'><strong>qui</strong></span> <span class='ocrx_word' id='word_1_607' title='bbox 2666 2392 2948 2446; x_wconf 81' lang='lat' dir='ltr'><strong>sedebant</strong></span> <span class='ocrx_word' id='word_1_608' title='bbox 2976 2392 3034 2446; x_wconf 91' lang='lat' dir='ltr'><strong>in</strong></span> <span class='ocrx_word' id='word_1_609' title='bbox 3069 2391 3303 2466; x_wconf 88' lang='lat' dir='ltr'><strong>regione</strong></span> <span class='ocrx_word' id='word_1_610' title='bbox 3333 2393 3562 2448; x_wconf 58' lang='lat' dir='ltr'><strong>umbra;</strong></span> <span class='ocrx_word' id='word_1_611' title='bbox 3593 2391 3786 2458; x_wconf 83' lang='lat' dir='ltr'><strong>mortis,</strong></span> 
     </span>
    </p>
   </div>
   <div class='ocr_carea' id='block_1_86' title="bbox 2171 2481 3427 2551">
    <p class='ocr_par' dir='ltr' id='par_1_86' title="bbox 2171 2481 3427 2551">
     <span class='ocr_line' id='line_1_86' title="bbox 2171 2481 3427 2551; baseline -0.001 -16"><span class='ocrx_word' id='word_1_612' title='bbox 2171 2481 2270 2535; x_wconf 84' lang='lat' dir='ltr'><strong>lux</strong></span> <span class='ocrx_word' id='word_1_613' title='bbox 2305 2484 2431 2535; x_wconf 87' lang='lat' dir='ltr'><strong>orta</strong></span> <span class='ocrx_word' id='word_1_614' title='bbox 2459 2485 2546 2536; x_wconf 89' lang='lat' dir='ltr'><strong>est</strong></span> <span class='ocrx_word' id='word_1_615' title='bbox 2577 2481 2662 2536; x_wconf 87' lang='lat' dir='ltr'><strong>eis</strong></span> <span class='ocrx_word' id='word_1_616' title='bbox 2694 2481 2819 2550; x_wconf 73' lang='lat' dir='ltr'><strong>(Im.</strong></span> <span class='ocrx_word' id='word_1_617' title='bbox 2856 2499 2928 2548; x_wconf 80' lang='lat' dir='ltr'><strong>lx,</strong></span> <span class='ocrx_word' id='word_1_618' title='bbox 2966 2483 3014 2550; x_wconf 89' lang='lat'><strong>1,</strong></span> <span class='ocrx_word' id='word_1_619' title='bbox 3043 2484 3121 2551; x_wconf 88' lang='lat'><strong>2).</strong></span> <span class='ocrx_word' id='word_1_620' title='bbox 3150 2505 3176 2530; x_wconf 86' lang='lat'><strong><em>»</em></strong></span> <span class='ocrx_word' id='word_1_621' title='bbox 3419 2538 3427 2548; x_wconf 58' lang='grc'>,</span> 
     </span>
    </p>
   </div>
   <div class='ocr_carea' id='block_1_87' title="bbox 2241 2568 3789 2643">
    <p class='ocr_par' dir='ltr' id='par_1_87' title="bbox 2241 2568 3789 2643">
     <span class='ocr_line' id='line_1_87' title="bbox 2241 2568 3789 2643; baseline -0.001 -20"><span class='ocrx_word' id='word_1_622' title='bbox 2241 2569 2328 2624; x_wconf 83' lang='lat'><strong>29.</strong></span> <span class='ocrx_word' id='word_1_623' title='bbox 2365 2569 2770 2640; x_wconf 46' lang='lat' dir='ltr'><strong>Exploratores</strong></span> <span class='ocrx_word' id='word_1_624' title='bbox 2815 2569 2994 2643; x_wconf 84' lang='lat' dir='ltr'><strong>igitur</strong></span> <span class='ocrx_word' id='word_1_625' title='bbox 3042 2587 3209 2625; x_wconf 84' lang='lat' dir='ltr'><strong>secus</strong></span> <span class='ocrx_word' id='word_1_626' title='bbox 3259 2587 3540 2626; x_wconf 86' lang='lat' dir='ltr'><strong>accessus</strong></span> <span class='ocrx_word' id='word_1_627' title='bbox 3588 2568 3789 2625; x_wconf 83' lang='lat' dir='ltr'><strong>navium</strong></span> 
     </span>
    </p>
   </div>
   <div class='ocr_carea' id='block_1_88' title="bbox 2171 2656 3794 2732">
    <p class='ocr_par' dir='ltr' id='par_1_88' title="bbox 2171 2656 3794 2732">
     <span class='ocr_line' id='line_1_88' title="bbox 2171 2656 3794 2732; baseline -0.001 -20"><span class='ocrx_word' id='word_1_628' title='bbox 2171 2659 2366 2730; x_wconf 87' lang='lat' dir='ltr'><strong>posuit</strong></span> <span class='ocrx_word' id='word_1_629' title='bbox 2398 2658 2680 2712; x_wconf 86' lang='lat' dir='ltr'><strong>Dominus</strong></span> <span class='ocrx_word' id='word_1_630' title='bbox 2712 2658 2866 2714; x_wconf 87' lang='lat' dir='ltr'><strong>Deus</strong></span> <span class='ocrx_word' id='word_1_631' title='bbox 2897 2663 3096 2714; x_wconf 87' lang='lat' dir='ltr'><strong>noster</strong></span> <span class='ocrx_word' id='word_1_632' title='bbox 3125 2658 3478 2732; x_wconf 70' lang='lat' dir='ltr'><strong>patriarcha:</strong></span> <span class='ocrx_word' id='word_1_633' title='bbox 3509 2659 3678 2730; x_wconf 89' lang='lat' dir='ltr'><strong>hujus</strong></span> <span class='ocrx_word' id='word_1_634' title='bbox 3703 2656 3794 2711; x_wconf 74' lang='lat' dir='ltr'><strong>he-</strong></span> 
     </span>
    </p>
   </div>
   <div class='ocr_carea' id='block_1_89' title="bbox 2171 2745 3792 2820">
    <p class='ocr_par' dir='ltr' id='par_1_89' title="bbox 2171 2745 3792 2820">
     <span class='ocr_line' id='line_1_89' title="bbox 2171 2745 3792 2820; baseline -0.001 -19"><span class='ocrx_word' id='word_1_635' title='bbox 2171 2747 2357 2806; x_wconf 86' lang='lat' dir='ltr'><strong>redes.</strong></span> <span class='ocrx_word' id='word_1_636' title='bbox 2401 2748 2569 2817; x_wconf 83' lang='lat' dir='ltr'><strong>cujus</strong></span> <span class='ocrx_word' id='word_1_637' title='bbox 2619 2763 2759 2801; x_wconf 88' lang='lat' dir='ltr'><strong>cura</strong></span> <span class='ocrx_word' id='word_1_638' title='bbox 2807 2747 3046 2820; x_wconf 78' lang='lat' dir='ltr'><strong>pergivil</strong></span> <span class='ocrx_word' id='word_1_639' title='bbox 3091 2752 3147 2803; x_wconf 90' lang='lat' dir='ltr'><strong>et</strong></span> <span class='ocrx_word' id='word_1_640' title='bbox 3192 2747 3488 2820; x_wconf 85' lang='lat' dir='ltr'><strong>spiritalis</strong></span> <span class='ocrx_word' id='word_1_641' title='bbox 3536 2745 3792 2803; x_wconf 87' lang='lat' dir='ltr'><strong>successio</strong></span> 
     </span>
    </p>
   </div>
   <div class='ocr_carea' id='block_1_90' title="bbox 2172 2834 3793 2908">
    <p class='ocr_par' dir='ltr' id='par_1_90' title="bbox 2172 2834 3793 2908">
     <span class='ocr_line' id='line_1_90' title="bbox 2172 2834 3793 2908; baseline -0.001 -18"><span class='ocrx_word' id='word_1_642' title='bbox 2172 2837 2460 2908; x_wconf 77' lang='lat' dir='ltr'><strong>pertendit</strong></span> <span class='ocrx_word' id='word_1_643' title='bbox 2509 2852 2696 2908; x_wconf 89' lang='lat' dir='ltr'><strong>usque</strong></span> <span class='ocrx_word' id='word_1_644' title='bbox 2747 2837 2816 2890; x_wconf 84' lang='lat' dir='ltr'><strong>ad</strong></span> <span class='ocrx_word' id='word_1_645' title='bbox 2869 2837 3166 2906; x_wconf 89' lang='lat' dir='ltr'><strong>Sidonem,</strong></span> <span class='ocrx_word' id='word_1_646' title='bbox 3203 2836 3314 2892; x_wconf 88' lang='lat' dir='ltr'><strong>hoc</strong></span> <span class='ocrx_word' id='word_1_647' title='bbox 3363 2841 3480 2905; x_wconf 88' lang='lat' dir='ltr'><strong>est,</strong></span> <span class='ocrx_word' id='word_1_648' title='bbox 3521 2852 3696 2908; x_wconf 88' lang='lat' dir='ltr'><strong>usque</strong></span> <span class='ocrx_word' id='word_1_649' title='bbox 3736 2834 3793 2890; x_wconf 86' lang='lat' dir='ltr'><strong>ad</strong></span> 
     </span>
    </p>
   </div>
   <div class='ocr_carea' id='block_1_91' title="bbox 2168 2924 3796 2998">
    <p class='ocr_par' dir='ltr' id='par_1_91' title="bbox 2168 2924 3796 2998">
     <span class='ocr_line' id='line_1_91' title="bbox 2168 2924 3796 2998; baseline 0 -20"><span class='ocrx_word' id='word_1_650' title='bbox 2168 2929 2370 2997; x_wconf 88' lang='lat' dir='ltr'><strong>gentes</strong></span> <span class='ocrx_word' id='word_1_651' title='bbox 2419 2924 2700 2996; x_wconf 82' lang='lat' dir='ltr'><strong>pervenit,</strong></span> <span class='ocrx_word' id='word_1_652' title='bbox 2744 2928 2807 2979; x_wconf 90' lang='lat' dir='ltr'><strong>ut</strong></span> <span class='ocrx_word' id='word_1_653' title='bbox 2855 2924 3086 2981; x_wconf 90' lang='lat' dir='ltr'><strong>Domini</strong></span> <span class='ocrx_word' id='word_1_654' title='bbox 3137 2925 3550 2982; x_wconf 87' lang='lat' dir='ltr'><strong>misericordia</strong></span> <span class='ocrx_word' id='word_1_655' title='bbox 3596 2927 3796 2998; x_wconf 84' lang='lat' dir='ltr'><strong>peccata</strong></span> 
     </span>
    </p>
   </div>
   <div class='ocr_carea' id='block_1_92' title="bbox 2170 3012 3795 3086">
    <p class='ocr_par' dir='ltr' id='par_1_92' title="bbox 2170 3012 3795 3086">
     <span class='ocr_line' id='line_1_92' title="bbox 2170 3012 3795 3086; baseline -0.002 -18"><span class='ocrx_word' id='word_1_656' title='bbox 2170 3012 2370 3070; x_wconf 86' lang='lat' dir='ltr'><strong>abluat</strong></span> <span class='ocrx_word' id='word_1_657' title='bbox 2416 3014 2721 3068; x_wconf 85' lang='lat' dir='ltr'><strong>nationum</strong></span> <span class='ocrx_word' id='word_1_658' title='bbox 2757 3014 2886 3084; x_wconf 84' lang='grc'>(15).</span> <span class='ocrx_word' id='word_1_659' title='bbox 2922 3013 3100 3070; x_wconf 90' lang='lat' dir='ltr'><strong>Sidon</strong></span> <span class='ocrx_word' id='word_1_660' title='bbox 3149 3015 3305 3070; x_wconf 88' lang='lat' dir='ltr'><strong>enim</strong></span> <span class='ocrx_word' id='word_1_661' title='bbox 3353 3015 3684 3086; x_wconf 89' lang='lat' dir='ltr'><strong>primitivus</strong></span> <span class='ocrx_word' id='word_1_662' title='bbox 3723 3016 3795 3068; x_wconf 88' lang='lat' dir='ltr'><strong>est</strong></span> 
     </span>
    </p>
   </div>
   <div class='ocr_carea' id='block_1_93' title="bbox 2849 3057 2886 3084">
    <p class='ocr_par' dir='ltr' id='par_1_93' title="bbox 2849 3057 2886 3084">
     <span class='ocr_line' id='line_1_93' title="bbox 2849 3057 2886 3084; baseline 0.027 -16"><span class='ocrx_word' id='word_1_663' title='bbox 2849 3057 2864 3084; x_wconf 68' lang='grc' dir='ltr'><strong><em>ΙΙ</em></strong></span> <span class='ocrx_word' id='word_1_664' title='bbox 2875 3057 2886 3069; x_wconf 67' lang='grc'><strong><em>⁸</em></strong></span> 
     </span>
    </p>
   </div>
   <div class='ocr_carea' id='block_1_94' title="bbox 2172 3101 3794 3176">
    <p class='ocr_par' dir='ltr' id='par_1_94' title="bbox 2172 3101 3794 3176">
     <span class='ocr_line' id='line_1_94' title="bbox 2172 3101 3794 3176; baseline 0 -20"><span class='ocrx_word' id='word_1_665' title='bbox 2172 3102 2328 3157; x_wconf 78' lang='lat' dir='ltr'><strong>ﬁlius</strong></span> <span class='ocrx_word' id='word_1_666' title='bbox 2351 3102 2556 3170; x_wconf 89' lang='lat' dir='ltr'><strong>Cham,</strong></span> <span class='ocrx_word' id='word_1_667' title='bbox 2574 3101 2736 3158; x_wconf 90' lang='lat' dir='ltr'><strong>illius</strong></span> <span class='ocrx_word' id='word_1_668' title='bbox 2760 3103 2958 3174; x_wconf 89' lang='lat' dir='ltr'><strong>utique</strong></span> <span class='ocrx_word' id='word_1_669' title='bbox 2981 3101 3102 3174; x_wconf 91' lang='lat' dir='ltr'><strong>qui,</strong></span> <span class='ocrx_word' id='word_1_670' title='bbox 3125 3107 3361 3176; x_wconf 86' lang='lat' dir='ltr'><strong>propter</strong></span> <span class='ocrx_word' id='word_1_671' title='bbox 3389 3102 3794 3160; x_wconf 88' lang='lat' dir='ltr'><strong>irreverentiam</strong></span> 
     </span>
    </p>
   </div>
   <div class='ocr_carea' id='block_1_95' title="bbox 2091 3168 3796 3264">
    <p class='ocr_par' dir='ltr' id='par_1_95' title="bbox 2091 3168 3796 3264">
     <span class='ocr_line' id='line_1_95' title="bbox 2091 3168 3796 3264; baseline -0.003 -16"><span class='ocrx_word' id='word_1_672' title='bbox 2091 3168 2132 3234; x_wconf 80' lang='lat' dir='ltr'><strong>C</strong></span> <span class='ocrx_word' id='word_1_673' title='bbox 2174 3192 2326 3248; x_wconf 74' lang='lat'><strong>522</strong></span> <span class='ocrx_word' id='word_1_674' title='bbox 2358 3168 2609 3264; x_wconf 65' lang='lat' dir='ltr'><strong>pateram</strong></span> <span class='ocrx_word' id='word_1_675' title='bbox 2661 3168 2912 3263; x_wconf 77' lang='lat' dir='ltr'><strong>pietatis,</strong></span> <span class='ocrx_word' id='word_1_676' title='bbox 2937 3168 3342 3248; x_wconf 73' lang='lat' dir='ltr'><strong>maledictibne</strong></span> <span class='ocrx_word' id='word_1_677' title='bbox 3397 3194 3703 3249; x_wconf 89' lang='lat' dir='ltr'><strong>damnatus</strong></span> <span class='ocrx_word' id='word_1_678' title='bbox 3724 3193 3796 3246; x_wconf 88' lang='lat' dir='ltr'><strong>est</strong></span> 
     </span>
    </p>
   </div>
   <div class='ocr_carea' id='block_1_96' title="bbox 2168 3279 3794 3356">
    <p class='ocr_par' dir='ltr' id='par_1_96' title="bbox 2168 3279 3794 3356">
     <span class='ocr_line' id='line_1_96' title="bbox 2168 3279 3794 3356; baseline -0.002 -20"><span class='ocrx_word' id='word_1_679' title='bbox 2168 3282 2371 3354; x_wconf 86' lang='lat' dir='ltr'><strong>patris.</strong></span> <span class='ocrx_word' id='word_1_680' title='bbox 2405 3283 2553 3352; x_wconf 88' lang='lat' dir='ltr'><strong>Ergo</strong></span> <span class='ocrx_word' id='word_1_681' title='bbox 2613 3279 2879 3336; x_wconf 86' lang='lat' dir='ltr'><strong>liberatio</strong></span> <span class='ocrx_word' id='word_1_682' title='bbox 2924 3284 3212 3336; x_wconf 78' lang='lat' dir='ltr'><strong>nocturna</strong></span> <span class='ocrx_word' id='word_1_683' title='bbox 3262 3285 3550 3356; x_wconf 89' lang='lat' dir='ltr'><strong>tanquam</strong></span> <span class='ocrx_word' id='word_1_684' title='bbox 3611 3282 3661 3336; x_wconf 89' lang='lat' dir='ltr'><strong>ir.</strong></span> <span class='ocrx_word' id='word_1_685' title='bbox 3715 3295 3794 3334; x_wconf 76' lang='lat' dir='ltr'><strong>ex-</strong></span> 
     </span>
    </p>
   </div>
   <div class='ocr_carea' id='block_1_97' title="bbox 2167 3368 3796 3443">
    <p class='ocr_par' dir='ltr' id='par_1_97' title="bbox 2167 3368 3796 3443">
     <span class='ocr_line' id='line_1_97' title="bbox 2167 3368 3796 3443; baseline -0.001 -17"><span class='ocrx_word' id='word_1_686' title='bbox 2167 3371 2354 3426; x_wconf 89' lang='lat' dir='ltr'><strong>cubiis</strong></span> <span class='ocrx_word' id='word_1_687' title='bbox 2423 3371 2613 3442; x_wconf 90' lang='lat' dir='ltr'><strong>posita</strong></span> <span class='ocrx_word' id='word_1_688' title='bbox 2677 3369 3102 3443; x_wconf 86' lang='lat' dir='ltr'><strong>propugnaculi</strong></span> <span class='ocrx_word' id='word_1_689' title='bbox 3170 3370 3494 3442; x_wconf 83' lang='lat' dir='ltr'><strong>spiritalis,</strong></span> <span class='ocrx_word' id='word_1_690' title='bbox 3556 3389 3624 3426; x_wconf 91' lang='lat' dir='ltr'><strong>ne</strong></span> <span class='ocrx_word' id='word_1_691' title='bbox 3683 3368 3796 3440; x_wconf 78' lang='lat' dir='ltr'><strong>quis</strong></span> 
     </span>
    </p>
   </div>
   <div class='ocr_carea' id='block_1_98' title="bbox 2167 3458 3792 3533">
    <p class='ocr_par' dir='ltr' id='par_1_98' title="bbox 2167 3458 3792 3533">
     <span class='ocr_line' id='line_1_98' title="bbox 2167 3458 3792 3533; baseline -0.002 -19"><span class='ocrx_word' id='word_1_692' title='bbox 2167 3459 2438 3531; x_wconf 91' lang='lat' dir='ltr'><strong>scopulos</strong></span> <span class='ocrx_word' id='word_1_693' title='bbox 2489 3459 2614 3514; x_wconf 69' lang='lat' dir='ltr'><strong>vitae</strong></span> <span class='ocrx_word' id='word_1_694' title='bbox 2662 3459 2842 3531; x_wconf 84' lang='lat' dir='ltr'><strong>hujus</strong></span> <span class='ocrx_word' id='word_1_695' title='bbox 2891 3459 3076 3530; x_wconf 89' lang='lat' dir='ltr'><strong>possit</strong></span> <span class='ocrx_word' id='word_1_696' title='bbox 3121 3458 3380 3515; x_wconf 91' lang='lat' dir='ltr'><strong>incidere</strong></span> <span class='ocrx_word' id='word_1_697' title='bbox 3413 3462 3548 3533; x_wconf 83' lang='lat'><strong>(16),</strong></span> <span class='ocrx_word' id='word_1_698' title='bbox 3590 3464 3792 3533; x_wconf 88' lang='lat' dir='ltr'><strong>perten-</strong></span> 
     </span>
    </p>
   </div>
   <div class='ocr_carea' id='block_1_99' title="bbox 2165 3547 3794 3622">
    <p class='ocr_par' dir='ltr' id='par_1_99' title="bbox 2165 3547 3794 3622">
     <span class='ocr_line' id='line_1_99' title="bbox 2165 3547 3794 3622; baseline -0.001 -19"><span class='ocrx_word' id='word_1_699' title='bbox 2165 3549 2251 3604; x_wconf 92' lang='lat' dir='ltr'><strong>dit</strong></span> <span class='ocrx_word' id='word_1_700' title='bbox 2282 3565 2468 3620; x_wconf 88' lang='lat' dir='ltr'><strong>usque</strong></span> <span class='ocrx_word' id='word_1_701' title='bbox 2517 3549 2588 3604; x_wconf 88' lang='lat' dir='ltr'><strong>ad</strong></span> <span class='ocrx_word' id='word_1_702' title='bbox 2644 3547 3125 3620; x_wconf 86' lang='lat' dir='ltr'><strong>gravissimorum</strong></span> <span class='ocrx_word' id='word_1_703' title='bbox 3177 3548 3502 3605; x_wconf 88' lang='lat' dir='ltr'><strong>criminum</strong></span> <span class='ocrx_word' id='word_1_704' title='bbox 3559 3552 3794 3622; x_wconf 87' lang='lat' dir='ltr'><strong>peccato-</strong></span> 
     </span>
    </p>
   </div>
   <div class='ocr_carea' id='block_1_100' title="bbox 2165 3635 3794 3710">
    <p class='ocr_par' dir='ltr' id='par_1_100' title="bbox 2165 3635 3794 3710">
     <span class='ocr_line' id='line_1_100' title="bbox 2165 3635 3794 3710; baseline -0.001 -19"><span class='ocrx_word' id='word_1_705' title='bbox 2165 3653 2280 3703; x_wconf 81' lang='lat' dir='ltr'><strong>res,</strong></span> <span class='ocrx_word' id='word_1_706' title='bbox 2342 3641 2398 3691; x_wconf 89' lang='lat' dir='ltr'><strong>et</strong></span> <span class='ocrx_word' id='word_1_707' title='bbox 2450 3637 2723 3691; x_wconf 86' lang='lat' dir='ltr'><strong>Sidonios</strong></span> <span class='ocrx_word' id='word_1_708' title='bbox 2791 3635 2970 3707; x_wconf 86' lang='lat' dir='ltr'><strong>ipsos.</strong></span> <span class='ocrx_word' id='word_1_709' title='bbox 3030 3636 3129 3708; x_wconf 89' lang='lat' dir='ltr'><strong>qui</strong></span> <span class='ocrx_word' id='word_1_710' title='bbox 3197 3642 3330 3692; x_wconf 85' lang='lat' dir='ltr'><strong>ante</strong></span> <span class='ocrx_word' id='word_1_711' title='bbox 3403 3636 3794 3710; x_wconf 85' lang='lat' dir='ltr'><strong>superstitione</strong></span> 
     </span>
    </p>
   </div>
   <div class='ocr_carea' id='block_1_101' title="bbox 2163 3723 3794 3800">
    <p class='ocr_par' dir='ltr' id='par_1_101' title="bbox 2163 3723 3794 3800">
     <span class='ocr_line' id='line_1_101' title="bbox 2163 3723 3794 3800; baseline -0.002 -20"><span class='ocrx_word' id='word_1_712' title='bbox 2163 3725 2492 3780; x_wconf 87' lang='lat' dir='ltr'><strong>vehementi</strong></span> <span class='ocrx_word' id='word_1_713' title='bbox 2532 3730 2838 3780; x_wconf 74' lang='lat' dir='ltr'><strong>venatores</strong></span> <span class='ocrx_word' id='word_1_714' title='bbox 2871 3723 3158 3780; x_wconf 90' lang='lat' dir='ltr'><strong>scelerum</strong></span> <span class='ocrx_word' id='word_1_715' title='bbox 3191 3727 3704 3800; x_wconf 86' lang='lat' dir='ltr'><strong>nuncupabantur,</strong></span> <span class='ocrx_word' id='word_1_716' title='bbox 3731 3727 3794 3788; x_wconf 87' lang='lat' dir='ltr'><strong>et,</strong></span> 
     </span>
    </p>
   </div>
   <div class='ocr_carea' id='block_1_102' title="bbox 2165 3811 3796 3885">
    <p class='ocr_par' dir='ltr' id='par_1_102' title="bbox 2165 3811 3796 3885">
     <span class='ocr_line' id='line_1_102' title="bbox 2165 3811 3796 3885; baseline -0.002 -16"><span class='ocrx_word' id='word_1_717' title='bbox 2165 3819 2227 3869; x_wconf 88' lang='lat' dir='ltr'><strong>ut</strong></span> <span class='ocrx_word' id='word_1_718' title='bbox 2283 3813 2681 3885; x_wconf 87' lang='lat' dir='ltr'><strong>interpretatio</strong></span> <span class='ocrx_word' id='word_1_719' title='bbox 2740 3815 2938 3881; x_wconf 90' lang='lat' dir='ltr'><strong>docet,</strong></span> <span class='ocrx_word' id='word_1_720' title='bbox 2994 3813 3184 3870; x_wconf 89' lang='lat' dir='ltr'><strong>soluta</strong></span> <span class='ocrx_word' id='word_1_721' title='bbox 3243 3813 3586 3872; x_wconf 65' lang='lat' dir='ltr'><strong>haereditate</strong></span> <span class='ocrx_word' id='word_1_722' title='bbox 3643 3811 3796 3870; x_wconf 85' lang='lat' dir='ltr'><strong>male-</strong></span> 
     </span>
    </p>
   </div>
   <div class='ocr_carea' id='block_1_103' title="bbox 2163 3899 3798 3975">
    <p class='ocr_par' dir='ltr' id='par_1_103' title="bbox 2163 3899 3798 3975">
     <span class='ocr_line' id='line_1_103' title="bbox 2163 3899 3798 3975; baseline -0.002 -17"><span class='ocrx_word' id='word_1_723' title='bbox 2163 3904 2324 3970; x_wconf 89' lang='lat' dir='ltr'><strong>dicti,</strong></span> <span class='ocrx_word' id='word_1_724' title='bbox 2365 3903 2703 3975; x_wconf 82' lang='lat' dir='ltr'><strong>donataque</strong></span> <span class='ocrx_word' id='word_1_725' title='bbox 2763 3901 3099 3959; x_wconf 66' lang='lat' dir='ltr'><strong>hrereditate</strong></span> <span class='ocrx_word' id='word_1_726' title='bbox 3147 3903 3584 3960; x_wconf 88' lang='lat' dir='ltr'><strong>benedictionis</strong></span> <span class='ocrx_word' id='word_1_727' title='bbox 3628 3899 3798 3959; x_wconf 83' lang='lat' dir='ltr'><strong>absol-</strong></span> 
     </span>
    </p>
   </div>
   <div class='ocr_carea' id='block_1_104' title="bbox 2162 3988 3796 4064">
    <p class='ocr_par' dir='ltr' id='par_1_104' title="bbox 2162 3988 3796 4064">
     <span class='ocr_line' id='line_1_104' title="bbox 2162 3988 3796 4064; baseline -0.004 -17"><span class='ocrx_word' id='word_1_728' title='bbox 2162 3993 2270 4059; x_wconf 88' lang='lat' dir='ltr'><strong>vit;</strong></span> <span class='ocrx_word' id='word_1_729' title='bbox 2306 3996 2371 4047; x_wconf 89' lang='lat' dir='ltr'><strong>ut</strong></span> <span class='ocrx_word' id='word_1_730' title='bbox 2401 3992 2499 4046; x_wconf 88' lang='lat' dir='ltr'><strong>ubi</strong></span> <span class='ocrx_word' id='word_1_731' title='bbox 2533 3993 2721 4064; x_wconf 88' lang='lat' dir='ltr'><strong>major</strong></span> <span class='ocrx_word' id='word_1_732' title='bbox 2760 3996 2959 4048; x_wconf 88' lang='lat' dir='ltr'><strong>reatus</strong></span> <span class='ocrx_word' id='word_1_733' title='bbox 2989 3992 3242 4061; x_wconf 89' lang='lat' dir='ltr'><strong>erat,ubi</strong></span> <span class='ocrx_word' id='word_1_734' title='bbox 3273 4009 3438 4050; x_wconf 88' lang='lat' dir='ltr'><strong>nunc</strong></span> <span class='ocrx_word' id='word_1_735' title='bbox 3489 3991 3710 4050; x_wconf 89' lang='lat' dir='ltr'><strong>uberior</strong></span> <span class='ocrx_word' id='word_1_736' title='bbox 3735 3988 3796 4044; x_wconf 89' lang='lat' dir='ltr'><strong>sit</strong></span> 
     </span>
    </p>
   </div>
   <div class='ocr_carea' id='block_1_105' title="bbox 2163 4083 2368 4154">
    <p class='ocr_par' dir='ltr' id='par_1_105' title="bbox 2163 4083 2368 4154">
     <span class='ocr_line' id='line_1_105' title="bbox 2163 4083 2368 4154; baseline 0.005 -19"><span class='ocrx_word' id='word_1_737' title='bbox 2163 4083 2368 4154; x_wconf 83' lang='lat' dir='ltr'><strong>gratia.</strong></span> 
     </span>
    </p>
   </div>
   <div class='ocr_carea' id='block_1_106' title="bbox 2232 4169 3736 4313">
    <p class='ocr_par' dir='ltr' id='par_1_106' title="bbox 2232 4169 3736 4313">
     <span class='ocr_line' id='line_1_106' title="bbox 2232 4169 3736 4313; baseline -0.001 -18"><span class='ocrx_word' id='word_1_738' title='bbox 2232 4242 2306 4296; x_wconf 81' lang='lat' dir='ltr'><strong>De</strong></span> <span class='ocrx_word' id='word_1_739' title='bbox 2337 4239 2702 4296; x_wconf 66' lang='lat' dir='ltr'><strong>benedictione</strong></span> <span class='ocrx_word' id='word_1_740' title='bbox 2731 4169 3038 4307; x_wconf 36' lang='lat'><strong>13.55/52?</strong></span> <span class='ocrx_word' id='word_1_741' title='bbox 3032 4169 3410 4313; x_wconf 28' lang='lat' dir='ltr'><strong>gilalslmystice</strong></span> <span class='ocrx_word' id='word_1_742' title='bbox 3440 4243 3508 4297; x_wconf 83' lang='lat' dir='ltr'><strong>de</strong></span> <span class='ocrx_word' id='word_1_743' title='bbox 3537 4242 3736 4296; x_wconf 79' lang='lat' dir='ltr'><strong>Christo</strong></span> 
     </span>
    </p>
   </div>
   <div class='ocr_carea' id='block_1_107' title="bbox 2691 4313 3276 4384">
    <p class='ocr_par' dir='ltr' id='par_1_107' title="bbox 2691 4313 3276 4384">
     <span class='ocr_line' id='line_1_107' title="bbox 2691 4313 3276 4384; baseline 0.003 -18"><span class='ocrx_word' id='word_1_744' title='bbox 2691 4313 2918 4367; x_wconf 84' lang='lat' dir='ltr'><strong>Domino</strong></span> <span class='ocrx_word' id='word_1_745' title='bbox 2959 4315 3276 4384; x_wconf 68' lang='lat' dir='ltr'><strong>exponitur.</strong></span> 
     </span>
    </p>
   </div>
   <div class='ocr_carea' id='block_1_108' title="bbox 2229 4400 3796 4475">
    <p class='ocr_par' dir='ltr' id='par_1_108' title="bbox 2229 4400 3796 4475">
     <span class='ocr_line' id='line_1_108' title="bbox 2229 4400 3796 4475; baseline -0.003 -19"><span class='ocrx_word' id='word_1_746' title='bbox 2229 4403 2317 4456; x_wconf 80' lang='lat'><strong>30.</strong></span> <span class='ocrx_word' id='word_1_747' title='bbox 2351 4423 2378 4451; x_wconf 83' lang='grc'><strong>‹‹</strong></span> <span class='ocrx_word' id='word_1_748' title='bbox 2435 4400 2700 4455; x_wconf 86' lang='lat' dir='ltr'><strong>lssachar</strong></span> <span class='ocrx_word' id='word_1_749' title='bbox 2757 4401 2976 4456; x_wconf 90' lang='lat' dir='ltr'><strong>bonum</strong></span> <span class='ocrx_word' id='word_1_750' title='bbox 3035 4402 3392 4474; x_wconf 85' lang='lat' dir='ltr'><strong>concupivit,</strong></span> <span class='ocrx_word' id='word_1_751' title='bbox 3445 4402 3796 4475; x_wconf 83' lang='lat' dir='ltr'><strong>requiescens</strong></span> 
     </span>
    </p>
   </div>
   <div class='ocr_carea' id='block_1_109' title="bbox 2159 4489 3796 4563">
    <p class='ocr_par' dir='ltr' id='par_1_109' title="bbox 2159 4489 3796 4563">
     <span class='ocr_line' id='line_1_109' title="bbox 2159 4489 3796 4563; baseline -0.003 -18"><span class='ocrx_word' id='word_1_752' title='bbox 2159 4491 2309 4545; x_wconf 86' lang='lat' dir='ltr'><strong>inter</strong></span> <span class='ocrx_word' id='word_1_753' title='bbox 2339 4491 2560 4544; x_wconf 87' lang='lat' dir='ltr'><strong>medias</strong></span> <span class='ocrx_word' id='word_1_754' title='bbox 2604 4495 2814 4551; x_wconf 84' lang='lat' dir='ltr'><strong>sortes,</strong></span> <span class='ocrx_word' id='word_1_755' title='bbox 2843 4495 2898 4544; x_wconf 89' lang='lat' dir='ltr'><strong>et</strong></span> <span class='ocrx_word' id='word_1_756' title='bbox 2937 4489 3142 4546; x_wconf 90' lang='lat' dir='ltr'><strong>videns</strong></span> <span class='ocrx_word' id='word_1_757' title='bbox 3190 4491 3461 4563; x_wconf 87' lang='lat' dir='ltr'><strong>requiem</strong></span> <span class='ocrx_word' id='word_1_758' title='bbox 3497 4492 3635 4563; x_wconf 89' lang='lat' dir='ltr'><strong>quia</strong></span> <span class='ocrx_word' id='word_1_759' title='bbox 3663 4489 3796 4543; x_wconf 83' lang='lat' dir='ltr'><strong>bona</strong></span> 
     </span>
    </p>
   </div>
   <div class='ocr_carea' id='block_1_110' title="bbox 2156 4577 3792 4650">
    <p class='ocr_par' dir='ltr' id='par_1_110' title="bbox 2156 4577 3792 4650">
     <span class='ocr_line' id='line_1_110' title="bbox 2156 4577 3792 4650; baseline -0.003 -17"><span class='ocrx_word' id='word_1_760' title='bbox 2156 4583 2264 4642; x_wconf 90' lang='lat' dir='ltr'><strong>est,</strong></span> <span class='ocrx_word' id='word_1_761' title='bbox 2283 4582 2346 4632; x_wconf 89' lang='lat' dir='ltr'><strong>et</strong></span> <span class='ocrx_word' id='word_1_762' title='bbox 2377 4583 2592 4632; x_wconf 90' lang='lat' dir='ltr'><strong>terram</strong></span> <span class='ocrx_word' id='word_1_763' title='bbox 2637 4577 2780 4648; x_wconf 89' lang='lat' dir='ltr'><strong>quia</strong></span> <span class='ocrx_word' id='word_1_764' title='bbox 2831 4577 3456 4650; x_wconf 81' lang='lat' dir='ltr'><strong>pinguiszsupposuit</strong></span> <span class='ocrx_word' id='word_1_765' title='bbox 3501 4579 3792 4634; x_wconf 88' lang='lat' dir='ltr'><strong>humerum</strong></span> 
     </span>
    </p>
   </div>
   <div class='ocr_carea' id='block_1_111' title="bbox 2157 4666 3792 4741">
    <p class='ocr_par' dir='ltr' id='par_1_111' title="bbox 2157 4666 3792 4741">
     <span class='ocr_line' id='line_1_111' title="bbox 2157 4666 3792 4741; baseline -0.002 -19"><span class='ocrx_word' id='word_1_766' title='bbox 2157 4683 2331 4722; x_wconf 87' lang='lat' dir='ltr'><strong>suum</strong></span> <span class='ocrx_word' id='word_1_767' title='bbox 2355 4667 2427 4722; x_wconf 89' lang='lat' dir='ltr'><strong>ad</strong></span> <span class='ocrx_word' id='word_1_768' title='bbox 2451 4666 2860 4731; x_wconf 83' lang='lat' dir='ltr'><strong>laborandum,</strong></span> <span class='ocrx_word' id='word_1_769' title='bbox 2879 4671 2934 4721; x_wconf 91' lang='lat' dir='ltr'><strong>et</strong></span> <span class='ocrx_word' id='word_1_770' title='bbox 2957 4667 3146 4723; x_wconf 86' lang='lat' dir='ltr'><strong>factus</strong></span> <span class='ocrx_word' id='word_1_771' title='bbox 3167 4672 3256 4722; x_wconf 90' lang='lat' dir='ltr'><strong>est</strong></span> <span class='ocrx_word' id='word_1_772' title='bbox 3274 4668 3364 4722; x_wconf 89' lang='lat' dir='ltr'><strong>vir</strong></span> <span class='ocrx_word' id='word_1_773' title='bbox 3385 4667 3640 4741; x_wconf 89' lang='lat' dir='ltr'><strong>agricola</strong></span> <span class='ocrx_word' id='word_1_774' title='bbox 3659 4666 3792 4736; x_wconf 77' lang='lat' dir='ltr'><strong>(Gen.</strong></span> 
     </span>
    </p>
   </div>
   <div class='ocr_carea' id='block_1_112' title="bbox 2155 4754 3790 4824">
    <p class='ocr_par' dir='ltr' id='par_1_112' title="bbox 2155 4754 3790 4824">
     <span class='ocr_line' id='line_1_112' title="bbox 2155 4754 3790 4824; baseline -0.004 -13"><span class='ocrx_word' id='word_1_775' title='bbox 2155 4773 2305 4823; x_wconf 79' lang='lat' dir='ltr'><strong>xux,</strong></span> <span class='ocrx_word' id='word_1_776' title='bbox 2334 4755 2418 4823; x_wconf 85' lang='grc'>14,</span> <span class='ocrx_word' id='word_1_777' title='bbox 2448 4756 2554 4824; x_wconf 88' lang='grc'>15).</span> <span class='ocrx_word' id='word_1_778' title='bbox 2582 4776 2609 4802; x_wconf 92' lang='grc'><strong>››</strong></span> <span class='ocrx_word' id='word_1_779' title='bbox 2639 4754 2908 4809; x_wconf 87' lang='lat' dir='ltr'><strong>Issacbar</strong></span> <span class='ocrx_word' id='word_1_780' title='bbox 2947 4771 3170 4810; x_wconf 88' lang='lat' dir='ltr'><strong>merces</strong></span> <span class='ocrx_word' id='word_1_781' title='bbox 3219 4755 3456 4823; x_wconf 87' lang='lat' dir='ltr'><strong>dicitur,</strong></span> <span class='ocrx_word' id='word_1_782' title='bbox 3480 4762 3540 4812; x_wconf 91' lang='lat' dir='ltr'><strong>et</strong></span> <span class='ocrx_word' id='word_1_783' title='bbox 3569 4755 3688 4809; x_wconf 89' lang='lat' dir='ltr'><strong>ideo</strong></span> <span class='ocrx_word' id='word_1_784' title='bbox 3716 4766 3790 4806; x_wconf 88' lang='lat' dir='ltr'><strong>re-</strong></span> 
     </span>
    </p>
   </div>
   <div class='ocr_carea' id='block_1_113' title="bbox 2158 4837 3790 4914">
    <p class='ocr_par' dir='ltr' id='par_1_113' title="bbox 2158 4837 3790 4914">
     <span class='ocr_line' id='line_1_113' title="bbox 2158 4837 3790 4914; baseline -0.005 -13"><span class='ocrx_word' id='word_1_785' title='bbox 2158 4847 2341 4901; x_wconf 79' lang='lat' dir='ltr'><strong>fertur</strong></span> <span class='ocrx_word' id='word_1_786' title='bbox 2383 4845 2454 4898; x_wconf 86' lang='lat' dir='ltr'><strong>ad</strong></span> <span class='ocrx_word' id='word_1_787' title='bbox 2486 4843 2802 4911; x_wconf 88' lang='lat' dir='ltr'><strong>Christum,</strong></span> <span class='ocrx_word' id='word_1_788' title='bbox 2830 4843 2931 4914; x_wconf 90' lang='lat' dir='ltr'><strong>qui</strong></span> <span class='ocrx_word' id='word_1_789' title='bbox 2979 4848 3070 4898; x_wconf 90' lang='lat' dir='ltr'><strong>est</strong></span> <span class='ocrx_word' id='word_1_790' title='bbox 3117 4859 3340 4900; x_wconf 90' lang='lat' dir='ltr'><strong>merces</strong></span> <span class='ocrx_word' id='word_1_791' title='bbox 3390 4849 3624 4911; x_wconf 88' lang='lat' dir='ltr'><strong>nostra;</strong></span> <span class='ocrx_word' id='word_1_792' title='bbox 3655 4837 3790 4913; x_wconf 89' lang='lat' dir='ltr'><strong>quod</strong></span> 
     </span>
    </p>
   </div>
   <div class='ocr_carea' id='block_1_114' title="bbox 2156 4931 3788 5002">
    <p class='ocr_par' dir='ltr' id='par_1_114' title="bbox 2156 4931 3788 5002">
     <span class='ocr_line' id='line_1_114' title="bbox 2156 4931 3788 5002; baseline -0.005 -13"><span class='ocrx_word' id='word_1_793' title='bbox 2156 4950 2288 4990; x_wconf 88' lang='lat' dir='ltr'><strong>eum</strong></span> <span class='ocrx_word' id='word_1_794' title='bbox 2311 4931 2489 4987; x_wconf 87' lang='lat' dir='ltr'><strong>‘nobis</strong></span> <span class='ocrx_word' id='word_1_795' title='bbox 2521 4931 2590 4987; x_wconf 91' lang='lat' dir='ltr'><strong>ad</strong></span> <span class='ocrx_word' id='word_1_796' title='bbox 2626 4947 2790 5002; x_wconf 89' lang='lat' dir='ltr'><strong>spem</strong></span> <span class='ocrx_word' id='word_1_797' title='bbox 2839 4931 3048 4988; x_wconf 90' lang='lat' dir='ltr'><strong>salutis</strong></span> <span class='ocrx_word' id='word_1_798' title='bbox 3081 4937 3305 4988; x_wconf 63' lang='lat' dir='ltr'><strong>aeterna:</strong></span> <span class='ocrx_word' id='word_1_799' title='bbox 3346 4949 3468 4988; x_wconf 91' lang='lat' dir='ltr'><strong>non</strong></span> <span class='ocrx_word' id='word_1_800' title='bbox 3501 4947 3658 4998; x_wconf 86' lang='lat' dir='ltr'><strong>auro,</strong></span> <span class='ocrx_word' id='word_1_801' title='bbox 3688 4942 3788 4983; x_wconf 88' lang='lat' dir='ltr'><strong>non</strong></span> 
     </span>
    </p>
   </div>
   <div class='ocr_carea' id='block_1_115' title="bbox 2157 5047 2935 5111">
    <p class='ocr_par' dir='ltr' id='par_1_115' title="bbox 2157 5047 2935 5111">
     <span class='ocr_line' id='line_1_115' title="bbox 2157 5047 2935 5111; baseline 0.001 -9"><span class='ocrx_word' id='word_1_802' title='bbox 2157 5049 2237 5102; x_wconf 84' lang='lat' dir='ltr'><strong>ita</strong></span> <span class='ocrx_word' id='word_1_803' title='bbox 2270 5047 2628 5111; x_wconf 62' lang='lat' dir='ltr'><strong>designetur,</strong></span> <span class='ocrx_word' id='word_1_804' title='bbox 2668 5065 2814 5101; x_wconf 79' lang='lat' dir='ltr'><strong>van</strong></span> <span class='ocrx_word' id='word_1_805' title='bbox 2845 5049 2935 5103; x_wconf 80' lang='lat' dir='ltr'><strong>Ps.</strong></span> 
     </span>
    </p>
   </div>
   <div class='ocr_carea' id='block_1_116' title="bbox 2229 5113 3787 5190">
    <p class='ocr_par' dir='ltr' id='par_1_116' title="bbox 2229 5113 3787 5190">
     <span class='ocr_line' id='line_1_116' title="bbox 2229 5113 3787 5190; baseline -0.004 -17"><span class='ocrx_word' id='word_1_806' title='bbox 2229 5121 2338 5190; x_wconf 84' lang='grc'>(15)</span> <span class='ocrx_word' id='word_1_807' title='bbox 2376 5119 2514 5172; x_wconf 77' lang='lat' dir='ltr'><strong>Mss.</strong></span> <span class='ocrx_word' id='word_1_808' title='bbox 2549 5135 2660 5172; x_wconf 89' lang='lat' dir='ltr'><strong>non</strong></span> <span class='ocrx_word' id='word_1_809' title='bbox 2705 5120 2894 5190; x_wconf 85' lang='lat' dir='ltr'><strong>pauci,</strong></span> <span class='ocrx_word' id='word_1_810' title='bbox 2925 5128 3144 5190; x_wconf 81' lang='lat' dir='ltr'><strong>peccata</strong></span> <span class='ocrx_word' id='word_1_811' title='bbox 3173 5121 3366 5175; x_wconf 69' lang='lat' dir='ltr'><strong>allevat</strong></span> <span class='ocrx_word' id='word_1_812' title='bbox 3396 5120 3700 5190; x_wconf 53' lang='lat' dir='ltr'><strong>nationum.</strong></span> <span class='ocrx_word' id='word_1_813' title='bbox 3729 5113 3787 5168; x_wconf 85' lang='lat' dir='ltr'><strong>Et</strong></span> 
     </span>
    </p>
   </div>
   <div class='ocr_carea' id='block_1_117' title="bbox 2160 5187 3784 5262">
    <p class='ocr_par' dir='ltr' id='par_1_117' title="bbox 2160 5187 3784 5262">
     <span class='ocr_line' id='line_1_117' title="bbox 2160 5187 3784 5262; baseline -0.006 -16"><span class='ocrx_word' id='word_1_814' title='bbox 2160 5187 2330 5262; x_wconf 80' lang='lat' dir='ltr'><strong>paulo</strong></span> <span class='ocrx_word' id='word_1_815' title='bbox 2355 5195 2485 5262; x_wconf 92' lang='lat' dir='ltr'><strong>post</strong></span> <span class='ocrx_word' id='word_1_816' title='bbox 2511 5189 2607 5244; x_wconf 89' lang='lat' dir='ltr'><strong>ubi</strong></span> <span class='ocrx_word' id='word_1_817' title='bbox 2633 5187 2836 5262; x_wconf 83' lang='lat' dir='ltr'><strong>omnes</strong></span> <span class='ocrx_word' id='word_1_818' title='bbox 2850 5187 3003 5262; x_wconf 83' lang='lat' dir='ltr'><strong>mss.</strong></span> <span class='ocrx_word' id='word_1_819' title='bbox 3029 5209 3094 5247; x_wconf 90' lang='lat' dir='ltr'><strong>ac</strong></span> <span class='ocrx_word' id='word_1_820' title='bbox 3118 5199 3231 5246; x_wconf 88' lang='lat' dir='ltr'><strong>vet.</strong></span> <span class='ocrx_word' id='word_1_821' title='bbox 3254 5191 3420 5258; x_wconf 89' lang='lat' dir='ltr'><strong>edit.,</strong></span> <span class='ocrx_word' id='word_1_822' title='bbox 3439 5191 3590 5261; x_wconf 71' lang='lat' dir='ltr'><strong>ﬁlius</strong></span> <span class='ocrx_word' id='word_1_823' title='bbox 3614 5187 3784 5262; x_wconf 59' lang='lat' dir='ltr'><strong>Cham,</strong></span> 
     </span>
    </p>
   </div>
   <div class='ocr_carea' id='block_1_118' title="bbox 2161 5257 3781 5332">
    <p class='ocr_par' dir='ltr' id='par_1_118' title="bbox 2161 5257 3781 5332">
     <span class='ocr_line' id='line_1_118' title="bbox 2161 5257 3781 5332; baseline -0.002 -15"><span class='ocrx_word' id='word_1_824' title='bbox 2161 5257 2324 5317; x_wconf 67' lang='lat' dir='ltr'><strong>liotn.</strong></span> <span class='ocrx_word' id='word_1_825' title='bbox 2357 5257 2706 5327; x_wconf 77' lang='lat' dir='ltr'><strong>emendavit,</strong></span> <span class='ocrx_word' id='word_1_826' title='bbox 2741 5261 3058 5318; x_wconf 89' lang='lat' dir='ltr'><strong>Bibliorum</strong></span> <span class='ocrx_word' id='word_1_827' title='bbox 3094 5257 3458 5328; x_wconf 76' lang='lat' dir='ltr'><strong>auctoritate,</strong></span> <span class='ocrx_word' id='word_1_828' title='bbox 3481 5262 3632 5332; x_wconf 74' lang='lat' dir='ltr'><strong>ﬁlius</strong></span> <span class='ocrx_word' id='word_1_829' title='bbox 3654 5257 3781 5332; x_wconf 58' lang='grc' dir='ltr'><strong>ρεα-</strong></span> 
     </span>
    </p>
   </div>
   <div class='ocr_carea' id='block_1_119' title="bbox 2159 5327 3782 5406">
    <p class='ocr_par' dir='ltr' id='par_1_119' title="bbox 2159 5327 3782 5406">
     <span class='ocr_line' id='line_1_119' title="bbox 2159 5327 3782 5406; baseline -0.002 -18"><span class='ocrx_word' id='word_1_830' title='bbox 2159 5351 2324 5406; x_wconf 73' lang='lat' dir='ltr'><strong>mimi.</strong></span> <span class='ocrx_word' id='word_1_831' title='bbox 2350 5333 2458 5386; x_wconf 66' lang='lat' dir='ltr'><strong>Sc-d</strong></span> <span class='ocrx_word' id='word_1_832' title='bbox 2493 5333 2676 5404; x_wconf 89' lang='lat' dir='ltr'><strong>potuit</strong></span> <span class='ocrx_word' id='word_1_833' title='bbox 2721 5333 3033 5406; x_wconf 75' lang='lat' dir='ltr'><strong>exemplari</strong></span> <span class='ocrx_word' id='word_1_834' title='bbox 3073 5335 3126 5388; x_wconf 92' lang='lat' dir='ltr'><strong>in</strong></span> <span class='ocrx_word' id='word_1_835' title='bbox 3159 5351 3274 5406; x_wconf 89' lang='lat' dir='ltr'><strong>quo</strong></span> <span class='ocrx_word' id='word_1_836' title='bbox 3316 5327 3592 5406; x_wconf 75' lang='lat' dir='ltr'><strong>paterae</strong></span> 
     </span>
    </p>
   </div>
   <div class='ocr_carea' id='block_1_120' title="bbox 2157 5351 3782 5476">
    <p class='ocr_par' dir='ltr' id='par_1_120' title="bbox 2157 5351 3782 5476">
     <span class='ocr_line' id='line_1_120' title="bbox 2159 5351 3782 5406; baseline -0.006 -18"><span class='ocrx_word' id='word_1_837' title='bbox 2159 5351 2458 5388; x_wconf 56' lang='lat' dir='ltr'><strong>murium-ﬂ</strong></span> <span class='ocrx_word' id='word_1_838' title='bbox 2493 5351 2676 5404; x_wconf 71' lang='lat' dir='ltr'><strong>poruu</strong></span> <span class='ocrx_word' id='word_1_839' title='bbox 2721 5351 3033 5404; x_wconf 74' lang='lat' dir='ltr'><strong>exemplari</strong></span> <span class='ocrx_word' id='word_1_840' title='bbox 3073 5352 3126 5388; x_wconf 79' lang='lat' dir='ltr'><strong>in</strong></span> <span class='ocrx_word' id='word_1_841' title='bbox 3159 5351 3274 5406; x_wconf 89' lang='lat' dir='ltr'><strong>quo</strong></span> <span class='ocrx_word' id='word_1_842' title='bbox 3354 5351 3482 5386; x_wconf 74' lang='lat' dir='ltr'><strong>ater</strong></span> <span class='ocrx_word' id='word_1_843' title='bbox 3528 5351 3592 5386; x_wconf 85' lang='lat' dir='ltr'><strong>ac</strong></span> <span class='ocrx_word' id='word_1_844' title='bbox 3642 5351 3782 5382; x_wconf 73' lang='grc' dir='ltr'><strong>ιιιιυυ</strong></span> 
     </span>
     <span class='ocr_line' id='line_1_121' title="bbox 2157 5351 3782 5476; baseline -0.005 -17"><span class='ocrx_word' id='word_1_845' title='bbox 2157 5405 2337 5459; x_wconf 81' lang='lat' dir='ltr'><strong>Cham</strong></span> <span class='ocrx_word' id='word_1_846' title='bbox 2369 5406 2700 5473; x_wconf 80' lang='lat' dir='ltr'><strong>dicerentur</strong></span> <span class='ocrx_word' id='word_1_847' title='bbox 2725 5405 3068 5476; x_wconf 82' lang='lat' dir='ltr'><strong>Ambrosius</strong></span> <span class='ocrx_word' id='word_1_848' title='bbox 3099 5407 3205 5472; x_wconf 90' lang='lat' dir='ltr'><strong>uti,</strong></span> <span class='ocrx_word' id='word_1_849' title='bbox 3247 5351 3523 5476; x_wconf 60' lang='lat' dir='ltr'><strong>vel)quod</strong></span> <span class='ocrx_word' id='word_1_850' title='bbox 3551 5397 3782 5458; x_wconf 84' lang='lat' dir='ltr'><strong>credibi-</strong></span> 
     </span>
    </p>
   </div>
   <div class='ocr_carea' id='block_1_121' title="bbox 2158 5475 3218 5536">
    <p class='ocr_par' dir='ltr' id='par_1_121' title="bbox 2158 5475 3218 5536">
     <span class='ocr_line' id='line_1_122' title="bbox 2158 5475 3218 5536; baseline 0.002 -6"><span class='ocrx_word' id='word_1_851' title='bbox 2158 5477 2272 5531; x_wconf 87' lang='lat' dir='ltr'><strong>lius</strong></span> <span class='ocrx_word' id='word_1_852' title='bbox 2303 5480 2411 5536; x_wconf 81' lang='lat' dir='ltr'><strong>est.</strong></span> <span class='ocrx_word' id='word_1_853' title='bbox 2444 5492 2635 5531; x_wconf 83' lang='lat' dir='ltr'><strong>errare</strong></span> <span class='ocrx_word' id='word_1_854' title='bbox 2667 5475 2890 5531; x_wconf 85' lang='lat' dir='ltr'><strong>calamo</strong></span> <span class='ocrx_word' id='word_1_855' title='bbox 2923 5476 3218 5532; x_wconf 89' lang='lat' dir='ltr'><strong>librarius.</strong></span> 
     </span>
    </p>
   </div>
   <div class='ocr_carea' id='block_1_122' title="bbox 2229 5541 3780 5618">
    <p class='ocr_par' dir='ltr' id='par_1_122' title="bbox 2229 5541 3780 5618">
     <span class='ocr_line' id='line_1_123' title="bbox 2229 5541 3780 5618; baseline -0.006 -16"><span class='ocrx_word' id='word_1_856' title='bbox 2229 5548 2342 5618; x_wconf 85' lang='lat' dir='ltr'><strong>(l6)</strong></span> <span class='ocrx_word' id='word_1_857' title='bbox 2373 5545 2465 5602; x_wconf 90' lang='lat' dir='ltr'><strong>Sic</strong></span> <span class='ocrx_word' id='word_1_858' title='bbox 2514 5564 2656 5602; x_wconf 89' lang='lat' dir='ltr'><strong>mss.</strong></span> <span class='ocrx_word' id='word_1_859' title='bbox 2693 5564 2915 5616; x_wconf 87' lang='lat' dir='ltr'><strong>omnes,</strong></span> <span class='ocrx_word' id='word_1_860' title='bbox 2950 5553 3009 5603; x_wconf 89' lang='lat' dir='ltr'><strong>at</strong></span> <span class='ocrx_word' id='word_1_861' title='bbox 3053 5553 3255 5604; x_wconf 87' lang='lat' dir='ltr'><strong>contra</strong></span> <span class='ocrx_word' id='word_1_862' title='bbox 3300 5545 3460 5614; x_wconf 88' lang='lat' dir='ltr'><strong>edit.,</strong></span> <span class='ocrx_word' id='word_1_863' title='bbox 3486 5541 3780 5618; x_wconf 54' lang='lat' dir='ltr'><strong>ﬁcopulqsa</strong></span> 
     </span>
    </p>
   </div>
   <div class='ocr_carea' id='block_1_123' title="bbox 2157 5611 3778 5750">
    <p class='ocr_par' dir='ltr' id='par_1_123' title="bbox 2157 5611 3778 5750">
     <span class='ocr_line' id='line_1_124' title="bbox 2157 5611 3778 5750; baseline 0.001 -77"><span class='ocrx_word' id='word_1_864' title='bbox 2157 5611 2495 5750; x_wconf 33' lang='grc' dir='ltr'><strong>εζΙιιιῙιιις</strong></span> <span class='ocrx_word' id='word_1_865' title='bbox 2542 5621 2742 5679; x_wconf 80' lang='lat' dir='ltr'><strong>itinera</strong></span> <span class='ocrx_word' id='word_1_866' title='bbox 2768 5611 2960 5698; x_wconf 70' lang='lat' dir='ltr'><strong>possit,</strong></span> <span class='ocrx_word' id='word_1_867' title='bbox 2989 5619 3142 5692; x_wconf 62' lang='lat' dir='ltr'><strong>Vetr,</strong></span> <span class='ocrx_word' id='word_1_868' title='bbox 3177 5611 3454 5688; x_wconf 67' lang='lat' dir='ltr'><strong>incedere,</strong></span> <span class='ocrx_word' id='word_1_869' title='bbox 3485 5611 3674 5684; x_wconf 49' lang='lat' dir='ltr'><strong>Boni,</strong></span> <span class='ocrx_word' id='word_1_870' title='bbox 3698 5611 3778 5668; x_wconf 78' lang='lat' dir='ltr'><strong>in-</strong></span> 
     </span>
    </p>
   </div>
   <div class='ocr_carea' id='block_1_124' title="bbox 2155 5705 3150 5750">
    <p class='ocr_par' dir='ltr' id='par_1_124' title="bbox 2155 5705 3150 5750">
     <span class='ocr_line' id='line_1_125' title="bbox 2155 5705 3150 5750; baseline -0.003 0"><span class='ocrx_word' id='word_1_871' title='bbox 2155 5705 2354 5750; x_wconf 70' lang='lat' dir='ltr'><strong>cidere.</strong></span> <span class='ocrx_word' id='word_1_872' title='bbox 3133 5719 3150 5733; x_wconf 60' lang='grc' dir='ltr'><strong>κ</strong></span> 
     </span>
    </p>
   </div>
  </div>
