4104 6156
268 301 352 359 7l7

992 296 1221 357 LIBER
1269 297 1369 355 ΠΕ
1415 295 2132 358 BENFDICTIONIDI'S
2185 294 2914 357 l‘A'l‘RlARCliARUM.

3537 300 3660 359 ’718

266 436 474 506 argento,
508 432 610 489 sed
643 430 754 485 ﬁde
785 433 841 485 et
871 427 1169 484 devotione
1202 443 1551 482 mercemur.
1601 426 1764 481 Unde
1813 432 1871 483 et
1902 434 1954 498 Α
1989 446 2142 495 sum,
2179 434 2247 483 ut
2283 444 2318 480 a
2361 425 2767 496 superioribus
2794 429 2863 483 ad
2906 428 3098 501 priora
3149 444 3210 484 sc
3255 432 3592 501 extendens,
3630 455 3665 494 α

265 522 403 578 David
427 522 493 577 de
534 522 663 593 ipso
722 517 895 574 dicit:
960 539 987 568 «
1047 516 1191 581 Ecce
1244 516 1556 571 haereditas
1616 515 1871 579 Domini,

265 611 344 666 ﬁlii
372 627 591 679 merces,
628 610 857 665 fructus
877 605 1094 663 ventris
1125 606 1298 673 (Psal.
1351 621 1540 669 cxxvx,
1592 605 1668 674 3).
1720 626 1748 653 »
1806 605 1877 659 Et

263 702 441 774 Moyses
470 701 540 757 de
568 715 636 755 eo
669 696 850 753 dicit:
886 720 912 745 «
960 695 1181 751 Merces
1231 694 1383 749 circa
1434 710 1596 749 mare
1641 692 1876 748 inhabi-

261 790 460 846 tantium
492 791 671 859 (Deut.
706 785 1049 855 xxvm,19).
1090 806 1117 832 ››
1177 783 1280 838 Hic
1342 786 1431 837 est
1490 782 1590 853 qui
1652 782 1875 837 bonum

258 878 537 952 concupivit
567 878 639 932 ab
673 874 865 939 initio,
898 879 955 930 et
1014 873 1167 945 quod
1223 871 1444 926 malum
1495 874 1605 937 est,
1639 870 1876 926 deside-

255 984 356 1023 rare
382 967 623 1022 nescivit.
661 965 744 1021 De
778 981 892 1036 quo
925 967 981 1018 et
1030 961 1211 1017 Isaias
1268 961 1384 1015 ait:
1442 985 1467 1008 (ι
1517 959 1874 1030 Priusquam

254 1057 373 1113 sciat
398 1073 533 1128 puer
559 1070 768 1110 vocare
801 1058 1028 1126 patrem
1069 1054 1169 1104 aut
1202 1054 1471 1113 matrem,
1525 1065 1641 1101 non
1687 1047 1875 1102 credi-

253 1147 323 1201 dit
346 1144 578 1209 malitiee,
610 1142 837 1217 eligens
866 1141 1026 1213 quod
1058 1140 1277 1194 bonum
1312 1141 1401 1193 est
1431 1138 1559 1209 (Isa.
1593 1153 1716 1200 vm,
1751 1137 1874 1206 4).»

254 1234 511 1306 Requievit
540 1233 692 1288 inter
723 1235 910 1287 sortes
950 1228 1185 1285 Veteris
1230 1231 1285 1283 et
1323 1225 1464 1280 Novi
1509 1223 1878 1297 testamenti,

251 1326 324 1380 vel
347 1325 391 1379 in
420 1322 604 1378 medio
636 1320 1088 1395 prophetarum.
1133 1317 1387 1388 Ideoque
1433 1314 1588 1369 inter
1634 1313 1874 1385 Moysen

248 1418 294 1469 et
338 1411 501 1468 Eliam
563 1410 794 1466 medius
852 1406 1150 1481 apparuit,
1212 1409 1278 1460 ut
1324 1404 1655 1459 ostenderet
1703 1401 1876 1457 nobis

253 1502 384 1576 quod
412 1502 463 1556 in
494 1517 696 1556 eorum
741 1496 1122 1555 sermonibus
1170 1494 1433 1566 requiem
1489 1492 1721 1555 habeat,
1771 1506 1878 1562 per

250 1608 375 1665 quos
415 1589 669 1663 plerique
727 1585 984 1660 peccatis
1048 1584 1459 1639 renuntiantes
1510 1582 1757 1636 credunt
1811 1578 1874 1633 in

249 1680 403 1737 Deum
431 1681 617 1734 vivum
653 1694 665 1731 :
698 1676 783 1732 vel
812 1676 965 1748 quod
1015 1673 1130 1747 ipsi
1189 1672 1312 1728 sint
1360 1676 1540 1727 testes
1589 1684 1877 1726 resurrec-

246 1768 400 1826 tionis
426 1770 550 1841 ejus
579 1771 636 1822 et
667 1766 843 1821 beata:
876 1762 1120 1837 quietis.

309 1859 385 1913 31.
415 1858 608 1929 Itaque
626 1859 701 1936 [ut
731 1855 798 1909 ad
836 1851 1295 1909 resurrectionis
1330 1868 1446 1905 suae
1477 1850 1722 1922 gratiam
1768 1862 1874 1901 vo-

245 1951 385 2003 caret
408 1950 604 2019 gentes
624 1944 773 2016 (ipsa
802 1945 890 1997 est
911 1940 1070 1995 enim
1102 1938 1346 2011 pinguis
1377 1942 1432 1994 et
1465 1936 1668 1993 fertilis
1694 1940 1873 2000 terra,

244 2053 357 2109 quae
384 2036 599 2090 fructus
642 2035 874 2106 generat
923 2034 1193 2096 aeternos,
1249 2030 1477 2083 fructus
1524 2026 1875 2082 centesimas

242 2131 295 2182 et
321 2122 739 2196 sexagesimos),
773 2117 1027 2189 subjecit
1057 2117 1375 2171 humerum
1411 2133 1583 2170 suum
1618 2115 1687 2170 ad
1718 2113 1879 2167 labo-

243 2215 492 2285 randum,
542 2210 859 2282 subjiciens
916 2223 979 2262 se
1039 2204 1221 2266 cruci,
1276 2210 1341 2259 ut
1399 2209 1599 2260 nostra
1638 2206 1879 2275 peccata

240 2306 498 2379 portaret.
534 2302 780 2371 Ideoque
818 2290 959 2351 dicit
991 2293 1312 2364 propheta:
1349 2316 1375 2341 ‹‹
1428 2293 1610 2362 Cujus
1658 2289 1879 2364 princi-

241 2396 391 2468 pium
422 2407 596 2463 super
624 2389 941 2444 humerum
976 2384 1107 2455 ejus
1140 2382 1265 2451 (13a.
1304 2400 1378 2450 lx,
1410 2383 1486 2454 6).
1522 2404 1550 2433 »
1604 2382 1711 2437 hoc
1767 2383 1878 2468 est,

238 2467 404 2555 super
431 2478 689 2552 corporis
718 2475 1057 2549 passionem
1093 2470 1415 2526 divinitatis
1465 2475 1743 2543 potestas.
1788 2467 1879 2522 vel

236 2588 370 2628 crux
396 2566 834 2641 supereminens
868 2560 1123 2634 corpori.
1164 2559 1365 2614 Posuit
1394 2576 1529 2630 ergo
1560 2559 1878 2628 humerum

235 2659 571 2716 incumbens
602 2659 794 2710 aratro
825 2650 1107 2711 omnibus
1136 2647 1461 2704 subeundis
1506 2644 1881 2703 contumeliis

230 2749 471 2822 patiens,
504 2746 587 2801 ita
617 2743 920 2814 subjectus
949 2736 1156 2803 labori,
1191 2736 1679 2793 utvulneraretur
1709 2751 1882 2808 prop-

224 2846 313 2895 ter
367 2834 705 2907 iniquitates
759 2836 1013 2893 nostras,
1078 2831 1136 2881 et
1192 2824 1594 2880 inﬁrmarctur
1641 2828 1883 2897 propter

223 2928 457 3002 peccata
488 2927 708 2979 nostra.
734 2943 762 2969 ‹‹
785 2920 856 2974 Et
880 2918 1070 2972 factus
1092 2918 1180 2970 est
1211 2915 1296 2968 vir
1320 2915 1599 2988 agrigola,
1627 2937 1654 2963 ››
1681 2912 1878 2969 sciens

220 2999 435 3072 terram
468 3027 637 3069 suam
678 3009 829 3064 bono
862 3005 1154 3062 seminare
1195 3004 1509 3070 frumento,
1562 3018 1616 3059 ei.
1672 2999 1876 3058 fructi-

217 3107 376 3161 feras
407 3103 643 3158 arbores
674 3098 790 3154 alta
819 3094 1013 3151 radice
1044 3092 1327 3165 plantare.

856 3208 1088 3266 CAPUT
1127 3207 1244 3263 VII.

215 3317 299 3367 De
334 3304 706 3362 benedictione
731 3302 873 3363 Dan,
906 3312 1032 3369 qua?
1061 3300 1311 3364 futurum
1340 3313 1498 3369 chrea
1529 3298 1673 3351 tribu
1713 3294 1874 3352 Anti-

288 3379 564 3435 christum
588 3372 952 3446 przrnunlz'at.
987 3370 1321 3446 Exhortatio
1352 3368 1420 3422 ad
1448 3370 1711 3423 vitiorum
1731 3381 1874 3446 som-

288 3465 435 3505 num
479 3437 869 3503 excutiendum
907 3442 1309 3511 subjungitar;
1359 3448 1643 3510 postquam
1689 3437 1878 3496 eadem

286 3521 475 3577 tribus
500 3517 829 3590 praedicit-ur
859 3514 928 3568 ad
953 3511 1115 3581 fidem
1149 3527 1452 3566 accessura.

285 3637 386 3691 32.
426 3656 455 3683 «
480 3633 601 3687 Dan
626 3629 921 3702 judicabit
950 3625 1230 3699 populum
1264 3641 1434 3679 suum
1490 3629 1770 3696 tanquam
1823 3625 1881 3678 et

204 3742 342 3782 una
373 3722 570 3778 tribus
601 3718 800 3775 Israel.
833 3718 903 3773 Et
943 3717 1130 3771 factus
1184 3718 1272 3769 est
1318 3714 1439 3769 Dan
1488 3714 1595 3785 ipsi
1637 3728 1881 3786 serpens

202 3814 380 3872 523
413 3811 474 3866 in
506 3810 596 3866 via
626 3808 854 3876 sedens,
896 3809 953 3861 et
1004 3805 1062 3860 in
1114 3804 1325 3859 semita
1372 3804 1649 3859 mordens
1693 3802 1880 3859 calco-

200 3918 402 3959 neum
452 3899 606 3972 equi,
647 3902 704 3953 et
766 3896 936 3951 cadet
989 3909 1167 3966 eques
1223 3896 1567 3958 retrorsum,
1627 3892 1881 3947 salutem

195 3992 572 4062 exspectans
605 3983 912 4041 aDomino
952 3982 1104 4053 (Gen.
1165 3998 1313 4048 XLIX,
1376 3981 1484 4050 16).
1543 4002 1569 4029 ››
1624 3979 1886 4053 Simplex

193 4078 468 4153 quidem
509 4074 837 4131 intellectus
897 4072 1006 4127 hoc
1055 4070 1251 4140 habet,
1308 4070 1463 4142 quod
1521 4070 1700 4126 etiam
1759 4070 1884 4125 Dan

192 4169 418 4225 tribus
445 4165 701 4237 judicem
731 4160 957 4217 dederit
988 4159 1046 4214 in
1091 4158 1283 4214 Israel.
1342 4157 1564 4213 Etenim
1612 4164 1745 4230 post
1788 4159 1885 4214 Je-

190 4273 354 4315 surn
388 4255 548 4310 Nave
569 4251 801 4324 judices
832 4250 1072 4304 fuerunt
1099 4247 1287 4320 plebis
1318 4246 1389 4301 de
1420 4246 1668 4302 diversis
1707 4248 1888 4303 tribu-

188 4349 352 4401 bus.
390 4342 528 4398 Fuit
558 4345 754 4396 autem
789 4343 844 4395 et
873 4342 1122 4393 Samson
1156 4337 1225 4391 de
1259 4335 1411 4390 tribu
1449 4335 1590 4401 Dan,
1629 4342 1685 4391 et
1722 4336 1887 4408 judi-

184 4433 375 4491 cavit
412 4430 591 4487 lsrael
621 4428 825 4503 viginti
859 4426 1050 4483 annis.
1098 4426 1209 4481 Sed
1270 4442 1382 4479 non
1433 4423 1590 4478 hunc
1641 4425 1888 4499 prophe-

186 4524 289 4578 tia
329 4520 659 4593 significat,
695 4522 755 4573 at
781 4513 1203 4572 Antichristum
1252 4513 1352 4585 qui
1412 4512 1645 4569 futurus
1687 4518 1775 4569 est
1821 4530 1890 4568 ex

187 4612 386 4667 tribu
446 4608 594 4673 Dan,
650 4623 836 4663 saevus
887 4603 1089 4676 judex,
1146 4605 1203 4658 et
1257 4608 1544 4673 tyrannus
1588 4601 1886 4669 immanis,

184 4726 215 4749 (ε
256 4696 587 4771 judicabit
617 4693 899 4769 populum
935 4708 1129 4749 suum.
1179 4691 1484 4763 Tanquam
1538 4705 1777 4762 serpens
1826 4690 1887 4744 in

174 4789 325 4853 via,
371 4786 597 4841 sedens
626 4785 685 4839 in
714 4782 944 4848 semita,
983 4804 1008 4829 η
1044 4779 1294 4851 dejicere
1346 4778 1599 4834 tentabit
1639 4796 1736 4835 eos
1788 4779 1889 4851 qui

175 4878 378 4933 viam
420 4873 732 4930 ambulant
760 4870 1043 4937 veritatis,
1072 4868 1448 4941 supplantare
1496 4868 1739 4940 cupiens
1794 4885 1887 4923 vc-

176 4967 496 5023 ritatem.
531 4963 648 5019 Hoc
678 4965 766 5018 est
795 4960 949 5017 enim
984 4958 1245 5013 mordere
1275 4956 1407 5029 equi
1431 4955 1789 5027 calcaneum,
1826 4960 1892 5011 ut

166 5052 444 5111 veneni
510 5050 830 5108 sutfusione
890 5064 1078 5120 equus
1138 5048 1397 5112 saucius,
1444 5049 1501 5100 et
1554 5045 1890 5101 vulneratus

168 5146 408 5199 (lente
451 5139 758 5214 serpentis,
782 5138 930 5195 levet
960 5135 1296 5193 calcaneum
1316 5152 1511 5201 suum,
1538 5135 1688 5189 sicut
1707 5135 1890 5190 Judas

164 5229 509 5306 proditor
539 5233 794 5285 tentatus
825 5245 859 5283 a
888 5226 1119 5282 diabolo
1152 5242 1327 5297 super
1344 5224 1655 5279 Dominum
1688 5224 1890 5279 Jesum

162 5319 456 5377 levavit
487 5316 825 5375 calcaneum
858 5332 1055 5382 suum,
1090 5318 1152 5369 ut
1183 5312 1458 5385 dejiceret
1488 5312 1768 5383 equitem,
1792 5306 1891 5383 qui

160 5427 250 5466 se
302 5407 557 5477 dejecit
608 5412 673 5461 ut
728 5421 931 5461 omnes
982 5403 1212 5459 levaret.
1270 5400 1489 5455 Cecidit
1547 5400 1723 5473 igitur
1777 5418 1890 5457 non

156 5500 578 5573 prostratus
606 5495 661 5550 in
689 5495 892 5551 faciem
924 5491 1092 5566 quasi
1138 5491 1484 5554 dormitans,
1536 5489 1636 5545 scd
1682 5495 1889 5547 retror-

258 5639 419 5724 (17)
468 5639 605 5701 Mss.
640 5637 923 5709 nonnulli,
953 5635 1327 5716 congressioet
1354 5635 1576 5706 astutia,
1603 5636 1710 5695 etc.

1987 517 2239 574 Domino
2278 520 2646 586 exspectaret
2678 517 2948 573 salutem.
2983 518 3212 573 Sciebat
3250 520 3405 574 enim
3456 539 3519 578 se
3571 542 3660 581 re-

1987 604 2439 667 suscitandum,
2473 609 2526 657 et
2557 605 2684 660 ideo
2707 607 2996 677 jacentem
3038 608 3222 664 Adam
3283 614 3660 683 exspectabat

1987 696 2232 767 erigere.

2058 787 2146 841 33.
2180 782 2365 839 Unde
2396 798 2501 837 nos
2531 800 2661 839 cum
2696 785 2839 841 bene
2872 787 2925 841 in
2959 787 3051 841 via
3086 788 3402 857 currimus,
3453 807 3655 849 cavea-

1991 892 2123 931 mus
2150 870 2383 928 necubi
2417 888 2655 944 serpens
2688 875 2856 930 lateat
2902 876 2956 930 in
3013 877 3241 944 semita,
3300 883 3357 933 et
3404 881 3655 939 subruat

1988 962 2318 1035 vestigium
2354 961 2508 1031 equi,
2542 962 2649 1018 hoc
2681 967 2769 1018 est
2799 964 3060 1037 corporis
3096 966 3299 1035 nostri,
3331 971 3388 1021 et
3419 954 3654 1040 dejiciat

1991 1053 2183 1108 subito
2227 1049 2498 1122 equitem
2551 1052 2952 1109 dormientem.
3017 1054 3160 1108 Nam
3217 1055 3265 1110 si
3320 1055 3649 1129 vigilemus,

1990 1159 2190 1198 cavere
2221 1140 2517 1196 debemus
2548 1140 2937 1213 aliquatenus,
2973 1147 3029 1197 et
3067 1160 3302 1199 morsus
3360 1145 3653 1206 declinare

1990 1231 2305 1303 serpentis.
2346 1230 2468 1284 Non
2503 1247 2638 1303 ergo
2687 1248 2793 1286 nos
2840 1232 3132 1303 opprimat
3176 1249 3422 1288 somnus
3466 1236 3652 1310 negli-

1989 1321 2222 1393 gentiae,
2250 1334 2500 1374 somnus
2533 1319 2750 1385 smculi,
2804 1338 2919 1375 non
2980 1321 3273 1393 opprimat
3316 1323 3648 1384 divitiarum

1988 1426 2281 1475 somnus;
2320 1425 2391 1462 ne
2422 1412 2477 1463 et
2526 1408 2595 1463 de
2647 1408 2816 1464 nobis
2873 1410 3145 1466 dicatur:
3196 1411 3650 1473 Obdormierunt

1989 1513 2271 1551 somnum
2298 1514 2475 1551 suum
2508 1501 2565 1551 ct
2594 1496 2739 1552 nihil
2772 1497 3118 1555 invenerunt
3141 1517 3344 1557 omnes
3373 1502 3476 1558 viri
3511 1505 3650 1562 divi-

1987 1586 2214 1640 tiarum
2251 1586 2427 1655 (Psal.
2463 1603 2625 1651 Lxxv,
2655 1586 2730 1657 6).
2767 1610 2794 1636 ››
2826 1589 2937 1644 Sed
2987 1594 3128 1644 sunt
3163 1594 3225 1645 et
3262 1591 3484 1664 equites
3515 1597 3647 1651 dor-

1990 1672 2270 1744 mientes,
2304 1675 2377 1729 de
2409 1675 2625 1745 quibus
2657 1676 2937 1748 scriptum
2970 1684 3096 1735 est:
3127 1702 3154 1729 ‹‹
3184 1682 3651 1741 Dormitaverunt

1991 1762 2100 1833 qui
2136 1764 2531 1819 ascenderunt
2560 1781 2740 1837 equos
2762 1767 2917 1837 (Ibid.
2949 1772 3026 1840 7).
3063 1793 3091 1820 ››
3125 1770 3185 1826 Si
3224 1773 3465 1829 avaritia
3516 1792 3653 1847 pec-

1988 1854 2099 1905 tus
2130 1858 2299 1906 tuum
2352 1852 2642 1921 vulneret,
2704 1857 2751 1911 si
2801 1856 2982 1914 libido
3038 1860 3387 1930 inflammet,
3432 1864 3654 1923 dormis

1987 1955 2200 2011 eques,
2236 1945 2292 1995 et
2322 1941 2459 1996 ideo
2491 1960 2701 2016 corpus
2722 1950 2913 2017 tuum,
2945 1948 3055 2005 hoc
3085 1955 3193 2022 est,
3229 1968 3446 2026 equum
3485 1958 3654 2012 tuum

1987 2045 2115 2083 non
2148 2035 2313 2100 potes
2347 2032 2661 2089 relrenare.
2698 2036 2887 2109 Vigila
2916 2056 3072 2113 ergo,
3108 2045 3171 2096 ut
3213 2043 3391 2099 etiam
3448 2044 3496 2100 si
3549 2046 3654 2101 de-

1980 2117 2185 2188 jectus
2219 2120 2428 2186 fueris,
2460 2121 2569 2178 hoc
2602 2130 2707 2190 est,
2760 2132 3027 2184 mortuus
3078 2130 3279 2199 fueris,
3302 2149 3418 2188 non
3451 2135 3656 2192 obdor-

1991 2206 2165 2262 mias.
2200 2208 2306 2271 Qui
2341 2209 2501 2265 enim
2536 2213 2910 2272 obdormiunt
2941 2234 3217 2275 somnum
3259 2238 3456 2293 suum,
3506 2223 3651 2279 nihil

1990 2296 2320 2351 inveniunt.
2357 2299 2445 2353 Tu
2477 2306 2669 2359 autem
2700 2311 2970 2378 exspecta
3002 2308 3253 2366 salutem
3300 2329 3333 2367 a
3381 2312 3650 2381 Domino,

1993 2388 2301 2440 venturam
2335 2388 2580 2460 respice,
2616 2397 2679 2447 ut
2706 2395 2955 2466 gratiam
3001 2400 3445 2457 resurrectionis
3492 2402 3650 2457 inve-

1994 2472 2141 2527 nias.
2182 2474 2758 2537 DormiehatJndas:
2792 2483 3045 2555 denique
3075 2488 3249 2543 verba
3274 2488 3488 2545 Christi
3532 2507 3646 2547 non

1993 2562 2287 2618 audiebat.
2323 2568 2660 2625 Dormiebat
2705 2571 2910 2638 Judas,
2970 2577 3027 2627 et
3083 2577 3322 2647 quidem
3373 2596 3649 2635 somnum

1990 2651 2351 2718 divitiarum,
2386 2656 2485 2727 qui
2519 2660 2841 2715 mercedem
2876 2661 2946 2715 de
2979 2664 3307 2734 proditione
3333 2669 3645 2740 quaerebat.

1990 2738 2149 2829 Vidit
2182 2757 2343 2829 (eum
2404 2745 2791 2803 dormientem
2838 2749 3130 2819 diabolus,
3193 2758 3250 2809 et
3297 2738 3646 2829 oppressum

1990 2828 2246 2884 avaritiae
2278 2843 2484 2889 somn‘o
2504 2838 2661 2909 gravi
2690 2855 2702 2891 :
2740 2838 2902 2893 misit
2932 2854 2994 2895 se
3020 2840 3080 2895 in
3119 2859 3220 2899 cor
3247 2828 3396 2917 ejus,
3429 2846 3637 2903 vulne-

1992 2916 2135 2972 ravit
2159 2935 2402 2992 equum,
2444 2925 2655 2996 dejecit
2711 2928 2990 2999 equitem,
3053 2947 3227 3003 quem
3278 2916 3578 3008 separavit
3609 2957 3645 2997 a

1988 3006 2239 3063 Christo.

2058 3097 2335 3156 3-i.H’anc
2419 3102 2637 3159 tribum
2714 3105 3009 3162 benedixit
3096 3110 3321 3183 Moyses
3398 3115 3669 3173 dicens:'

1908 3180 1949 3245 Ο
1995 3212 2015 3236 σι
2057 3191 2169 3241 Dan
2200 3190 2429 3246 catulus
2461 3191 2665 3261 leonis,
2710 3199 2767 3250 et
2824 3196 3061 3269 effugiet
3119 3180 3207 3255 ext
3242 3201 3429 3257 Basan
3463 3205 3634 3271 (Deut.

1986 3294 2183 3344 xxxm,
2218 3280 2333 3349 2‘2),
2372 3303 2398 3329 ››
2430 3281 2537 3336 hoc
2568 3288 2676 3348 est,
2710 3299 2779 3339 ex
2810 3286 3172 3344 confusione.
3220 3289 3383 3346 Unde
3429 3308 3639 3348 secun-

1988 3366 2125 3421 dum
2159 3366 2419 3423 Graecum
2456 3372 2643 3443 magis
2686 3373 3005 3446 intelligere
3045 3378 3346 3450 debemus,
3409 3397 3476 3436 ex
3524 3399 3639 3454 quo

1991 3454 2232 3508 Latinus
2266 3457 2587 3526 transtulit,
2625 3463 2777 3531 quod
2814 3463 2935 3518 Dan
2982 3466 3108 3537 ipse
3157 3468 3340 3524 factus
3389 3470 3466 3524 sit
3513 3487 3641 3527 serv

1991 3559 2133 3616 pcns
2166 3543 2222 3597 in
2256 3544 2345 3599 via
2389 3546 2617 3602 sedens.
2681 3548 2803 3603 Dan
2850 3552 3144 3621 judicium
3202 3554 3638 3629 interpretatur.

1990 3632 2057 3686 Et
2090 3630 2215 3686 ideo
2239 3649 2410 3703 grave
2433 3634 2638 3704 judicii
2673 3638 2994 3707 periculum
3029 3642 3220 3697 tribus
3264 3643 3377 3701 ista
3434 3648 3638 3716 subiit,

1991 3720 2081 3775 cui
2117 3737 2356 3793 serpens
2386 3721 2630 3795 illapsus
2658 3726 3056 3786 Antichristus
3084 3718 3190 3798 est,
3244 3734 3342 3805 qui
3401 3752 3639 3790 curren-

1992 3816 2109 3865 tcm
2134 3811 2259 3867 suis
2289 3813 2579 3869 sauciaret
2608 3816 2862 3872 venenis.
2897 3817 3009 3873 Sed
3042 3825 3237 3875 tamen
3277 3822 3407 3893 ipsa
3447 3824 3640 3877 tribus

1992 3899 2341 3956 liberabitur
2391 3919 2425 3957 a
2481 3904 2841 3971 confusione,
2914 3924 3047 3963 cum
3125 3908 3301 3964 fuerit
3374 3910 3642 3965 confessa

1994 3994 2247 4061 equitem
2277 3998 2700 4064 resurgentem,
2735 3995 2833 4067 qui
2868 3996 2979 4051 ait:
3006 4020 3031 4047 ‹‹
3062 3998 3166 4063 Qui
3202 4014 3293 4054 me
3334 4000 3639 4054 confessus

2000 4080 2175 4135 fuerit
2205 4096 2400 4136 coram
2435 4081 2794 4150 hominibus,
2858 4087 3177 4142 confitebor
3235 4093 3294 4143 et
3337 4104 3443 4160 ego
3503 4104 3639 4143 eum

1997 4186 2190 4225 coram
2222 4169 2391 4225 Patre
2423 4188 2549 4226 meo
2582 4174 2683 4244 qui
2714 4177 2801 4229 est
2834 4174 2890 4229 in
2913 4174 3106 4231 ccelis:
3150 4177 3249 4247 qui
3301 4180 3498 4232 autem
3548 4194 3642 4233 me
3684 4188 3688 4201 '

1998 4258 2285 4314 confusus
2319 4258 2490 4314 fuerit
2521 4277 2713 4315 coram
2764 4262 3130 4332 hominibus,
3180 4265 3534 4322 confundam
3589 4271 3646 4322 et

1998 4364 2103 4420 ego
2132 4364 2263 4403 eum
2299 4364 2493 4403 eorum
2528 4349 2694 4404 Patre
2727 4367 2853 4406 meo
2887 4353 2983 4425 qui
3018 4354 3074 4409 in
3099 4353 3258 4409 cmlis
3299 4359 3387 4411 est
3435 4355 3642 4428 (Matth.

1998 4454 2052 4505 x,
2081 4438 2170 4504 3‘2,
2202 4437 2312 4507 33).
2350 4460 2377 4484 ››

2533 4572 2687 4628 524
2718 4574 2948 4631 CAPUT
2986 4576 3109 4631 Vlll

2005 4660 2383 4716 Benedz'ctz'one
2415 4660 2525 4715 Gad
2555 4667 2856 4719 tentaturus
2889 4666 3179 4720 Dominum
3214 4665 3444 4729 Iudaeos,
3477 4671 3526 4717 et
3562 4663 3644 4716 vi-

2210 4734 2393 4787 cissim
2422 4733 2702 4787 lentandus
2732 4736 2798 4789 ab
2842 4737 3044 4806 eodem,
3086 4737 3428 4791 adumbrari.

2076 4866 2162 4920 35.
2196 4888 2221 4913 ‹‹
2255 4864 2375 4920 Gad
2410 4866 2672 4932 tentatio,
2700 4870 2942 4923 tentavit
2979 4884 3134 4929 eum,
3183 4871 3238 4922 et
3284 4866 3409 4936 ipse
3466 4866 3649 4918 tenta-

2000 4953 2208 5009 viteos
2235 4970 2402 5008 secus
2434 4955 2610 5025 pedes
2658 4955 2806 5025 (Gen.
2868 4974 3019 5020 κως,
3078 4956 3181 5024 19).
3239 4952 3504 5007 Tentatio
3561 4955 3649 5006 est

2004 5042 2374 5115 congregatio
2413 5048 2470 5098 et
2520 5046 2736 5099 astutia
2766 5045 2877 5116 (l7)
2923 5044 3247 5100 scribarum
3291 5045 3348 5098 et
3378 5041 3651 5096 sacerdo-

2004 5136 2133 5187 tum
2215 5131 2315 5203 qui
2383 5132 2696 5187 Dominum
2760 5134 2964 5188 Jesum
3013 5133 3083 5185 de
3138 5132 3355 5186 tributo
3414 5131 3653 5186 Caesaris

2007 5223 2211 5293 (Matth.
2247 5239 2383 5285 xxu,
2420 5223 2527 5290 17),
2562 5222 2717 5276 etde
2746 5222 2991 5275 Joannis
3034 5219 3384 5292 baptismate
3440 5220 3648 5291 (Matth.

2004 5326 2140 5378 xxu,
2190 5313 2300 5378 ‘25),
2361 5316 2427 5364 ut
2485 5310 2680 5364 docuit
2735 5302 3052 5380 Scriptura,
3114 5310 3455 5378 tentabant;
3520 5310 3649 5381 qui-

2004 5400 2115 5456 bus
2147 5399 2428 5456 Dominus
2452 5399 2623 5455 Jesus
2664 5398 2719 5453 in
2779 5415 2887 5455 sua
2936 5398 3169 5471 justitia
3221 5404 3649 5455 tentamentum

2003 5490 2254 5548 retorsit.
2291 5512 2316 5539 ‹‹
2352 5488 2530 5544 Secus
2562 5490 2755 5562 pedes,
2800 5511 2827 5539 »
2874 5489 2981 5546 hoc
3033 5493 3143 5560 est,
3190 5488 3466 5548 continuo
3526 5488 3652 5546 sine
