4012 6192
423 347 540 406 719
1875 309 1938 405 si
1990 350 2007 405 Α

2162 347 2360 407 llOSll
2441 348 2443 351 ’
3487 365 3516 380 δ
3650 355 3741 414 ἛΞΟ

426 476 545 531 ulla
574 473 989 530 deliberatione
1042 475 1315 543 referens,
1366 491 1480 547 quo
1526 478 1819 533 tentantes
1872 477 2061 549 magis
2095 479 2138 545 Α
2244 478 2333 533 39.
2370 478 2691 535 Possumus
2722 482 2780 534 et
2806 478 3002 549 ipsum
3043 477 3354 534 Dominum
3396 477 3638 551 accipere,
3665 484 3739 554 qui

421 565 545 637 ipSe
573 563 965 621 concluderet.
1001 564 1336 620 Dicentibus
1368 564 1560 622 enim:
1597 588 1625 616 «
1658 566 1721 620 In
1763 582 1879 638 qua
1907 572 2065 638 potc—
2178 565 2327 623 525
2368 585 2536 622 suam
2576 560 3027 636 carnemnobis
3070 567 3249 633 dedit,
3309 568 3451 622 sicut
3497 568 3604 640 ipse
3650 571 3742 627 ait:

422 657 573 709 state
602 653 724 710 haec
746 654 929 710 facis?
960 678 986 703 ››
1008 671 1121 709 non
1153 654 1223 708 ad
1282 654 1526 725 quaesita
1580 656 1901 727 respondit,
1963 656 2064 711 sed
2178 677 2206 706 «
2238 657 2353 728 Ego
2386 674 2516 711 sum
2546 658 2714 728 panis
2753 658 2897 712 vitae.
2951 657 3149 713 Patres
3198 656 3371 712 vestri
3422 658 3741 714 manducave-

423 742 598 799 etiam
632 742 756 815 ipse
784 742 1102 816 proposuit,
1137 742 1374 798 dicens:
1405 766 1431 792 ‹‹
1467 742 1840 815 Interrogabo
1874 749 1931 800 et
1961 761 2066 815 ego
2180 749 2316 799 runt
2348 740 2562 802 nianna
2591 747 2648 801 in
2682 747 2932 813 deserto,
2967 751 3023 801 et
3070 744 3281 801 mortui
3347 750 3508 801 sunt:
3568 745 3646 801 hic
3677 751 3749 802 est

424 848 527 889 vos
562 848 745 889 unum
774 833 1051 888 verbum:
1085 831 1238 902 quod
1271 832 1321 886 si
1355 831 1614 888 dixeritis
1651 833 1818 898 mihi,
1866 838 1923 888 et
1964 850 2069 905 ego
2180 840 2374 890 autem
2416 835 2583 906 panis
2623 836 2724 907 qui
2764 836 2834 891 de
2873 834 3011 891 ccelo
3050 833 3372 901 descendit,
3403 838 3463 890 ut
3497 833 3539 890 si
3574 834 3683 906 quis
3703 853 3752 891 ex

426 922 590 979 vobis
637 922 825 976 dicam
874 921 932 975 in
984 936 1100 993 qua
1148 924 1435 993 potestate
1481 921 1603 977 hac
1663 922 1810 978 facio
1860 923 2071 993 (Matth)
2181 941 2246 978 eo
2287 924 2741 989 manducaverit,
2776 941 2893 979 non
2926 923 3209 979 moriatur
3240 923 3416 993 (Joan.
3445 940 3514 989 vx,
3540 923 3614 990 49,
3633 924 3721 992 50).
3738 948 3757 971 η

425 1028 539 1077 xxx,
601 1012 710 1078 24).
773 1010 988 1065 Iterum
1047 1008 1410 1067 dicentibus:
1470 1033 1497 1060 «
1562 1010 1719 1065 Licet
1784 1011 2071 1066 tributum
2183 1014 2250 1067 Et
2282 1029 2352 1067 ne
2384 1012 2515 1082 quis
2548 1017 2783 1085 putaret
2813 1012 2952 1084 quia
2983 1013 3054 1068 de
3085 1012 3193 1067 hac
3243 1016 3423 1066 morte
3482 1010 3605 1066 dicit
3660 1028 3756 1083 qua

427 1100 551 1155 dari
596 1098 828 1165 Caesari,
889 1116 962 1154 an
1014 1116 1129 1155 non
1192 1099 1395 1171 (Matth.
1456 1117 1594 1166 xxn,
1660 1100 1804 1166 17)?
1866 1123 1890 1147 ››
1954 1100 2068 1154 ait:
2182 1118 2286 1173 per
2316 1102 2524 1156 animae
2557 1107 2614 1157 et
2643 1101 2904 1174 corporis
2939 1091 3329 1157 secessionem
3376 1099 3536 1167 venit,
3590 1100 3763 1171 etjure

426 1210 456 1239 «
507 1188 656 1252 Quid
699 1204 789 1244 me
844 1188 1103 1255 tentatis,
1163 1188 1525 1261 hypocritaa?
1577 1189 1876 1244 Ostendite
1928 1188 2072 1243 mihi
2182 1191 2428 1259 dubitet,
2461 1207 2594 1246 cum
2636 1192 2784 1246 sciat
2851 1194 3084 1246 sanctos
3142 1187 3430 1261 apostolos
3489 1188 3584 1243 hac
3618 1190 3763 1244 morte

428 1280 726 1335 numiSma
752 1295 963 1335 census
994 1278 1151 1349 (Ibid.
1187 1280 1293 1349 18).
1327 1300 1353 1327 ››
1398 1280 1465 1333 Et
1510 1278 1814 1334 offerentes
1858 1277 2073 1333 iterum
2183 1296 2310 1335 esse
2341 1279 2667 1348 defunctos,
2704 1278 2969 1335 addidit:
3005 1303 3031 1328 «
3070 1279 3186 1351 Ego
3235 1294 3366 1335 sum
3429 1278 3580 1350 panis
3616 1277 3762 1343 vivus,

426 1368 836 1443 interrogavit:
872 1391 898 1417 «
927 1368 1108 1438 Cujus
1142 1370 1232 1422 est
1286 1366 1480 1438 imago
1537 1372 1593 1422 et
1654 1366 2071 1439 superscriptio
2185 1369 2285 1440 qui
2319 1369 2389 1422 de
2420 1368 2561 1423 coelo
2593 1367 2886 1423 descendi.
2910 1368 2968 1423 Si
3002 1368 3135 1440 quis
3154 1366 3573 1423 manducaverit
3598 1364 3768 1431 exhoc,

428 1462 444 1533 (
484 1461 618 1516 Ibid.
652 1459 741 1530 ‘20)
771 1459 799 1513 ‘I
831 1478 858 1508 »
892 1457 1106 1513 Dicunt
1130 1455 1181 1511 ei
1214 1472 1227 1510 :
1283 1455 1532 1511 Ca’saris.
1596 1456 1678 1510 Ibi
1740 1455 1920 1528 igitur
1976 1471 2074 1511 eos
2183 1457 2332 1513 vivet
2362 1457 2420 1512 in
2455 1462 2735 1513 aeternum
2768 1456 2925 1527 (Ibid.
2958 1458 3047 1524 51,
3079 1457 3206 1527 52):
3268 1455 3377 1511 hoc
3435 1457 3535 1521 est,
3566 1470 3662 1509 non
3715 1453 3767 1507 de

426 1550 626 1621 ligavit
654 1549 914 1620 ipsorum
953 1544 1341 1613 sermonibus,
1402 1544 1664 1616 ipsorum
1727 1543 2076 1615 obligatione
2185 1547 2490 1617 temporali
2515 1547 2630 1601 vita
2648 1544 2762 1600 dixi
2788 1561 2984 1616 supra,
3011 1561 3117 1600 nec
3139 1544 3209 1599 de
3242 1547 3422 1600 morte
3468 1542 3621 1599 istius
3652 1541 3766 1604 vitai.

430 1637 793 1693 constrinxit.
828 1637 988 1691 Tunc
1030 1635 1110 1689 ait
1160 1634 1314 1689 illis:
1380 1656 1406 1684 ‹‹
1468 1633 1709 1688 Reddite
1762 1649 1896 1705 ergo
1949 1649 2076 1704 qua
2187 1651 2304 1706 qua
2333 1636 2505 1689 etiam
2540 1634 2588 1689 si
2623 1634 2752 1704 quis
2776 1640 3042 1689 mortuus
3077 1632 3266 1700 fuerit,
3301 1636 3491 1689 tamen
3520 1631 3563 1688 si
3610 1645 3773 1703 panem

432 1731 572 1783 sunt
598 1726 860 1793 Caesaris,
891 1724 1119 1787 Cmsari,
1145 1728 1205 1779 et
1234 1740 1359 1794 qum
1414 1726 1554 1778 sunt
1610 1721 1727 1788 Dei,
1771 1722 1886 1777 Deo
1918 1720 2073 1792 (Ibid.
2188 1740 2383 1779 meum
2411 1723 2718 1794 acceperit,
2751 1722 2904 1777 vivet
2936 1723 2993 1777 in
3027 1727 3329 1778 aeternum.
3366 1721 3464 1777 llle
3493 1720 3634 1776 enim
3663 1718 3775 1774 acci-

431 1818 540 1888 21),
577 1838 603 1867 ››
639 1819 703 1871 ut
759 1818 960 1869 contra
1004 1813 1183 1883 verba
1238 1829 1346 1868 sua
1402 1811 1596 1867 venire
1650 1827 1764 1865 non
1816 1814 2075 1882 possent.
2110 1849 2157 1915 Β
2190 1814 2292 1884 pit,
2329 1814 2427 1884 qui
2461 1813 2721 1885 seipsum
2755 1813 2998 1884 probat:
3037 1813 3136 1884 qui
3169 1816 3368 1867 autem
3434 1808 3640 1882 accipit,
3688 1823 3773 1862 non

437 1905 692 1978 Denique
715 1902 909 1959 mirati
941 1903 1211 1959 abierunt
1241 1902 1313 1957 ab
1343 1918 1429 1957 eo.
1455 1901 1565 1956 Sed
1600 1917 1714 1956 non
1747 1903 1833 1955 est
1862 1899 2079 1953 mirum
2111 1895 2157 1915 ”
2191 1902 2471 1957 morietur
2501 1900 2820 1973 peccatoris
2853 1905 3058 1970 morte,
3094 1900 3232 1973 quia
3263 1899 3431 1973 panis
3486 1898 3572 1954 hic
3615 1895 3774 1952 remis-

434 1995 484 2052 si
510 2010 681 2052 secus
712 1994 887 2066 pedes
920 1992 1329 2065 respondebat,
1358 1990 1458 2062 qui
1510 1993 1642 2045 ante
1694 1988 1870 2061 pedes
1921 1988 2078 2043 vide-
2188 1992 2274 2047 sio
2306 1995 2674 2062 peccatorum
2700 1995 2807 2045 est.
3338 2026 3349 2034 ο

432 2085 551 2141 bat.
1766 2144 1773 2147 _
2261 2080 2346 2132 40.
2382 2079 2606 2150 Moyses
2637 2095 2866 2150 quoque
2910 2077 3305 2150 pulcherrime
3363 2074 3696 2150 prophetarit
3738 2072 3781 2127 in

505 2174 592 2228 36.
628 2171 908 2245 Exposuit
939 2172 1167 2243 Moyses
1196 2170 1491 2225 evidenter
1524 2168 1674 2223 hanc
1715 2166 2080 2239 prophetiam
2191 2167 2699 2223 benedictionibus
2730 2167 2855 2222 suis
2888 2166 3125 2223 dicens:
3165 2189 3192 2218 «
3223 2165 3564 2223 Benedictus
3614 2180 3644 2218 a
3683 2161 3786 2217 ﬁliis

435 2262 614 2319 Jacob
646 2260 834 2317 sancti
863 2276 992 2316 esse
1023 2260 1093 2314 de
1114 2257 1364 2313 Christo.
1400 2257 1494 2313 Sic
1524 2257 1681 2312 enim
1734 2257 1852 2311 ait:
1903 2278 1930 2305 ‹‹
1977 2256 2080 2310 Be-
2190 2260 2352 2324 Aser,
2396 2260 2454 2311 et
2484 2255 2592 2311 erit
2623 2259 2893 2329 acceptus
2924 2273 2957 2312 a
2987 2255 3267 2319 fratribus
3301 2255 3449 2318 suis,
3487 2257 3541 2310 et
3590 2251 3787 2321 intinget

437 2351 702 2408 nedictus
733 2350 833 2422 qui
865 2347 1167 2421 ampliavit
1214 2347 1356 2402 Gad.
1420 2346 1583 2401 Sicut
1633 2345 1723 2401 leo
1774 2344 2079 2417 requievit,
2192 2346 2251 2401 in
2281 2346 2405 2401 oleo
2435 2346 2641 2417 pedem
2685 2362 2883 2411 suum,
2944 2349 3000 2401 et
3056 2346 3271 2399 ferrum
3347 2348 3404 2399 et
3468 2343 3788 2397 aeramentum

438 2439 811 2512 confringens
840 2437 1083 2494 brachia
1112 2441 1168 2493 et
1198 2436 1509 2509 principes,
1543 2441 1599 2490 et
1631 2435 1775 2490 vidit
1806 2434 1878 2489 ab
1919 2432 2082 2487 initio
2192 2440 2280 2491 est
2309 2433 2769 2490 calceamentum
2802 2435 2950 2505 ejus.
2986 2435 3054 2489 Et
3084 2435 3237 2490 sicut
3267 2433 3397 2489 dies
3428 2432 3511 2488 tui
3558 2433 3695 2495 sunt,
3730 2426 3790 2481 sic

438 2547 546 2586 suo
579 2527 815 2601 quia'ibi
848 2528 1036 2584 divisa
1078 2531 1166 2581 est
1221 2530 1375 2581 terra
1422 2524 1753 2597 principum
1814 2521 2082 2579 collecto-
2193 2528 2367 2580 erunt
2399 2524 2639 2578 virtutes
2690 2528 2802 2578 tum
2873 2525 3001 2595 (l9).
3044 2524 3168 2578 Non
3210 2526 3301 2578 est
3343 2521 3638 2594 quisquam
3675 2516 3793 2572 sicut

440 2636 567 2675 rum
593 2618 770 2675 simul
801 2634 931 2673 cum
968 2615 1330 2687 principibus
1362 2614 1735 2686 populorum.
1780 2611 2080 2667 Justitiam
2193 2618 2280 2669 est
2325 2619 2469 2665 Deus
2511 2618 2648 2668 tuus
2688 2612 2746 2667 in
2790 2612 2954 2681 coelo,
2998 2613 3230 2683 adjutor
3283 2617 3446 2678 tuus,
3486 2615 3541 2666 et
3588 2618 3795 2677 magnus

439 2710 575 2767 fecit
605 2708 908 2774 Dominus,
935 2704 1226 2779 judicium
1258 2720 1391 2759 cum
1435 2701 1610 2758 Israel
1661 2702 1837 2772 (Deut.
1886 2716 2081 2765 XXXIII,
2195 2703 2478 2759 Dominus
2511 2703 2863 2758 lirmamenti
2894 2720 2906 2757 :
2950 2706 3006 2758 et
3036 2705 3353 2774 protegens
3390 2707 3447 2756 te
3485 2699 3627 2755 Deus
3661 2692 3797 2757 initii,

437 2801 529 2868 20,
562 2798 673 2868 21)-
711 2819 740 2847 ﬁ
1312 2860 1315 2863 λ
2195 2796 2251 2848 et
2288 2808 2392 2864 per
2428 2792 2579 2847 vires
2620 2791 2993 2847 brachiorum
3034 2790 3368 2863 potentium
3408 2789 3572 2861 ejecit
3618 2803 3649 2842 a
3689 2779 3798 2839 facie

516 2888 602 2942 37.
635 2883 1022 2956 Agnoscimus
1080 2883 1277 2952 itaque
1335 2880 1468 2952 quis
1529 2876 1881 2949 requieverit
1929 2874 2083 2931 sicut
2197 2885 2299 2936 tua
2337 2880 2645 2935 inimicum
2688 2883 2882 2946 tuum,
2921 2880 3162 2935 dicens:
3199 2879 3423 2935 Pereat.
3456 2878 3525 2932 Et
3552 2870 3796 2930 inhabita-

441 2976 551 3043 leo,
585 2973 717 3045 quis
783 2970 1127 3043 confregerit
1190 2968 1430 3025 brachia
1495 2963 2007 3039 potentium,quia
2056 2980 2089 3019 ε.
2198 2970 2281 3025 bit
2322 2970 2497 3026 Israel
2540 2970 2725 3025 fidens
2782 2968 2947 3025 solus
3005 2985 3182 3041 super
3237 2973 3500 3024 terram:
3551 2963 3710 3020 Jacob
3757 2958 3799 3011 in

442 3062 728 3136 principio
795 3060 1111 3116 divisiones
1178 3056 1530 3114 tcntantium
1598 3055 1741 3111 vidit
1807 3053 1942 3126 (48).
2002 3053 2086 3108 Ibi
2196 3061 2489 3115 frumento
2520 3058 2763 3126 etvino;
2799 3062 2856 3113 et
2886 3058 3097 3113 coelum
3122 3057 3227 3113 tibi
3274 3074 3414 3112 cum
3442 3052 3647 3111 nebula
3684 3046 3801 3105 roris

441 3152 624 3225 igitur
652 3150 849 3205 hiatus
879 3152 969 3205 est
998 3152 1186 3214 terrae,
1220 3147 1320 3218 qui
1363 3144 1673 3200 absorbeat
1721 3141 2025 3198 calumnial

1402 3144 1673 3200 bsorbeat
1721 3141 2087 3198 calumnian-
2127 3218 2159 3225 μ
2198 3149 2505 3221 erit(Deut.
2539 3165 2737 3216 xxxm,
2771 3147 2986 3217 211-28).

443 3218 551 3308 tes,
582 3239 681 3296 ubi
712 3238 953 3294 tentatio
984 3236 1340 3309 perfidorum
1370 3250 1477 3290 esc.
2117 3218 2159 3285 (ἶ
2337 3218 2343 3221 Ὗ
2852 3254 3086 3309 CAPUT
3124 3255 3188 3309 Χ,

1084 3342 1315 3400 CAPUT
1356 3340 1446 3396 ΙΧ.
2198 3344 2634 3418 Benedictionem
2681 3342 3033 3418 Nepthatim,
3102 3341 3362 3418 ﬁdelium
3428 3342 3662 3418 Christo,
3709 3342 3804 3418 (aft-

446 3438 519 3497 De
553 3438 915 3495 benedictione
963 3436 1111 3500 Aser,
1145 3448 1254 3503 qua
1308 3430 1507 3503 Christi
1561 3429 1819 3503 pauperis
1876 3428 2088 3482 diuitiae
2268 3432 2432 3503 quam
2466 3416 2568 3503 ρι’ἰὶ
2593 3403 2873 3498 patinitcs,
2895 3403 3271 3503 ΔΙιιλιῖιίἰίίἰαητ,
3306 3422 3357 3469 et
3388 3413 3575 3468 mortis
3610 3403 3806 3463 vinculis

559 3488 989 3580 iamiam-.1
1022 3488 1077 3560 in
1098 3488 1360 3558 'h‘omines
1390 3502 1533 3557 dona
1554 3488 1961 3573 exprimuntur.
2267 3488 2637 3543 ear-solutorum
2669 3488 2965 3557 imaginem
2993 3502 3122 3541 esse.

506 3621 595 3677 38.
629 3620 771 3673 Aser
801 3613 1037 3688 pinguis
1069 3612 1194 3682 eius
1226 3610 1413 3682 panis,
1451 3584 1508 3665 et
1539 3608 1662 3680 ipse
1693 3607 1857 3662 dabit
1892 3622 2085 3662 escam
2268 3596 2414 3688 41._<<
2479 3592 3014 3688 Nepthalimqvitis
3083 3592 3357 3688 remis-sa,
3427 3590 3719 3688 poﬂrrigens-
3756 3583 3801 3636 in

432 3679 977 3783 principibus-(Gevri.
1017 3679 1164 3768 xuii,
1220 3679 1333 3770 ΞΟ).
1380 3722 1400 3746 n
1458 3679 1604 3752 Aser
1660 3694 2084 3766 interpretatio-
2194 3685 2457 3783 germine
2495 3683 2759 3783 (3600mm
2801 3685 2957 3783 ςθϐη-
2997 3699 3145 3783 Χῐιιξ,
3207 3682 3326 3783 2t).
3387 3705 3415 3732 ››
3477 3679 3807 3783 Sarmentqu

431 3765 504 3855 ne
537 3765 743 3854 Latina
789 3765 1080 3865 significat
1146 3765 1398 3844 divitias.
1467 3786 1608 3850 Quis
1668 3765 1846 3857 igitur
1902 3783 2081 3850 dives,
2193 3774 2327 3829 vitis
2365 3772 2524 3865 aliud
2567 3774 2925 3865 amputatur,
2979 3772 3135 3865 quod
3196 3772 3436 3865 videtur
3490 3765 3808 3865 inutile,.ne

430 3853 556 3944 nisi
576 3885 679 3941 ubi
712 3853 957 3939 altitudo
988 3877 1325 3934 divitiarum
1359 3880 1449 3931 est
1479 3853 1778 3945 sapientiae
1811 3877 1867 3926 et
1896 3872 2080 3938 scien-
2193 3879 2361 3917 cassa
2397 3861 2529 3916 Vitis
2570 3864 2999 3915 sarmentorum
3025 3860 3135 3931 (ῗο)
3176 3853 3807 3945 exultationeluxuriet:

734 3971 877 4037 Quis
897 3968 1056 4024 dives
1089 3965 1200 4020 nisi
1230 3964 1513 4020 Dominus
1543 3940 1739 4031 :lesus,
1765 3960 1864 4033 qui
1900 3960 2080 4016 abun-
2191 3956 2248 4008 et
2286 3950 2442 4006 aliud
2482 3948 2779 4021 paulisper
2816 3948 3109 4039 recidetur
3148 3967 3213 4005 ac
3254 3950 3606 4013 remittetur,
3630 3940 3809 4039 ut

430 4065 531 4120 dat
562 4076 812 4134 semper,
846 4063 901 4114 et
934 4070 1236 4127 nunquam
1289 4051 1528 4107 deﬁcit?
1559 4050 1788 4122 Pauper
1827 4049 1984 4104 venit
2014 4049 2073 4103 in
2191 4044 2349 4097 ctum
2390 4040 2613 4134 atterat,
2653 4040 2823 4134 cujus
2862 4038 3039 4093 decus
3079 4038 3138 4092 in
3178 4038 3812 4134 generatione-porrigi-

431 4154 588 4209 hunc
618 4123 927 4212 mundum,
970 4150 1026 4201 et
1069 4123 1343 4200 omnibus
1391 4139 1728 4210 abundavit,
1778 4138 2079 4194 universos
2189 4134 2315 4197 1UP;
2359 4129 2497 4200 (Illia
2535 4124 2676 4184 dum
2717 4128 2787 4183 ad
2829 4143 3084 4199 superna
3122 4143 3184 4182 se
3215 4123 3692 4199 Sllbrigitﬂilem
3713 4131 3813 4212 ξω·

436 4207 692 4314 replevit.
730 4207 994 4305 Quantus
1042 4237 1127 4289 est
1179 4232 1240 4287 in
1289 4229 1530 4297 divitiis,
1579 4228 1679 4301 qui
1711 4207 2080 4300 paupertate
2187 4218 2479 4314 plectitur,
2522 4221 2578 4272 et
2615 4217 2685 4272 ad
2719 4215 2997 4314 verticem
3038 4217 3390 4314 ascendens,
3406 4207 3815 4314 jugi'qd‘ﬂt‘lafl}

435 4294 544 4386 sua
571 4294 774 4385 omnes
805 4325 1010 4381 divites
1034 4323 1204 4379 fecit!
1241 4320 1351 4376 Sed
1396 4294 1617 4393 pauper
1663 4294 1900 4390 propter
1948 4334 2076 4383 nos,
2187 4307 2336 4363 colla
2372 4306 2579 4362 vitium
2610 4304 2846 4378 pretiosi
2877 4303 3135 4376 palmitis
3165 4305 3313 4361 vesti
3358 4302 3596 4398 monili:
3761 4294 3808 4347 et

437 4384 598 4475 dives
627 4433 761 4471 cum
821 4416 1007 4470 Patre.
1068 4412 1293 4483 Pauper
1316 4384 1432 4475 ille,
1466 4384 1535 4464 ut
1594 4384 1700 4463 nos
1750 4384 1820 4461 ab
1879 4405 2077 4478 inepia
2184 4397 2280 4453 ille
2320 4398 2498 4452 decus
2536 4395 2595 4450 in
2636 4393 3027 4468 generatione,
3069 4397 3209 4466 quia
3247 4393 3446 4466 plenis
3506 4384 3817 4466 palmitibus

436 4504 775 4570 vindicaret,
810 4503 960 4558 sicut
989 4498 1289 4572 apostolus
1333 4499 1500 4553 docet
1565 4496 1808 4552 dicens:
1842 4517 1869 4544 «
1931 4494 2076 4558 Quia
2184 4486 2400 4543 multos
2433 4486 2658 4541 fruetus
2681 4484 2958 4539 exundet
3180 4570 3185 4572 Α
3336 4570 3365 4572 μ
3447 4571 3450 4572 ν
3600 4565 3615 4572 _
3655 4564 3666 4572 _
3722 4560 3732 4572 ,

438 4599 675 4672 propter
702 4564 804 4647 vos
839 4564 1058 4663 pauper
1086 4592 1176 4643 est
1240 4588 1449 4654 factus,
1482 4601 1614 4641 cum
1681 4585 1841 4639 dives
1898 4587 2072 4649 esset,
2106 4587 2152 4651 Ι)
2258 4577 2342 4672 42Σ
2386 4575 2671 4672 Decorum
2719 4572 2849 4672 hoc,
2904 4573 3010 4672 sed
3071 4570 3268 4672 multo.
3310 4570 3462 4672 illud
3505 4564 3815 4672 pulchrius:

438 4647 689 4743 htvillius
721 4647 918 4751 inopia
941 4647 1043 4734 vos
1073 4674 1405 4731 ditaremini
1437 4647 1517 4747 (II
1566 4677 1693 4731 Cor.
1743 4690 1865 4741 vm,
1917 4672 1994 4743 9).
2051 4647 2079 4721 έ»
2106 4647 2142 4651 —
2189 4666 2345 4738 quod
2386 4665 2696 4720 haerentem
2741 4661 3040 4734 palmitem
3078 4661 3179 4716 viti
3221 4660 3524 4734 significat
3571 4647 3817 4751 spiritali.

437 4740 841 4847 Cujusinopia
868 4768 1035 4832 ditat,
1113 4770 1280 4821 sanat
1336 4762 1592 4829 ﬁmbria,
1653 4763 1844 4818 fames
1884 4761 2078 4828 satiat,
2190 4757 2361 4827 cujus
2391 4772 2496 4810 nos
2529 4757 2890 4809 sarmentum
2932 4767 3184 4847 sumush
3214 4754 3270 4807 et
3325 4751 3587 4847 fructum
3646 4740 3818 4798 afferre

439 4840 598 4922 mors
618 4840 889 4923 vivificat,
923 4854 1226 4928 sepultura
1254 4853 1581 4908 resuscitat.
1617 4851 1719 4906 llic
1760 4867 1893 4923 ergo
1923 4850 2082 4905 dives
2190 4861 2526 4919 possumus,
2568 4843 2616 4899 si
2659 4858 3005 4897 maneamus
3045 4841 3102 4895 in
3135 4840 3288 4896 vite:
3316 4840 3410 4896 sin
3456 4842 3818 4905 autem,prm'

438 4958 529 5011 est
552 4952 887 5014 thesaurus,
922 4947 1102 5017 hujus
1133 4942 1371 5017 pinguis
1424 4940 1613 5013 panis.
1659 4940 1727 4995 Et
1772 4941 1917 4995 bene
1958 4938 2081 5011 pin-
2193 4934 2464 4992 cidimur.

437 5008 568 5117 gruis
601 5056 775 5113 quem
807 5008 907 5110 qui
939 5008 1395 5095 manducaverit,
1424 5008 1651 5085 esurire
1690 5045 1805 5083 non
1851 5008 2081 5100 poterit.
2266 5024 2352 5079 t3.
2389 5024 2610 5117 Saulus
2638 5019 2965 5117 patriarcha
3014 5019 3393 5117 l‘iephthali‘m
3452 5008 3820 5117 erat‘palrues

441 5103 843 5201 ﬁuncpanem
870 5125 1031 5181 dedit
1062 5121 1361 5194 apostolis,
1389 5126 1451 5174 ut
1500 5119 1820 5173 dividerent
1873 5114 2086 5189 populo
2197 5114 2525 5169 abundans.
2569 5110 2729 5201 Unde
2770 5109 3000 5201 Moyses
3033 5108 3280 5201 di_cit:_«
3323 5103 3693 5201 Nephtbalim
3733 5109 3817 5201 ἐξ·

360 5242 403 5273 ί
441 5183 803 5274 credentium
831 5235 844 5284 ;
876 5183 1156 5285 hodieque
1182 5211 1283 5265 dat
1318 5207 1482 5264 nobis
1529 5224 1686 5272 eum,
1738 5223 1911 5279 quem
1964 5205 2088 5277 ipse
2197 5204 2368 5257 tietas
2408 5199 2839 5272 accipientium,
2883 5196 3201 5269 replebitur
3229 5192 3635 5285 benedictione
3672 5204 3703 5241 a
3733 5183 3823 5239 D0-

443 5305 700 5377 quotidie
732 5306 1000 5360 sacerdos
1029 5305 1327 5357 consecrat
1359 5298 1486 5354 suis
1528 5296 1741 5352 verbis.
1794 5295 1897 5351 llic
1952 5309 2088 5367 ergo
2200 5291 2381 5361 mino,
2433 5305 2593 5345 mare
2640 5293 2697 5345 et
2737 5287 2995 5343 Africum
3038 5284 3359 5359 possidebit
3420 5285 3595 5355 (Deut.
3642 5286 3817 5377 ξξξωῐξί

446 5360 614 5467 panis
645 5394 833 5449 factus
862 5400 949 5449 est
974 5409 1106 5448 esca
1134 5394 1489 5446 sanctorum.
2019 5360 2049 5367 v
2198 5382 2310 5453 23’),
2345 5360 2371 5431 ἡ
2405 5395 2697 5452 exponens
2729 5377 2835 5433 hoc
2868 5377 3022 5448 quod
3065 5376 3243 5432 Jacob
3290 5374 3543 5435 dixerat,
3585 5360 3717 5441 quid
3757 5360 3822 5415 sit

520 5535 631 5611 (t8)
662 5535 814 5591 Edit.
842 5540 899 5590 et
931 5535 1169 5607 quidam
1201 5549 1370 5600 mss.,
1403 5531 1693 5587 divisiones
1724 5529 2094 5585 tantationum
2203 5528 2343 5611 teget
2369 5523 2547 5611 ις,οεί
2561 5524 3054 5611 principalitaum

458 5578 631 5667 milia]
666 5578 814 5591 um
843 5578 899 5590 Ἠ
932 5578 1169 5607 Tuum"
1202 5578 1370 5600 ww,
1404 5578 1689 5587 mwmu"
2205 5578 2534 5654 "020.7Mss.
2561 5578 2807 5668 aliquot,
2837 5608 2907 5650 ne
2925 5607 3057 5649 casu
3088 5590 3215 5650 vitis
3250 5590 3673 5649 sarmentorum,
3708 5578 3819 5649 ,θῑοο

519 5680 630 5769 (19)
663 5677 830 5739 Rom.
883 5676 1045 5745 edit.,
1081 5677 1208 5734 σενίι
1252 5674 1519 5763 fortitudo
1568 5678 1685 5735 tua.
1722 5715 1734 5733 .
1774 5714 1787 5733 .
1825 5714 1837 5733 .
1868 5674 1921 5733 et
1970 5684 2095 5747 pro~
