4012 6192
200 330 317 393 721
966 329 1198 395 LIBER
1242 331 1344 415 ne
1392 318 2094 417 BENEDIC’UONIBUS
2141 335 2849 405 parauncasauu.
2918 394 2924 399 .
3496 316 3647 408 m

200 463 340 522 vitis
370 461 640 536 remissa,
664 462 773 523 hoc
799 471 907 536 est,
940 481 1043 541 per
1098 465 1231 525 ﬁdei
1294 466 1543 541 gratiam
1600 465 1851 524 vinculis
1881 468 1938 535 Α
1963 468 2175 544 Ioseph
2210 470 2395 529 filium
2428 473 2669 533 uberius
2706 476 3052 550 prosecutus
3101 477 3191 534 est
3245 477 3429 552 pater,
3489 477 3605 538 nisi

206 553 416 611 mortis
444 557 656 612 exutus
690 574 702 611 :
736 556 794 611 in
825 572 940 629 quo
970 555 1341 630 signiﬁcatur
1368 557 1621 630 populus
1649 557 1748 612 Dei
1781 558 1853 613 ad
1964 558 2101 630 quia
2132 562 2504 635 praefigurata
2534 565 2592 621 in
2636 582 2701 627 eo
2757 566 2876 637 jam
2934 564 3145 622 Christi
3211 567 3322 638 (23)
3376 566 3608 625 videbat

205 643 534 700 libertatem
567 644 703 701 fidei
733 649 791 702 et
822 646 1147 702 ubertatem
1189 652 1427 702 vocatus
1479 646 1699 718 gratiae,
1732 650 1853 701 toto
1964 650 2243 720 mysteria
2269 650 2297 705 ?
2328 651 2490 708 Unde
2523 653 2873 711 benedicens
2903 654 3071 710 illum
3104 655 3291 729 magis
3319 657 3422 729 qui
3480 675 3604 714 exs-

205 733 343 789 orbe
376 733 652 805 diffusus,
682 734 781 806 qui
805 734 1018 807 jugum
1050 735 1263 791 Christi
1300 736 1453 790 bono
1508 735 1699 790 fructu
1756 750 1851 790 ve-
1961 732 2327 809 pectabatur,
2359 757 2535 812 quam
2568 742 2736 797 illum
2769 744 2870 814 qui
2899 743 3221 811 videbatur,
3254 746 3335 800 ait
3367 764 3380 802 :
3431 768 3459 797 ‹‹
3517 748 3607 803 Fi-

202 821 362 892 stiat,
395 826 452 878 et
483 821 642 895 ligna
661 839 807 879 verae
837 822 997 880 illius
1025 824 1181 890 vitis,
1241 824 1351 880 hoc
1408 813 1517 893 est,
1578 822 1854 896 mysteria
1961 825 2075 883 lius
2109 846 2276 885 meus
2306 830 2680 902 ampliandus
2708 813 2943 905 Joseph.
2989 855 3019 883 ››
3064 834 3204 899 Quis
3261 839 3351 892 est
3396 836 3610 909 ampli-

200 911 517 967 Dominicae
544 911 736 968 crucis
766 912 1007 980 ambiat,
1041 930 1147 969 nec
1207 913 1410 968 timeat
1467 912 1852 968 confessionis

199 1001 330 1071 ejus
362 999 710 1072 periculum,
746 1001 843 1056 sed
873 999 1063 1074 magis
1091 1000 1264 1057 etiam
1320 1002 1375 1056 in
1437 1001 1851 1073 persecutioni-

194 1090 310 1145 bus
341 1090 570 1161 positus
602 1089 755 1147 526
786 1090 999 1146 Christi
1031 1090 1265 1146 nomine
1296 1089 1596 1163 glorietur.

265 1179 357 1233 44.
391 1177 494 1234 Hic
516 1182 606 1235 est
634 1195 765 1234 vere
804 1178 1091 1236 remissus
1137 1197 1172 1235 a
1201 1178 1473 1247 vinculis,
1532 1179 1635 1250 qui
1684 1177 1845 1234 nullo

187 1284 345 1324 nexu
378 1266 711 1324 formidinis
742 1267 1036 1340 alligetur.
1072 1268 1235 1325 Unde
1267 1272 1324 1324 et
1352 1268 1634 1339 propheta
1655 1266 1797 1322 dicit
1828 1286 1841 1323 :

186 1380 216 1407 ‹‹
254 1357 533 1422 Exibunt,
566 1360 624 1412 et
649 1356 1060 1429 tripudiabunt
1089 1356 1241 1414 sicut
1259 1356 1427 1412 vituli
1455 1355 1693 1412 resoluti
1717 1356 1842 1411 vin-

182 1446 341 1504 culis
372 1446 586 1518 (Μαίας.
619 1463 696 1516 ιν,
730 1452 804 1513 2).
842 1468 869 1496 »
903 1446 1153 1518 Ideoque
1183 1447 1241 1501 in
1287 1445 1549 1519 germine
1579 1462 1685 1501 suo
1742 1446 1843 1501 de-

180 1552 383 1592 corem
415 1535 683 1608 porrigit,
721 1535 861 1609 quia
890 1535 951 1590 in
1017 1535 1143 1591 loco
1212 1552 1440 1607 pascua;
1481 1534 1750 1599 collatus,
1784 1538 1843 1589 et

179 1641 368 1698 super
396 1640 611 1696 aquam
643 1624 978 1681 refectionis
1007 1625 1310 1692 educatus,
1358 1641 1458 1696 per
1514 1640 1840 1679 sacramen-

175 1719 237 1770 ta
270 1712 737 1786 regenerationis
776 1730 901 1768 sua
925 1712 1217 1786 germinat
1247 1714 1465 1773 bonum
1514 1712 1674 1768 verbi
1734 1712 1839 1767 de-

1958 917 2170 984 andus,
2203 918 2314 974 nisi
2351 919 2640 988 Christus,
2662 922 2832 992 cujus
2862 923 3048 994 gratia
3074 938 3306 995 semper
3335 930 3603 997 augetur,

1956 1009 2014 1060 et
2062 1008 2237 1063 ﬁnem
2260 1025 2567 1080 processus
2596 1011 2684 1065 sui
2720 1027 2833 1065 non
2888 1010 3063 1068 habet
3090 1010 3321 1083 gloria?
3356 1016 3429 1069 De
3486 1032 3602 1087 quo

1956 1099 2013 1150 et
2031 1095 2287 1153 Joannes
2319 1098 2464 1154 dicit
2497 1115 2509 1153 :
2547 1122 2574 1148 «
2611 1098 2779 1155 Illum
2811 1104 3038 1172 oportet
3067 1118 3345 1173 crescere,
3375 1120 3470 1159 me
3500 1121 3599 1162 au-

1954 1188 2071 1241 tem
2103 1187 2382 1243 minorari
2413 1188 2589 1259 (Joan.
2625 1206 2707 1256 III,
2741 1190 2853 1261 30),
2889 1211 2918 1239 ››
2948 1189 3087 1262 quia
3117 1208 3220 1262 per
3274 1192 3466 1264 ipsius
3523 1193 3593 1249 il—

1952 1273 2053 1330 lud
2087 1274 2340 1332 salutare
2357 1277 2796 1349 perfectumque
2826 1295 3040 1335 nomen
3073 1280 3372 1337 cumulata
3413 1287 3504 1338 est
3534 1282 3594 1339 in

1951 1363 2060 1419 hoc
2091 1366 2312 1421 mundo
2343 1372 2399 1421 et
2430 1366 2749 1422 abundavit
2778 1368 2984 1441 gratia.
3025 1389 3045 1416 α
3072 1369 3253 1425 Filius
3285 1387 3452 1427 meus
3474 1388 3599 1427 am-

1950 1451 2225 1524 pliandus
2260 1472 2273 1522 ;
2310 1476 2337 1502 »
2383 1457 2441 1509 et
2467 1454 2596 1510 ideo
2623 1455 2762 1527 quia
2824 1455 3101 1513 videbant
3147 1475 3280 1513 eum
3341 1476 3598 1517 crescere

1950 1541 2182 1608 fratres,
2214 1547 2271 1597 et
2301 1542 2556 1599 invidere
2586 1548 2904 1615 coeperunt.
2950 1544 3340 1620 Intelligibilis
3396 1553 3595 1606 autem

1946 1629 2160 1702 Joseph
2192 1635 2248 1685 et
2267 1631 2456 1687 zelum
2490 1631 2693 1687 incidit
2723 1633 2889 1689 abiis
2920 1651 3068 1706 quos
3098 1636 3288 1709 magis
3345 1637 3591 1695 fovebat.

1946 1718 2205 1792 Denique
2235 1720 2464 1777 dicebat
2497 1738 2509 1774 :
2545 1744 2573 1770 «
2604 1720 2729 1777 Non
2758 1721 2888 1777 veni
2919 1723 3036 1779 nisi
3069 1725 3138 1779 ad
3199 1741 3335 1781 oves
3404 1728 3594 1799 perdi-

176 1805 494 1903 cor-em,”et
518 1802 847 1903 assumitur
868 1803 927 1903 in
958 1802 1124 1858 illam
1145 1800 1616 1903 pulcherrimam
1645 1800 1834 1901 .Chri-
1866 1838 1913 1903 Β
1943 1811 2032 1864 tas
2062 1810 2271 1865 domus
2302 1808 2475 1865 Israel
2507 1811 2712 1879 (Malth.
2746 1828 2838 1880 xv,
2870 1812 2982 1885 24).
3021 1835 3048 1863 »
3080 1814 3147 1868 Et
3166 1812 3248 1868 illi
3282 1814 3592 1885 dicebant;

174 1892 249 1949 sti
285 1892 565 1966 gratiam,
598 1891 697 1964 qui
733 1896 925 1964 potest
953 1895 1318 1948 venustatem
1349 1891 1433 1947 tui
1467 1891 1691 1948 decoris
1722 1907 1830 1946 au-

172 1998 338 2055 gere.

239 2072 340 2126 45.
384 2070 648 2143 Denique
680 2086 857 2142 super
884 2087 1089 2126 omnes
1117 2070 1385 2137 decorus,
1439 2069 1594 2142 quod
1653 2069 1830 2125 habet

169 2160 382 2227 donat,
418 2158 557 2231 quia
587 2176 756 2215 nemo
787 2163 978 2231 potest
1006 2160 1224 2214 donare
1258 2160 1412 2231 quod
1458 2176 1573 2214 non
1632 2158 1826 2228 habet,

168 2251 436 2322 Ideoque
466 2249 686 2304 dictum
717 2255 807 2305 est
838 2266 850 2303 :
877 2273 905 2299 ‹‹
936 2248 1217 2305 Dominus
1248 2248 1536 2321 regnabit,
1559 2248 1826 2304 decorem

164 2338 372 2397 induit
403 2339 572 2410 (Psal.
611 2355 746 2406 xcu,
776 2339 848 2410 4).
870 2362 897 2388 ››
930 2338 1128 2395 Induit
1152 2339 1309 2394 enim
1341 2339 1609 2394 decorem
1639 2336 1825 2393 Eccle-

168 2428 270 2483 siae
308 2428 525 2500 gratia,
557 2446 682 2501 quae
714 2428 773 2484 in
804 2427 903 2483 illo
946 2426 1171 2483 lavacro
1232 2427 1528 2499 deponens
1594 2425 1825 2481 fcedita-

166 2521 294 2574 tem
323 2516 592 2573 omnium
623 2517 988 2588 delictorum,
1022 2516 1328 2588 splendore
1377 2515 1575 2587 gratiae
1633 2514 1827 2570 003188-

166 2607 240 2662 tis
276 2606 519 2663 enituit.
554 2607 804 2679 Ideoque
838 2623 1094 2679 sponsus
1126 2607 1196 2661 de
1222 2622 1290 2660 ea
1344 2604 1485 2660 dicit
1534 2623 1546 2660 :
1587 2627 1607 2653 ι
1661 2606 1823 2670 Quaa-

168 2713 313 2753 nam
378 2701 469 2753 est
534 2696 653 2753 haec
719 2695 1081 2769 prospiciens
1151 2700 1431 2767 tanquam
1499 2692 1824 2749 diluculum

167 2784 363 2842 electa
398 2785 552 2841 sicut
574 2785 683 2851 sol,
715 2784 981 2857 speciosa
1009 2786 1162 2841 sicut
1184 2783 1345 2851 luna,
1380 2781 1729 2838 miraculum
1752 2783 1825 2838 si-

170 2879 266 2931 cut
303 2878 556 2931 ornatus
586 2874 697 2946 (21)
729 2874 912 2947 (Cant.
940 2890 1017 2942 vr,
1048 2874 1102 2941 9)
1132 2873 1160 2928 ?
1192 2894 1219 2922 »

793 2989 1024 3045 CAPUT
1056 2988 1147 3043 XI.

175 3081 225 3136 In
255 3079 622 3136 benedicendo
651 3080 842 3150 Ioseph
865 3079 1165 3150 longiorem
1191 3079 1372 3150 fuisse,
1391 3077 1606 3150 (reatum
1641 3076 1821 3150 Iacob,

240 3153 384 3223 quia
408 3147 780 3223 prwﬁgurala'
815 3153 877 3204 in
923 3147 1239 3223 edChristz'
1282 3147 1510 3223 videbat
1537 3148 1819 3223 mysteria.

242 3220 347 3349 Illis
374 3220 544 3349 p'otrro
571 3220 814 3294 ejusdem
845 3221 1230 3277 benedictionis
1256 3227 1437 3291 partes
1458 3220 1702 3288 singulae
1730 3235 1825 3290 ap-

240 3312 278 3367 p
308 3311 431 3349 won
462 3310 548 3348 ur.

249 3413 342 3467 46.
376 3411 543 3467 Nunc
573 3412 639 3465 ut
666 3413 950 3480 tanquam
981 3406 1209 3480 epilogo
1267 3406 1523 3478 quodam
1591 3405 1824 3462 conclu-

181 3498 394 3555 damus
426 3497 755 3565 historiam,
780 3497 932 3553 sicut
958 3500 1009 3552 et
1034 3496 1334 3567 Scriptura
1352 3484 1658 3561 conclusit,
1691 3511 1829 3567 pro-

184 3588 440 3661 phetiam
472 3588 657 3644 sancti
687 3586 867 3642 Jacob
889 3586 959 3641 de
980 3584 1164 3641 sancti
1181 3582 1393 3655 joseph
1410 3583 1646 3638 nomine
1667 3584 1826 3656 dige-

187 3694 373 3737 ramus
408 3694 420 3731 :
448 3700 474 3729 «
510 3676 692 3731 Filius
713 3674 1090 3747 ampliandus
1112 3671 1522 3743 meus,Joseph
1536 3671 1695 3727 filius
1713 3688 1830 3727 am-

189 3765 456 3839 pliandus
487 3782 674 3832 meus,
691 3763 970 3819 zelandus
990 3762 1149 3818 ﬁlius
1168 3778 1334 3817 meus
1384 3760 1828 3829 adolescentior,

190 3857 258 3911 ad
275 3872 365 3913 me
380 3859 680 3911 revertere.
692 3855 756 3909 In
769 3869 942 3925 quem
958 3850 1266 3909 consilium
1282 3848 1645 3906 conferentes
1657 3851 1833 3907 male—

192 3942 932 4012 dicebant,etintendebant
947 3941 1008 3996 in
1022 3956 1156 3995 eum
1169 3938 1401 3996 Domini
1418 3943 1705 4006 acrum,et
1718 3956 1826 3997 con

191 4033 597 4090 tritisuntcum
614 4030 870 4103 potentia
890 4046 1062 4086 arcus
1078 4034 1367 4098 eorum,et
1382 4030 1653 4087 dissoluti
1694 4035 1835 4086 sunt

193 4122 339 4177 nervi
354 4120 725 4178 brachiorum
743 4134 1025 4175 manuum
1043 4135 1244 4174 eorum
1260 4134 1363 4189 per
1374 4135 1549 4174 manu
1561 4136 1616 4173 m
1632 4122 1831 4191 poten-

191 4209 747 4281 tisJacob,indeque
770 4205 1261 4280 praevaluitlsrael
1302 4224 1336 4261 a
1384 4208 1493 4263 Deo
1526 4209 1715 4280 patris
1745 4213 1837 4276 tui

192 4300 312 4385 (22).
345 4298 721 4369 Etadjuvitte
751 4296 907 4352 Deus
936 4302 1194 4362 meus,et
1214 4295 1507 4353 benedixit
1528 4302 1583 4353 te
1612 4297 1839 4352 benedi-

192 4388 367 4444 ctione
388 4387 513 4445 cceli
550 4405 583 4444 a
612 4402 868 4452 summo,
901 4390 959 4441 et
988 4386 1397 4442 benedictione
1429 4389 1592 4440 terrae
1619 4386 1835 4441 haben-

196 4477 270 4532 tis
295 4477 510 4533 omnia.
544 4476 786 4547 Propter
813 4473 1282 4530 benedictionem
1315 4474 1566 4530 uberum
1597 4479 1654 4531 et
1712 4473 1835 4529 vul-

1945 1920 1973 1947 α
2004 1898 2310 1954 Nescimus
2342 1899 2496 1954 unde
2528 1898 2605 1954 sit
2634 1899 2812 1971 (Joan.
2849 1917 2924 1968 υς,
2976 1902 3086 1973 29).
3122 1924 3149 1950 ››

1938 2003 2058 2055 eos,
2092 1992 2150 2044 et
2180 1987 2264 2043 illi
2298 1988 2591 2060 negabant
2620 2005 2773 2044 eum.

2011 2077 2097 2131 48.
2132 2099 2161 2126 «
2193 2076 2394 2144 Filius,
2426 2077 2639 2149 inquit,
2668 2094 2839 2134 meus
2872 2078 3311 2136 adolescentior.
3340 2103 3366 2130 ››
3417 2081 3588 2141 Reve-

1938 2183 2002 2221 ra
2035 2166 2183 2223 527
2221 2165 2665 2232 adolescentior,
2699 2167 2800 2239 qui
2831 2172 2957 2223 erat
2984 2184 3130 2239 pene
3186 2168 3432 2226 ultimus
3488 2188 3597 2241 na-

1937 2259 2022 2310 tu.
2056 2255 2318 2326 Denique
2348 2260 2405 2310 et
2432 2256 2734 2328 Scriptura
2761 2256 2904 2313 dicit
2935 2274 2947 2311 :
2985 2279 3013 2306 «
3044 2256 3295 2313 Amabat
3323 2275 3457 2317 eum
3486 2260 3590 2317 Ja-

1937 2345 2219 2416 cob,quia
2250 2343 2407 2400 ﬁlius
2427 2345 2744 2400 senectutis
2800 2349 2923 2400 erat
2954 2344 3038 2400 illi
3070 2345 3438 2417 (Gen.xxxvu,
3471 2350 3589 2421 3).»

1935 2434 2095 2499 Quod
2128 2433 2302 2488 etiam
2336 2433 2405 2488 ad
2437 2432 2733 2488 Christum
2766 2433 3032 2490 refertur.
3061 2435 3394 2493 Senescenti
3424 2438 3583 2495 enim

1936 2523 2155 2578 mundo
2185 2526 2242 2577 et
2261 2523 2385 2593 jam
2418 2521 2700 2577 occidenti
2735 2520 3081 2578 illucescens
3112 2524 3213 2579 Dei
3248 2526 3432 2581 Filius
3480 2544 3583 2600 per

1934 2611 2129 2667 Maria:
2192 2609 2437 2681 virginis
2502 2614 2759 2681 partum,
2823 2626 2991 2666 serus
3066 2612 3319 2680 advenit,
3417 2616 3588 2685 quasi

1936 2700 2092 2755 ﬁlius
2123 2698 2444 2755 senectutis
2472 2698 2797 2754 secundum
2848 2704 3281 2756 sacramentum
3330 2703 3590 2774 suscepit

3206 1901 3307 1957 Ille
3352 1904 3596 1977 curabat
3616 1954 3621 1959 .

1934 2804 2148 2861 corpus
2178 2788 2311 2860 (2i),
2344 2787 2445 2859 qui
2476 2791 2599 2842 erat
2632 2791 2772 2843 ante
2802 2786 3013 2844 saecula
3041 2804 3274 2860 semper
3301 2790 3456 2863 apud
3488 2791 3590 2849 Pa-

1932 2881 2102 2933 trem.

2006 2968 2091 3022 49.
2127 2966 2291 3022 Unde
2321 2964 2460 3020 dicit
2490 2965 2561 3021 ad
2592 2981 2729 3021 eum
2757 2965 2926 3021 Pater
2959 2982 2971 3021 :
3008 2987 3036 3015 ‹‹
3064 2966 3152 3021 Ad
3186 2982 3279 3022 me
3333 2972 3581 3027 reverte-

1933 3072 2014 3123 re,
2050 3076 2078 3104 »
2109 3071 2325 3111 vocans
2354 3070 2488 3110 eum
2519 3054 2591 3109 ad
2622 3053 2833 3109 coelum
2869 3055 2939 3109 de
2970 3053 3166 3122 terris,
3217 3071 3392 3126 quem
3450 3074 3583 3129 pro-

1933 3149 2060 3218 pter
2088 3148 2348 3199 nostram
2380 3141 2627 3199 salutem
2671 3142 2931 3199 miserat.
2964 3147 3168 3215 Itaque
3225 3146 3581 3205 resuscitans

1937 3234 2148 3290 Filium
2180 3248 2356 3289 suum
2388 3231 2781 3304 unigenitum,
2813 3230 3113 3288 evacuavit
3141 3232 3447 3293 consilium
3466 3252 3584 3292 ma-

1933 3322 2329 3379 ledicentium.
2364 3321 2526 3376 Unde
2554 3325 2611 3376 et
2640 3319 2822 3376 Isaias
2851 3320 2993 3375 dicit
3024 3338 3036 3376 :
3071 3344 3099 3371 ‹‹
3129 3321 3360 3378 Vanum
3387 3323 3579 3379 conci-

1937 3411 2082 3467 lium
2114 3409 2357 3482 spiritus
2386 3409 2562 3464 vestri
2610 3410 2735 3479 (Isa.
2794 3426 2909 3475 xxx,
2971 3410 3078 3480 11).
3112 3432 3140 3462 »
3201 3411 3267 3467 Et
3322 3412 3583 3471 convicta

1939 3517 2066 3572 quae
2097 3497 2265 3572 quasi
2312 3496 2644 3569 jaculantes
2701 3498 2948 3570 sagittas
3006 3498 3354 3573 dirigebant,
3412 3501 3586 3558 solvit

1938 3588 2180 3645 omnia:
2232 3586 2502 3641 contrivit
2550 3602 2751 3641 eorum
2808 3586 3151 3657 potentiam,
3213 3589 3399 3661 quiin
3460 3592 3584 3648 suis

1937 3676 2274 3743 virtutibus,
2305 3678 2361 3730 et
2392 3691 2505 3729 non
2538 3674 2599 3728 in
2629 3674 2746 3730 Deo
2777 3675 3135 3733 confidentes
3158 3679 3582 3750 erant.«lnde,»

1940 3766 2151 3838 inquit,
2189 3786 2216 3815 ‹‹
2240 3761 2538 3835 praevaluit
2568 3762 2744 3818 Israel
2775 3780 2809 3817 a
2837 3763 2953 3819 Deo
3012 3764 3197 3835 patris
3229 3766 3334 3834 tui,
3367 3771 3423 3822 et
3481 3769 3582 3824 ad~

1932 3855 2090 3928 juvit
2118 3858 2175 3909 te
2203 3854 2357 3909 Deus
2389 3867 2576 3907 meus.
2611 3874 2640 3901 »
2668 3851 2809 3915 Quis
2839 3854 2927 3907 est
2958 3853 3059 3924 qui
3091 3853 3437 3911 confortavit
3495 3857 3585 3911 Is-

1941 3943 2061 4001 rael
2093 3946 2151 3999 et
2181 3939 2405 4013 adjuvit
2434 3939 2769 4007 ﬁlium,nisi
2798 3938 2959 3995 solus
2989 3940 3143 3996 Deus
3173 3940 3346 3997 Pater
3374 3942 3472 4013 qui
3503 3943 3586 3998 di-

1940 4034 2024 4090 xit
2056 4051 2069 4087 :
2104 4056 2130 4083 ‹‹
2163 4030 2341 4087 Jacob
2371 4046 2513 4102 puer
2544 4045 2732 4098 meus,
2792 4028 3111 4101 suscipiam
3170 4046 3302 4085 eum
3336 4045 3352 4086 :
3407 4029 3584 4091 Israel

1944 4123 2163 4180 electus
2193 4136 2381 4188 mens,
2413 4117 2697 4190 suscipiat
2725 4135 2859 4174 eum
2890 4118 3086 4173 anima
3132 4133 3263 4175 mea
3317 4119 3424 4190 (Isa
3449 4137 3583 4188 XLII,

1945 4212 2021 4284 4).
2056 4233 2085 4261 »

2015 4300 2105 4355 50.
2132 4321 2159 4349 ‹‹
2193 4299 2264 4353 Et
2291 4295 2588 4353 benedixit
2617 4313 2751 4352 eum
2783 4294 3185 4351 benedictione
3231 4295 3360 4352 οωΙί
3414 4297 3587 4352 desu-

1947 4406 2070 4461 per,
2103 4391 2160 4443 et
2188 4386 2586 4441 benedictione
2618 4389 2781 4440 terrae
2811 4383 3085 4439 habentis
3106 4383 3324 4440 omnia.
3363 4411 3384 4433 »
3448 4385 3586 4442 0m-

1951 4479 2049 4533 nia
2072 4475 2228 4532 enim
2261 4474 2512 4545 subjecit
2542 4474 2615 4540 ei,
2647 4472 2903 4528 coelestia
2931 4472 3083 4529 sicut
3121 4473 3588 4531 benedictionem

184 4570 269 4620 vae
297 4567 727 4623 benedictiones
772 4563 956 4636 patris
984 4562 1072 4618 tui
1111 4567 1167 4618 et
1197 4563 1402 4619 matris
1450 4568 1563 4619 tuae
1604 4580 1819 4635 praeva-
1850 4574 1897 4637 D
1929 4564 2080 4634 cceli,
2112 4568 2170 4620 et
2199 4568 2358 4619 terra
2381 4562 2534 4617 sicut
2564 4561 3029 4618 benedictionem
3058 4566 3248 4632 terrae,
3280 4566 3346 4619 ut
3388 4566 3445 4620 et
3488 4563 3590 4620 ho-

191 4651 413 4710 luerunt
440 4670 620 4727 super
647 4652 1082 4709 benedictiones
1114 4652 1403 4707 montium
1431 4652 1816 4719 manentium,

193 4747 245 4798 et
273 4744 555 4801 desideria
583 4742 820 4799 collium
850 4745 1199 4797 aeternorum
1267 4744 1440 4796 erunt
1497 4758 1674 4814 super
1725 4758 1817 4797 ca-

192 4836 289 4903 put
313 4833 549 4905 Joseph,
580 4837 638 4888 et
668 4847 845 4904 super
873 4830 1147 4886 verticem
1181 4846 1384 4886 eorum
1415 4830 1629 4902 quibus
1674 4848 1816 4903 prae-

192 4919 311 4992 fuit,
339 4923 586 4979 fratrum
617 4920 769 4993 (Gen.
802 4937 952 4990 XLIX,
984 4920 1196 4989 22-26).
1223 4939 1250 4968 »

256 5010 509 5075 47.0w:
555 5024 733 5063 causa
796 5011 885 5063 est
948 5006 1102 5078 quod
1172 5021 1347 5076 super
1413 5023 1616 5063 omnes
1669 5006 1822 5063 ﬁlios

266 5168 271 5175 4

397 5167 550 5251 Edit.
581 5171 720 5250 vett,
746 5167 1043 5251 mirabilis,
1075 5167 1219 5221 sicut
1240 5170 1485 5248 ornatus.
1521 5166 1827 5251 Rom.,mi-

286 5241 379 5293 clas
402 5248 543 5293 sicut
562 5239 1076 5293 ordmalzo.Mss.ut
1106 5255 1213 5293 nos
1242 5255 1301 5292 1n
1326 5238 1654 5292 textu.L.\X
1671 5255 1824 5293 vero.

191 5237 379 5295 rabilis
402 5243 543 5296 sicut
562 5239 1076 5295 ordinatio.Mss.ut
1106 5255 1213 5293 nos
1242 5237 1301 5292 in
1326 5238 1654 5292 textu.LXX
1671 5255 1824 5302 vero,

191 5308 360 5372 θάμϐος
434 5311 495 5365 ὡς
544 5310 837 5373 τεταγμέναι
899 5317 1079 5381 Pavor
1141 5319 1216 5381 ut,
1265 5308 1562 5371 ordinatae,
1589 5380 1594 5381 ί
1622 5311 1828 5381 supple

192 5383 342 5438 acies.
400 5382 564 5439 Unde
618 5380 1027 5453 Symmachus
1067 5380 1148 5435 ita
1204 5380 1409 5453 habet
1442 5397 1489 5453 ιη
1518 5380 1828 5453 ἐπίφοϐοςῷς

190 5453 442 5579 virentia
464 5450 804 5517 παρεμϐὀλῶν,
839 5456 894 5509 et
921 5450 1190 5524 Vulgata,
1229 5451 1517 5507 Terribilis
1574 5458 1634 5506 ut
1689 5452 1831 5506 acies

190 5539 246 5578 or
282 5542 378 5579 ma
450 5567 464 5579 .

190 5526 464 5580 ordinata.

270 5599 384 5667 22).
419 5596 487 5652 In
517 5595 627 5651 hoc
656 5595 781 5652 loco
812 5598 1067 5667 mss.et_
1100 5596 1223 5667 ant.
1268 5592 1413 5667 edit.
1441 5592 1656 5667 “(ferme
1714 5610 1829 5648 non

192 5663 484 5733 diﬂ'er'unt,
507 5667 620 5723 nisi
644 5667 800 5739 quod
831 5667 930 5723 ubi
963 5666 1023 5720 in
1054 5664 1148 5721 his
1171 5663 1402 5735 legitur,
1431 5664 1528 5720 Ille
1556 5666 1654 5736 qui
1686 5681 1831 5735 prie-

1925 4654 2187 4711 minibus
2218 4656 2276 4707 et
2307 4650 2531 4722 angelis
2563 4650 2987 4706 dominaretur.

1997 4745 2087 4799 51.
2118 4742 2318 4812 Itaque
2356 4739 2415 4795 in
2447 4738 2545 4795 illo
2574 4739 2732 4795 velut
2787 4738 3236 4812 comtemptibili
3295 4754 3533 4811 corpore
3568 4773 3581 4811 ε

1927 4856 1954 4883 ‹‹
1989 4828 2370 4895 Praevaluisti,
2404 4850 2431 4878 ››
2463 4827 2677 4901 inquit,
2732 4850 2759 4878 «
2820 4832 3055 4900 propter
3109 4828 3580 4883 benedictionem

1930 4922 2178 4977 uberum
2210 4922 2268 4973 et
2296 4916 2503 4986 vulva,
2535 4916 2974 4973 benedictiones
3004 4916 3187 4989 patris
3226 4916 3312 4970 tui
3345 4919 3402 4970 et
3456 4931 3582 4970 ma-

1929 5011 2059 5065 tris.
2096 5030 2123 5057 ››
2154 5007 2342 5063 Ubera
2385 5005 2473 5061 vel
2505 5007 2620 5062 duo
2678 5007 3052 5062 Testamenta
3108 5003 3274 5071 dixit,
3333 5019 3581 5074 quorum

1934 5170 2112 5225 valuit
2142 5186 2175 5222 α
2206 5169 2307 5223 Deo
2337 5168 2506 5223 Israel
2527 5168 2675 5237 patri
2693 5174 2803 5228 tuo,
2833 5170 2890 5219 et
2918 5164 2978 5219 in
3011 5163 3271 5237 Rom._..._
3306 5167 3467 5235 pater
3494 5172 3582 5220 tu-

1934 5258 1997 5295 us
2031 5256 2043 5294 :
2082 5240 2299 5306 habent
2330 5234 2563 5292 illorum
2597 5236 2857 5308 plerique
2887 5250 3092 5290 omnes
3124 5252 3137 5289 :
3171 5234 3408 5306 Indeque
3433 5252 3580 5308 prae-

1934 5312 2113 5367 valuit
2140 5310 2310 5365 Israel
2339 5326 2375 5364 a
2404 5311 2510 5363 Deo
2541 5307 2711 5367 petris
2740 5307 2840 5360 lui.

2010 5383 2124 5451 (23)
2154 5382 2293 5436 Mss.
2328 5376 2594 5443 nonnuli,
2613 5380 2752 5451 ineo
2769 5377 3188 5451 praeﬁgurantia
3219 5376 3442 5451 Christi,
3478 5382 3580 5451 etc.

2035 5446 2125 5519 24)
2158 5453 2237 5506 Ita
2270 5466 2411 5504 mss.
2447 5453 2651 5520 praeter
2674 5446 2802 5502 Vat.
2836 5450 2893 5520 et
2920 5446 3134 5503 Theod.
3167 5448 3268 5520 qui
3299 5464 3433 5504 cum
3464 5450 3586 5505 edit

1940 5518 2598 5590 habent,sacramentwn
2629 5518 2864 5590 suscepti
2890 5521 3153 5590 corporis.
3182 5518 3357 5574 Porro
3384 5535 3583 5581 secun-

1940 5595 2072 5651 dum
2101 5588 2504 5665 sacramentum
2523 5589 2617 5642 hic
2649 5588 2803 5665 idem
2835 5592 2943 5665 est,
2980 5588 3052 5647 ac
3081 5590 3404 5649 secundum
3435 5607 3586 5665 mys-

1941 5666 2155 5723 terium
2185 5664 2245 5720 in
2273 5660 2490 5734 Ioseph
2521 5659 2979 5733 pranfiguratum.
