4104 6156
485 315 605 379 723

1923 314 1987 377 S.
2039 310 2407 375 AMBROSll
3730 321 3820 383 72$

486 450 668 509 altero
697 446 1041 506 enuntiatus
1071 454 1178 519 est,
1216 450 1394 508 altero
1428 451 1889 508 demonstratus.
1928 452 1999 508 Et
2029 453 2126 510 be-
2158 447 2212 515 A
2241 447 2330 506 los
2362 449 2635 509 sublimis
2669 447 2857 508 meriti
2911 438 3069 506 viros
3092 445 3453 523 patriarchas
3483 450 3538 505 et
3564 449 3824 524 prophetas

486 557 559 596 ne
634 541 833 609 ubera,
894 541 1173 613 quoniam
1230 541 1386 597 velut
1432 543 1694 614 qundam
1727 560 1831 597 nos
1881 542 2129 615 Spiritali

484 628 631 685 lacte
661 628 913 685 nutritos
944 630 1228 698 educavit,
1262 635 1317 686 et
1349 632 1559 686 obtulit
1592 632 1705 687 Dco
1741 632 1921 687 Filius
1969 632 2080 704 (‘25)
2116 648 2127 686 :

484 717 573 774 vel
605 718 798 775 Maria:
829 719 969 774 dicit
999 721 1196 786 ubera,
1231 738 1357 792 quze
1398 737 1528 777 vere
1587 720 1889 777 benedicta
1947 726 2133 791 erant,

489 808 708 880 quibus
740 812 940 864 sancta
967 808 1144 881 Virgo
1193 809 1409 882 populo
1439 811 1669 866 Domini
1704 816 1903 883 potum
1966 810 2135 865 lactis

488 897 796 953 immulsit.
832 897 994 952 Unde
1044 903 1100 953 et
1157 898 1253 954 illa
1285 900 1496 955 mulier
1542 901 1595 955 in
1648 900 1957 971 Evangelio
2007 899 2132 955 ait:

489 1009 517 1035 ‹‹
551 986 761 1041 Beatus
789 989 989 1041 venter
1019 987 1116 1058 qui
1148 991 1203 1042 te
1250 988 1519 1060 portavit,
1563 995 1617 1044 et
1647 990 1827 1044 ubera
1858 1006 1983 1061 quas
2043 1006 2137 1043 su-

1852 1102 1879 1127 ‹‹
1939 1076 2135 1132 Vulvze

1799 1169 1845 1223 si
1903 1168 2135 1223 vulvam

488 1255 674 1311 solam
706 1254 896 1310 Mariae
928 1255 1178 1311 velimus
1205 1256 1548 1326 intelligere,
1574 1275 1676 1313 cur
1710 1261 2022 1329 utramque
2044 1258 2138 1313 be-

1944 1347 2138 1402 Potuit

489 1432 647 1489 enim
680 1432 872 1488 dicere
901 1433 969 1488 de
993 1434 1118 1489 sola
1164 1434 1334 1489 vulva
1398 1435 1623 1491 matris.
1660 1438 1770 1492 Sed
1831 1436 2135 1508 pulchrius

490 1521 761 1591 arbitror,
795 1528 860 1577 ut
888 1524 1211 1578 secundum
1246 1523 1507 1595 spiritale
1539 1526 1884 1597 mysterium
1915 1524 2135 1581 intelli-

489 1627 700 1683 gamus
731 1615 1043 1683 utramque
1083 1613 1516 1684 generationem
1576 1614 1807 1669 Domini
1861 1614 2023 1680 Jesu,
2084 1618 2139 1669 et

490 1701 816 1755 secundum
848 1700 1231 1767 divinitatem,
1252 1707 1307 1756 et
1336 1704 1657 1757 secundum
1685 1721 1918 1758 carnem
1954 1722 1967 1771 ;
2002 1704 2139 1775 quia

486 1074 621 1131 xisti
655 1074 804 1145 (Luc.
838 1093 916 1143 x1,
948 1078 1038 1146 27)
1070 1076 1081 1131 Ι
1122 1100 1147 1126 ››
1195 1079 1357 1142 Quod
1387 1083 1579 1134 autem
1646 1078 1725 1133 ait
1760 1097 1772 1134 :

488 1164 950 1220 benedictionem
985 1168 1166 1237 patris
1196 1169 1279 1222 tui
1303 1173 1360 1223 et
1411 1169 1636 1231 matris,
1704 1192 1730 1216 ››

490 1342 882 1399 n‘edictionem
937 1345 1324 1413 conjunxerit,
1391 1346 1595 1401 latebit
1661 1364 1855 1401 causa.

2242 544 2299 597 et
2319 542 2613 614 apostolos
2635 560 2648 610 ;
2672 543 2773 598 sed
2804 540 2980 596 etiam
3011 539 3166 595 ultra
3188 538 3829 611 solem,lunam,archau-

2242 631 2424 703 gelos,
2462 636 2741 703 tanquam
2804 630 2929 686 ρωΙί
2982 629 3177 685 lumen
3242 628 3499 694 emicuit,
3555 630 3691 686 sicut
3730 631 3829 704 ipse

2244 720 2324 776 ait
2357 738 2369 776 :
2405 744 2431 770 «
2466 720 2589 775 Non
2623 725 2711 776 est
2751 717 3078 791 discipulus
3128 734 3303 789 super
3354 717 3701 789 magistrum,
3752 737 3831 775 nec

2245 826 2447 864 servus
2474 825 2650 880 super
2679 809 2986 863 dominum
3019 807 3231 876 (Matth.
3263 824 3318 874 x,
3349 806 3460 877 24).
3506 828 3532 855 ››
3561 806 3685 870 Quis
3709 809 3832 864 enim

2243 897 2478 953 illorum
2512 899 2639 965 fuit,
2674 900 2765 953 cui
2799 898 3064 969 subjecta
3091 895 3521 957 essentomnia,
3551 897 3742 966 quibus
3767 898 3835 970 ip-

2246 1005 2308 1043 se
2337 988 2573 1043 donavit
2594 989 2743 1060 quod
2779 991 2944 1043 erant
2964 987 2991 1042 ‘?
3044 988 3105 1041 In
3138 1003 3254 1058 quo
3308 984 3715 1041 benedicuntur
3738 1003 3837 1042 om-

2247 1093 2351 1132 nes
2379 1077 2561 1132 sancti
2595 1078 2742 1148 ejus,
2768 1076 3050 1148 quiaipse
3072 1080 3161 1132 est
3182 1091 3357 1146 super
3386 1074 3573 1146 capita
3613 1076 3837 1132 omnium

2246 1170 2421 1239 caput
2441 1166 2727 1220 omnium.
2756 1165 2942 1237 Caput
2968 1165 3126 1220 enim
3161 1164 3426 1219 mulieris
3457 1163 3725 1235 vir,caput
3756 1165 3840 1219 viri

2245 1254 2528 1311 Christus.
2555 1278 2582 1304 ‹‹
2617 1257 2685 1310 Et
2716 1271 2890 1326 super
2918 1254 3161 1309 vertices
3196 1253 3552 1319 montium,»
3596 1252 3842 1325 quiaipse

2246 1348 2336 1399 est
2364 1343 2734 1416 superimens
2764 1349 2957 1399 vertex
2982 1343 3387 1399 universorum
3412 1356 3426 1396 :
3451 1342 3548 1395 sed
3589 1342 3845 1411 justorum

2245 1437 2334 1487 est
2361 1438 2553 1487 vertex
2584 1431 2928 1487 altissimus.
2956 1434 3111 1498 Quos
3144 1432 3349 1486 fratres
3398 1434 3577 1491 vocat,
3629 1429 3848 1501 acquisi-

2246 1526 2335 1577 tos
2366 1538 2469 1592 per
2490 1521 2763 1593 gratiam,
2797 1526 2851 1575 et
2883 1519 3175 1593 quoddam
3241 1517 3686 1591 regenerationis
3736 1534 3847 1573 con-

2247 1610 2514 1665 sortium.
2548 1609 2712 1664 Unde
2738 1610 2885 1665 etde
2918 1609 3197 1664 fratribus
3234 1608 3451 1680 Joseph
3511 1607 3638 1662 illos
3691 1608 3848 1679 magis

2246 1699 2455 1755 fratres
2483 1698 2890 1771 intelligimus,
2923 1699 2994 1753 de
3042 1698 3258 1771 quibus
3310 1697 3454 1753 dicit
3503 1696 3563 1752 in
3611 1694 3852 1752 Psalmo:

492 1791 625 1844 ante
655 1788 868 1844 saecula
897 1793 986 1845 est
1014 1794 1325 1859 generatus
1349 1809 1416 1847 ex
1447 1791 1631 1847 Patre.
1674 1792 1835 1847 Unde
1865 1796 1921 1847 et
1971 1792 2139 1847 Pater
2168 1821 2216 1886 B
2249 1810 2278 1839 «
2309 1787 2567 1843 Narrabo
2602 1804 2812 1843 nomen
2844 1792 3013 1843 tuum
3048 1787 3324 1843 fratribus
3356 1786 3527 1854 meis,
3583 1786 3640 1839 in
3696 1784 3855 1840 medio

492 1876 609 1933 ait:

691 1899 718 1927 «
757 1878 1045 1934 Eructavit
1079 1896 1179 1935 cor
1208 1896 1404 1935 meum
1452 1882 1695 1936 verbum
1755 1882 1924 1952 (Psal.
1985 1899 2134 1948 XLIV,

490 1968 567 2040 2),
646 1989 674 2016 ››
751 1983 817 2022 eo
847 1968 1001 2038 quod
1034 1985 1101 2023 ex
1130 1967 1232 2024 illa
1279 1969 1489 2026 intima
1539 1974 1597 2025 et
1636 1969 2134 2042 incomprehensi-

490 2055 594 2113 bili
624 2056 815 2111 Patris
847 2057 1129 2128 processit
1155 2057 1508 2125 substantia,
1531 2063 1589 2113 et
1620 2060 1680 2114 in
1711 2058 1837 2131 ipso
1869 2064 1959 2114 est
1989 2076 2135 2114 sem-

491 2160 616 2217 per.
645 2143 807 2200 Unde
836 2149 893 2200 et
922 2145 1278 2216 evangelista
1309 2146 1390 2201 ait
1423 2164 1434 2201 :
1471 2170 1498 2197 ‹‹
1533 2147 1717 2203 Deum
1768 2164 1938 2203 nemo
1998 2147 2139 2202 vidit

490 2249 778 2304 unquam,
810 2233 926 2289 nisi
955 2234 1293 2307 unigenitus
1349 2234 1529 2292 Filius
1593 2236 1694 2307 qui
1751 2240 1842 2291 est
1896 2236 1954 2290 in
2003 2235 2135 2290 sinu

492 2321 704 2389 Patris,
734 2323 859 2395 ipse
884 2324 1176 2379 enarravit
1222 2325 1473 2394 (10012.1,
1536 2326 1643 2395 l8).
1709 2348 1735 2373 »
1793 2323 1955 2380 Sicut
2002 2341 2136 2395 ergo

494 2411 662 2466 sinus
685 2410 871 2467 Patris
902 2410 1183 2483 spiritalis
1213 2412 1560 2485 intelligitur
1624 2412 1899 2467 intimum
1953 2412 2134 2484 quod-

493 2499 632 2554 dam
681 2504 933 2572 paternm
981 2500 1283 2557 charitatis
1338 2496 1674 2573 naturaeque
1731 2506 2042 2567 secretum,
2078 2501 2137 2556 in

494 2604 611 2660 quo
642 2604 875 2661 semper
902 2592 993 2645 est
1021 2590 1201 2646 Filius
1234 2608 1246 2646 :
1280 2591 1361 2646 ita
1398 2591 1575 2646 etiam
1619 2590 1807 2646 Patris
1856 2589 2139 2663 spiritalis

493 2680 583 2734 est
614 2676 804 2744 vulva,
854 2678 1147 2735 interioris
1180 2696 1481 2745 arcanum,
1506 2680 1577 2734 de
1609 2696 1725 2750 qua
1754 2684 2038 2751 tanquam
2071 2697 2139 2735 ex

492 2766 731 2840 genitali
761 2765 888 2822 alvo
920 2768 1204 2839 processit
1235 2767 1436 2822 Filius.
1474 2767 1730 2839 Denique
1780 2767 2003 2823 diverse
2056 2768 2135 2822 le-

493 2854 689 2927 gimus
719 2872 876 2910 nunc
905 2856 1135 2912 vulvam
1167 2857 1375 2918 Patris,
1408 2872 1563 2911 nunc
1597 2872 1694 2910 cor
1723 2857 1851 2926 ejus
1877 2873 1992 2927 quo
2020 2874 2137 2911 ver-

460 2932 637 2998 'bum
664 2945 964 3014 eructavit,
999 2961 1154 3000 nunc
1185 2962 1250 3000 os
1290 2946 1418 3016 ejus
1448 2961 1514 2999 ex
1546 2961 1660 3016 quo
1711 2944 1947 3016 justitia
2005 2963 2138 3019 pro-

494 3031 691 3098 cessit,
725 3049 793 3087 ex
818 3050 933 3104 quo
963 3033 1211 3104 prodivit
1242 3033 1547 3105 sapientia,
1619 3034 1768 3090 sicut
1824 3034 1949 3104 ipse
2010 3035 2090 3089 ait
2124 3052 2135 3090 :

496 3142 526 3171 «
559 3122 637 3175 Ex
667 3137 764 3176 ore
794 3121 1077 3177 Altissimi
1113 3121 1363 3193 prodivit
1399 3123 1585 3189 (Ecclz'.
1648 3140 1799 3186 xxrv,
1829 3123 1905 3193 5).
1971 3145 1999 3171 ‹‹
2058 3123 2141 3178 Ita

2248 1876 2516 1932 Ecclesiae
2544 1877 2791 1932 cantabo
2821 1876 2927 1931 tibi
2968 1877 3139 1948 (Psal.
3174 1893 3289 1942 xxr,
3323 1876 3437 1947 23).
3477 1897 3503 1923 ››

2316 1968 2405 2021 53.
2440 1966 2704 2038 Denique
2733 1970 2790 2021 et
2812 1967 3039 2038 Moyses
3069 1963 3470 2037 completurus
3529 1963 3653 2018 vita:
3706 1961 3856 2017 istius

2246 2071 2483 2110 cursum
2518 2071 2653 2110 cum
2685 2055 3054 2111 benediceret
3083 2053 3300 2109 tribum
3331 2053 3693 2125 Joseph,non
3716 2050 3859 2105 illum

2248 2142 2452 2216 utique
2472 2144 2597 2215 jam
2631 2144 2970 2199 defunctum
2996 2143 3233 2215 Joseph,
3257 2143 3357 2198 sed
3391 2141 3690 2197 Christum
3713 2140 3862 2195 bene-

2249 2232 2497 2297 dicebat,
2531 2234 2683 2289 sicut
2708 2233 2890 2289 habes
2921 2232 3206 2305 scriptum
3239 2233 3309 2287 de
3337 2230 3561 2303 Joseph
3596 2247 3608 2286 :
3645 2254 3670 2279 ‹‹
3701 2232 3742 2284 Α
3788 2228 3864 2282 be-

2251 2322 2578 2378 nedictione
2607 2322 2838 2378 Domini
2866 2325 3020 2378 terra
3047 2322 3173 2393 ejus
3204 2322 3335 2393 (27),
3372 2338 3408 2377 a
3442 2320 3660 2376 finibus
3687 2317 3867 2385 coeli,et

2250 2428 2282 2464 a
2313 2428 2460 2477 rore,
2494 2415 2550 2465 et
2579 2411 2651 2466 ab
2679 2411 2908 2483 abyssis
2938 2412 3188 2466 fontium
3246 2410 3552 2476 deorsum,
3584 2412 3641 2463 et
3688 2422 3865 2463 secun-

2248 2501 2389 2555 dum
2424 2501 2628 2556 horam
2660 2501 2877 2556 factum
2909 2499 3051 2556 solis
3080 2516 3317 2555 cursum
3350 2499 3492 2571 (28),
3519 2503 3578 2555 et
3606 2516 3640 2554 a
3692 2511 3869 2552 conve-

2250 2589 2546 2645 nientibus
2576 2589 2903 2653 mensibus,
2932 2594 2987 2644 et
3013 2606 3047 2644 a
3076 2588 3286 2645 vertice
3317 2588 3640 2653 montium,
3672 2587 3740 2642 ab
3774 2582 3868 2638 ini-

2249 2678 2349 2744 tio,
2382 2684 2440 2734 et
2468 2695 2501 2733 a
2528 2678 2741 2734 vertice
2771 2677 3007 2733 collium
3040 2681 3420 2744 aeternorum,
3475 2681 3535 2732 et
3564 2676 3636 2733 ad
3697 2675 3872 2730 horam

2247 2770 2410 2821 terrze
2445 2766 2843 2838 plenitudinis,
2876 2771 2934 2820 et
2962 2767 3034 2821 ab
3065 2783 3131 2822 eo
3163 2767 3262 2838 qui
3294 2766 3467 2822 visus
3493 2772 3586 2822 est
3616 2765 3673 2819 in
3729 2763 3870 2828 rubo,

2245 2855 2439 2911 veniat
2468 2872 2646 2927 super
2674 2860 2851 2927 caput
2880 2855 3097 2927 Joseph
3132 2854 3557 2921 benedictio,et
3585 2869 3756 2925 super
3774 2866 3877 2906 ver-

2247 2944 2420 3000 ticem
2445 2944 2652 3017 ipsius.
2686 2944 3052 3000 Honoriﬁcus
3078 2944 3156 2999 sit
3184 2945 3336 3000 inter
3387 2946 3624 3000 fratres.
3682 2941 3874 2996 Primo.

2247 3034 2475 3103 genitus
2500 3033 2653 3087 tauri
2684 3035 2862 3088 decus
2892 3035 3042 3104 ejus,
3075 3050 3293 3089 cornua
3322 3030 3669 3089 unicornui.
3699 3031 3756 3086 ln
3804 3027 3876 3098 ip-

2247 3122 2330 3175 sis
2362 3127 2562 3193 gentes
2594 3121 2894 3177 ventilabit
2922 3120 3099 3179 simul
3134 3137 3321 3193 usque
3353 3122 3431 3176 ad
3446 3126 3769 3177 extremum
3783 3122 3876 3170 ter-

498 3209 650 3266 528
680 3227 812 3265 cum
847 3227 1028 3266 unum
1063 3190 1178 3265 non
1237 3210 1533 3278 deﬁnitur,
1592 3215 1648 3265 et
1704 3190 1888 3267 unum
1943 3212 2140 3267 omnia
2170 3190 2212 3255 C
2246 3226 2339 3265 rae.
2376 3190 2501 3281 ipse
2533 3210 2823 3281 myriades
2854 3210 3144 3282 Ephrmm,
3177 3190 3239 3266 et
3280 3210 3411 3282 ipse
3445 3211 3565 3283 (29)
3626 3204 3876 3265 chiliades

490 3302 722 3365 sonant,
775 3298 1037 3369 spiritale
1094 3297 1284 3369 magis
1342 3300 1685 3370 mysterium
1742 3301 2136 3372 generationis

488 3390 763 3457 paternas,
796 3403 972 3457 quam
1001 3388 1332 3443 membrum
1364 3387 1599 3459 aliquod
1632 3391 1928 3461 corporale
1960 3390 2136 3463 signi-

488 3474 644 3529 ficat.
679 3474 791 3530 Sed
822 3475 975 3530 sicut
1000 3474 1161 3530 illam
1187 3493 1254 3531 ex
1286 3476 1452 3532 Patre
1480 3480 1913 3549 generationem
1962 3480 2132 3536 intel-

484 3562 728 3635 ligimus
763 3582 776 3630 ;
808 3563 891 3619 ita
920 3564 1093 3619 etiam
1131 3565 1202 3620 ad
1229 3567 1797 3623 consummationem
1846 3570 1979 3624 fidei
2033 3587 2131 3641 ge-

484 3652 846 3707 nerationem
882 3652 1075 3707 Maria:
1108 3652 1525 3726 intelligamus,
1560 3657 1793 3726 quando
1842 3657 2131 3713 benedici-

479 3744 577 3795 tur
604 3741 774 3795 vulva
804 3740 1031 3804 matris,
1064 3741 1163 3798 illa
1191 3743 1393 3814 utique
1425 3744 1618 3798 Mariae
1646 3745 1964 3817 virginalis,
2001 3765 2125 3819 quae

477 3829 646 3884 nobis
676 3830 860 3885 edidit
890 3830 1200 3886 Dominum
1228 3831 1453 3887 Jesum.
1487 3833 1566 3888 De
1599 3849 1716 3905 qua
1764 3835 1931 3889 Pater
1988 3837 2128 3892 dicit

474 3919 587 3989 (26)
617 3935 721 3989 per
747 3918 1057 3973 Jeremiam
1090 3920 1433 3992 prophetam
1467 3937 1479 3975 :
1555 3944 1575 3969 α
1650 3921 1996 3994 Priusquam
2068 3931 2123 3978 te

474 4006 788 4061 formarem
819 4007 875 4059 in
910 4011 1092 4074 utero,
1122 4007 1252 4062 novi
1283 4012 1339 4063 te
1373 4026 1385 4066 :
1420 4014 1477 4063 et
1518 4009 1862 4081 priusquam
1933 4012 2116 4069 exires

474 4093 545 4149 de
574 4093 744 4149 vulva
764 4094 972 4149 matris
1003 4094 1355 4150 sanctiﬁcavi
1390 4100 1442 4149 to,
1477 4098 1691 4161 (larem.
1728 4099 1868 4165 1.5).
1933 4123 1958 4149 ››
2011 4101 2117 4155 Ge-

475 4181 695 4238 minam
727 4182 906 4255 igitur
938 4183 1218 4253 propheta
1247 4183 1304 4238 in
1339 4183 1565 4240 Christo
1596 4186 1983 4242 substantiam
2020 4189 2116 4244 de-

472 4271 728 4336 claravit,
762 4270 1082 4326 divinitatis
1114 4277 1167 4327 et
1200 4272 1394 4326 carnis
1429 4290 1440 4325 :
1505 4273 1745 4328 alteram
1798 4292 1866 4330 ex
1920 4277 2114 4341 Patre,

473 4359 716 4413 alteram
747 4375 816 4413 ex
844 4359 1081 4431 Virgine
1113 4379 1125 4427 ;
1159 4361 1240 4415 ita
1269 4366 1465 4415 tamen
1496 4367 1562 4414 ut
1593 4379 1704 4416 non
1738 4380 1935 4419 exsors
1995 4383 2112 4420 sme

472 4451 626 4502 esset
655 4447 997 4519 divinitatis,
1020 4465 1151 4504 cum
1183 4466 1250 4506 ex
1267 4449 1503 4519 Virgine
1537 4457 1892 4520 nasceretur,
1926 4457 1983 4508 et
2026 4471 2115 4511 es-

475 4538 565 4590 set
596 4534 655 4589 in
688 4551 948 4607 corpore.

543 4626 630 4679 52.
666 4624 828 4679 Unde
856 4629 913 4679 et
969 4645 990 4672 α
1025 4625 1316 4680 convaluit
1346 4642 1522 4697 super
1542 4644 1745 4682 omnes
1787 4636 2012 4687 montes
2069 4638 2126 4689 et

470 4712 759 4770 desideria
772 4712 1007 4768 collium
1021 4718 1388 4769 mternorum.
1405 4741 1428 4762 η
1447 4717 1847 4787 Superomnes
1867 4721 2023 4775 enim
2049 4721 2121 4775 il-

543 4856 655 4929 (25)
686 4856 837 4911 Edit.
870 4873 1094 4922 omines,
1128 4856 1322 4912 obtulit
1352 4858 1456 4912 Deo
1484 4859 1647 4927 ﬁlios.
1684 4858 1896 4915 Contra
1918 4879 2122 4920 omnes

471 4945 663 4994 mss.,.
695 4929 888 4983 Filius.

541 4999 653 5073 (2_6)
683 4999 830 5073 Edit.
865 5014 1070 5053 omnes
1101 5014 1230 5052 eum
1264 4998 1393 5053 Vat.
1429 4999 1580 5065 cod.,
1615 5002 1688 5054 De
1715 5018 1817 5072 quo
1842 5008 2009 5073 partu
2037 5005 2120 5059 di—

470 5072 543 5148 cit
574 5071 861 5148 Dominus,
895 5075 1266 5148 mss.__ai_iter_n
1304 5086 1515 5148 magno
1544 5071 1855 5138 consensu,
1888 5076 1960 5130 De
2016 5094 2119 5148 qua

475 5142 662 5211 (vulva
691 5142 995 5207 nimirum)
1023 5143 1188 5195 Pater
1206 5142 1357 5201 dicit,
1401 5148 1510 5195 etc.

543 5214 661 5280 (27)
690 5212 813 5287 Non
848 5212 1147 5287 paucallic
1177 5213 1317 5268 edit.
1354 5218 1515 5287 Horn.
1554 5214 2121 5287 immutaverat,quae

474 5298 609 5336 cum
641 5284 711 5337 ad
743 5283 904 5339 vertu
940 5283 1132 5356 potius
1162 5301 1337 5355 quam
1361 5285 1431 5338 ad
1466 5301 1704 5340 sensum
1738 5283 2124 5356 spectent-ad-

476 5357 677 5425 notare
704 5356 1158 5425 superscdemus
1213 5356 1429 5410 Nosita
1459 5371 1525 5409 ex
1551 5362 1671 5410 aut.
1733 5359 1868 5411 edit.
1925 5376 2119 5414 emen-

476 5421 865 5484 davimusfut
895 5441 959 5478 ex
991 5442 1134 5480 mss.
1179 5443 1276 5481 eas
1307 5427 1481 5481 etiam
1517 5427 1575 5480 in
1607 5429 1908 5483 nonnullis
1947 5432 2119 5485 casti-

472 5508 775 5565 geremus.

681 5565 1072 5642 Rom.edit.,a
1099 5570 1368 5637 fructibus
1396 5569 1539 5642 (mli,
1569 5572 1618 5623 et
1638 5585 1789 5642 _rore,
1825 5575 1875 5624 et
1908 5572 2124 5642 abysso-

472 5651 597 5689 rum
615 5635 859 5704 fontibus
888 5635 1152 5702 deorsum,
1181 5643 1230 5691 ct
1285 5640 1581 5694 secundum
1629 5639 1819 5696 horam
1876 5660 1916 5698 α
1970 5635 2119 5713 fruc-

2246 3298 2544 3354 Manasses
2573 3300 2748 3369 (Deut.
2780 3316 2976 3366 χχχιιι,
3014 3298 3219 3370 13-17).
3267 3322 3293 3348 ››

2312 3389 2401 3442 54.
2437 3388 2760 3443 Benedictio
2791 3388 2993 3444 eadem
3024 3392 3134 3459 est,
3167 3404 3295 3459 quae
3328 3403 3579 3443 omnem
3618 3385 3787 3441 habet
3834 3384 3881 3434 et

2244 3476 2566 3532 caelestium
2597 3481 2655 3532 et
2682 3477 3048 3533 terrestrium
3083 3477 3549 3549 plenitudinem,
3578 3480 3638 3531 et
3685 3471 3881 3545 specia-

2240 3564 2355 3620 lem
2387 3565 2600 3621 Christi
2622 3567 2866 3637 gratiam
2905 3583 2917 3619 :
2964 3566 3063 3638 qui
3093 3566 3255 3622 visus
3294 3567 3357 3620 in
3423 3567 3581 3621 rubo
3641 3561 3783 3618 dixit
3823 3556 3880 3611 ad

2238 3653 2430 3725 ipsum
2466 3655 2700 3727 Moysen
2735 3673 2746 3710 :
2783 3678 2811 3704 ‹‹
2847 3654 3013 3710 Solve
3044 3655 3523 3711 calceamentum
3548 3654 3761 3726 pedum
3780 3654 3886 3703 tuo-

2238 3761 2366 3799 rum
2400 3745 2590 3815 (Exod.
2624 3762 2705 3813 ιιι,
2729 3746 2783 3815 5)
2812 3759 2826 3799 :
2865 3766 2890 3793 »
2923 3745 3023 3815 qui
3090 3749 3181 3800 est
3225 3760 3414 3816 super
3483 3757 3693 3799 omnes
3756 3739 3887 3793 Deus

2235 3833 2347 3903 (30)
2382 3850 2395 3897 ;
2423 3833 2562 3904 quia
2584 3832 2711 3904 ipse
2740 3836 2830 3888 est
2858 3837 3036 3904 caput
3065 3831 3327 3904 corporis
3350 3832 3641 3888 Ecclesiae
3665 3849 3679 3885 :
3713 3827 3891 3901 quiest

2234 3920 2608 3992 principium,
2638 3921 3063 3992 primogenitus
3084 3938 3152 3976 ex
3181 3921 3462 3987 mortuis,
3488 3927 3557 3976 ut
3579 3920 3682 3975 fiat
3710 3918 3764 3972 in
3789 3930 3892 3969 om-

2233 4009 2407 4063 nibus
2437 4010 2560 4080 ipse
2581 4010 2897 4080 primatum
2916 4015 3123 4065 tenens
3158 4026 3170 4064 :
3193 4010 3495 4080 quoniam
3518 4012 3575 4064 in
3612 4009 3739 4080 ipso
3759 4018 3890 4061 com-

2230 4097 2450 4170 placuit
2479 4115 2713 4153 omuem
2746 4098 3172 4170 plenitudinem
3226 4099 3603 4154 inhabitare.
3667 4097 3731 4151 Et
3778 4093 3888 4147 ideo

2230 4186 2339 4243 soli
2394 4187 2816 4242 benedictionis
2875 4188 3056 4257 hujus
3089 4188 3489 4260 praerogativa
3544 4186 3831 4247 defertur,‘
3865 4193 3893 4230 ὃ

2227 4277 2567 4332 ὲυωῐηίῐεὶθ
2591 4277 2743 4332 529
2774 4276 2901 4331 coeli
2933 4292 3123 4348 usque
3181 4276 3251 4330 ad
3307 4280 3663 4332 extremum
3724 4276 3887 4326 terra.

2229 4364 2355 4434 Ipse
2386 4364 2539 4417 enim
2571 4368 2661 4417 est
2690 4367 2823 4416 ante
2853 4379 3080 4427 omnes,
3115 4364 3172 4417 in
3206 4378 3325 4434 quo
3356 4366 3658 4418 constant
3687 4356 3887 4416 omnia:

2227 4452 2526 4523 quietiam
2558 4468 2661 4522 per
2706 4452 3054 4521 sanguinem
3111 4451 3301 4506 crucis
3371 4468 3505 4506 suae
3573 4444 3884 4521 pacificavit

2153 4557 2197 4621 ι)
2230 4540 2448 4599 omnia.
2480 4540 2599 4595 sive
2620 4557 2746 4611 quze
2776 4540 2833 4593 in
2862 4540 3025 4609 cmlo,
3060 4541 3179 4596 sive
3208 4556 3342 4611 quae
3388 4540 3454 4594 in
3516 4537 3696 4595 terris
3750 4534 3886 4590 sunt.

2230 4628 2411 4699 Cujus
2442 4634 2645 4700 typum
2679 4628 2990 4700 praeferens
3021 4629 3262 4699 pulchre
3314 4628 3717 4685 benedicitur
3769 4638 3885 4677 san-

2232 4722 2358 4772 ctus
2388 4716 2624 4789 Joseph,
2658 4723 2722 4772 ut
2754 4717 3169 4774 honoriﬁcetur
3200 4717 3361 4772 inter
3416 4720 3663 4772 tratres.

2235 4859 2375 4933 tibus
2398 4860 2541 4933 satis
2556 4875 2769 4926 cursus,
2800 4865 2911 4933 etc.
3164 4931 3175 4933 4
3254 4930 3319 4933 ψ
3457 4931 3468 4933 ξ
3803 4926 3810 4933 ¹

2302 4930 2412 4999 (29)
2445 4929 2591 4984 Edit.
2626 4932 2779 4998 Am.,
2813 4932 2937 4985 Era.
2974 4935 3029 4986 ct
3076 4931 3201 4987 cod.
3253 4930 3526 4998 Theod.,
3582 4939 3737 4987 terra:
3793 4929 3888 4999 ips;

2230 4992 2557 5073 mysteriade
2577 5017 2632 5055 se
2658 4992 2869 5071 fremet.
2903 5007 2952 5057 et
2986 5005 3115 5073 ipse,
3148 5007 3256 5057 etc.
3281 5002 3441 5057 Aliae
3477 4992 3650 5069 edit,
3684 4992 3888 5073 Ipsi?!

2232 5064 2505 5149 may-indas
2561 5064 2813 5149 Ephrem.
2845 5072 2931 5126 vel
2966 5064 3248 5149 Ephraim,
3316 5083 3375 5128 et
3436 5076 3588 5145 ipsa:
3638 5064 3887 5149 cli-iliades

2231 5145 2586 5217 ,ilrmas.ses,a
2615 5143 2828 5214 quibus
2853 5162 2965 5217 non
2999 5141 3168 5217 longe
3197 5146 3435 5200 absunt
3460 5141 3621 5209 ’mss.
3684 5141 3792 5198 nisi
3838 5141 3887 5217 in

2230 5214 2360 5288 hoc,
2395 5215 2548 5288 quod
2601 5212 2803 5288 omnes
2860 5212 3155 5279 exhibent,
3208 5217 3411 5288 Ipse...
3470 5219 3614 5288 ipse,
3673 5212 3887 5288 excepto

2230 5276 2538 5360 Albinﬂin
2565 5286 3110 5360 qtio_legas,_'lpsi...
3144 5276 3289 5359 lipsi,
3330 5276 3506 5345 forte.
3556 5276 3676 5342 non
3734 5276 3885 5360 91le-

2231 5352 2843 5431 Cod.ietiam'Colb.‘et
2872 5352 3003 5431 Ger.
3038 5352 3282 5419 habent,
3311 5360 3677 5431 myriadis...
3710 5352 3889 5411 chilia-

2231 5429 2335 5483 dis.
2370 5430 2502 5493 0076
2532 5427 2700 5481 lentio
2728 5446 2841 5502 non
2876 5430 3046 5501 plane
3077 5427 3494 5502 aspernanda.

2303 5501 2412 5569 (30)
2446 5501 2677 5554 Cunctae
2710 5500 3068 5572 edit.,supcr
3095 5500 3284 5557 omnes
3316 5502 3468 5558 Deos
3504 5520 3519 5571 ;
3568 5517 3711 5556 mss.
3766 5507 3884 5550 con-

2231 5576 2321 5626 tra
2352 5572 2467 5627 fere
2499 5572 2569 5626 ad
2604 5588 2807 5638 unum,
2840 5589 3004 5644 super
3024 5588 3207 5628 omnes
3238 5573 3418 5629 Deus.
