4012 6192
257 279 376 342 725

1017 277 1257 342 LIBER
1294 279 1395 342 ne
1443 276 2149 341 BENEDICTIONIBUS
2193 232 2897 340 PATRIARCHARUM.

3541 247 3660 333 72's

329 414 419 472 55.
471 435 500 464 ‹‹
562 410 989 488 Primogenitus
1035 412 1190 472 tauri
1243 415 1420 471 decus
1477 413 1624 486 ejus,
1681 413 1905 470 habens
1935 416 1988 482 Α
2019 401 2491 486 superstitionem
2543 409 2852 479 obtereret,
2882 404 3132 466 salutem
3179 403 3464 477 redderet,
3510 405 3666 465 sicut

259 519 480 561 cornua
510 501 844 571 unicornui,
878 503 937 560 in
969 504 1184 578 quibus
1213 510 1418 575 gentss
1450 502 1798 559 ventilabit.)
1836 502 1906 557 Et

256 593 450 650 bonus
483 598 688 649 taurus
719 593 887 666 quasi
935 593 1130 650 hostia
1178 611 1280 667 pro
1329 593 1578 660 delictis,
1621 598 1678 648 et
1723 591 1904 646 totius

258 683 466 739 mundi
495 683 750 751 victima,
785 687 848 738 ut
879 683 1208 756 paciﬁcaret
1253 683 1468 738 omnia.
1502 683 1683 754 Cujus
1727 681 1906 736 decus

257 776 563 839 sanctum;
595 789 768 828 omne
797 771 952 828 enim
983 776 1253 828 sanctum
1288 771 1764 844 primogenitum,
1791 769 1905 824 sic-

259 866 327 917 ut
357 859 498 916 alibi
529 861 1064 918 demonstravimus
1119 862 1237 933 (lib.
1273 863 1332 929 1|;
1364 861 1439 925 de
1475 861 1603 915 Atei
1646 865 1696 916 et
1745 861 1901 924 Cain,

255 967 306 1006 ο.
336 953 393 1015 2,
427 968 482 1004 η.
523 950 578 1016 3,
627 951 733 1018 12).
783 949 946 1006 Unde
993 955 1052 1006 et
1097 951 1229 1006 Levi
1280 968 1394 1005 non
1444 949 1630 1006 aetatis
1678 948 1900 1013 ordine,

257 1039 358 1096 sed
393 1055 568 1094 sacrae
611 1039 1002 1094 successionis
1051 1040 1429 1111 praerogativa
1477 1037 1904 1110 primogenitus

255 1128 474 1184 meruit
529 1127 876 1201 nuncupari.
916 1129 981 1183 Et
1022 1144 1154 1183 vere
1203 1132 1472 1184 sanctum
1528 1127 1705 1182 decus
1750 1127 1900 1196 ejus,

256 1219 331 1274 de
367 1233 484 1290 quo
523 1217 804 1288 scriptum
858 1221 948 1272 est
1006 1222 1344 1290 resurgente
1413 1235 1425 1272 :
1496 1239 1523 1266 «
1595 1214 1904 1288 Speciosus

259 1307 447 1362 forma
493 1323 610 1378 pra:
659 1304 794 1360 ﬁliis
841 1305 1149 1361 hominum
1199 1305 1370 1376 (Psal.
1404 1322 1550 1372 XLIV,
1585 1305 1660 1376 3),
1697 1326 1724 1351 ››
1769 1302 1908 1375 quia

253 1395 382 1468 ipse
412 1399 502 1450 est
531 1393 955 1466 primogenitus
1002 1411 1069 1449 ex
1118 1393 1385 1462 mortuis,
1419 1393 1640 1448 habens
1688 1408 1906 1447 cornua

253 1483 590 1540 unicornui.
661 1483 771 1539 Sed
833 1499 965 1538 cum
1031 1482 1238 1538 dixerit
1307 1499 1545 1550 cornua,
1615 1480 1906 1553 quomodo

255 1573 518 1647 posuerit
541 1570 850 1628 unicornui
882 1573 1298 1643 requirendum
1328 1589 1340 1638 ;
1375 1587 1507 1626 cum
1539 1570 1735 1644 ipsum
1779 1569 1905 1624 uni-

254 1677 546 1718 cornuum
605 1661 758 1715 inter
819 1660 1220 1732 generationes
1279 1660 1549 1724 ferarum,
1617 1665 1678 1713 ut
1735 1657 1904 1730 periti

253 1752 444 1818 aiunt,
477 1766 592 1805 non
626 1749 953 1804 inveniatur
982 1747 1138 1819 (31)?
1182 1751 1250 1802 Et
1295 1747 1422 1802 ideo
1468 1747 1722 1804 Verbum
1779 1747 1904 1802 uni-

253 1856 395 1896 cum
429 1838 616 1910 magis
643 1837 931 1893 aestimare
963 1837 1268 1902 debemus,
1301 1836 1438 1909 quia
1467 1836 1901 1892 substantivum

251 1927 514 1983 Verbum
540 1926 642 1982 Dei
675 1943 859 1981 unum
891 1929 1000 1992 est,
1031 1942 1146 1980 non
1194 1925 1379 1980 multa
1423 1927 1616 1980 verba.
1659 1925 1819 1980 Unde
1849 1930 1907 1980 et

250 2019 426 2072 Anna
455 2015 536 2071 ait
569 2031 582 2069 :
617 2037 644 2064 «
679 2014 963 2070 Dominus
985 2013 1213 2086 judicat
1246 2014 1391 2070 ﬁnes
1423 2017 1608 2082 terrae,
1643 2018 1700 2070 et
1744 2013 1906 2069 dabit

253 2106 530 2161 virtutem
565 2103 706 2176 regi,
739 2108 796 2158 et
825 2102 1101 2158 exaltabit
1129 2119 1306 2158 cornu
1341 2102 1553 2162 Christi
1587 2103 1677 2158 sui
1704 2105 1747 2174 (1
1780 2105 1902 2172 Reg.

253 2213 321 2262 ιι,
359 2195 467 2264 l0).
503 2215 531 2242 »
562 2193 630 2248 Et
661 2192 844 2248 Isaias
873 2192 954 2246 ait
986 2208 998 2248 :
1036 2213 1063 2242 «
1093 2191 1276 2246 Vinea
1308 2193 1458 2247 facta
1487 2195 1576 2248 est
1605 2191 1813 2247 dilecto
1847 2191 1906 2246 in

255 2300 464 2350 cornu,
493 2281 554 2336 in
601 2280 725 2336 loco
784 2279 946 2335 uberi
995 2282 1126 2350 (Isa.
1171 2298 1226 2348 ν,
1287 2283 1364 2352 1);
1418 2304 1438 2332 ι
1496 2280 1774 2352 quoniam
1807 2279 1905 2334 Dei

255 2371 404 2429 Filio
437 2369 738 2442 unigenito
769 2369 934 2425 ﬂoret
963 2368 1238 2434 Ecclesia,
1272 2372 1476 2424 tenens
1517 2367 1757 2424 unicum
1806 2367 1906 2422 Dei

253 2461 534 2526 Verbum,
569 2460 626 2514 in
659 2475 772 2530 quo
803 2461 892 2514 est
921 2457 1153 2514 virtutis
1186 2462 1360 2529 atque
1389 2457 1682 2529 sapientiae
1718 2456 1905 2530 pleni-
1935 2507 1944 2517 ,

251 2549 592 2620 tudo,eujus
624 2549 885 2604 ubertate
903 2563 1068 2620 seges
1091 2547 1221 2602 ﬁdei
1251 2545 1745 2618 pullulavit.Qu"od
1763 2546 1902 2601 Ver-

253 2641 402 2696 bum
438 2641 764 2710 sequuntur
793 2637 1001 2692 sancti.

325 2729 419 2784 56.
467 2750 496 2777 ε(
553 2727 761 2783 Decem
818 2725 1022 2792 millia,
1083 2749 1109 2774 ››
1169 2725 1378 2797 inquit,
1434 2749 1459 2774 ‹‹
1524 2724 1907 2797 prraem,'et

253 2815 445 2874 millia
475 2817 772 2872 Manasses
832 2816 1010 2886 (Deut.
1069 2829 1266 2881 xxxlu,
1334 2817 1442 2882 17),
1507 2836 1535 2863 ››
1593 2813 1650 2868 id
1709 2817 1818 2878 est,
1850 2817 1908 2868 et

249 2906 593 2963 Judaeorum
644 2908 701 2960 et
747 2904 1012 2976 gentium
1063 2903 1416 2972 dominetur,
1450 2907 1507 2958 et
1549 2920 1619 2958 ex
1658 2907 1906 2974 utroque

250 2993 475 3070 populo
498 2992 761 3065 acquirat
790 2992 900 3048 sibi
937 2991 1199 3048 Ecclesiae
1232 2992 1681 3062 plenitudinem.
1737 2991 1905 3046 Ideo-

253 3100 372 3158 que
401 3083 692 3138 dexteram
726 3099 894 3136 suam
927 3098 1102 3153 super
1130 3081 1396 3152 Ephrzrm
1431 3081 1627 3154 posuit
1667 3085 1905 3136 sanctus

2013 501 2138 574 ipse
2193 501 2324 558 ait:
2367 525 2392 555 α
2425 501 2768 566 Percutiam,
2829 504 2888 556 et
2943 499 3164 556 sanabo
3223 499 3402 570 (Deut.
3459 515 3658 567 XXXIII,

2013 591 2124 663 39).
2169 613 2196 640 ››
2238 591 2486 663 Ideoque
2519 602 2799 664 tanquam
2832 589 3094 646 imitator
3129 587 3280 644 tauri
3312 587 3494 659 hujus
3523 587 3660 644 Pro-

2014 681 2190 754 pheta
2219 679 2360 736 dicit
2394 698 2406 736 :
2434 700 2454 728 ε
2487 682 2548 735 In
2580 685 2636 735 te
2667 678 2938 734 inimicos
2967 681 3198 734 nostros
3242 675 3660 733 ventilabimus

2014 787 2192 826 cornu
2225 770 2394 842 (Psal.
2426 787 2581 834 xun,
2615 769 2692 840 6),
2728 790 2754 818 ››
2787 768 2844 822 id
2875 771 2984 832 est,
3015 765 3383 824 altitudinem
3424 782 3658 822 omnem

2013 859 2331 915 elevantem
2365 875 2426 915 se
2453 859 2730 914 adversus
2779 857 2873 912 Dei
2923 855 3228 912 scientiam
3267 856 3654 912 destruentes.

2012 949 2082 1004 Et
2112 949 2240 1004 ideo
2263 949 2435 1018 juxta
2470 948 2620 1004 530
2648 947 2860 1018 Legem
2894 947 3111 1001 munda
3141 944 3421 1000 animalia
3439 961 3660 1001 cornua

2013 1037 2230 1093 habent
2275 1037 2451 1108 (Deut.
2485 1054 2600 1102 xiv,
2633 1037 2662 1090 4
2693 1043 2744 1091 et
2770 1036 2825 1106 5)
2860 1053 2872 1090 :
2907 1035 3022 1090 Lex
3045 1033 3202 1090 enim
3233 1031 3516 1106 spiritalis
3546 1035 3652 1090 est.

2013 1127 2118 1192 Qui
2170 1127 2326 1182 enim
2377 1130 2623 1200 possunt
2653 1124 2850 1180 saeculi
2901 1123 3083 1195 hujus
3131 1121 3438 1178 illecebras
3483 1123 3656 1179 verbo

2012 1217 2111 1272 Dei
2163 1222 2219 1273 et
2265 1216 2496 1273 virtutis
2557 1215 2926 1272 observantia
2973 1213 3333 1286 propulsare,
3381 1212 3658 1268 cornibus

2011 1305 2170 1362 velut
2209 1306 2558 1378 quibusdam
2593 1305 2802 1376 capitis
2850 1303 2941 1359 sui
2989 1303 3170 1359 armis
3215 1301 3487 1358 videntur
3531 1317 3661 1358 esse

2017 1394 2248 1450 muniti.
2283 1394 2604 1466 Meritoque
2653 1397 2710 1450 et
2757 1393 2900 1449 tuba
2944 1407 3154 1448 cornea
3186 1391 3355 1463 (Psal.
3402 1407 3573 1453 xcvn.
3604 1389 3660 1462 6)

2015 1483 2229 1540 dicitur
2257 1484 2443 1540 virtus
2474 1483 2764 1540 sermonis
2797 1481 3105 1550 mirabilis,
3139 1498 3265 1552 qua:
3295 1481 3481 1537 bonos
3505 1479 3664 1538 Chri-

2017 1572 2089 1629 sti
2122 1572 2337 1628 milites
2369 1573 2632 1629 accendit
2657 1572 2728 1627 ad
2761 1571 3048 1643 praelium,
3081 1571 3246 1626 ut'de
3272 1569 3440 1626 hoste
3471 1569 3663 1626 diabo-

2015 1662 2071 1718 lo
2102 1662 2412 1718 manubias
2446 1668 2827 1734 reportemus.
2863 1662 2925 1715 In
2958 1660 3078 1716 acie
3121 1659 3302 1733 igitur
3343 1675 3572 1725 sumus,
3607 1663 3663 1715 et

2020 1751 2306 1823 plurimos
2357 1768 2424 1806 ex
2473 1751 2640 1806 nobis
2687 1749 2952 1804 videmus
2993 1749 3048 1803 in
3101 1747 3416 1804 adversarii
3453 1747 3662 1804 castris

2011 1857 2139 1896 esse
2169 1839 2424 1912 captivos
2457 1856 2470 1894 :
2505 1839 2564 1895 hi
2596 1838 2764 1894 nobis
2789 1839 2934 1911 jngo
2985 1835 3328 1909 gravissimo
3367 1835 3662 1893 servitutis

2012 1929 2256 1986 exuendi
2284 1933 2445 1984 sunt.

2645 2034 2873 2091 CAPUT
2912 2035 3031 2090 ΧΠ.

2012 2127 2086 2180 De
2116 2125 2484 2180 benedictione
2512 2126 2822 2195 Benjamin.
2853 2141 2962 2195 qua
3009 2124 3234 2196 mystice
3279 2122 3446 2196 Pauli
3473 2121 3661 2178 adver-

2085 2213 2176 2251 sus
2205 2198 2499 2252 Ecclesium
2528 2193 2970 2264 pefseeutio,‘nee
3016 2193 3125 2250 non
3161 2193 3401 2267 ejusdem
3432 2209 3660 2256 conver-

2085 2269 2166 2323 sio
2197 2271 2356 2338 atque
2380 2267 2702 2339 praedicatio
2729 2267 3133 2338 signiﬁcantur.

2085 2374 2172 2427 57.
2224 2372 2516 2428 Plurimos
2573 2372 2742 2444 lupos
2800 2373 2976 2428 habet
3033 2371 3322 2439 diabolus,
3385 2387 3532 2443 quos
3589 2370 3661 2426 ad

2015 2460 2227 2516 Christi
2258 2477 2394 2517 oves
2441 2460 2670 2533 dirigit;
2721 2467 2779 2517 et
2825 2461 2954 2516 ideo
3000 2459 3386 2534 intelligibilis
3424 2459 3664 2533 Joseph,

2018 2553 2080 2605 ut
2110 2566 2245 2606 oves
2276 2555 2531 2606 servaret
2555 2567 2715 2618 suas,
2748 2551 2944 2622 ipsum
2976 2549 3282 2606 inimicum
3333 2549 3664 2604 venientem

2017 2639 2090 2693 ad
2121 2639 2476 2711 diripiendas
2508 2656 2641 2695 oves
2673 2639 2866 2712 rapuit
2893 2638 3101 2712 lupum
3142 2637 3411 2705 Paulum,
3447 2637 3664 2694 faciens

2017 2742 2085 2782 ex
2146 2731 2514 2800 persecutore
2570 2729 2887 2785 doctorem.
2946 2727 3026 2784 De
3084 2744 3199 2800 quo
3258 2725 3400 2782 dicit
3459 2727 3664 2796 Jac'ob,

2016 2815 2168 2872 sicut
2197 2817 2482 2888 scriptum
2514 2821 2601 2873 est
2635 2834 2648 2875 :
2687 2839 2714 2868 α
2752 2817 3051 2889 Benjamin
3081 2815 3256 2888 lupus
3287 2831 3664 2888 rapax,mane

2015 2905 2281 2960 comedet
2339 2905 2549 2973 adhuc,
2611 2911 2669 2962 et
2722 2907 2794 2961 ad
2841 2921 3144 2978 vesperam
3203 2904 3420 2960 dividet
3466 2917 3662 2961 escam

2015 2993 2381 3066 principibus
2413 2995 2564 3066 (Gen.
2599 3011 2749 3058 xmx,
2777 2994 2889 3065 27).
2927 3016 2954 3044 υ
2987 2995 3184 3066 Lupus
3213 2997 3495 3049 eratcum
3541 2992 3660 3048 dis-

2016 3088 2276 3156 pergeret
2307 3089 2364 3138 et
2389 3083 2687 3139 devoraret
2717 3100 2851 3138 oves
2882 3081 3166 3139 Ecclesiae.
3199 3083 3310 3138 Sed
3352 3081 3453 3154 qui
3483 3081 3661 3154 lupus

252 3155 461 3241 jacob,
493 3187 560 3228 eo
590 3173 743 3244 quod
774 3169 1038 3242 legamus
1063 3169 1351 3226 dicentem
1395 3169 1556 3225 illam
1606 3171 1664 3225 in
1712 3169 1903 3225 Canti-
1937 3155 1978 3221 C
2016 3155 2266 3238 venerat,
2301 3177 2499 3244 pastor
2527 3177 2617 3228 est
2647 3174 2856 3229 factus.
2892 3173 3090 3245 Lupus
3119 3177 3244 3228 erat
3271 3187 3406 3228 cum
3446 3170 3661 3228 Saulus

257 3263 346 3320 eis
374 3260 736 3318 canticorum
762 3277 774 3315 :
810 3260 1044 3315 «Frater
1073 3275 1240 3315 meus
1271 3258 1556 3314 candidus
1584 3263 1641 3315 et
1671 3258 1906 3314 rubeus.

237 3351 485 3414 electus
515 3366 581 3405 ex
612 3350 811 3405 decem
845 3347 1105 3404 millibus
1135 3347 1315 3415 (Cant.
1346 3365 1402 3415 ν,
1440 3349 1549 3418 10).
1585 3370 1612 3397 ››
1657 3348 1912 3420 Denique

258 3439 439 3497 etiam
485 3438 664 3494 David
705 3436 1032 3509 juvenculte
1079 3437 1190 3508 (32)
1239 3436 1431 3492 Mariae
1481 3441 1799 3503 auctorem,
1844 3454 1912 3492 ex

255 3529 431 3600 cujus
462 3527 832 3583 successione
862 3526 1128 3583 Christus
1177 3531 1265 3582 est
1307 3529 1481 3582 natus
1524 3543 1626 3598 per
1654 3525 1912 3598 Virginis

254 3621 520 3691 partum,
551 3616 610 3670 in
644 3617 842 3670 decem
877 3613 1140 3670 millibus
1170 3613 1563 3686 praedicabant
1597 3632 1609 3668 :
1647 3615 1786 3672 Saul
1808 3633 1911 3671 au-

257 3712 375 3764 tem
410 3706 472 3760 in
505 3703 928 3771 millibus,cum
954 3704 1287 3760 reverentiae
1319 3705 1506 3776 gratia
1537 3705 1688 3760 circa
1717 3722 1910 3778 regem

257 3795 456 3868 magis
503 3794 946 3866 praeponderare
995 3793 1356 3848 debuissent.
1391 3793 1496 3857 Qui
1548 3810 1684 3866 ergo
1732 3810 1912 3849 cornu

252 3883 475 3940 Christi
535 3881 893 3949 exaltavcrit,
951 3881 1258 3936 confessus
1309 3882 1436 3952 ejus
1495 3882 1740 3954 gloriam
1790 3882 1915 3954 ipse

258 3988 495 4046 quoque
541 3969 784 4042 accipiet
823 3987 1059 4025 cornua.
1114 3970 1274 4025 Unde
1320 3971 1496 4026 etiam
1549 3971 1737 4026 sancti
1787 3971 1913 4026 uni-

257 4060 465 4118 cornui
499 4059 638 4115 dicti
671 4063 808 4114 sunt
838 4059 896 4113 in
926 4057 1139 4130 psalmi
1169 4059 1452 4114 versiculo
1485 4076 1540 4113 :a
1577 4062 1642 4115 Et
1668 4060 1915 4116 dilectus

256 4156 546 4222 tanquam
601 4147 760 4203 ﬁlius
809 4147 1267 4202 unicornuorum
1317 4148 1488 4218 (Psul.
1542 4166 1741 4214 xxvm,
1773 4150 1849 4220 6).
1887 4173 1915 4198 ››

260 4238 490 4295 Etenim
525 4237 675 4292 sicut
706 4235 923 4291 animal
977 4236 1339 4308 hujusmodi,
1373 4253 1506 4290 cum
1551 4238 1601 4291 ci
1650 4238 1919 4294 oriuntur

260 4343 505 4396 cornua,
535 4342 876 4398 processum
908 4324 1204 4396 signiﬁcat
1242 4323 1522 4396 plenioris
1569 4325 1754 4380 aetatis
1791 4343 1802 4382 :
1839 4327 1946 4381 ita-

261 4433 397 4473 cum
417 4433 446 4470 e
467 4414 654 4486 capite
675 4414 928 4486 quodam
947 4417 1154 4468 nostrae
1169 4414 1374 4467 animae
1397 4431 1614 4468 cornua
1632 4414 1918 4486 pullulare

2021 3263 2163 3331 erat,
2198 3261 2430 3332 quando
2463 3261 2720 3317 intrabat
2749 3261 2807 3318 in
2839 3261 3065 3329 domos,
3100 3265 3158 3316 et
3181 3260 3338 3318 viros
3368 3277 3434 3316 ac
3463 3259 3671 3316 mulie-

2020 3363 2112 3404 res
2143 3349 2412 3405 trahebat
2441 3348 2501 3404 in
2533 3367 2844 3407 carcerem.
2881 3351 3080 3423 Lupus
3121 3354 3247 3406 erat
3291 3349 3526 3423 quando
3551 3347 3670 3422 spi-

2021 3453 2159 3493 rans
2217 3438 2410 3492 minas
2455 3443 2515 3494 et
2565 3437 2880 3502 homicidia
2934 3440 2991 3495 in
3041 3438 3364 3512 discipulos
3421 3437 3672 3506 Domini,

2021 3527 2256 3600 petebat
2321 3527 2598 3598 epistolas
2656 3545 2690 3582 a
2755 3528 3120 3600 principibus
3175 3527 3567 3597 sacerdotum,
3609 3531 3676 3582 ut

2022 3615 2320 3670 invaderet
2367 3631 2562 3671 servos
2609 3616 2847 3672 Christi.
2898 3619 3080 3682 Quem
3127 3621 3410 3689 tanquam
3463 3615 3670 3689 lupum

2023 3701 2324 3757 nocturnis
2364 3703 2618 3758 tenebris
2668 3704 3034 3759 oberrantem
3088 3705 3275 3760 eﬁ'usa
3317 3704 3490 3762 Jesus
3538 3703 3669 3760 luce

2023 3791 2272 3848 cmcavit.
2310 3791 2440 3846 Ideo
2468 3791 2681 3847 Rachel
2714 3809 2844 3847 cum
2875 3797 3108 3862 'pareret
3146 3793 3473 3865 Benjamin,
3502 3807 3671 3846 voca-

2022 3881 2105 3936 vit
2136 3895 2347 3935 nomen
2387 3881 2513 3951 ejus
2563 3902 2591 3930 «
2639 3880 2818 3936 Filius
2865 3879 3082 3936 doloris
3131 3880 3242 3936 mei
3297 3879 3449 3952 (Gen.
3499 3895 3670 3946 xxxv,

2027 3971 2136 4041 {8),
2183 3992 2209 4018 ››
2251 3969 2518 4024 futurum
2561 3969 2915 4041 prophetans
2963 3987 3032 4025 ex
3083 3987 3151 4026 ea
3207 3969 3364 4025 tribu
3405 3967 3675 4035 Paulum,

2025 4059 2122 4130 qui
2159 4058 2444 4130 afﬂigeret
2475 4057 2622 4114 ﬁlios
2654 4056 2915 4114 Ecclesia:
2948 4057 3366 4130 persecutionis
3387 4075 3505 4114 suae
3535 4061 3675 4112 tem-

2025 4163 2184 4219 pore,
2218 4151 2274 4200 et
2301 4146 2460 4220 gravi
2514 4151 2759 4202 matrem
2809 4146 3007 4204 dolore
3052 4151 3300 4203 vexaret.
3335 4146 3448 4204 Sed
3477 4149 3676 4201 tamen

2027 4237 2181 4290 idem
2225 4241 2422 4308 postea
2463 4235 2828 4308 principibus
2867 4253 3064 4292 escam
3105 4234 3425 4308 posteriore
3481 4233 3680 4290 divisit

2026 4329 2306 4396 tempore,
2365 4323 2771 4396 evangelizans
2834 4323 3107 4396 gentibus
3164 4323 3265 4380 Dei
3314 4323 3582 4388 verbum,
3621 4325 3682 4378 et

2028 4413 2313 4486 plurimos
2346 4413 2412 4466 ad
2451 4413 2620 4468 ﬁdem
2658 4430 3007 4484 provocans;
3046 4430 3162 4486 quo
3209 4413 3567 4487 disputante,
3599 4410 3677 4466 si-

261 4503 1918 4579 caeperint,processumvidenturperfectiorissigniﬁcare
1951 4514 1996 4577 Ι)
2027 4507 2125 4557 cut
2172 4501 2447 4574 legimus,
2480 4501 2696 4558 Paulus
2744 4502 3078 4574 proconsul,
3122 4509 3177 4558 et
3225 4501 3470 4558 Publius
3519 4500 3676 4572 priu-

259 4595 520 4654 virtutis.
551 4597 607 4647 et
637 4593 843 4648 tandiu
872 4595 1161 4660 crescunt,
1197 4592 1456 4664 quandiu
1498 4592 1916 4663 compleantur.

262 4684 384 4739 Hoc
433 4698 612 4737 cornu
668 4681 956 4736 Dominus
1011 4681 1182 4736 Jesus
1229 4679 1575 4736 comminuit
1607 4685 1828 4754 gentes,
1862 4687 1926 4736 ut

337 4826 454 4891 (31)
500 4824 606 4888 Qui
654 4822 846 4899 varias
895 4829 1203 4899 auctorum
1253 4823 1332 4899 de
1380 4829 1746 4899 monocerote
1801 4824 1924 4895 epi-

269 4899 492 4968 niones
536 4893 885 4968 cognoscere
943 4893 1233 4968 voluerit,
1265 4895 1649 4968 adeathonr.
1684 4893 1922 4968 Gesner.

267 4968 370 5024 lib.
406 4985 426 5022 ι
452 4965 980 5039 Πὶδιξαηὶτηαιίιιηι,
1017 4983 1150 5039 pag.
1179 4967 1314 5039 781,Δ
1331 4972 1395 5039 et
1427 4965 1687 5039 Ulyssem
1722 4967 1926 5039 Aler-

269 5040 552 5105 randum,
581 5037 650 5094 de
679 5038 956 5107 Quadrup.
1009 5037 1252 5104 bisulcis,
1304 5037 1403 5092 lib.
1457 5037 1674 5109 1,‘cap.
1726 5040 1814 5105 33,
1865 5038 1930 5093 de

275 5111 648 5177 Rhinocerote,
684 5125 815 5181 pag.
849 5109 954 5181 878
979 5114 1035 5162 et
1063 5111 1188 5181 888.

344 5183 458 5254 (32)
489 5178 824 5254 Juvencztla’,
860 5179 914 5233 id
950 5184 1056 5254 est,
1091 5179 1201 5234 illa:
1236 5178 1509 5254 mulieres
1546 5197 1698 5254 quae
1722 5180 1929 5254 choros

273 5250 559 5308 ducentes
586 5253 764 5308 David
799 5269 868 5305 ex
894 5251 1042 5306 bello
1095 5255 1224 5323 post
1271 5251 1529 5305 occisum
1576 5250 1804 5306 Goliath
1843 5269 1926 5306 re-

274 5324 520 5382 vertenti
573 5327 971 5390 occurrerunt,
1024 5322 1108 5377 ut"
1139 5322 1388 5377 habetur
1439 5323 1458 5376 Ι
1507 5323 1644 5394 Reg.
1688 5340 1848 5390 xvm,
1896 5325 1930 5377 6

274 5407 329 5454 et
357 5399 413 5449 7.

344 5465 586 5538 (33,)Sic
615 5464 754 5520 edit.
787 5465 978 5538 Rom.)
1007 5469 1064 5520 et
1099 5467 1349 5535 quatuor
1397 5465 1631 5538 mss.At
1649 5465 1784 5538 edit.
1817 5471 1926 5520 vet.

273 5535 486 5593 et'alii
553 5553 696 5592 mss.
756 5535 1012 5592 melioris
1070 5540 1240 5602 notm,
1313 5537 1408 5606 qui
1467 5551 1527 5590 eo
1597 5536 1928 5606 disputante,

273 5612 418 5665 sicut
452 5609 664 5676 legatus
701 5609 868 5680 Pauli
911 5607 1274 5680 proconsulis,
1307 5615 1358 5662 et
1390 5607 1614 5661 Publi-us
1653 5610 1929 5680 primwps.

277 5686 386 5737 etc.
423 5681 558 5745 Qua
591 5683 789 5735 tamen
823 5677 993 5736 lectio
1025 5677 1072 5734 si
1107 5694 1240 5734 vera
1267 5682 1439 5743 esset,
1473 5677 1742 5736 sanctum
1797 5677 1931 5737 doc-

2029 4607 2164 4662 ccps
2197 4590 2327 4662 (33),
2362 4589 2594 4646 Domini
2646 4591 2898 4664 gratiam
2949 4596 3294 4666 receperunt
3337 4593 3472 4664 (Act.
3515 4602 3676 4653 χχιιι,

2035 4681 2129 4748 12;
2163 4696 2358 4746 XXVIII,
2387 4680 2462 4748 8).

2035 4829 2217 4877 torem
2245 4821 2556 4890 exemplari
2593 4839 2626 4876 a
2659 4823 2858 4879 Bibliis
2905 4831 2959 4878 et
3007 4822 3374 4880 versionibus
3405 4818 3680 4876 omnibus

2036 4912 2162 4966 quae
2192 4910 2347 4948 nunc
2381 4893 2686 4963 habentur,
2719 4896 3088 4965 discrepante
3118 4911 3292 4949 usum
3312 4908 3457 4966 esse
3505 4905 3681 4961 opor-

2038 4961 2198 5038 teret.
2235 4966 2379 5038 Nam
2415 4966 2629 5038 ubique
2662 4961 2776 5021 non
2811 4961 2974 5038 Pauli
3021 4961 3385 5037 proconsulis
3430 4961 3678 5038 legatus,

2037 5039 2134 5094 sed
2167 5036 2293 5108 ipse
2325 5031 2561 5108 Paulus,
2591 5037 2900 5108 proconsul
2949 5031 3219 5108 narratur
3264 5031 3578 5108 conversus
3609 5031 3681 5086 ab

2037 5103 2704 5180 Apes—telo.7Excipimus
2753 5115 2948 5180 tamen
2997 5107 3320 5164 versionem
3349 5103 3678 5180 Arabium.

2041 5174 2108 5259 [τί
2152 5181 2258 5259 hac
2307 5174 2603 5259 siquidem
2647 5185 2845 5259 aperte
2889 5179 3015 5234 duae
3065 5195 3440 5259 personare):
3485 5174 3681 5259 Sergio

2041 5251 2216 5307 Paulo
2248 5249 2704 5320 constituuntur,
2753 5251 2847 5304 ubi
2899 5249 3222 5306 secundum
3255 5249 3524 5320 Latinam,
3555 5249 3684 5319 ejus

2041 5321 2576 5395 interpretationem
2611 5321 2688 5395 ita
2717 5321 2966 5395 legimus
3001 5338 3014 5376 :
3052 5323 3158 5395 Qui
3187 5328 3422 5394 (nempe
3471 5319 3688 5395 Elimea

2043 5391 2268 5466 {uagus}
2315 5400 2438 5466 erat
2487 5391 2933 5466 apud_Sergiu_m
2977 5391 3265 5466 tribunum
3317 5391 3443 5449 ciam
3487 5391 3684 5466 Paulo,

2042 5463 2156 5521 viro
2185 5464 2465 5536 pruriente.
2501 5463 2658 5528 Quod
2690 5480 2834 5537 sane
2860 5463 3092 5521 lectioni
3123 5463 3686 5537 priscarumeditio-

2042 5535 2192 5592 num
2222 5539 2404 5590 lavere
2441 5539 2648 5604 potest,
2683 5535 2730 5588 si
2783 5535 3046 5592 dicamus
3092 5535 3359 5604 Sergium
3411 5535 3578 5592 illum
3619 5550 3689 5589 ex

2042 5608 2300 5680 \‘H'Slpne
2352 5605 2598 5680 Arabica
2627 5605 2930 5680 tribunum
2978 5609 3051 5664 ab
3098 5605 3404 5666 Ambrosio
3430 5607 3687 5680 legatum

2049 5679 2210 5736 Pauli
2240 5676 2604 5750 proconsulis
2630 5676 2850 5736 dictum
2881 5680 3081 5738 fuisse.
