  <div class='ocr_page' id='page_1' title='image "/cluster/home/n/w/nwhite01/storage/ocr_20150623/14/hvd.32044048207138/369.png"; bbox 0 0 4104 6156; ppageno 0'>
   <div class='ocr_carea' id='block_1_1' title="bbox 470 258 2091 345">
    <p class='ocr_par' dir='ltr' id='par_1_1' title="bbox 470 258 2091 326">
     <span class='ocr_line' id='line_1_1' title="bbox 470 258 2091 326; baseline 0.004 -7"><span class='ocrx_word' id='word_1_1' title='bbox 470 258 589 321; x_wconf 75' lang='grc'><strong>’⁸127</strong></span> <span class='ocrx_word' id='word_1_2' title='bbox 1939 267 2000 326; x_wconf 90' lang='lat' dir='ltr'><strong>S.</strong></span> <span class='ocrx_word' id='word_1_3' title='bbox 2053 269 2091 326; x_wconf 81' lang='grc' dir='ltr'><strong>Α</strong></span> 
     </span>
    </p>
   </div>
   <div class='ocr_carea' id='block_1_2' title="bbox 2198 258 3819 345">
    <p class='ocr_par' dir='ltr' id='par_1_2' title="bbox 2198 265 3819 345">
     <span class='ocr_line' id='line_1_2' title="bbox 2198 265 3819 345; baseline 0.011 -19"><span class='ocrx_word' id='word_1_4' title='bbox 2198 265 2429 327; x_wconf 73' lang='lat' dir='ltr'><strong>lROSll</strong></span> <span class='ocrx_word' id='word_1_5' title='bbox 3727 283 3819 345; x_wconf 79' lang='lat'><strong>728</strong></span> 
     </span>
    </p>
   </div>
   <div class='ocr_carea' id='block_1_3' title="bbox 542 393 3817 487">
    <p class='ocr_par' dir='ltr' id='par_1_3' title="bbox 542 393 3817 487">
     <span class='ocr_line' id='line_1_3' title="bbox 542 393 3817 487; baseline 0.005 -34"><span class='ocrx_word' id='word_1_6' title='bbox 542 400 630 453; x_wconf 85' lang='lat'><strong>58.</strong></span> <span class='ocrx_word' id='word_1_7' title='bbox 663 393 905 452; x_wconf 85' lang='lat' dir='ltr'><strong>Pulchre</strong></span> <span class='ocrx_word' id='word_1_8' title='bbox 937 399 1131 452; x_wconf 87' lang='lat' dir='ltr'><strong>autem</strong></span> <span class='ocrx_word' id='word_1_9' title='bbox 1162 397 1340 454; x_wconf 89' lang='lat' dir='ltr'><strong>etiam</strong></span> <span class='ocrx_word' id='word_1_10' title='bbox 1373 398 1601 472; x_wconf 73' lang='lat' dir='ltr'><strong>Moyses</strong></span> <span class='ocrx_word' id='word_1_11' title='bbox 1648 416 1781 455; x_wconf 90' lang='lat' dir='ltr'><strong>cum</strong></span> <span class='ocrx_word' id='word_1_12' title='bbox 1813 399 2117 457; x_wconf 88' lang='lat' dir='ltr'><strong>benedice-</strong></span> <span class='ocrx_word' id='word_1_13' title='bbox 2150 401 2206 469; x_wconf 83' lang='grc' dir='ltr'>Α</span> <span class='ocrx_word' id='word_1_14' title='bbox 2235 398 2296 457; x_wconf 90' lang='lat' dir='ltr'><strong>in</strong></span> <span class='ocrx_word' id='word_1_15' title='bbox 2344 397 2526 458; x_wconf 84' lang='lat' dir='ltr'><strong>silvis.</strong></span> <span class='ocrx_word' id='word_1_16' title='bbox 2580 400 2725 461; x_wconf 63' lang='lat'><strong>581</strong></span> <span class='ocrx_word' id='word_1_17' title='bbox 2786 403 2857 461; x_wconf 88' lang='lat' dir='ltr'><strong>Et</strong></span> <span class='ocrx_word' id='word_1_18' title='bbox 2901 405 3057 463; x_wconf 83' lang='lat' dir='ltr'><strong>Deus</strong></span> <span class='ocrx_word' id='word_1_19' title='bbox 3105 405 3472 466; x_wconf 78' lang='lat' dir='ltr'><strong>obumbravit</strong></span> <span class='ocrx_word' id='word_1_20' title='bbox 3514 422 3817 487; x_wconf 78' lang='lat' dir='ltr'><strong>supersum,</strong></span> 
     </span>
    </p>
   </div>
   <div class='ocr_carea' id='block_1_4' title="bbox 473 484 3821 572">
    <p class='ocr_par' dir='ltr' id='par_1_4' title="bbox 473 484 3821 572">
     <span class='ocr_line' id='line_1_4' title="bbox 473 484 3821 572; baseline 0.007 -33"><span class='ocrx_word' id='word_1_21' title='bbox 473 490 559 540; x_wconf 90' lang='lat' dir='ltr'><strong>ret</strong></span> <span class='ocrx_word' id='word_1_22' title='bbox 589 484 890 556; x_wconf 88' lang='lat' dir='ltr'><strong>Benjamin</strong></span> <span class='ocrx_word' id='word_1_23' title='bbox 936 487 1157 543; x_wconf 85' lang='lat' dir='ltr'><strong>tribum</strong></span> <span class='ocrx_word' id='word_1_24' title='bbox 1206 488 1352 543; x_wconf 84' lang='lat' dir='ltr'><strong>dixit</strong></span> <span class='ocrx_word' id='word_1_25' title='bbox 1386 506 1399 544; x_wconf 90' lang='lat'><strong>:</strong></span> <span class='ocrx_word' id='word_1_26' title='bbox 1431 512 1460 539; x_wconf 86' lang='grc'><strong>‹‹</strong></span> <span class='ocrx_word' id='word_1_27' title='bbox 1490 488 1746 546; x_wconf 86' lang='lat' dir='ltr'><strong>Dilectus</strong></span> <span class='ocrx_word' id='word_1_28' title='bbox 1797 506 1830 544; x_wconf 89' lang='lat' dir='ltr'><strong>a</strong></span> <span class='ocrx_word' id='word_1_29' title='bbox 1877 490 2125 546; x_wconf 92' lang='lat' dir='ltr'><strong>Domino</strong></span> <span class='ocrx_word' id='word_1_30' title='bbox 2239 492 2476 564; x_wconf 83' lang='lat' dir='ltr'><strong>quando</strong></span> <span class='ocrx_word' id='word_1_31' title='bbox 2496 491 2660 550; x_wconf 89' lang='lat' dir='ltr'><strong>visus</strong></span> <span class='ocrx_word' id='word_1_32' title='bbox 2680 500 2765 550; x_wconf 90' lang='lat' dir='ltr'><strong>est</strong></span> <span class='ocrx_word' id='word_1_33' title='bbox 2794 495 2844 551; x_wconf 89' lang='lat' dir='ltr'><strong>ei</strong></span> <span class='ocrx_word' id='word_1_34' title='bbox 2871 495 3440 564; x_wconf 82' lang='lat' dir='ltr'><strong>Christus.Qui‘licet</strong></span> <span class='ocrx_word' id='word_1_35' title='bbox 3466 502 3661 572; x_wconf 87' lang='lat' dir='ltr'><strong>apertis</strong></span> <span class='ocrx_word' id='word_1_36' title='bbox 3677 484 3821 563; x_wconf 75' lang='lat' dir='ltr'><strong>oculis</strong></span> 
     </span>
    </p>
   </div>
   <div class='ocr_carea' id='block_1_5' title="bbox 471 574 3822 652">
    <p class='ocr_par' dir='ltr' id='par_1_5' title="bbox 471 574 3822 652">
     <span class='ocr_line' id='line_1_5' title="bbox 471 574 3822 652; baseline 0.006 -22"><span class='ocrx_word' id='word_1_37' title='bbox 471 574 760 630; x_wconf 78' lang='lat' dir='ltr'><strong>habitabit</strong></span> <span class='ocrx_word' id='word_1_38' title='bbox 789 575 995 641; x_wconf 85' lang='lat' dir='ltr'><strong>ﬁdens,</strong></span> <span class='ocrx_word' id='word_1_39' title='bbox 1030 584 1085 632; x_wconf 90' lang='lat' dir='ltr'><strong>et</strong></span> <span class='ocrx_word' id='word_1_40' title='bbox 1132 581 1281 632; x_wconf 84' lang='lat' dir='ltr'>Deus</span> <span class='ocrx_word' id='word_1_41' title='bbox 1332 578 1710 635; x_wconf 87' lang='lat' dir='ltr'><strong>obumbrabit</strong></span> <span class='ocrx_word' id='word_1_42' title='bbox 1758 596 1938 652; x_wconf 83' lang='lat' dir='ltr'><strong>super</strong></span> <span class='ocrx_word' id='word_1_43' title='bbox 1985 596 2122 635; x_wconf 89' lang='lat' dir='ltr'><strong>eum</strong></span> <span class='ocrx_word' id='word_1_44' title='bbox 2235 581 2460 637; x_wconf 85' lang='lat' dir='ltr'><strong>videret</strong></span> <span class='ocrx_word' id='word_1_45' title='bbox 2491 582 2659 649; x_wconf 86' lang='lat' dir='ltr'>nihil,</span> <span class='ocrx_word' id='word_1_46' title='bbox 2693 589 2890 641; x_wconf 90' lang='lat' dir='ltr'><strong>tamen</strong></span> <span class='ocrx_word' id='word_1_47' title='bbox 2935 585 3238 642; x_wconf 83' lang='lat' dir='ltr'><strong>Christum</strong></span> <span class='ocrx_word' id='word_1_48' title='bbox 3285 587 3528 645; x_wconf 83' lang='lat' dir='ltr'><strong>videbat.</strong></span> <span class='ocrx_word' id='word_1_49' title='bbox 3557 591 3623 646; x_wconf 88' lang='lat' dir='ltr'><strong>Et</strong></span> <span class='ocrx_word' id='word_1_50' title='bbox 3660 595 3822 651; x_wconf 81' lang='lat' dir='ltr'><strong>merito</strong></span> 
     </span>
    </p>
   </div>
   <div class='ocr_carea' id='block_1_6' title="bbox 477 665 3824 753">
    <p class='ocr_par' dir='ltr' id='par_1_6' title="bbox 477 665 3824 753">
     <span class='ocr_line' id='line_1_6' title="bbox 477 665 3824 753; baseline 0.006 -33"><span class='ocrx_word' id='word_1_51' title='bbox 477 665 755 720; x_wconf 90' lang='lat' dir='ltr'><strong>omnibus</strong></span> <span class='ocrx_word' id='word_1_52' title='bbox 807 665 1035 731; x_wconf 88' lang='lat' dir='ltr'><strong>diebus,</strong></span> <span class='ocrx_word' id='word_1_53' title='bbox 1069 671 1124 721; x_wconf 84' lang='lat' dir='ltr'><strong>et</strong></span> <span class='ocrx_word' id='word_1_54' title='bbox 1164 666 1315 721; x_wconf 91' lang='lat' dir='ltr'><strong>inter</strong></span> <span class='ocrx_word' id='word_1_55' title='bbox 1364 667 1641 724; x_wconf 88' lang='lat' dir='ltr'><strong>humeros</strong></span> <span class='ocrx_word' id='word_1_56' title='bbox 1695 669 2019 741; x_wconf 87' lang='lat' dir='ltr'><strong>requiescet</strong></span> <span class='ocrx_word' id='word_1_57' title='bbox 2044 669 2129 724; x_wconf 82' lang='lat' dir='ltr'><strong>di-</strong></span> <span class='ocrx_word' id='word_1_58' title='bbox 2236 668 2472 726; x_wconf 88' lang='lat' dir='ltr'><strong>videbat</strong></span> <span class='ocrx_word' id='word_1_59' title='bbox 2503 676 2869 744; x_wconf 65' lang='lat' dir='ltr'><strong>praesentem,</strong></span> <span class='ocrx_word' id='word_1_60' title='bbox 2899 690 3071 745; x_wconf 88' lang='lat' dir='ltr'><strong>quem</strong></span> <span class='ocrx_word' id='word_1_61' title='bbox 3105 676 3281 732; x_wconf 88' lang='lat' dir='ltr'><strong>etiam</strong></span> <span class='ocrx_word' id='word_1_62' title='bbox 3327 677 3589 735; x_wconf 81' lang='lat' dir='ltr'><strong>audiebat</strong></span> <span class='ocrx_word' id='word_1_63' title='bbox 3626 679 3824 753; x_wconf 88' lang='lat' dir='ltr'><strong>loquen-</strong></span> 
     </span>
    </p>
   </div>
   <div class='ocr_carea' id='block_1_7' title="bbox 474 750 3826 842">
    <p class='ocr_par' dir='ltr' id='par_1_7' title="bbox 474 750 3826 842">
     <span class='ocr_line' id='line_1_7' title="bbox 474 750 3826 842; baseline 0.006 -35"><span class='ocrx_word' id='word_1_64' title='bbox 474 750 661 807; x_wconf 91' lang='lat' dir='ltr'><strong>lectus</strong></span> <span class='ocrx_word' id='word_1_65' title='bbox 694 768 726 806; x_wconf 92' lang='lat' dir='ltr'><strong>a</strong></span> <span class='ocrx_word' id='word_1_66' title='bbox 755 751 1000 807; x_wconf 90' lang='lat' dir='ltr'><strong>Domino</strong></span> <span class='ocrx_word' id='word_1_67' title='bbox 1034 754 1207 823; x_wconf 80' lang='lat' dir='ltr'><strong>(Deut.</strong></span> <span class='ocrx_word' id='word_1_68' title='bbox 1240 771 1437 822; x_wconf 81' lang='lat' dir='ltr'><strong>xxxm,</strong></span> <span class='ocrx_word' id='word_1_69' title='bbox 1473 756 1581 826; x_wconf 79' lang='grc'><strong>12),</strong></span> <span class='ocrx_word' id='word_1_70' title='bbox 1618 778 1644 806; x_wconf 84' lang='grc'><strong>››</strong></span> <span class='ocrx_word' id='word_1_71' title='bbox 1679 755 1778 828; x_wconf 88' lang='lat' dir='ltr'><strong>qui</strong></span> <span class='ocrx_word' id='word_1_72' title='bbox 1808 757 1986 812; x_wconf 87' lang='lat' dir='ltr'><strong>etiam</strong></span> <span class='ocrx_word' id='word_1_73' title='bbox 2024 774 2125 813; x_wconf 89' lang='lat' dir='ltr'><strong>vas</strong></span> <span class='ocrx_word' id='word_1_74' title='bbox 2237 765 2372 815; x_wconf 86' lang='lat' dir='ltr'><strong>lem.</strong></span> <span class='ocrx_word' id='word_1_75' title='bbox 2406 760 2531 815; x_wconf 91' lang='lat' dir='ltr'><strong>Non</strong></span> <span class='ocrx_word' id='word_1_76' title='bbox 2564 762 2840 818; x_wconf 70' lang='lat' dir='ltr'><strong>caecitatis</strong></span> <span class='ocrx_word' id='word_1_77' title='bbox 2870 768 2960 820; x_wconf 89' lang='lat' dir='ltr'><strong>est</strong></span> <span class='ocrx_word' id='word_1_78' title='bbox 2990 764 3360 822; x_wconf 89' lang='lat' dir='ltr'><strong>obumbratio</strong></span> <span class='ocrx_word' id='word_1_79' title='bbox 3390 766 3518 836; x_wconf 90' lang='lat' dir='ltr'><strong>ista,</strong></span> <span class='ocrx_word' id='word_1_80' title='bbox 3532 768 3625 824; x_wconf 89' lang='lat' dir='ltr'><strong>sed</strong></span> <span class='ocrx_word' id='word_1_81' title='bbox 3647 750 3826 842; x_wconf 72' lang='lat' dir='ltr'><strong>gratiae.</strong></span> 
     </span>
    </p>
   </div>
   <div class='ocr_carea' id='block_1_8' title="bbox 476 840 3829 932">
    <p class='ocr_par' dir='ltr' id='par_1_8' title="bbox 476 840 3829 932">
     <span class='ocr_line' id='line_1_8' title="bbox 476 840 3829 932; baseline 0.006 -36"><span class='ocrx_word' id='word_1_82' title='bbox 476 840 776 896; x_wconf 85' lang='lat' dir='ltr'><strong>electionis</strong></span> <span class='ocrx_word' id='word_1_83' title='bbox 818 845 906 895; x_wconf 89' lang='lat' dir='ltr'><strong>est</strong></span> <span class='ocrx_word' id='word_1_84' title='bbox 937 842 1153 916; x_wconf 45' lang='lat' dir='ltr'><strong>factus;</strong></span> <span class='ocrx_word' id='word_1_85' title='bbox 1176 843 1375 915; x_wconf 84' lang='lat' dir='ltr'><strong>Neque</strong></span> <span class='ocrx_word' id='word_1_86' title='bbox 1432 844 1589 899; x_wconf 90' lang='lat' dir='ltr'><strong>enim</strong></span> <span class='ocrx_word' id='word_1_87' title='bbox 1640 845 1805 900; x_wconf 85' lang='lat' dir='ltr'><strong>aliter</strong></span> <span class='ocrx_word' id='word_1_88' title='bbox 1852 845 1965 902; x_wconf 89' lang='lat' dir='ltr'><strong>nisi</strong></span> <span class='ocrx_word' id='word_1_89' title='bbox 2013 847 2124 902; x_wconf 86' lang='lat' dir='ltr'><strong>Do—</strong></span> <span class='ocrx_word' id='word_1_90' title='bbox 2236 849 2497 921; x_wconf 90' lang='lat' dir='ltr'><strong>Denique</strong></span> <span class='ocrx_word' id='word_1_91' title='bbox 2527 850 2721 907; x_wconf 71' lang='lat' dir='ltr'><strong>Marias</strong></span> <span class='ocrx_word' id='word_1_92' title='bbox 2753 851 2970 908; x_wconf 86' lang='lat' dir='ltr'><strong>dicitur</strong></span> <span class='ocrx_word' id='word_1_93' title='bbox 3002 871 3015 909; x_wconf 92' lang='lat'><strong>:</strong></span> <span class='ocrx_word' id='word_1_94' title='bbox 3054 875 3083 904; x_wconf 86' lang='lat'><strong>«</strong></span> <span class='ocrx_word' id='word_1_95' title='bbox 3115 854 3371 926; x_wconf 85' lang='lat' dir='ltr'><strong>Spiritus</strong></span> <span class='ocrx_word' id='word_1_96' title='bbox 3401 860 3624 913; x_wconf 87' lang='lat' dir='ltr'><strong>sanctus</strong></span> <span class='ocrx_word' id='word_1_97' title='bbox 3655 840 3829 932; x_wconf 77' lang='lat' dir='ltr'><strong>super-</strong></span> 
     </span>
    </p>
   </div>
   <div class='ocr_carea' id='block_1_9' title="bbox 475 930 3830 1005">
    <p class='ocr_par' dir='ltr' id='par_1_9' title="bbox 475 930 3830 1005">
     <span class='ocr_line' id='line_1_9' title="bbox 475 930 3830 1005; baseline 0.006 -21"><span class='ocrx_word' id='word_1_98' title='bbox 475 930 619 984; x_wconf 90' lang='lat' dir='ltr'><strong>mini</strong></span> <span class='ocrx_word' id='word_1_99' title='bbox 670 933 757 984; x_wconf 90' lang='lat' dir='ltr'><strong>est</strong></span> <span class='ocrx_word' id='word_1_100' title='bbox 807 930 1180 987; x_wconf 83' lang='lat' dir='ltr'><strong>miseratione</strong></span> <span class='ocrx_word' id='word_1_101' title='bbox 1228 936 1284 987; x_wconf 91' lang='lat' dir='ltr'><strong>et</strong></span> <span class='ocrx_word' id='word_1_102' title='bbox 1334 950 1533 989; x_wconf 90' lang='lat' dir='ltr'><strong>amore</strong></span> <span class='ocrx_word' id='word_1_103' title='bbox 1575 950 1910 991; x_wconf 89' lang='lat' dir='ltr'><strong>conversus.</strong></span> <span class='ocrx_word' id='word_1_104' title='bbox 1963 935 2125 992; x_wconf 91' lang='lat' dir='ltr'><strong>Unde</strong></span> <span class='ocrx_word' id='word_1_105' title='bbox 2234 937 2457 994; x_wconf 89' lang='lat' dir='ltr'><strong>verniet</strong></span> <span class='ocrx_word' id='word_1_106' title='bbox 2486 938 2545 992; x_wconf 94' lang='lat' dir='ltr'><strong>in</strong></span> <span class='ocrx_word' id='word_1_107' title='bbox 2576 943 2653 1005; x_wconf 88' lang='lat' dir='ltr'><strong>te,</strong></span> <span class='ocrx_word' id='word_1_108' title='bbox 2685 944 2743 995; x_wconf 91' lang='lat' dir='ltr'><strong>et</strong></span> <span class='ocrx_word' id='word_1_109' title='bbox 2787 940 2973 997; x_wconf 91' lang='lat' dir='ltr'><strong>virtus</strong></span> <span class='ocrx_word' id='word_1_110' title='bbox 3024 942 3314 999; x_wconf 87' lang='lat' dir='ltr'><strong>Altissimi</strong></span> <span class='ocrx_word' id='word_1_111' title='bbox 3361 930 3830 1005; x_wconf 32' lang='lat' dir='ltr'><strong>obumbrabit&#39;tibi</strong></span> 
     </span>
    </p>
   </div>
   <div class='ocr_carea' id='block_1_10' title="bbox 475 1017 2614 1099">
    <p class='ocr_par' dir='ltr' id='par_1_10' title="bbox 475 1017 2614 1099">
     <span class='ocr_line' id='line_1_10' title="bbox 475 1017 2614 1099; baseline 0.004 -26"><span class='ocrx_word' id='word_1_112' title='bbox 475 1022 532 1073; x_wconf 90' lang='lat' dir='ltr'><strong>et</strong></span> <span class='ocrx_word' id='word_1_113' title='bbox 560 1018 683 1087; x_wconf 87' lang='lat' dir='ltr'><strong>ipse</strong></span> <span class='ocrx_word' id='word_1_114' title='bbox 715 1017 859 1073; x_wconf 87' lang='lat' dir='ltr'><strong>nihil</strong></span> <span class='ocrx_word' id='word_1_115' title='bbox 893 1020 1105 1075; x_wconf 88' lang='lat' dir='ltr'><strong>merito</strong></span> <span class='ocrx_word' id='word_1_116' title='bbox 1134 1021 1400 1078; x_wconf 87' lang='lat' dir='ltr'><strong>tribuens</strong></span> <span class='ocrx_word' id='word_1_117' title='bbox 1450 1039 1579 1092; x_wconf 91' lang='lat' dir='ltr'><strong>suo,</strong></span> <span class='ocrx_word' id='word_1_118' title='bbox 1608 1024 1709 1079; x_wconf 90' lang='lat' dir='ltr'><strong>sed</strong></span> <span class='ocrx_word' id='word_1_119' title='bbox 1742 1029 1932 1080; x_wconf 89' lang='lat' dir='ltr'><strong>totum</strong></span> <span class='ocrx_word' id='word_1_120' title='bbox 1965 1024 2126 1080; x_wconf 86' lang='lat' dir='ltr'><strong>defe-</strong></span> <span class='ocrx_word' id='word_1_121' title='bbox 2236 1026 2389 1098; x_wconf 81' lang='lat' dir='ltr'><strong>(Luc.</strong></span> <span class='ocrx_word' id='word_1_122' title='bbox 2425 1043 2467 1092; x_wconf 85' lang='grc' dir='ltr'><strong>ι,</strong></span> <span class='ocrx_word' id='word_1_123' title='bbox 2499 1028 2614 1099; x_wconf 87' lang='lat'><strong>35).</strong></span> 
     </span>
    </p>
   </div>
   <div class='ocr_carea' id='block_1_11' title="bbox 474 1106 3832 1194">
    <p class='ocr_par' dir='ltr' id='par_1_11' title="bbox 474 1106 3832 1194">
     <span class='ocr_line' id='line_1_11' title="bbox 474 1106 3832 1194; baseline 0.007 -33"><span class='ocrx_word' id='word_1_124' title='bbox 474 1122 608 1162; x_wconf 89' lang='lat' dir='ltr'><strong>rens</strong></span> <span class='ocrx_word' id='word_1_125' title='bbox 639 1106 889 1175; x_wconf 86' lang='lat' dir='ltr'><strong>Christo,</strong></span> <span class='ocrx_word' id='word_1_126' title='bbox 922 1109 1005 1163; x_wconf 85' lang='lat' dir='ltr'><strong>ait</strong></span> <span class='ocrx_word' id='word_1_127' title='bbox 1035 1111 1206 1181; x_wconf 79' lang='lat' dir='ltr'><strong>:«Ego</strong></span> <span class='ocrx_word' id='word_1_128' title='bbox 1240 1110 1397 1166; x_wconf 88' lang='lat' dir='ltr'><strong>enim</strong></span> <span class='ocrx_word' id='word_1_129' title='bbox 1430 1129 1561 1167; x_wconf 91' lang='lat' dir='ltr'><strong>sum</strong></span> <span class='ocrx_word' id='word_1_130' title='bbox 1596 1112 1880 1168; x_wconf 90' lang='lat' dir='ltr'><strong>minimus</strong></span> <span class='ocrx_word' id='word_1_131' title='bbox 1901 1118 2128 1185; x_wconf 90' lang='lat' dir='ltr'><strong>aposto-</strong></span> <span class='ocrx_word' id='word_1_132' title='bbox 2305 1117 2397 1172; x_wconf 89' lang='lat'><strong>59.</strong></span> <span class='ocrx_word' id='word_1_133' title='bbox 2435 1138 2463 1167; x_wconf 84' lang='lat'><strong>«</strong></span> <span class='ocrx_word' id='word_1_134' title='bbox 2493 1118 2564 1173; x_wconf 90' lang='lat' dir='ltr'><strong>Et</strong></span> <span class='ocrx_word' id='word_1_135' title='bbox 2611 1117 2766 1173; x_wconf 92' lang='lat' dir='ltr'><strong>inter</strong></span> <span class='ocrx_word' id='word_1_136' title='bbox 2821 1119 3104 1177; x_wconf 87' lang='lat' dir='ltr'><strong>humeros</strong></span> <span class='ocrx_word' id='word_1_137' title='bbox 3163 1122 3505 1194; x_wconf 82' lang='lat' dir='ltr'><strong>requiescet,</strong></span> <span class='ocrx_word' id='word_1_138' title='bbox 3546 1147 3574 1175; x_wconf 85' lang='lat'><strong>»</strong></span> <span class='ocrx_word' id='word_1_139' title='bbox 3617 1125 3715 1182; x_wconf 88' lang='lat' dir='ltr'><strong>hoc</strong></span> <span class='ocrx_word' id='word_1_140' title='bbox 3748 1134 3832 1193; x_wconf 87' lang='lat' dir='ltr'><strong>est,</strong></span> 
     </span>
    </p>
   </div>
   <div class='ocr_carea' id='block_1_12' title="bbox 473 1195 3834 1289">
    <p class='ocr_par' dir='ltr' id='par_1_12' title="bbox 473 1195 3834 1289">
     <span class='ocr_line' id='line_1_12' title="bbox 473 1195 3834 1289; baseline 0.006 -39"><span class='ocrx_word' id='word_1_141' title='bbox 473 1195 664 1252; x_wconf 90' lang='lat' dir='ltr'><strong>lorum</strong></span> <span class='ocrx_word' id='word_1_142' title='bbox 724 1198 823 1269; x_wconf 88' lang='lat' dir='ltr'><strong>qui</strong></span> <span class='ocrx_word' id='word_1_143' title='bbox 885 1216 999 1253; x_wconf 90' lang='lat' dir='ltr'><strong>non</strong></span> <span class='ocrx_word' id='word_1_144' title='bbox 1053 1217 1183 1253; x_wconf 89' lang='lat' dir='ltr'><strong>sum</strong></span> <span class='ocrx_word' id='word_1_145' title='bbox 1250 1201 1467 1274; x_wconf 90' lang='lat' dir='ltr'><strong>dignus</strong></span> <span class='ocrx_word' id='word_1_146' title='bbox 1540 1200 1730 1257; x_wconf 89' lang='lat' dir='ltr'><strong>vocari</strong></span> <span class='ocrx_word' id='word_1_147' title='bbox 1802 1203 2124 1275; x_wconf 88' lang='lat' dir='ltr'><strong>apostolus,</strong></span> <span class='ocrx_word' id='word_1_148' title='bbox 2235 1204 2392 1261; x_wconf 89' lang='lat' dir='ltr'><strong>inter</strong></span> <span class='ocrx_word' id='word_1_149' title='bbox 2420 1205 2607 1261; x_wconf 86' lang='lat' dir='ltr'><strong>bonos</strong></span> <span class='ocrx_word' id='word_1_150' title='bbox 2639 1212 2803 1263; x_wconf 90' lang='lat' dir='ltr'><strong>actus</strong></span> <span class='ocrx_word' id='word_1_151' title='bbox 2836 1212 2896 1263; x_wconf 92' lang='lat' dir='ltr'><strong>et</strong></span> <span class='ocrx_word' id='word_1_152' title='bbox 2924 1225 3102 1280; x_wconf 90' lang='lat' dir='ltr'><strong>opera</strong></span> <span class='ocrx_word' id='word_1_153' title='bbox 3149 1212 3418 1283; x_wconf 87' lang='lat' dir='ltr'><strong>pretiosa.</strong></span> <span class='ocrx_word' id='word_1_154' title='bbox 3448 1213 3588 1268; x_wconf 88' lang='lat' dir='ltr'><strong>Nam</strong></span> <span class='ocrx_word' id='word_1_155' title='bbox 3616 1219 3668 1270; x_wconf 91' lang='lat' dir='ltr'><strong>et</strong></span> <span class='ocrx_word' id='word_1_156' title='bbox 3692 1232 3834 1289; x_wconf 83' lang='lat' dir='ltr'><strong>supra</strong></span> 
     </span>
    </p>
   </div>
   <div class='ocr_carea' id='block_1_13' title="bbox 474 1285 3836 1369">
    <p class='ocr_par' dir='ltr' id='par_1_13' title="bbox 474 1285 3836 1369">
     <span class='ocr_line' id='line_1_13' title="bbox 474 1285 3836 1369; baseline 0.005 -29"><span class='ocrx_word' id='word_1_157' title='bbox 474 1285 752 1358; x_wconf 89' lang='lat' dir='ltr'><strong>quoniam</strong></span> <span class='ocrx_word' id='word_1_158' title='bbox 804 1294 1147 1359; x_wconf 87' lang='lat' dir='ltr'><strong>persecutus</strong></span> <span class='ocrx_word' id='word_1_159' title='bbox 1198 1306 1331 1344; x_wconf 89' lang='lat' dir='ltr'><strong>sum</strong></span> <span class='ocrx_word' id='word_1_160' title='bbox 1376 1289 1696 1346; x_wconf 88' lang='lat' dir='ltr'><strong>Ecclesiam</strong></span> <span class='ocrx_word' id='word_1_161' title='bbox 1746 1292 1867 1347; x_wconf 90' lang='lat' dir='ltr'><strong>Dei.</strong></span> <span class='ocrx_word' id='word_1_162' title='bbox 1929 1291 2129 1347; x_wconf 84' lang='lat' dir='ltr'><strong>Gratia</strong></span> <span class='ocrx_word' id='word_1_163' title='bbox 2234 1292 2418 1349; x_wconf 90' lang='lat' dir='ltr'><strong>habes</strong></span> <span class='ocrx_word' id='word_1_164' title='bbox 2451 1294 2607 1364; x_wconf 90' lang='lat' dir='ltr'><strong>quod</strong></span> <span class='ocrx_word' id='word_1_165' title='bbox 2631 1294 2901 1352; x_wconf 89' lang='lat' dir='ltr'><strong>Issachar</strong></span> <span class='ocrx_word' id='word_1_166' title='bbox 2925 1298 3241 1369; x_wconf 86' lang='lat' dir='ltr'><strong>supposuit</strong></span> <span class='ocrx_word' id='word_1_167' title='bbox 3270 1298 3579 1356; x_wconf 85' lang='lat' dir='ltr'><strong>humerum</strong></span> <span class='ocrx_word' id='word_1_168' title='bbox 3602 1285 3836 1358; x_wconf 37' lang='lat' dir='ltr'><strong>suum—ad</strong></span> 
     </span>
    </p>
   </div>
   <div class='ocr_carea' id='block_1_14' title="bbox 471 1375 3836 1460">
    <p class='ocr_par' dir='ltr' id='par_1_14' title="bbox 471 1375 3836 1460">
     <span class='ocr_line' id='line_1_14' title="bbox 471 1375 3836 1460; baseline 0.005 -30"><span class='ocrx_word' id='word_1_169' title='bbox 471 1379 668 1431; x_wconf 89' lang='lat' dir='ltr'><strong>autem</strong></span> <span class='ocrx_word' id='word_1_170' title='bbox 699 1375 801 1431; x_wconf 89' lang='lat' dir='ltr'><strong>Dei</strong></span> <span class='ocrx_word' id='word_1_171' title='bbox 833 1393 965 1433; x_wconf 91' lang='lat' dir='ltr'><strong>sum</strong></span> <span class='ocrx_word' id='word_1_172' title='bbox 995 1377 1051 1431; x_wconf 86' lang='lat' dir='ltr'><strong>id</strong></span> <span class='ocrx_word' id='word_1_173' title='bbox 1086 1379 1238 1450; x_wconf 84' lang='lat' dir='ltr'><strong>quod</strong></span> <span class='ocrx_word' id='word_1_174' title='bbox 1272 1395 1427 1445; x_wconf 90' lang='lat' dir='ltr'><strong>sum,</strong></span> <span class='ocrx_word' id='word_1_175' title='bbox 1463 1384 1516 1435; x_wconf 87' lang='lat' dir='ltr'><strong>et</strong></span> <span class='ocrx_word' id='word_1_176' title='bbox 1546 1380 1736 1452; x_wconf 87' lang='lat' dir='ltr'><strong>gratia</strong></span> <span class='ocrx_word' id='word_1_177' title='bbox 1766 1381 1894 1452; x_wconf 87' lang='lat' dir='ltr'><strong>ejus</strong></span> <span class='ocrx_word' id='word_1_178' title='bbox 1943 1397 2127 1453; x_wconf 91' lang='lat' dir='ltr'><strong>egena</strong></span> <span class='ocrx_word' id='word_1_179' title='bbox 2235 1380 2649 1453; x_wconf 88' lang='lat' dir='ltr'><strong>laborandum,-</strong></span> <span class='ocrx_word' id='word_1_180' title='bbox 2680 1388 2739 1439; x_wconf 90' lang='lat' dir='ltr'><strong>et</strong></span> <span class='ocrx_word' id='word_1_181' title='bbox 2769 1384 2955 1440; x_wconf 82' lang='lat' dir='ltr'><strong>factus</strong></span> <span class='ocrx_word' id='word_1_182' title='bbox 2988 1390 3078 1441; x_wconf 88' lang='lat' dir='ltr'><strong>est</strong></span> <span class='ocrx_word' id='word_1_183' title='bbox 3106 1387 3196 1441; x_wconf 89' lang='lat' dir='ltr'><strong>vir</strong></span> <span class='ocrx_word' id='word_1_184' title='bbox 3222 1387 3495 1460; x_wconf 84' lang='lat' dir='ltr'><strong>agricola.</strong></span> <span class='ocrx_word' id='word_1_185' title='bbox 3525 1391 3690 1455; x_wconf 88' lang='lat' dir='ltr'><strong>Quem</strong></span> <span class='ocrx_word' id='word_1_186' title='bbox 3718 1392 3836 1446; x_wconf 87' lang='lat' dir='ltr'><strong>Pau-</strong></span> 
     </span>
    </p>
   </div>
   <div class='ocr_carea' id='block_1_15' title="bbox 473 1464 3839 1552">
    <p class='ocr_par' dir='ltr' id='par_1_15' title="bbox 473 1464 3839 1552">
     <span class='ocr_line' id='line_1_15' title="bbox 473 1464 3839 1552; baseline 0.005 -32"><span class='ocrx_word' id='word_1_187' title='bbox 473 1464 532 1520; x_wconf 93' lang='lat' dir='ltr'><strong>in</strong></span> <span class='ocrx_word' id='word_1_188' title='bbox 589 1482 682 1521; x_wconf 91' lang='lat' dir='ltr'><strong>me</strong></span> <span class='ocrx_word' id='word_1_189' title='bbox 741 1483 857 1522; x_wconf 93' lang='lat' dir='ltr'><strong>non</strong></span> <span class='ocrx_word' id='word_1_190' title='bbox 918 1466 1027 1521; x_wconf 90' lang='lat' dir='ltr'><strong>fuit</strong></span> <span class='ocrx_word' id='word_1_191' title='bbox 1059 1469 1105 1537; x_wconf 96' lang='lat' dir='ltr'><strong>(I</strong></span> <span class='ocrx_word' id='word_1_192' title='bbox 1151 1469 1276 1525; x_wconf 87' lang='lat' dir='ltr'><strong>Cor.</strong></span> <span class='ocrx_word' id='word_1_193' title='bbox 1334 1486 1425 1534; x_wconf 80' lang='lat' dir='ltr'><strong>xv,</strong></span> <span class='ocrx_word' id='word_1_194' title='bbox 1476 1470 1530 1535; x_wconf 86' lang='lat'><strong>9,</strong></span> <span class='ocrx_word' id='word_1_195' title='bbox 1583 1469 1691 1541; x_wconf 84' lang='grc'><strong>10).</strong></span> <span class='ocrx_word' id='word_1_196' title='bbox 1746 1492 1773 1519; x_wconf 88' lang='grc'><strong>››</strong></span> <span class='ocrx_word' id='word_1_197' title='bbox 1833 1469 2129 1526; x_wconf 88' lang='lat' dir='ltr'><strong>Habitabit</strong></span> <span class='ocrx_word' id='word_1_198' title='bbox 2231 1470 2327 1526; x_wconf 91' lang='lat' dir='ltr'><strong>lus</strong></span> <span class='ocrx_word' id='word_1_199' title='bbox 2358 1470 2855 1545; x_wconf 87' lang='lat' dir='ltr'><strong>imitatus,posuit</strong></span> <span class='ocrx_word' id='word_1_200' title='bbox 2885 1473 3021 1531; x_wconf 77' lang='lat' dir='ltr'><strong>fidei</strong></span> <span class='ocrx_word' id='word_1_201' title='bbox 3052 1474 3280 1532; x_wconf 89' lang='lat' dir='ltr'><strong>novella</strong></span> <span class='ocrx_word' id='word_1_202' title='bbox 3310 1476 3839 1552; x_wconf 73' lang='lat' dir='ltr'><strong>plantaria,ide0que</strong></span> 
     </span>
    </p>
   </div>
   <div class='ocr_carea' id='block_1_16' title="bbox 472 1553 3837 1641">
    <p class='ocr_par' dir='ltr' id='par_1_16' title="bbox 472 1553 3837 1641">
     <span class='ocr_line' id='line_1_16' title="bbox 472 1553 3837 1641; baseline 0.005 -33"><span class='ocrx_word' id='word_1_203' title='bbox 472 1553 660 1609; x_wconf 88' lang='lat' dir='ltr'><strong>ﬁdens</strong></span> <span class='ocrx_word' id='word_1_204' title='bbox 687 1553 746 1608; x_wconf 92' lang='lat' dir='ltr'><strong>in</strong></span> <span class='ocrx_word' id='word_1_205' title='bbox 780 1555 952 1610; x_wconf 92' lang='lat' dir='ltr'><strong>domo</strong></span> <span class='ocrx_word' id='word_1_206' title='bbox 1000 1572 1178 1627; x_wconf 89' lang='lat' dir='ltr'><strong>quam</strong></span> <span class='ocrx_word' id='word_1_207' title='bbox 1229 1561 1361 1612; x_wconf 90' lang='lat' dir='ltr'><strong>ante</strong></span> <span class='ocrx_word' id='word_1_208' title='bbox 1407 1558 1691 1625; x_wconf 82' lang='lat' dir='ltr'><strong>vastabat,</strong></span> <span class='ocrx_word' id='word_1_209' title='bbox 1726 1557 2018 1614; x_wconf 88' lang='lat' dir='ltr'><strong>habitabit</strong></span> <span class='ocrx_word' id='word_1_210' title='bbox 2064 1559 2124 1615; x_wconf 91' lang='lat' dir='ltr'><strong>in</strong></span> <span class='ocrx_word' id='word_1_211' title='bbox 2237 1559 2407 1631; x_wconf 91' lang='lat' dir='ltr'><strong>quasi</strong></span> <span class='ocrx_word' id='word_1_212' title='bbox 2438 1560 2630 1617; x_wconf 92' lang='lat' dir='ltr'><strong>bonus</strong></span> <span class='ocrx_word' id='word_1_213' title='bbox 2656 1561 2912 1633; x_wconf 78' lang='lat' dir='ltr'><strong>agricola</strong></span> <span class='ocrx_word' id='word_1_214' title='bbox 2941 1563 3088 1620; x_wconf 79' lang='lat' dir='ltr'><strong>dixit</strong></span> <span class='ocrx_word' id='word_1_215' title='bbox 3121 1581 3133 1619; x_wconf 90' lang='lat'><strong>:</strong></span> <span class='ocrx_word' id='word_1_216' title='bbox 3173 1588 3199 1615; x_wconf 79' lang='grc' dir='ltr'>α</span> <span class='ocrx_word' id='word_1_217' title='bbox 3238 1566 3357 1639; x_wconf 89' lang='lat' dir='ltr'><strong>Ego</strong></span> <span class='ocrx_word' id='word_1_218' title='bbox 3389 1566 3837 1641; x_wconf 86' lang='lat' dir='ltr'><strong>plantavi,Apollo</strong></span> 
     </span>
    </p>
   </div>
   <div class='ocr_carea' id='block_1_17' title="bbox 470 1642 2965 1723">
    <p class='ocr_par' dir='ltr' id='par_1_17' title="bbox 470 1642 2965 1723">
     <span class='ocr_line' id='line_1_17' title="bbox 470 1642 2965 1723; baseline 0.002 -25"><span class='ocrx_word' id='word_1_219' title='bbox 470 1642 867 1701; x_wconf 87' lang='lat' dir='ltr'><strong>tabernaculis</strong></span> <span class='ocrx_word' id='word_1_220' title='bbox 897 1644 1129 1716; x_wconf 86' lang='lat' dir='ltr'><strong>Christi,</strong></span> <span class='ocrx_word' id='word_1_221' title='bbox 1165 1645 1265 1718; x_wconf 89' lang='lat' dir='ltr'><strong>qui</strong></span> <span class='ocrx_word' id='word_1_222' title='bbox 1310 1650 1442 1702; x_wconf 88' lang='lat' dir='ltr'><strong>ante</strong></span> <span class='ocrx_word' id='word_1_223' title='bbox 1492 1647 1644 1702; x_wconf 88' lang='lat' dir='ltr'><strong>sicut</strong></span> <span class='ocrx_word' id='word_1_224' title='bbox 1687 1646 1861 1720; x_wconf 88' lang='lat' dir='ltr'><strong>lupus</strong></span> <span class='ocrx_word' id='word_1_225' title='bbox 1894 1648 2126 1704; x_wconf 88' lang='lat' dir='ltr'><strong>errabat</strong></span> <span class='ocrx_word' id='word_1_226' title='bbox 2238 1647 2446 1721; x_wconf 77' lang='lat' dir='ltr'><strong>rigavit</strong></span> <span class='ocrx_word' id='word_1_227' title='bbox 2476 1648 2525 1720; x_wconf 92' lang='lat' dir='ltr'><strong>(I</strong></span> <span class='ocrx_word' id='word_1_228' title='bbox 2553 1648 2674 1705; x_wconf 82' lang='lat' dir='ltr'><strong>Cor.</strong></span> <span class='ocrx_word' id='word_1_229' title='bbox 2710 1668 2791 1718; x_wconf 86' lang='lat' dir='ltr'><strong>In,</strong></span> <span class='ocrx_word' id='word_1_230' title='bbox 2824 1652 2901 1723; x_wconf 89' lang='lat'><strong>6).</strong></span> <span class='ocrx_word' id='word_1_231' title='bbox 2937 1675 2965 1703; x_wconf 87' lang='grc'><strong>››</strong></span> 
     </span>
    </p>
   </div>
   <div class='ocr_carea' id='block_1_18' title="bbox 1864 1850 3841 1889">
    <p class='ocr_par' dir='ltr' id='par_1_18' title="bbox 1864 1850 3841 1889">
     <span class='ocr_line' id='line_1_18' title="bbox 1864 1850 3841 1889; baseline 0.005 -9"><span class='ocrx_word' id='word_1_232' title='bbox 1864 1850 3841 1889; x_wconf 56' lang='lat' dir='ltr'>w</span> 
     </span>
    </p>
   </div>
   <div class='ocr_carea' id='block_1_19' title="bbox 866 2050 3483 2166">
    <p class='ocr_par' dir='ltr' id='par_1_19' title="bbox 866 2050 3483 2166">
     <span class='ocr_line' id='line_1_19' title="bbox 866 2050 3483 2166; baseline 0.004 -31"><span class='ocrx_word' id='word_1_233' title='bbox 866 2053 977 2137; x_wconf 82' lang='grc' dir='ltr'><strong>ΙΝ</strong></span> <span class='ocrx_word' id='word_1_234' title='bbox 1042 2050 1483 2139; x_wconf 79' lang='lat' dir='ltr'><strong>LIBRUM</strong></span> <span class='ocrx_word' id='word_1_235' title='bbox 1539 2051 1683 2135; x_wconf 88' lang='lat' dir='ltr'><strong>DE</strong></span> <span class='ocrx_word' id='word_1_236' title='bbox 1745 2052 1997 2137; x_wconf 88' lang='lat' dir='ltr'><strong>ELIA</strong></span> <span class='ocrx_word' id='word_1_237' title='bbox 2057 2053 2205 2136; x_wconf 89' lang='lat' dir='ltr'><strong>ET</strong></span> <span class='ocrx_word' id='word_1_238' title='bbox 2263 2052 2740 2141; x_wconf 87' lang='lat' dir='ltr'><strong>JEJUNIO</strong></span> <span class='ocrx_word' id='word_1_239' title='bbox 2797 2054 3483 2166; x_wconf 86' lang='lat' dir='ltr'><strong>ADMONITIO,</strong></span> 
     </span>
    </p>
   </div>
   <div class='ocr_carea' id='block_1_20' title="bbox 510 2254 3831 2343">
    <p class='ocr_par' dir='ltr' id='par_1_20' title="bbox 510 2254 3831 2343">
     <span class='ocr_line' id='line_1_20' title="bbox 510 2254 3831 2343; baseline 0.001 -24"><span class='ocrx_word' id='word_1_240' title='bbox 510 2258 632 2321; x_wconf 88' lang='lat' dir='ltr'><strong>Ubi</strong></span> <span class='ocrx_word' id='word_1_241' title='bbox 661 2256 962 2319; x_wconf 86' lang='lat' dir='ltr'><strong>nonnulla</strong></span> <span class='ocrx_word' id='word_1_242' title='bbox 994 2256 1069 2317; x_wconf 86' lang='lat' dir='ltr'><strong>de</strong></span> <span class='ocrx_word' id='word_1_243' title='bbox 1093 2254 1338 2334; x_wconf 82' lang='lat' dir='ltr'><strong>jejunio</strong></span> <span class='ocrx_word' id='word_1_244' title='bbox 1369 2255 1908 2334; x_wconf 86' lang='lat' dir='ltr'><strong>Quadragesimali</strong></span> <span class='ocrx_word' id='word_1_245' title='bbox 1941 2256 2421 2318; x_wconf 86' lang='lat' dir='ltr'><strong>Mediolanensis</strong></span> <span class='ocrx_word' id='word_1_246' title='bbox 2449 2257 2760 2332; x_wconf 63' lang='lat' dir='ltr'><strong>Ecclesiae,</strong></span> <span class='ocrx_word' id='word_1_247' title='bbox 2794 2277 2865 2321; x_wconf 90' lang='lat' dir='ltr'><strong>ac</strong></span> <span class='ocrx_word' id='word_1_248' title='bbox 2895 2260 2972 2321; x_wconf 90' lang='lat' dir='ltr'><strong>de</strong></span> <span class='ocrx_word' id='word_1_249' title='bbox 3010 2261 3302 2323; x_wconf 79' lang='lat' dir='ltr'><strong>conviviis</strong></span> <span class='ocrx_word' id='word_1_250' title='bbox 3341 2281 3533 2343; x_wconf 83' lang='lat' dir='ltr'><strong>super</strong></span> <span class='ocrx_word' id='word_1_251' title='bbox 3582 2263 3831 2343; x_wconf 79' lang='lat' dir='ltr'><strong>sepulcra</strong></span> 
     </span>
    </p>
   </div>
   <div class='ocr_carea' id='block_1_21' title="bbox 1620 2354 2740 2435">
    <p class='ocr_par' dir='ltr' id='par_1_21' title="bbox 1620 2354 2740 2435">
     <span class='ocr_line' id='line_1_21' title="bbox 1620 2354 2740 2435; baseline 0.003 -20"><span class='ocrx_word' id='word_1_252' title='bbox 1620 2361 1968 2435; x_wconf 82' lang='lat' dir='ltr'><strong>martyrum</strong></span> <span class='ocrx_word' id='word_1_253' title='bbox 1999 2354 2327 2416; x_wconf 84' lang='lat' dir='ltr'><strong>celebratis</strong></span> <span class='ocrx_word' id='word_1_254' title='bbox 2357 2356 2740 2418; x_wconf 84' lang='lat' dir='ltr'><strong>inseruntur.</strong></span> 
     </span>
    </p>
   </div>
   <div class='ocr_carea' id='block_1_22' title="bbox 539 2735 3850 2817">
    <p class='ocr_par' dir='ltr' id='par_1_22' title="bbox 539 2735 3850 2817">
     <span class='ocr_line' id='line_1_22' title="bbox 539 2735 3850 2817; baseline -0.001 -19"><span class='ocrx_word' id='word_1_255' title='bbox 539 2740 772 2814; x_wconf 89' lang='lat' dir='ltr'><strong>Legenti</strong></span> <span class='ocrx_word' id='word_1_256' title='bbox 804 2739 960 2794; x_wconf 93' lang='lat' dir='ltr'><strong>hunc</strong></span> <span class='ocrx_word' id='word_1_257' title='bbox 990 2737 1206 2793; x_wconf 89' lang='lat' dir='ltr'><strong>librum</strong></span> <span class='ocrx_word' id='word_1_258' title='bbox 1236 2735 1395 2792; x_wconf 86' lang='lat' dir='ltr'><strong>haud</strong></span> <span class='ocrx_word' id='word_1_259' title='bbox 1426 2735 1665 2791; x_wconf 78' lang='lat' dir='ltr'><strong>difﬁcile</strong></span> <span class='ocrx_word' id='word_1_260' title='bbox 1695 2735 1872 2790; x_wconf 86' lang='lat' dir='ltr'><strong>fuerit</strong></span> <span class='ocrx_word' id='word_1_261' title='bbox 1902 2738 2018 2791; x_wconf 91' lang='lat' dir='ltr'><strong>tres</strong></span> <span class='ocrx_word' id='word_1_262' title='bbox 2048 2735 2106 2790; x_wconf 91' lang='lat' dir='ltr'><strong>in</strong></span> <span class='ocrx_word' id='word_1_263' title='bbox 2138 2752 2204 2792; x_wconf 91' lang='lat' dir='ltr'><strong>eo</strong></span> <span class='ocrx_word' id='word_1_264' title='bbox 2234 2740 2429 2808; x_wconf 89' lang='lat' dir='ltr'><strong>partes</strong></span> <span class='ocrx_word' id='word_1_265' title='bbox 2459 2738 2940 2796; x_wconf 86' lang='lat' dir='ltr'><strong>animadvertere.</strong></span> <span class='ocrx_word' id='word_1_266' title='bbox 2976 2742 3039 2797; x_wconf 89' lang='lat' dir='ltr'><strong>In</strong></span> <span class='ocrx_word' id='word_1_267' title='bbox 3073 2740 3292 2815; x_wconf 89' lang='lat' dir='ltr'><strong>prima,</strong></span> <span class='ocrx_word' id='word_1_268' title='bbox 3337 2759 3529 2817; x_wconf 90' lang='lat' dir='ltr'><strong>eaque</strong></span> <span class='ocrx_word' id='word_1_269' title='bbox 3580 2743 3850 2815; x_wconf 72' lang='lat' dir='ltr'><strong>praecipua,</strong></span> 
     </span>
    </p>
   </div>
   <div class='ocr_carea' id='block_1_23' title="bbox 469 2823 3852 2906">
    <p class='ocr_par' dir='ltr' id='par_1_23' title="bbox 469 2823 3852 2906">
     <span class='ocr_line' id='line_1_23' title="bbox 469 2823 3852 2906; baseline -0.001 -20"><span class='ocrx_word' id='word_1_270' title='bbox 469 2831 540 2886; x_wconf 91' lang='lat' dir='ltr'><strong>de</strong></span> <span class='ocrx_word' id='word_1_271' title='bbox 556 2828 782 2901; x_wconf 87' lang='lat' dir='ltr'><strong>jejunio</strong></span> <span class='ocrx_word' id='word_1_272' title='bbox 812 2827 1026 2899; x_wconf 89' lang='lat' dir='ltr'><strong>agitur,</strong></span> <span class='ocrx_word' id='word_1_273' title='bbox 1058 2830 1115 2881; x_wconf 91' lang='lat' dir='ltr'><strong>et</strong></span> <span class='ocrx_word' id='word_1_274' title='bbox 1144 2824 1519 2896; x_wconf 86' lang='lat' dir='ltr'><strong>potissimum</strong></span> <span class='ocrx_word' id='word_1_275' title='bbox 1550 2824 1621 2879; x_wconf 86' lang='lat' dir='ltr'><strong>de</strong></span> <span class='ocrx_word' id='word_1_276' title='bbox 1650 2823 2150 2896; x_wconf 88' lang='lat' dir='ltr'><strong>Quadragesimali</strong></span> <span class='ocrx_word' id='word_1_277' title='bbox 2202 2827 2357 2898; x_wconf 91' lang='lat' dir='ltr'><strong>quod</strong></span> <span class='ocrx_word' id='word_1_278' title='bbox 2407 2827 2554 2883; x_wconf 87' lang='lat' dir='ltr'><strong>festa</strong></span> <span class='ocrx_word' id='word_1_279' title='bbox 2601 2829 2900 2900; x_wconf 86' lang='lat' dir='ltr'><strong>paschalia</strong></span> <span class='ocrx_word' id='word_1_280' title='bbox 2947 2832 3259 2887; x_wconf 85' lang='lat' dir='ltr'><strong>antecedit.</strong></span> <span class='ocrx_word' id='word_1_281' title='bbox 3297 2832 3500 2889; x_wconf 89' lang='lat' dir='ltr'><strong>Primo</strong></span> <span class='ocrx_word' id='word_1_282' title='bbox 3525 2833 3713 2906; x_wconf 87' lang='lat' dir='ltr'><strong>itaque</strong></span> <span class='ocrx_word' id='word_1_283' title='bbox 3736 2829 3852 2887; x_wconf 88' lang='lat' dir='ltr'><strong>illud</strong></span> 
     </span>
    </p>
   </div>
   <div class='ocr_carea' id='block_1_24' title="bbox 468 2913 3853 2990">
    <p class='ocr_par' dir='ltr' id='par_1_24' title="bbox 468 2913 3853 2990">
     <span class='ocr_line' id='line_1_24' title="bbox 468 2913 3853 2990; baseline -0 -15"><span class='ocrx_word' id='word_1_284' title='bbox 468 2918 815 2976; x_wconf 89' lang='lat' dir='ltr'><strong>Ambrosius</strong></span> <span class='ocrx_word' id='word_1_285' title='bbox 872 2914 1081 2971; x_wconf 87' lang='lat' dir='ltr'><strong>asserit</strong></span> <span class='ocrx_word' id='word_1_286' title='bbox 1128 2914 1276 2985; x_wconf 84' lang='lat' dir='ltr'><strong>(cap.</strong></span> <span class='ocrx_word' id='word_1_287' title='bbox 1328 2915 1381 2984; x_wconf 91' lang='grc'><strong>1)</strong></span> <span class='ocrx_word' id='word_1_288' title='bbox 1429 2913 1748 2985; x_wconf 86' lang='lat' dir='ltr'><strong>quamdam</strong></span> <span class='ocrx_word' id='word_1_289' title='bbox 1778 2930 1906 2969; x_wconf 90' lang='lat' dir='ltr'><strong>esse</strong></span> <span class='ocrx_word' id='word_1_290' title='bbox 1954 2930 2234 2986; x_wconf 88' lang='lat' dir='ltr'><strong>pugnam,</strong></span> <span class='ocrx_word' id='word_1_291' title='bbox 2263 2917 2433 2988; x_wconf 92' lang='lat' dir='ltr'><strong>cujus</strong></span> <span class='ocrx_word' id='word_1_292' title='bbox 2490 2917 2771 2973; x_wconf 84' lang='lat' dir='ltr'><strong>beneﬁcio</strong></span> <span class='ocrx_word' id='word_1_293' title='bbox 2827 2919 3129 2976; x_wconf 86' lang='lat' dir='ltr'><strong>victoriam</strong></span> <span class='ocrx_word' id='word_1_294' title='bbox 3186 2922 3409 2990; x_wconf 90' lang='lat' dir='ltr'><strong>crucis,</strong></span> <span class='ocrx_word' id='word_1_295' title='bbox 3463 2926 3523 2979; x_wconf 89' lang='lat' dir='ltr'><strong>et</strong></span> <span class='ocrx_word' id='word_1_296' title='bbox 3578 2920 3853 2978; x_wconf 75' lang='lat' dir='ltr'><strong>Dominica:</strong></span> 
     </span>
    </p>
   </div>
   <div class='ocr_carea' id='block_1_25' title="bbox 469 3002 3853 3085">
    <p class='ocr_par' dir='ltr' id='par_1_25' title="bbox 469 3002 3853 3085">
     <span class='ocr_line' id='line_1_25' title="bbox 469 3002 3853 3085; baseline -0.001 -20"><span class='ocrx_word' id='word_1_297' title='bbox 469 3004 913 3065; x_wconf 88' lang='lat' dir='ltr'><strong>resurrectionis</strong></span> <span class='ocrx_word' id='word_1_298' title='bbox 942 3008 1227 3074; x_wconf 68' lang='lat' dir='ltr'><strong>tropaeum</strong></span> <span class='ocrx_word' id='word_1_299' title='bbox 1260 3007 1658 3073; x_wconf 84' lang='lat' dir='ltr'><strong>reportamus;</strong></span> <span class='ocrx_word' id='word_1_300' title='bbox 1694 3003 1751 3057; x_wconf 92' lang='lat' dir='ltr'><strong>in</strong></span> <span class='ocrx_word' id='word_1_301' title='bbox 1784 3002 1893 3058; x_wconf 90' lang='lat' dir='ltr'><strong>hoc</strong></span> <span class='ocrx_word' id='word_1_302' title='bbox 1922 3012 2117 3059; x_wconf 88' lang='lat' dir='ltr'><strong>autem</strong></span> <span class='ocrx_word' id='word_1_303' title='bbox 2151 3004 2346 3075; x_wconf 74' lang='lat' dir='ltr'><strong>przelio</strong></span> <span class='ocrx_word' id='word_1_304' title='bbox 2379 3005 2573 3076; x_wconf 78' lang='lat' dir='ltr'><strong>ipsum</strong></span> <span class='ocrx_word' id='word_1_305' title='bbox 2605 3005 2942 3078; x_wconf 90' lang='lat' dir='ltr'><strong>Dominum,</strong></span> <span class='ocrx_word' id='word_1_306' title='bbox 2976 3014 3042 3064; x_wconf 91' lang='lat' dir='ltr'><strong>ut</strong></span> <span class='ocrx_word' id='word_1_307' title='bbox 3071 3009 3242 3066; x_wconf 92' lang='lat' dir='ltr'><strong>nobis</strong></span> <span class='ocrx_word' id='word_1_308' title='bbox 3290 3012 3555 3068; x_wconf 87' lang='lat' dir='ltr'><strong>traderet</strong></span> <span class='ocrx_word' id='word_1_309' title='bbox 3590 3007 3853 3085; x_wconf 77' lang='lat' dir='ltr'><strong>pugnandi</strong></span> 
     </span>
    </p>
   </div>
   <div class='ocr_carea' id='block_1_26' title="bbox 469 3092 3851 3170">
    <p class='ocr_par' dir='ltr' id='par_1_26' title="bbox 469 3092 3851 3170">
     <span class='ocr_line' id='line_1_26' title="bbox 469 3092 3851 3170; baseline -0.001 -17"><span class='ocrx_word' id='word_1_310' title='bbox 469 3101 680 3163; x_wconf 84' lang='lat' dir='ltr'><strong>artem,</strong></span> <span class='ocrx_word' id='word_1_311' title='bbox 727 3099 783 3151; x_wconf 91' lang='lat' dir='ltr'><strong>et</strong></span> <span class='ocrx_word' id='word_1_312' title='bbox 830 3092 1097 3149; x_wconf 86' lang='lat' dir='ltr'><strong>vincendi</strong></span> <span class='ocrx_word' id='word_1_313' title='bbox 1146 3092 1394 3164; x_wconf 85' lang='lat' dir='ltr'><strong>gratiam</strong></span> <span class='ocrx_word' id='word_1_314' title='bbox 1444 3092 1789 3164; x_wconf 84' lang='lat' dir='ltr'><strong>impertiret,</strong></span> <span class='ocrx_word' id='word_1_315' title='bbox 1842 3108 2192 3163; x_wconf 71' lang='lat' dir='ltr'><strong>praecurrere</strong></span> <span class='ocrx_word' id='word_1_316' title='bbox 2222 3093 2512 3162; x_wconf 24' lang='lat' dir='ltr'><strong>(voluisse.</strong></span> <span class='ocrx_word' id='word_1_317' title='bbox 2564 3094 2771 3151; x_wconf 88' lang='lat' dir='ltr'><strong>Postea</strong></span> <span class='ocrx_word' id='word_1_318' title='bbox 2818 3102 3038 3168; x_wconf 90' lang='lat' dir='ltr'><strong>quanta</strong></span> <span class='ocrx_word' id='word_1_319' title='bbox 3075 3099 3291 3170; x_wconf 86' lang='lat' dir='ltr'><strong>jejunii</strong></span> <span class='ocrx_word' id='word_1_320' title='bbox 3339 3099 3534 3157; x_wconf 89' lang='lat' dir='ltr'><strong>virtus</strong></span> <span class='ocrx_word' id='word_1_321' title='bbox 3583 3102 3673 3166; x_wconf 85' lang='lat' dir='ltr'><strong>sit,</strong></span> <span class='ocrx_word' id='word_1_322' title='bbox 3722 3098 3851 3153; x_wconf 89' lang='lat' dir='ltr'><strong>brevi</strong></span> 
     </span>
    </p>
   </div>
   <div class='ocr_carea' id='block_1_27' title="bbox 469 3179 3851 3260">
    <p class='ocr_par' dir='ltr' id='par_1_27' title="bbox 469 3179 3851 3260">
     <span class='ocr_line' id='line_1_27' title="bbox 469 3179 3851 3260; baseline -0 -18"><span class='ocrx_word' id='word_1_323' title='bbox 469 3182 932 3243; x_wconf 90' lang='lat' dir='ltr'><strong>dinumeratione</strong></span> <span class='ocrx_word' id='word_1_324' title='bbox 963 3181 1359 3252; x_wconf 82' lang='lat' dir='ltr'><strong>prodigiorum</strong></span> <span class='ocrx_word' id='word_1_325' title='bbox 1392 3197 1518 3251; x_wconf 80' lang='lat' dir='ltr'><strong>quae</strong></span> <span class='ocrx_word' id='word_1_326' title='bbox 1565 3179 1754 3252; x_wconf 91' lang='lat' dir='ltr'><strong>ipsius</strong></span> <span class='ocrx_word' id='word_1_327' title='bbox 1804 3197 1911 3252; x_wconf 90' lang='lat' dir='ltr'><strong>ope</strong></span> <span class='ocrx_word' id='word_1_328' title='bbox 1958 3182 2030 3236; x_wconf 90' lang='lat' dir='ltr'><strong>ab</strong></span> <span class='ocrx_word' id='word_1_329' title='bbox 2077 3180 2205 3237; x_wconf 90' lang='lat' dir='ltr'><strong>Elia</strong></span> <span class='ocrx_word' id='word_1_330' title='bbox 2251 3186 2482 3254; x_wconf 89' lang='lat' dir='ltr'><strong>patrata</strong></span> <span class='ocrx_word' id='word_1_331' title='bbox 2529 3189 2947 3254; x_wconf 88' lang='lat' dir='ltr'><strong>memorantur,</strong></span> <span class='ocrx_word' id='word_1_332' title='bbox 2982 3186 3168 3260; x_wconf 89' lang='lat' dir='ltr'><strong>aperit</strong></span> <span class='ocrx_word' id='word_1_333' title='bbox 3198 3188 3349 3260; x_wconf 88' lang='lat' dir='ltr'><strong>(cap.</strong></span> <span class='ocrx_word' id='word_1_334' title='bbox 3384 3192 3423 3244; x_wconf 88' lang='lat'><strong>2</strong></span> <span class='ocrx_word' id='word_1_335' title='bbox 3447 3194 3509 3245; x_wconf 90' lang='lat' dir='ltr'><strong>et</strong></span> <span class='ocrx_word' id='word_1_336' title='bbox 3534 3190 3611 3257; x_wconf 90' lang='lat'><strong>3).</strong></span> <span class='ocrx_word' id='word_1_337' title='bbox 3638 3187 3851 3244; x_wconf 82' lang='lat' dir='ltr'><strong>Verum-</strong></span> 
     </span>
    </p>
   </div>
   <div class='ocr_carea' id='block_1_28' title="bbox 468 3268 3853 3351">
    <p class='ocr_par' dir='ltr' id='par_1_28' title="bbox 468 3268 3853 3351">
     <span class='ocr_line' id='line_1_28' title="bbox 468 3268 3853 3351; baseline -0 -21"><span class='ocrx_word' id='word_1_338' title='bbox 468 3280 663 3330; x_wconf 83' lang='lat' dir='ltr'><strong>tamen</strong></span> <span class='ocrx_word' id='word_1_339' title='bbox 713 3288 847 3328; x_wconf 90' lang='lat' dir='ltr'><strong>cum</strong></span> <span class='ocrx_word' id='word_1_340' title='bbox 888 3272 1013 3341; x_wconf 88' lang='lat' dir='ltr'><strong>jam</strong></span> <span class='ocrx_word' id='word_1_341' title='bbox 1067 3269 1282 3324; x_wconf 87' lang='lat' dir='ltr'><strong>multos</strong></span> <span class='ocrx_word' id='word_1_342' title='bbox 1337 3268 1517 3324; x_wconf 90' lang='lat' dir='ltr'><strong>libros</strong></span> <span class='ocrx_word' id='word_1_343' title='bbox 1566 3269 1630 3324; x_wconf 84' lang='lat' dir='ltr'><strong>de</strong></span> <span class='ocrx_word' id='word_1_344' title='bbox 1674 3268 1816 3324; x_wconf 63' lang='lat' dir='ltr'><strong>Elia:</strong></span> <span class='ocrx_word' id='word_1_345' title='bbox 1868 3272 2034 3340; x_wconf 77' lang='lat' dir='ltr'><strong>gestis</strong></span> <span class='ocrx_word' id='word_1_346' title='bbox 2090 3270 2445 3343; x_wconf 88' lang='lat' dir='ltr'><strong>scripsisset,</strong></span> <span class='ocrx_word' id='word_1_347' title='bbox 2504 3270 2773 3343; x_wconf 87' lang='lat' dir='ltr'><strong>pluribus</strong></span> <span class='ocrx_word' id='word_1_348' title='bbox 2827 3274 2898 3329; x_wconf 91' lang='lat' dir='ltr'><strong>de</strong></span> <span class='ocrx_word' id='word_1_349' title='bbox 2956 3274 3055 3330; x_wconf 91' lang='lat' dir='ltr'><strong>illo</strong></span> <span class='ocrx_word' id='word_1_350' title='bbox 3114 3292 3177 3332; x_wconf 91' lang='lat' dir='ltr'><strong>se</strong></span> <span class='ocrx_word' id='word_1_351' title='bbox 3234 3277 3679 3351; x_wconf 89' lang='lat' dir='ltr'><strong>disputaturum</strong></span> <span class='ocrx_word' id='word_1_352' title='bbox 3708 3279 3853 3346; x_wconf 82' lang='lat' dir='ltr'><strong>negat</strong></span> 
     </span>
    </p>
   </div>
   <div class='ocr_carea' id='block_1_29' title="bbox 464 3358 3850 3441">
    <p class='ocr_par' dir='ltr' id='par_1_29' title="bbox 464 3358 3850 3441">
     <span class='ocr_line' id='line_1_29' title="bbox 464 3358 3850 3441; baseline -0 -23"><span class='ocrx_word' id='word_1_353' title='bbox 464 3365 613 3435; x_wconf 87' lang='lat' dir='ltr'><strong>(cap.</strong></span> <span class='ocrx_word' id='word_1_354' title='bbox 645 3364 699 3429; x_wconf 92' lang='lat'><strong>3,</strong></span> <span class='ocrx_word' id='word_1_355' title='bbox 735 3378 896 3416; x_wconf 90' lang='lat' dir='ltr'><strong>num.</strong></span> <span class='ocrx_word' id='word_1_356' title='bbox 936 3360 1014 3430; x_wconf 87' lang='lat'><strong>5),</strong></span> <span class='ocrx_word' id='word_1_357' title='bbox 1046 3363 1353 3414; x_wconf 87' lang='lat' dir='ltr'><strong>contentus</strong></span> <span class='ocrx_word' id='word_1_358' title='bbox 1402 3358 1570 3415; x_wconf 88' lang='lat' dir='ltr'><strong>nobis</strong></span> <span class='ocrx_word' id='word_1_359' title='bbox 1617 3358 1873 3415; x_wconf 88' lang='lat' dir='ltr'><strong>suasisse</strong></span> <span class='ocrx_word' id='word_1_360' title='bbox 1931 3364 1992 3414; x_wconf 88' lang='lat' dir='ltr'><strong>ut</strong></span> <span class='ocrx_word' id='word_1_361' title='bbox 2049 3360 2323 3417; x_wconf 90' lang='lat' dir='ltr'><strong>eumdem</strong></span> <span class='ocrx_word' id='word_1_362' title='bbox 2366 3361 2424 3416; x_wconf 91' lang='lat' dir='ltr'><strong>in</strong></span> <span class='ocrx_word' id='word_1_363' title='bbox 2473 3372 2638 3417; x_wconf 81' lang='lat' dir='ltr'><strong>sacro</strong></span> <span class='ocrx_word' id='word_1_364' title='bbox 2688 3362 3080 3437; x_wconf 86' lang='lat' dir='ltr'><strong>quadraginta</strong></span> <span class='ocrx_word' id='word_1_365' title='bbox 3127 3365 3356 3422; x_wconf 89' lang='lat' dir='ltr'><strong>dierum</strong></span> <span class='ocrx_word' id='word_1_366' title='bbox 3402 3366 3633 3441; x_wconf 86' lang='lat' dir='ltr'><strong>jejunio</strong></span> <span class='ocrx_word' id='word_1_367' title='bbox 3688 3362 3850 3420; x_wconf 85' lang='lat' dir='ltr'><strong>imite-</strong></span> 
     </span>
    </p>
   </div>
   <div class='ocr_carea' id='block_1_30' title="bbox 464 3469 620 3507">
    <p class='ocr_par' dir='ltr' id='par_1_30' title="bbox 464 3469 620 3507">
     <span class='ocr_line' id='line_1_30' title="bbox 464 3469 620 3507; baseline -0.006 0"><span class='ocrx_word' id='word_1_368' title='bbox 464 3469 620 3507; x_wconf 89' lang='lat' dir='ltr'><strong>mur.</strong></span> 
     </span>
    </p>
   </div>
   <div class='ocr_carea' id='block_1_31' title="bbox 531 3536 3851 3617">
    <p class='ocr_par' dir='ltr' id='par_1_31' title="bbox 531 3536 3851 3617">
     <span class='ocr_line' id='line_1_31' title="bbox 531 3536 3851 3617; baseline 0 -22"><span class='ocrx_word' id='word_1_369' title='bbox 531 3541 624 3595; x_wconf 90' lang='lat' dir='ltr'><strong>Sic</strong></span> <span class='ocrx_word' id='word_1_370' title='bbox 654 3539 822 3611; x_wconf 90' lang='lat' dir='ltr'><strong>quasi</strong></span> <span class='ocrx_word' id='word_1_371' title='bbox 858 3537 1131 3610; x_wconf 72' lang='lat' dir='ltr'><strong>praefatus</strong></span> <span class='ocrx_word' id='word_1_372' title='bbox 1161 3537 1232 3592; x_wconf 91' lang='lat' dir='ltr'><strong>de</strong></span> <span class='ocrx_word' id='word_1_373' title='bbox 1254 3536 1480 3607; x_wconf 86' lang='lat' dir='ltr'><strong>jejunio</strong></span> <span class='ocrx_word' id='word_1_374' title='bbox 1512 3536 1751 3608; x_wconf 90' lang='lat' dir='ltr'><strong>propius</strong></span> <span class='ocrx_word' id='word_1_375' title='bbox 1783 3539 1855 3593; x_wconf 87' lang='lat' dir='ltr'><strong>ad</strong></span> <span class='ocrx_word' id='word_1_376' title='bbox 1898 3542 2313 3610; x_wconf 85' lang='lat' dir='ltr'><strong>argumentum</strong></span> <span class='ocrx_word' id='word_1_377' title='bbox 2362 3556 2537 3595; x_wconf 91' lang='lat' dir='ltr'><strong>suum</strong></span> <span class='ocrx_word' id='word_1_378' title='bbox 2588 3541 2829 3598; x_wconf 89' lang='lat' dir='ltr'><strong>accedit.</strong></span> <span class='ocrx_word' id='word_1_379' title='bbox 2863 3542 3132 3599; x_wconf 86' lang='lat' dir='ltr'><strong>Ostendit</strong></span> <span class='ocrx_word' id='word_1_380' title='bbox 3160 3547 3309 3617; x_wconf 88' lang='lat' dir='ltr'><strong>(cap.</strong></span> <span class='ocrx_word' id='word_1_381' title='bbox 3347 3547 3405 3617; x_wconf 79' lang='grc'>4)</span> <span class='ocrx_word' id='word_1_382' title='bbox 3438 3546 3701 3601; x_wconf 89' lang='lat' dir='ltr'><strong>eamdem</strong></span> <span class='ocrx_word' id='word_1_383' title='bbox 3744 3555 3851 3598; x_wconf 87' lang='lat' dir='ltr'><strong>esse</strong></span> 
     </span>
    </p>
   </div>
   <div class='ocr_carea' id='block_1_32' title="bbox 451 3624 3850 3705">
    <p class='ocr_par' dir='ltr' id='par_1_32' title="bbox 451 3624 3850 3705">
     <span class='ocr_line' id='line_1_32' title="bbox 451 3624 3850 3705; baseline 0 -21"><span class='ocrx_word' id='word_1_384' title='bbox 451 3629 665 3701; x_wconf 89' lang='lat' dir='ltr'><strong>jejunii</strong></span> <span class='ocrx_word' id='word_1_385' title='bbox 716 3644 783 3682; x_wconf 91' lang='lat' dir='ltr'><strong>ac</strong></span> <span class='ocrx_word' id='word_1_386' title='bbox 832 3625 1037 3682; x_wconf 90' lang='lat' dir='ltr'><strong>mundi</strong></span> <span class='ocrx_word' id='word_1_387' title='bbox 1074 3624 1530 3696; x_wconf 89' lang='lat' dir='ltr'><strong>antiquitatem:</strong></span> <span class='ocrx_word' id='word_1_388' title='bbox 1568 3624 1752 3696; x_wconf 90' lang='lat' dir='ltr'><strong>legem</strong></span> <span class='ocrx_word' id='word_1_389' title='bbox 1804 3627 2170 3683; x_wconf 69' lang='lat' dir='ltr'><strong>abstinentiae</strong></span> <span class='ocrx_word' id='word_1_390' title='bbox 2220 3632 2355 3685; x_wconf 88' lang='lat' dir='ltr'><strong>ante</strong></span> <span class='ocrx_word' id='word_1_391' title='bbox 2400 3633 2637 3685; x_wconf 64' lang='lat' dir='ltr'><strong>caeteras</strong></span> <span class='ocrx_word' id='word_1_392' title='bbox 2687 3649 2720 3685; x_wconf 92' lang='lat' dir='ltr'><strong>a</strong></span> <span class='ocrx_word' id='word_1_393' title='bbox 2768 3631 2884 3687; x_wconf 90' lang='lat' dir='ltr'><strong>Deo</strong></span> <span class='ocrx_word' id='word_1_394' title='bbox 2936 3631 3139 3701; x_wconf 89' lang='lat' dir='ltr'><strong>latam,</strong></span> <span class='ocrx_word' id='word_1_395' title='bbox 3189 3649 3307 3705; x_wconf 90' lang='lat' dir='ltr'><strong>qua</strong></span> <span class='ocrx_word' id='word_1_396' title='bbox 3353 3632 3579 3690; x_wconf 86' lang='lat' dir='ltr'><strong>violata</strong></span> <span class='ocrx_word' id='word_1_397' title='bbox 3619 3633 3850 3688; x_wconf 77' lang='lat' dir='ltr'><strong>Adamus</strong></span> 
     </span>
    </p>
   </div>
   <div class='ocr_carea' id='block_1_33' title="bbox 454 3713 3847 3794">
    <p class='ocr_par' dir='ltr' id='par_1_33' title="bbox 454 3713 3847 3794">
     <span class='ocr_line' id='line_1_33' title="bbox 454 3713 3847 3794; baseline -0.001 -20"><span class='ocrx_word' id='word_1_398' title='bbox 454 3719 780 3774; x_wconf 90' lang='lat' dir='ltr'><strong>nuditatem</strong></span> <span class='ocrx_word' id='word_1_399' title='bbox 813 3715 1142 3789; x_wconf 82' lang='lat' dir='ltr'><strong>cognoverit</strong></span> <span class='ocrx_word' id='word_1_400' title='bbox 1172 3731 1341 3770; x_wconf 86' lang='lat' dir='ltr'><strong>suam</strong></span> <span class='ocrx_word' id='word_1_401' title='bbox 1376 3731 1387 3768; x_wconf 93' lang='lat'>:</span> <span class='ocrx_word' id='word_1_402' title='bbox 1423 3713 1680 3770; x_wconf 81' lang='lat' dir='ltr'><strong>declarat</strong></span> <span class='ocrx_word' id='word_1_403' title='bbox 1707 3716 1917 3787; x_wconf 86' lang='lat' dir='ltr'><strong>(cap.5)</strong></span> <span class='ocrx_word' id='word_1_404' title='bbox 1951 3716 2166 3772; x_wconf 89' lang='lat' dir='ltr'><strong>Noachi</strong></span> <span class='ocrx_word' id='word_1_405' title='bbox 2193 3718 2456 3791; x_wconf 84' lang='lat' dir='ltr'><strong>exemplo</strong></span> <span class='ocrx_word' id='word_1_406' title='bbox 2485 3718 2752 3793; x_wconf 90' lang='lat' dir='ltr'><strong>ignotum</strong></span> <span class='ocrx_word' id='word_1_407' title='bbox 2785 3720 2857 3776; x_wconf 90' lang='lat' dir='ltr'><strong>ad</strong></span> <span class='ocrx_word' id='word_1_408' title='bbox 2888 3721 2945 3775; x_wconf 92' lang='lat' dir='ltr'><strong>id</strong></span> <span class='ocrx_word' id='word_1_409' title='bbox 2976 3721 3260 3794; x_wconf 88' lang='lat' dir='ltr'><strong>temporis</strong></span> <span class='ocrx_word' id='word_1_410' title='bbox 3288 3722 3481 3779; x_wconf 82' lang='lat' dir='ltr'><strong>fuisse</strong></span> <span class='ocrx_word' id='word_1_411' title='bbox 3511 3722 3633 3778; x_wconf 90' lang='lat' dir='ltr'><strong>vini</strong></span> <span class='ocrx_word' id='word_1_412' title='bbox 3665 3735 3847 3777; x_wconf 89' lang='lat' dir='ltr'><strong>usum:</strong></span> 
     </span>
    </p>
   </div>
   <div class='ocr_carea' id='block_1_34' title="bbox 450 3803 3849 3882">
    <p class='ocr_par' dir='ltr' id='par_1_34' title="bbox 450 3803 3849 3882">
     <span class='ocr_line' id='line_1_34' title="bbox 450 3803 3849 3882; baseline -0.001 -19"><span class='ocrx_word' id='word_1_413' title='bbox 450 3808 741 3863; x_wconf 74' lang='lat' dir='ltr'><strong>Abraham</strong></span> <span class='ocrx_word' id='word_1_414' title='bbox 774 3806 831 3861; x_wconf 91' lang='lat' dir='ltr'><strong>in</strong></span> <span class='ocrx_word' id='word_1_415' title='bbox 864 3805 1123 3861; x_wconf 87' lang='lat' dir='ltr'><strong>convivio</strong></span> <span class='ocrx_word' id='word_1_416' title='bbox 1155 3822 1260 3860; x_wconf 90' lang='lat' dir='ltr'><strong>suo</strong></span> <span class='ocrx_word' id='word_1_417' title='bbox 1289 3803 1515 3875; x_wconf 84' lang='lat' dir='ltr'><strong>angelis</strong></span> <span class='ocrx_word' id='word_1_418' title='bbox 1544 3804 1775 3876; x_wconf 89' lang='lat' dir='ltr'><strong>ipsique</strong></span> <span class='ocrx_word' id='word_1_419' title='bbox 1805 3805 1948 3861; x_wconf 92' lang='lat' dir='ltr'><strong>adeo</strong></span> <span class='ocrx_word' id='word_1_420' title='bbox 1997 3807 2203 3863; x_wconf 91' lang='lat' dir='ltr'><strong>mundi</strong></span> <span class='ocrx_word' id='word_1_421' title='bbox 2251 3808 2433 3865; x_wconf 89' lang='lat' dir='ltr'><strong>totius</strong></span> <span class='ocrx_word' id='word_1_422' title='bbox 2481 3809 2728 3865; x_wconf 92' lang='lat' dir='ltr'><strong>Domino</strong></span> <span class='ocrx_word' id='word_1_423' title='bbox 2777 3810 2980 3865; x_wconf 92' lang='lat' dir='ltr'><strong>vinum</strong></span> <span class='ocrx_word' id='word_1_424' title='bbox 3017 3828 3132 3867; x_wconf 92' lang='lat' dir='ltr'><strong>non</strong></span> <span class='ocrx_word' id='word_1_425' title='bbox 3177 3811 3563 3869; x_wconf 88' lang='lat' dir='ltr'><strong>ministrasse</strong></span> <span class='ocrx_word' id='word_1_426' title='bbox 3596 3830 3610 3867; x_wconf 87' lang='lat'><strong>:</strong></span> <span class='ocrx_word' id='word_1_427' title='bbox 3643 3811 3849 3882; x_wconf 82' lang='lat' dir='ltr'><strong>Moysen</strong></span> 
     </span>
    </p>
   </div>
   <div class='ocr_carea' id='block_1_35' title="bbox 450 3893 3845 3969">
    <p class='ocr_par' dir='ltr' id='par_1_35' title="bbox 450 3893 3845 3969">
     <span class='ocr_line' id='line_1_35' title="bbox 450 3893 3845 3969; baseline -0.001 -16"><span class='ocrx_word' id='word_1_428' title='bbox 450 3897 702 3968; x_wconf 88' lang='lat' dir='ltr'><strong>denique</strong></span> <span class='ocrx_word' id='word_1_429' title='bbox 730 3894 944 3969; x_wconf 85' lang='lat' dir='ltr'><strong>pepulo</strong></span> <span class='ocrx_word' id='word_1_430' title='bbox 977 3893 1159 3950; x_wconf 88' lang='lat' dir='ltr'><strong>solam</strong></span> <span class='ocrx_word' id='word_1_431' title='bbox 1191 3910 1407 3964; x_wconf 89' lang='lat' dir='ltr'><strong>aquam</strong></span> <span class='ocrx_word' id='word_1_432' title='bbox 1448 3910 1550 3964; x_wconf 90' lang='lat' dir='ltr'><strong>per</strong></span> <span class='ocrx_word' id='word_1_433' title='bbox 1600 3893 1952 3949; x_wconf 87' lang='lat' dir='ltr'><strong>miraculum</strong></span> <span class='ocrx_word' id='word_1_434' title='bbox 1999 3897 2406 3969; x_wconf 88' lang='lat' dir='ltr'><strong>suppeditasse</strong></span> <span class='ocrx_word' id='word_1_435' title='bbox 2454 3898 2514 3952; x_wconf 92' lang='lat' dir='ltr'><strong>in</strong></span> <span class='ocrx_word' id='word_1_436' title='bbox 2568 3899 2815 3955; x_wconf 87' lang='lat' dir='ltr'><strong>deserto.</strong></span> <span class='ocrx_word' id='word_1_437' title='bbox 2852 3900 2939 3954; x_wconf 83' lang='lat' dir='ltr'><strong>Ad</strong></span> <span class='ocrx_word' id='word_1_438' title='bbox 2988 3900 3107 3955; x_wconf 84' lang='lat' dir='ltr'><strong>haec</strong></span> <span class='ocrx_word' id='word_1_439' title='bbox 3153 3901 3325 3957; x_wconf 90' lang='lat' dir='ltr'><strong>nobis</strong></span> <span class='ocrx_word' id='word_1_440' title='bbox 3375 3901 3657 3957; x_wconf 90' lang='lat' dir='ltr'><strong>eumdem</strong></span> <span class='ocrx_word' id='word_1_441' title='bbox 3704 3897 3845 3952; x_wconf 87' lang='lat' dir='ltr'><strong>illum</strong></span> 
     </span>
    </p>
   </div>
   <div class='ocr_carea' id='block_1_36' title="bbox 447 3981 3849 4060">
    <p class='ocr_par' dir='ltr' id='par_1_36' title="bbox 447 3981 3849 4060">
     <span class='ocr_line' id='line_1_36' title="bbox 447 3981 3849 4060; baseline -0.001 -18"><span class='ocrx_word' id='word_1_442' title='bbox 447 3987 706 4059; x_wconf 77' lang='lat' dir='ltr'><strong>Moysen,</strong></span> <span class='ocrx_word' id='word_1_443' title='bbox 755 3985 1049 4050; x_wconf 70' lang='lat' dir='ltr'><strong>Eliszeum,</strong></span> <span class='ocrx_word' id='word_1_444' title='bbox 1112 3982 1430 4051; x_wconf 90' lang='lat' dir='ltr'><strong>Danielem,</strong></span> <span class='ocrx_word' id='word_1_445' title='bbox 1482 3981 1744 4054; x_wconf 91' lang='lat' dir='ltr'><strong>aliosque</strong></span> <span class='ocrx_word' id='word_1_446' title='bbox 1792 3985 2314 4055; x_wconf 62' lang='lat' dir='ltr'><strong>praestantissimos</strong></span> <span class='ocrx_word' id='word_1_447' title='bbox 2374 3988 2528 4042; x_wconf 88' lang='lat' dir='ltr'><strong>viros</strong></span> <span class='ocrx_word' id='word_1_448' title='bbox 2577 3987 2677 4059; x_wconf 91' lang='lat' dir='ltr'><strong>qui</strong></span> <span class='ocrx_word' id='word_1_449' title='bbox 2736 3992 2973 4060; x_wconf 89' lang='lat' dir='ltr'><strong>propter</strong></span> <span class='ocrx_word' id='word_1_450' title='bbox 3024 3989 3318 4060; x_wconf 88' lang='lat' dir='ltr'><strong>jejunium</strong></span> <span class='ocrx_word' id='word_1_451' title='bbox 3376 3989 3663 4046; x_wconf 67' lang='lat' dir='ltr'><strong>celebrati</strong></span> <span class='ocrx_word' id='word_1_452' title='bbox 3712 3988 3849 4049; x_wconf 85' lang='lat' dir='ltr'><strong>sunt,</strong></span> 
     </span>
    </p>
   </div>
   <div class='ocr_carea' id='block_1_37' title="bbox 449 4071 3850 4151">
    <p class='ocr_par' dir='ltr' id='par_1_37' title="bbox 449 4071 3850 4151">
     <span class='ocr_line' id='line_1_37' title="bbox 449 4071 3850 4151; baseline -0.002 -20"><span class='ocrx_word' id='word_1_453' title='bbox 449 4074 723 4148; x_wconf 87' lang='lat' dir='ltr'><strong>proponit</strong></span> <span class='ocrx_word' id='word_1_454' title='bbox 772 4076 921 4144; x_wconf 87' lang='lat' dir='ltr'><strong>(cap.</strong></span> <span class='ocrx_word' id='word_1_455' title='bbox 957 4075 992 4127; x_wconf 91' lang='lat'><strong>6</strong></span> <span class='ocrx_word' id='word_1_456' title='bbox 1022 4075 1078 4128; x_wconf 90' lang='lat' dir='ltr'><strong>et</strong></span> <span class='ocrx_word' id='word_1_457' title='bbox 1103 4074 1180 4143; x_wconf 88' lang='lat'><strong>7).</strong></span> <span class='ocrx_word' id='word_1_458' title='bbox 1214 4071 1359 4127; x_wconf 88' lang='lat' dir='ltr'><strong>Hinc</strong></span> <span class='ocrx_word' id='word_1_459' title='bbox 1408 4072 1641 4127; x_wconf 89' lang='lat' dir='ltr'><strong>venitur</strong></span> <span class='ocrx_word' id='word_1_460' title='bbox 1687 4073 1835 4144; x_wconf 88' lang='lat' dir='ltr'><strong>(cap.</strong></span> <span class='ocrx_word' id='word_1_461' title='bbox 1887 4075 1940 4140; x_wconf 91' lang='lat'><strong>8,</strong></span> <span class='ocrx_word' id='word_1_462' title='bbox 1987 4074 2021 4127; x_wconf 91' lang='lat'>9</span> <span class='ocrx_word' id='word_1_463' title='bbox 2067 4079 2125 4130; x_wconf 90' lang='lat' dir='ltr'><strong>et</strong></span> <span class='ocrx_word' id='word_1_464' title='bbox 2172 4075 2321 4147; x_wconf 89' lang='lat' dir='ltr'><strong>seq.)</strong></span> <span class='ocrx_word' id='word_1_465' title='bbox 2370 4075 2442 4130; x_wconf 89' lang='lat' dir='ltr'><strong>ad</strong></span> <span class='ocrx_word' id='word_1_466' title='bbox 2467 4075 2680 4147; x_wconf 90' lang='lat' dir='ltr'><strong>jejunii</strong></span> <span class='ocrx_word' id='word_1_467' title='bbox 2738 4075 3044 4144; x_wconf 88' lang='lat' dir='ltr'><strong>utilitates,</strong></span> <span class='ocrx_word' id='word_1_468' title='bbox 3101 4076 3300 4147; x_wconf 87' lang='lat' dir='ltr'><strong>eisque</strong></span> <span class='ocrx_word' id='word_1_469' title='bbox 3361 4094 3585 4151; x_wconf 86' lang='lat' dir='ltr'><strong>magno</strong></span> <span class='ocrx_word' id='word_1_470' title='bbox 3636 4088 3850 4131; x_wconf 85' lang='lat' dir='ltr'><strong>numero</strong></span> 
     </span>
    </p>
   </div>
   <div class='ocr_carea' id='block_1_38' title="bbox 444 4160 3850 4236">
    <p class='ocr_par' dir='ltr' id='par_1_38' title="bbox 444 4160 3850 4236">
     <span class='ocr_line' id='line_1_38' title="bbox 444 4160 3850 4236; baseline -0.001 -17"><span class='ocrx_word' id='word_1_471' title='bbox 444 4164 748 4219; x_wconf 88' lang='lat' dir='ltr'><strong>recensitis</strong></span> <span class='ocrx_word' id='word_1_472' title='bbox 777 4162 1238 4234; x_wconf 68' lang='lat' dir='ltr'><strong>intemperantiae</strong></span> <span class='ocrx_word' id='word_1_473' title='bbox 1286 4176 1352 4216; x_wconf 88' lang='lat' dir='ltr'><strong>ac</strong></span> <span class='ocrx_word' id='word_1_474' title='bbox 1400 4160 1575 4216; x_wconf 82' lang='lat' dir='ltr'><strong>luxus</strong></span> <span class='ocrx_word' id='word_1_475' title='bbox 1621 4161 2012 4230; x_wconf 91' lang='lat' dir='ltr'><strong>incommoda,</strong></span> <span class='ocrx_word' id='word_1_476' title='bbox 2043 4163 2249 4229; x_wconf 71' lang='lat' dir='ltr'><strong>turbae,</strong></span> <span class='ocrx_word' id='word_1_477' title='bbox 2301 4163 2609 4235; x_wconf 89' lang='lat' dir='ltr'><strong>dispendia</strong></span> <span class='ocrx_word' id='word_1_478' title='bbox 2659 4168 3054 4236; x_wconf 90' lang='lat' dir='ltr'><strong>opponuntur.</strong></span> <span class='ocrx_word' id='word_1_479' title='bbox 3088 4163 3287 4236; x_wconf 90' lang='lat' dir='ltr'><strong>Neque</strong></span> <span class='ocrx_word' id='word_1_480' title='bbox 3331 4181 3476 4221; x_wconf 88' lang='lat' dir='ltr'><strong>vero</strong></span> <span class='ocrx_word' id='word_1_481' title='bbox 3529 4164 3673 4220; x_wconf 91' lang='lat' dir='ltr'><strong>illud</strong></span> <span class='ocrx_word' id='word_1_482' title='bbox 3719 4178 3850 4235; x_wconf 67' lang='lat' dir='ltr'><strong>prae-</strong></span> 
     </span>
    </p>
   </div>
   <div class='ocr_carea' id='block_1_39' title="bbox 445 4249 3850 4324">
    <p class='ocr_par' dir='ltr' id='par_1_39' title="bbox 445 4249 3850 4324">
     <span class='ocr_line' id='line_1_39' title="bbox 445 4249 3850 4324; baseline -0.001 -17"><span class='ocrx_word' id='word_1_483' title='bbox 445 4252 792 4308; x_wconf 88' lang='lat' dir='ltr'><strong>termittitur</strong></span> <span class='ocrx_word' id='word_1_484' title='bbox 838 4251 987 4323; x_wconf 88' lang='lat' dir='ltr'><strong>(cap.</strong></span> <span class='ocrx_word' id='word_1_485' title='bbox 1023 4250 1114 4318; x_wconf 77' lang='grc'><strong>10,</strong></span> <span class='ocrx_word' id='word_1_486' title='bbox 1145 4267 1309 4305; x_wconf 91' lang='lat' dir='ltr'><strong>num.</strong></span> <span class='ocrx_word' id='word_1_487' title='bbox 1361 4250 1431 4304; x_wconf 80' lang='grc'><strong>34</strong></span> <span class='ocrx_word' id='word_1_488' title='bbox 1479 4255 1535 4305; x_wconf 91' lang='lat' dir='ltr'><strong>et</strong></span> <span class='ocrx_word' id='word_1_489' title='bbox 1583 4267 1682 4322; x_wconf 89' lang='lat' dir='ltr'><strong>seq</strong></span> <span class='ocrx_word' id='word_1_490' title='bbox 1714 4251 1989 4322; x_wconf 91' lang='lat' dir='ltr'><strong>),jejunii</strong></span> <span class='ocrx_word' id='word_1_491' title='bbox 2042 4267 2219 4324; x_wconf 91' lang='lat' dir='ltr'><strong>opera</strong></span> <span class='ocrx_word' id='word_1_492' title='bbox 2279 4268 2385 4307; x_wconf 91' lang='lat' dir='ltr'><strong>nos</strong></span> <span class='ocrx_word' id='word_1_493' title='bbox 2445 4253 2516 4307; x_wconf 91' lang='lat' dir='ltr'><strong>ad</strong></span> <span class='ocrx_word' id='word_1_494' title='bbox 2567 4251 2825 4324; x_wconf 68' lang='lat' dir='ltr'><strong>mysticae</strong></span> <span class='ocrx_word' id='word_1_495' title='bbox 2876 4269 3115 4317; x_wconf 66' lang='lat' dir='ltr'><strong>mensae,</strong></span> <span class='ocrx_word' id='word_1_496' title='bbox 3166 4252 3275 4309; x_wconf 92' lang='lat' dir='ltr'><strong>hoc</strong></span> <span class='ocrx_word' id='word_1_497' title='bbox 3323 4257 3445 4321; x_wconf 87' lang='lat' dir='ltr'><strong>est,</strong></span> <span class='ocrx_word' id='word_1_498' title='bbox 3497 4249 3850 4309; x_wconf 72' lang='lat' dir='ltr'><strong>Eucharistia:</strong></span> 
     </span>
    </p>
   </div>
   <div class='ocr_carea' id='block_1_40' title="bbox 444 4336 3852 4414">
    <p class='ocr_par' dir='ltr' id='par_1_40' title="bbox 444 4336 3852 4414">
     <span class='ocr_line' id='line_1_40' title="bbox 444 4336 3852 4414; baseline -0.002 -18"><span class='ocrx_word' id='word_1_499' title='bbox 444 4340 778 4397; x_wconf 87' lang='lat' dir='ltr'><strong>societatem</strong></span> <span class='ocrx_word' id='word_1_500' title='bbox 830 4339 1078 4395; x_wconf 89' lang='lat' dir='ltr'><strong>admitti.</strong></span> <span class='ocrx_word' id='word_1_501' title='bbox 1129 4339 1260 4394; x_wconf 69' lang='lat' dir='ltr'><strong>Haec</strong></span> <span class='ocrx_word' id='word_1_502' title='bbox 1314 4344 1551 4394; x_wconf 86' lang='lat' dir='ltr'><strong>sanctus</strong></span> <span class='ocrx_word' id='word_1_503' title='bbox 1609 4338 1855 4395; x_wconf 86' lang='lat' dir='ltr'><strong>antistes</strong></span> <span class='ocrx_word' id='word_1_504' title='bbox 1913 4339 2301 4411; x_wconf 71' lang='lat' dir='ltr'><strong>praecipiendo</strong></span> <span class='ocrx_word' id='word_1_505' title='bbox 2350 4356 2468 4411; x_wconf 89' lang='lat' dir='ltr'><strong>qua</strong></span> <span class='ocrx_word' id='word_1_506' title='bbox 2518 4340 2741 4395; x_wconf 92' lang='lat' dir='ltr'><strong>ratione</strong></span> <span class='ocrx_word' id='word_1_507' title='bbox 2800 4357 2907 4396; x_wconf 90' lang='lat' dir='ltr'><strong>nos</strong></span> <span class='ocrx_word' id='word_1_508' title='bbox 2950 4342 3216 4412; x_wconf 87' lang='lat' dir='ltr'><strong>jejunare</strong></span> <span class='ocrx_word' id='word_1_509' title='bbox 3260 4346 3539 4414; x_wconf 86' lang='lat' dir='ltr'><strong>oporteat</strong></span> <span class='ocrx_word' id='word_1_510' title='bbox 3584 4336 3852 4398; x_wconf 81' lang='lat' dir='ltr'><strong>concludit</strong></span> 
     </span>
    </p>
   </div>
   <div class='ocr_carea' id='block_1_41' title="bbox 470 4429 743 4499">
    <p class='ocr_par' dir='ltr' id='par_1_41' title="bbox 470 4429 743 4499">
     <span class='ocr_line' id='line_1_41' title="bbox 470 4429 743 4499; baseline -0.015 -14"><span class='ocrx_word' id='word_1_511' title='bbox 470 4446 598 4499; x_wconf 85' lang='lat' dir='ltr'><strong>cap.</strong></span> <span class='ocrx_word' id='word_1_512' title='bbox 634 4429 743 4498; x_wconf 70' lang='lat'><strong>40).</strong></span> 
     </span>
    </p>
   </div>
   <div class='ocr_carea' id='block_1_42' title="bbox 446 4430 3848 4592">
    <p class='ocr_par' dir='ltr' id='par_1_42' title="bbox 446 4430 3848 4592">
     <span class='ocr_line' id='line_1_42' title="bbox 446 4430 3848 4592; baseline -0.001 -18"><span class='ocrx_word' id='word_1_513' title='bbox 446 4430 781 4574; x_wconf 37' lang='lat' dir='ltr'><strong>(“strigis</strong></span> <span class='ocrx_word' id='word_1_514' title='bbox 811 4520 971 4589; x_wconf 86' lang='lat' dir='ltr'><strong>parte</strong></span> <span class='ocrx_word' id='word_1_515' title='bbox 998 4517 1342 4572; x_wconf 82' lang='lat' dir='ltr'><strong>Ambrosius</strong></span> <span class='ocrx_word' id='word_1_516' title='bbox 1392 4516 1449 4569; x_wconf 90' lang='lat' dir='ltr'><strong>in</strong></span> <span class='ocrx_word' id='word_1_517' title='bbox 1501 4518 1592 4572; x_wconf 91' lang='lat' dir='ltr'><strong>sui</strong></span> <span class='ocrx_word' id='word_1_518' title='bbox 1642 4517 1920 4589; x_wconf 88' lang='lat' dir='ltr'><strong>temporis</strong></span> <span class='ocrx_word' id='word_1_519' title='bbox 1951 4517 2556 4590; x_wconf 88' lang='lat' dir='ltr'><strong>intemperantissima</strong></span> <span class='ocrx_word' id='word_1_520' title='bbox 2610 4517 2871 4572; x_wconf 83' lang='lat' dir='ltr'><strong>convivia</strong></span> <span class='ocrx_word' id='word_1_521' title='bbox 2918 4518 3232 4574; x_wconf 90' lang='lat' dir='ltr'><strong>invehitur.</strong></span> <span class='ocrx_word' id='word_1_522' title='bbox 3269 4518 3574 4576; x_wconf 87' lang='lat' dir='ltr'><strong>Describit</strong></span> <span class='ocrx_word' id='word_1_523' title='bbox 3603 4519 3745 4592; x_wconf 89' lang='lat' dir='ltr'><strong>(cap.</strong></span> <span class='ocrx_word' id='word_1_524' title='bbox 3776 4512 3848 4582; x_wconf 83' lang='lat' dir='ltr'><strong>t2)</strong></span> 
     </span>
    </p>
   </div>
   <div class='ocr_carea' id='block_1_43' title="bbox 433 4605 3846 4681">
    <p class='ocr_par' dir='ltr' id='par_1_43' title="bbox 433 4605 3846 4681">
     <span class='ocr_line' id='line_1_43' title="bbox 433 4605 3846 4681; baseline -0.002 -18"><span class='ocrx_word' id='word_1_525' title='bbox 433 4608 624 4681; x_wconf 90' lang='lat' dir='ltr'><strong>primo</strong></span> <span class='ocrx_word' id='word_1_526' title='bbox 655 4608 969 4675; x_wconf 80' lang='lat' dir='ltr'><strong>vulgarium</strong></span> <span class='ocrx_word' id='word_1_527' title='bbox 997 4614 1047 4661; x_wconf 78' lang='lat' dir='ltr'><strong>et</strong></span> <span class='ocrx_word' id='word_1_528' title='bbox 1076 4607 1469 4661; x_wconf 70' lang='lat' dir='ltr'><strong>vilissimorum</strong></span> <span class='ocrx_word' id='word_1_529' title='bbox 1501 4607 1785 4661; x_wconf 76' lang='lat' dir='ltr'><strong>hominum</strong></span> <span class='ocrx_word' id='word_1_530' title='bbox 1815 4608 2280 4678; x_wconf 86' lang='lat' dir='ltr'><strong>compotationes</strong></span> <span class='ocrx_word' id='word_1_531' title='bbox 2311 4611 2487 4677; x_wconf 89' lang='lat' dir='ltr'><strong>atque</strong></span> <span class='ocrx_word' id='word_1_532' title='bbox 2519 4605 2851 4662; x_wconf 88' lang='lat' dir='ltr'><strong>ebrietates.</strong></span> <span class='ocrx_word' id='word_1_533' title='bbox 2911 4606 3133 4664; x_wconf 89' lang='lat' dir='ltr'><strong>Deinde</strong></span> <span class='ocrx_word' id='word_1_534' title='bbox 3179 4608 3250 4663; x_wconf 91' lang='lat' dir='ltr'><strong>ad</strong></span> <span class='ocrx_word' id='word_1_535' title='bbox 3301 4608 3522 4680; x_wconf 88' lang='lat' dir='ltr'><strong>epulas</strong></span> <span class='ocrx_word' id='word_1_536' title='bbox 3572 4608 3846 4681; x_wconf 75' lang='lat' dir='ltr'><strong>potentium</strong></span> 
     </span>
    </p>
   </div>
   <div class='ocr_carea' id='block_1_44' title="bbox 432 4694 3844 4773">
    <p class='ocr_par' dir='ltr' id='par_1_44' title="bbox 432 4694 3844 4773">
     <span class='ocr_line' id='line_1_44' title="bbox 432 4694 3844 4773; baseline -0.001 -20"><span class='ocrx_word' id='word_1_537' title='bbox 432 4702 485 4753; x_wconf 83' lang='lat' dir='ltr'><strong>et</strong></span> <span class='ocrx_word' id='word_1_538' title='bbox 511 4696 947 4771; x_wconf 79' lang='lat' dir='ltr'><strong>fortissimorum</strong></span> <span class='ocrx_word' id='word_1_539' title='bbox 986 4694 1409 4749; x_wconf 74' lang='lat' dir='ltr'><strong>adolescentium</strong></span> <span class='ocrx_word' id='word_1_540' title='bbox 1459 4694 1665 4749; x_wconf 84' lang='lat' dir='ltr'><strong>transit</strong></span> <span class='ocrx_word' id='word_1_541' title='bbox 1717 4696 1867 4767; x_wconf 88' lang='lat' dir='ltr'><strong>(cap.</strong></span> <span class='ocrx_word' id='word_1_542' title='bbox 1916 4695 1983 4749; x_wconf 85' lang='grc'><strong>13</strong></span> <span class='ocrx_word' id='word_1_543' title='bbox 2029 4701 2088 4752; x_wconf 86' lang='lat' dir='ltr'><strong>et</strong></span> <span class='ocrx_word' id='word_1_544' title='bbox 2136 4695 2303 4767; x_wconf 75' lang='lat' dir='ltr'><strong>seq).</strong></span> <span class='ocrx_word' id='word_1_545' title='bbox 2354 4696 2421 4750; x_wconf 89' lang='lat' dir='ltr'><strong>Et</strong></span> <span class='ocrx_word' id='word_1_546' title='bbox 2473 4712 2589 4766; x_wconf 90' lang='lat' dir='ltr'><strong>quo</strong></span> <span class='ocrx_word' id='word_1_547' title='bbox 2639 4711 2842 4752; x_wconf 87' lang='lat' dir='ltr'><strong>eorum</strong></span> <span class='ocrx_word' id='word_1_548' title='bbox 2890 4695 3298 4752; x_wconf 87' lang='lat' dir='ltr'><strong>temulentiam</strong></span> <span class='ocrx_word' id='word_1_549' title='bbox 3356 4699 3559 4773; x_wconf 88' lang='lat' dir='ltr'><strong>magis</strong></span> <span class='ocrx_word' id='word_1_550' title='bbox 3610 4696 3844 4754; x_wconf 84' lang='lat' dir='ltr'><strong>odiosam</strong></span> 
     </span>
    </p>
   </div>
   <div class='ocr_carea' id='block_1_45' title="bbox 429 4782 3845 4859">
    <p class='ocr_par' dir='ltr' id='par_1_45' title="bbox 429 4782 3845 4859">
     <span class='ocr_line' id='line_1_45' title="bbox 429 4782 3845 4859; baseline -0.001 -18"><span class='ocrx_word' id='word_1_551' title='bbox 429 4787 660 4854; x_wconf 84' lang='lat' dir='ltr'><strong>reddat,</strong></span> <span class='ocrx_word' id='word_1_552' title='bbox 690 4801 993 4857; x_wconf 75' lang='lat' dir='ltr'><strong>expressas</strong></span> <span class='ocrx_word' id='word_1_553' title='bbox 1025 4800 1091 4837; x_wconf 87' lang='lat' dir='ltr'><strong>ac</strong></span> <span class='ocrx_word' id='word_1_554' title='bbox 1122 4783 1276 4837; x_wconf 87' lang='lat' dir='ltr'><strong>velut</strong></span> <span class='ocrx_word' id='word_1_555' title='bbox 1306 4782 1596 4853; x_wconf 82' lang='lat' dir='ltr'><strong>spirantes</strong></span> <span class='ocrx_word' id='word_1_556' title='bbox 1626 4782 1890 4855; x_wconf 89' lang='lat' dir='ltr'><strong>ipsorum</strong></span> <span class='ocrx_word' id='word_1_557' title='bbox 1923 4784 2209 4858; x_wconf 89' lang='lat' dir='ltr'><strong>imagines</strong></span> <span class='ocrx_word' id='word_1_558' title='bbox 2239 4785 2311 4839; x_wconf 85' lang='lat' dir='ltr'><strong>ob</strong></span> <span class='ocrx_word' id='word_1_559' title='bbox 2347 4783 2549 4840; x_wconf 91' lang='lat' dir='ltr'><strong>oculos</strong></span> <span class='ocrx_word' id='word_1_560' title='bbox 2601 4784 2784 4856; x_wconf 87' lang='lat' dir='ltr'><strong>ponit.</strong></span> <span class='ocrx_word' id='word_1_561' title='bbox 2842 4785 3189 4858; x_wconf 89' lang='lat' dir='ltr'><strong>Perstringit</strong></span> <span class='ocrx_word' id='word_1_562' title='bbox 3237 4786 3397 4859; x_wconf 89' lang='lat' dir='ltr'><strong>(cap.</strong></span> <span class='ocrx_word' id='word_1_563' title='bbox 3439 4790 3530 4857; x_wconf 88' lang='grc'><strong>17,</strong></span> <span class='ocrx_word' id='word_1_564' title='bbox 3570 4804 3728 4843; x_wconf 92' lang='lat' dir='ltr'><strong>num.</strong></span> <span class='ocrx_word' id='word_1_565' title='bbox 3769 4784 3845 4850; x_wconf 63' lang='lat'><strong>64)</strong></span> 
     </span>
    </p>
   </div>
   <div class='ocr_carea' id='block_1_46' title="bbox 428 4869 3844 4945">
    <p class='ocr_par' dir='ltr' id='par_1_46' title="bbox 428 4869 3844 4945">
     <span class='ocr_line' id='line_1_46' title="bbox 428 4869 3844 4945; baseline -0.002 -14"><span class='ocrx_word' id='word_1_566' title='bbox 428 4875 604 4931; x_wconf 87' lang='lat' dir='ltr'><strong>etiam</strong></span> <span class='ocrx_word' id='word_1_567' title='bbox 637 4874 840 4929; x_wconf 89' lang='lat' dir='ltr'><strong>modos</strong></span> <span class='ocrx_word' id='word_1_568' title='bbox 871 4872 1157 4944; x_wconf 87' lang='lat' dir='ltr'><strong>quosdam</strong></span> <span class='ocrx_word' id='word_1_569' title='bbox 1191 4869 1424 4926; x_wconf 89' lang='lat' dir='ltr'><strong>bibendi</strong></span> <span class='ocrx_word' id='word_1_570' title='bbox 1456 4872 1598 4926; x_wconf 91' lang='lat' dir='ltr'><strong>adeo</strong></span> <span class='ocrx_word' id='word_1_571' title='bbox 1631 4873 1974 4944; x_wconf 90' lang='lat' dir='ltr'><strong>stupendos,</strong></span> <span class='ocrx_word' id='word_1_572' title='bbox 2009 4879 2073 4930; x_wconf 91' lang='lat' dir='ltr'><strong>ut</strong></span> <span class='ocrx_word' id='word_1_573' title='bbox 2103 4873 2217 4929; x_wconf 89' lang='lat' dir='ltr'><strong>nisi</strong></span> <span class='ocrx_word' id='word_1_574' title='bbox 2247 4872 2364 4928; x_wconf 90' lang='lat' dir='ltr'><strong>illis</strong></span> <span class='ocrx_word' id='word_1_575' title='bbox 2395 4876 2606 4939; x_wconf 80' lang='lat' dir='ltr'><strong>nostrae</strong></span> <span class='ocrx_word' id='word_1_576' title='bbox 2658 4872 2845 4928; x_wconf 69' lang='lat' dir='ltr'><strong>aetatis</strong></span> <span class='ocrx_word' id='word_1_577' title='bbox 2898 4890 3192 4945; x_wconf 82' lang='lat' dir='ltr'><strong>ganeones</strong></span> <span class='ocrx_word' id='word_1_578' title='bbox 3245 4874 3492 4932; x_wconf 89' lang='lat' dir='ltr'><strong>insania</strong></span> <span class='ocrx_word' id='word_1_579' title='bbox 3541 4892 3649 4932; x_wconf 89' lang='lat' dir='ltr'><strong>sua</strong></span> <span class='ocrx_word' id='word_1_580' title='bbox 3693 4872 3844 4929; x_wconf 85' lang='lat' dir='ltr'><strong>ﬁdem</strong></span> 
     </span>
    </p>
   </div>
   <div class='ocr_carea' id='block_1_47' title="bbox 426 4959 3843 5035">
    <p class='ocr_par' dir='ltr' id='par_1_47' title="bbox 426 4959 3843 5035">
     <span class='ocr_line' id='line_1_47' title="bbox 426 4959 3843 5035; baseline -0.001 -17"><span class='ocrx_word' id='word_1_581' title='bbox 426 4966 702 5029; x_wconf 87' lang='lat' dir='ltr'><strong>facerent,</strong></span> <span class='ocrx_word' id='word_1_582' title='bbox 736 4964 915 5018; x_wconf 81' lang='lat' dir='ltr'><strong>ferme</strong></span> <span class='ocrx_word' id='word_1_583' title='bbox 945 4961 1278 5016; x_wconf 85' lang='lat' dir='ltr'><strong>viderentur</strong></span> <span class='ocrx_word' id='word_1_584' title='bbox 1308 4959 1699 5016; x_wconf 88' lang='lat' dir='ltr'><strong>incredibiles.</strong></span> <span class='ocrx_word' id='word_1_585' title='bbox 1730 4963 2025 5019; x_wconf 86' lang='lat' dir='ltr'><strong>Postremo</strong></span> <span class='ocrx_word' id='word_1_586' title='bbox 2058 4963 2409 5019; x_wconf 83' lang='lat' dir='ltr'><strong>feminarum</strong></span> <span class='ocrx_word' id='word_1_587' title='bbox 2463 4978 2696 5034; x_wconf 88' lang='lat' dir='ltr'><strong>quoque</strong></span> <span class='ocrx_word' id='word_1_588' title='bbox 2743 4961 3017 5034; x_wconf 87' lang='lat' dir='ltr'><strong>objurgat</strong></span> <span class='ocrx_word' id='word_1_589' title='bbox 3064 4967 3216 5035; x_wconf 88' lang='lat' dir='ltr'><strong>(cap.</strong></span> <span class='ocrx_word' id='word_1_590' title='bbox 3253 4964 3344 5032; x_wconf 85' lang='grc'><strong>18,</strong></span> <span class='ocrx_word' id='word_1_591' title='bbox 3384 4981 3557 5020; x_wconf 88' lang='lat' dir='ltr'><strong>num.</strong></span> <span class='ocrx_word' id='word_1_592' title='bbox 3588 4964 3678 5034; x_wconf 87' lang='lat'><strong>66)</strong></span> <span class='ocrx_word' id='word_1_593' title='bbox 3705 4962 3843 5016; x_wconf 90' lang='lat' dir='ltr'><strong>vino-</strong></span> 
     </span>
    </p>
   </div>
   <div class='ocr_carea' id='block_1_48' title="bbox 421 5050 3840 5126">
    <p class='ocr_par' dir='ltr' id='par_1_48' title="bbox 421 5050 3840 5126">
     <span class='ocr_line' id='line_1_48' title="bbox 421 5050 3840 5126; baseline -0.001 -19"><span class='ocrx_word' id='word_1_594' title='bbox 421 5052 683 5119; x_wconf 87' lang='lat' dir='ltr'><strong>lentiam,</strong></span> <span class='ocrx_word' id='word_1_595' title='bbox 713 5070 829 5125; x_wconf 88' lang='lat' dir='ltr'><strong>qua</strong></span> <span class='ocrx_word' id='word_1_596' title='bbox 859 5051 968 5107; x_wconf 78' lang='lat' dir='ltr'><strong>illae</strong></span> <span class='ocrx_word' id='word_1_597' title='bbox 1003 5050 1231 5122; x_wconf 70' lang='lat' dir='ltr'><strong>percitae</strong></span> <span class='ocrx_word' id='word_1_598' title='bbox 1262 5050 1618 5106; x_wconf 89' lang='lat' dir='ltr'><strong>Baccharum</strong></span> <span class='ocrx_word' id='word_1_599' title='bbox 1669 5050 1854 5107; x_wconf 91' lang='lat' dir='ltr'><strong>instar</strong></span> <span class='ocrx_word' id='word_1_600' title='bbox 1901 5068 2004 5124; x_wconf 90' lang='lat' dir='ltr'><strong>per</strong></span> <span class='ocrx_word' id='word_1_601' title='bbox 2050 5052 2214 5109; x_wconf 91' lang='lat' dir='ltr'><strong>urbis</strong></span> <span class='ocrx_word' id='word_1_602' title='bbox 2268 5051 2525 5124; x_wconf 86' lang='lat' dir='ltr'><strong>compita</strong></span> <span class='ocrx_word' id='word_1_603' title='bbox 2573 5051 3003 5118; x_wconf 89' lang='lat' dir='ltr'><strong>discurrebant,</strong></span> <span class='ocrx_word' id='word_1_604' title='bbox 3036 5069 3218 5125; x_wconf 88' lang='lat' dir='ltr'><strong>eaque</strong></span> <span class='ocrx_word' id='word_1_605' title='bbox 3254 5055 3704 5126; x_wconf 87' lang='lat' dir='ltr'><strong>perpetrabant,</strong></span> <span class='ocrx_word' id='word_1_606' title='bbox 3733 5063 3840 5122; x_wconf 71' lang='lat' dir='ltr'><strong>qua:</strong></span> 
     </span>
    </p>
   </div>
   <div class='ocr_carea' id='block_1_49' title="bbox 421 5139 2229 5215">
    <p class='ocr_par' dir='ltr' id='par_1_49' title="bbox 421 5139 2229 5215">
     <span class='ocr_line' id='line_1_49' title="bbox 421 5139 2229 5215; baseline -0.001 -18"><span class='ocrx_word' id='word_1_607' title='bbox 421 5159 536 5198; x_wconf 91' lang='lat' dir='ltr'><strong>non</strong></span> <span class='ocrx_word' id='word_1_608' title='bbox 566 5143 714 5215; x_wconf 85' lang='lat' dir='ltr'><strong>ipsis</strong></span> <span class='ocrx_word' id='word_1_609' title='bbox 746 5142 954 5214; x_wconf 88' lang='lat' dir='ltr'><strong>magis,</strong></span> <span class='ocrx_word' id='word_1_610' title='bbox 990 5156 1165 5212; x_wconf 79' lang='lat' dir='ltr'><strong>quam</strong></span> <span class='ocrx_word' id='word_1_611' title='bbox 1195 5139 1618 5211; x_wconf 79' lang='lat' dir='ltr'><strong>spectatoribus</strong></span> <span class='ocrx_word' id='word_1_612' title='bbox 1649 5145 1843 5195; x_wconf 90' lang='lat' dir='ltr'><strong>essent</strong></span> <span class='ocrx_word' id='word_1_613' title='bbox 1874 5142 2229 5213; x_wconf 89' lang='lat' dir='ltr'><strong>perniciosa.</strong></span> 
     </span>
    </p>
   </div>
   <div class='ocr_carea' id='block_1_50' title="bbox 487 5227 3840 5303">
    <p class='ocr_par' dir='ltr' id='par_1_50' title="bbox 487 5227 3840 5303">
     <span class='ocr_line' id='line_1_50' title="bbox 487 5227 3840 5303; baseline -0.001 -19"><span class='ocrx_word' id='word_1_614' title='bbox 487 5230 550 5284; x_wconf 92' lang='lat' dir='ltr'><strong>1n</strong></span> <span class='ocrx_word' id='word_1_615' title='bbox 582 5231 751 5286; x_wconf 84' lang='lat' dir='ltr'><strong>tertia</strong></span> <span class='ocrx_word' id='word_1_616' title='bbox 779 5236 939 5303; x_wconf 90' lang='lat' dir='ltr'><strong>parte</strong></span> <span class='ocrx_word' id='word_1_617' title='bbox 971 5227 1464 5301; x_wconf 89' lang='lat' dir='ltr'><strong>opportunitatem</strong></span> <span class='ocrx_word' id='word_1_618' title='bbox 1504 5229 1815 5284; x_wconf 84' lang='lat' dir='ltr'><strong>verborum</strong></span> <span class='ocrx_word' id='word_1_619' title='bbox 1847 5230 2028 5301; x_wconf 71' lang='lat' dir='ltr'><strong>Isaiae,</strong></span> <span class='ocrx_word' id='word_1_620' title='bbox 2063 5247 2193 5302; x_wconf 64' lang='lat' dir='ltr'><strong>quae</strong></span> <span class='ocrx_word' id='word_1_621' title='bbox 2250 5230 2309 5285; x_wconf 93' lang='lat' dir='ltr'><strong>in</strong></span> <span class='ocrx_word' id='word_1_622' title='bbox 2365 5227 2612 5285; x_wconf 88' lang='lat' dir='ltr'><strong>ecclesia</strong></span> <span class='ocrx_word' id='word_1_623' title='bbox 2661 5228 2863 5285; x_wconf 91' lang='lat' dir='ltr'><strong>eodem</strong></span> <span class='ocrx_word' id='word_1_624' title='bbox 2913 5228 3007 5286; x_wconf 91' lang='lat' dir='ltr'><strong>die</strong></span> <span class='ocrx_word' id='word_1_625' title='bbox 3058 5227 3209 5287; x_wconf 84' lang='lat' dir='ltr'><strong>lecta</strong></span> <span class='ocrx_word' id='word_1_626' title='bbox 3254 5230 3522 5299; x_wconf 82' lang='lat' dir='ltr'><strong>fuerant,</strong></span> <span class='ocrx_word' id='word_1_627' title='bbox 3578 5227 3840 5301; x_wconf 88' lang='lat' dir='ltr'><strong>arripiens</strong></span> 
     </span>
    </p>
   </div>
   <div class='ocr_carea' id='block_1_51' title="bbox 418 5315 3839 5392">
    <p class='ocr_par' dir='ltr' id='par_1_51' title="bbox 418 5315 3839 5392">
     <span class='ocr_line' id='line_1_51' title="bbox 418 5315 3839 5392; baseline -0.001 -18"><span class='ocrx_word' id='word_1_628' title='bbox 418 5320 587 5375; x_wconf 84' lang='lat' dir='ltr'><strong>docet</strong></span> <span class='ocrx_word' id='word_1_629' title='bbox 610 5320 759 5392; x_wconf 86' lang='lat' dir='ltr'><strong>(cap.</strong></span> <span class='ocrx_word' id='word_1_630' title='bbox 796 5320 881 5388; x_wconf 82' lang='grc'><strong>19)</strong></span> <span class='ocrx_word' id='word_1_631' title='bbox 915 5320 1065 5375; x_wconf 87' lang='lat' dir='ltr'><strong>hanc</strong></span> <span class='ocrx_word' id='word_1_632' title='bbox 1099 5334 1310 5373; x_wconf 67' lang='lat' dir='ltr'><strong>monete</strong></span> <span class='ocrx_word' id='word_1_633' title='bbox 1341 5315 1636 5373; x_wconf 88' lang='lat' dir='ltr'><strong>licentiam</strong></span> <span class='ocrx_word' id='word_1_634' title='bbox 1666 5318 1939 5374; x_wconf 88' lang='lat' dir='ltr'><strong>vitiorum</strong></span> <span class='ocrx_word' id='word_1_635' title='bbox 1969 5318 2255 5387; x_wconf 91' lang='lat' dir='ltr'><strong>omnium,</strong></span> <span class='ocrx_word' id='word_1_636' title='bbox 2289 5321 2346 5374; x_wconf 91' lang='lat' dir='ltr'><strong>et</strong></span> <span class='ocrx_word' id='word_1_637' title='bbox 2376 5317 2565 5389; x_wconf 90' lang='lat' dir='ltr'><strong>ipsius</strong></span> <span class='ocrx_word' id='word_1_638' title='bbox 2596 5332 2831 5389; x_wconf 90' lang='lat' dir='ltr'><strong>quoque</strong></span> <span class='ocrx_word' id='word_1_639' title='bbox 2860 5316 3115 5373; x_wconf 63' lang='lat' dir='ltr'><strong>avaritia;</strong></span> <span class='ocrx_word' id='word_1_640' title='bbox 3164 5335 3279 5390; x_wconf 89' lang='lat' dir='ltr'><strong>qua</strong></span> <span class='ocrx_word' id='word_1_641' title='bbox 3316 5335 3431 5390; x_wconf 90' lang='lat' dir='ltr'><strong>per</strong></span> <span class='ocrx_word' id='word_1_642' title='bbox 3465 5320 3565 5376; x_wconf 80' lang='lat' dir='ltr'><strong>{as</strong></span> <span class='ocrx_word' id='word_1_643' title='bbox 3595 5323 3653 5374; x_wconf 88' lang='lat' dir='ltr'><strong>et</strong></span> <span class='ocrx_word' id='word_1_644' title='bbox 3694 5315 3839 5372; x_wconf 78' lang='lat' dir='ltr'><strong>nefas</strong></span> 
     </span>
    </p>
   </div>
   <div class='ocr_carea' id='block_1_52' title="bbox 416 5404 3838 5479">
    <p class='ocr_par' dir='ltr' id='par_1_52' title="bbox 416 5404 3838 5479">
     <span class='ocr_line' id='line_1_52' title="bbox 416 5404 3838 5479; baseline -0.001 -16"><span class='ocrx_word' id='word_1_645' title='bbox 416 5410 692 5478; x_wconf 88' lang='lat' dir='ltr'><strong>sumptus</strong></span> <span class='ocrx_word' id='word_1_646' title='bbox 720 5407 962 5463; x_wconf 81' lang='lat' dir='ltr'><strong>luxuriae</strong></span> <span class='ocrx_word' id='word_1_647' title='bbox 993 5409 1399 5475; x_wconf 90' lang='lat' dir='ltr'><strong>corraduntur,</strong></span> <span class='ocrx_word' id='word_1_648' title='bbox 1428 5407 1810 5462; x_wconf 89' lang='lat' dir='ltr'><strong>seminarium</strong></span> <span class='ocrx_word' id='word_1_649' title='bbox 1842 5424 1909 5463; x_wconf 89' lang='lat' dir='ltr'><strong>ac</strong></span> <span class='ocrx_word' id='word_1_650' title='bbox 1941 5411 2190 5463; x_wconf 90' lang='lat' dir='ltr'><strong>matrem</strong></span> <span class='ocrx_word' id='word_1_651' title='bbox 2221 5408 2647 5463; x_wconf 86' lang='lat' dir='ltr'><strong>esse.Attamen</strong></span> <span class='ocrx_word' id='word_1_652' title='bbox 2677 5421 2746 5460; x_wconf 84' lang='lat' dir='ltr'><strong>ex</strong></span> <span class='ocrx_word' id='word_1_653' title='bbox 2771 5405 3156 5479; x_wconf 90' lang='lat' dir='ltr'><strong>sequentibus</strong></span> <span class='ocrx_word' id='word_1_654' title='bbox 3203 5406 3381 5465; x_wconf 64' lang='lat' dir='ltr'><strong>Isaiae</strong></span> <span class='ocrx_word' id='word_1_655' title='bbox 3413 5407 3617 5464; x_wconf 88' lang='lat' dir='ltr'><strong>verbis</strong></span> <span class='ocrx_word' id='word_1_656' title='bbox 3642 5404 3838 5479; x_wconf 71' lang='lat' dir='ltr'><strong>probat</strong></span> 
     </span>
    </p>
   </div>
   <div class='ocr_carea' id='block_1_53' title="bbox 414 5494 3834 5574">
    <p class='ocr_par' dir='ltr' id='par_1_53' title="bbox 414 5494 3834 5574">
     <span class='ocr_line' id='line_1_53' title="bbox 414 5494 3834 5574; baseline -0.001 -23"><span class='ocrx_word' id='word_1_657' title='bbox 414 5501 567 5568; x_wconf 89' lang='lat' dir='ltr'><strong>(cap.</strong></span> <span class='ocrx_word' id='word_1_658' title='bbox 597 5498 688 5565; x_wconf 86' lang='lat'><strong>20)</strong></span> <span class='ocrx_word' id='word_1_659' title='bbox 719 5497 1243 5552; x_wconf 85' lang='lat' dir='ltr'><strong>clementissimum</strong></span> <span class='ocrx_word' id='word_1_660' title='bbox 1269 5497 1439 5567; x_wconf 85' lang='lat' dir='ltr'><strong>juxta</strong></span> <span class='ocrx_word' id='word_1_661' title='bbox 1470 5512 1535 5552; x_wconf 90' lang='lat' dir='ltr'><strong>ac</strong></span> <span class='ocrx_word' id='word_1_662' title='bbox 1566 5495 1991 5568; x_wconf 88' lang='lat' dir='ltr'><strong>peritissimum</strong></span> <span class='ocrx_word' id='word_1_663' title='bbox 2026 5496 2322 5552; x_wconf 91' lang='lat' dir='ltr'><strong>medicum</strong></span> <span class='ocrx_word' id='word_1_664' title='bbox 2354 5512 2483 5552; x_wconf 91' lang='lat' dir='ltr'><strong>esse</strong></span> <span class='ocrx_word' id='word_1_665' title='bbox 2514 5499 2717 5563; x_wconf 91' lang='lat' dir='ltr'><strong>Deum,</strong></span> <span class='ocrx_word' id='word_1_666' title='bbox 2751 5495 2852 5565; x_wconf 92' lang='lat' dir='ltr'><strong>qui</strong></span> <span class='ocrx_word' id='word_1_667' title='bbox 2906 5494 3154 5551; x_wconf 89' lang='lat' dir='ltr'><strong>salutem</strong></span> <span class='ocrx_word' id='word_1_668' title='bbox 3187 5495 3259 5552; x_wconf 91' lang='lat' dir='ltr'><strong>ad</strong></span> <span class='ocrx_word' id='word_1_669' title='bbox 3290 5512 3476 5574; x_wconf 85' lang='lat' dir='ltr'><strong>opem</strong></span> <span class='ocrx_word' id='word_1_670' title='bbox 3524 5513 3691 5552; x_wconf 89' lang='lat' dir='ltr'><strong>suam</strong></span> <span class='ocrx_word' id='word_1_671' title='bbox 3720 5509 3834 5567; x_wconf 49' lang='lat' dir='ltr'><strong>per.</strong></span> 
     </span>
    </p>
   </div>
   <div class='ocr_carea' id='block_1_54' title="bbox 414 5581 3832 5656">
    <p class='ocr_par' dir='ltr' id='par_1_54' title="bbox 414 5581 3832 5656">
     <span class='ocr_line' id='line_1_54' title="bbox 414 5581 3832 5656; baseline -0.001 -18"><span class='ocrx_word' id='word_1_672' title='bbox 414 5583 783 5656; x_wconf 87' lang='lat' dir='ltr'><strong>fugientibus</strong></span> <span class='ocrx_word' id='word_1_673' title='bbox 840 5584 1125 5638; x_wconf 81' lang='lat' dir='ltr'><strong>restituet.</strong></span> <span class='ocrx_word' id='word_1_674' title='bbox 1186 5584 1257 5637; x_wconf 88' lang='lat' dir='ltr'><strong>Et</strong></span> <span class='ocrx_word' id='word_1_675' title='bbox 1306 5600 1420 5655; x_wconf 87' lang='lat' dir='ltr'><strong>quo</strong></span> <span class='ocrx_word' id='word_1_676' title='bbox 1475 5584 1887 5640; x_wconf 87' lang='lat' dir='ltr'><strong>vehementius</strong></span> <span class='ocrx_word' id='word_1_677' title='bbox 1947 5586 2020 5640; x_wconf 92' lang='lat' dir='ltr'><strong>ad</strong></span> <span class='ocrx_word' id='word_1_678' title='bbox 2074 5585 2130 5639; x_wconf 91' lang='lat' dir='ltr'><strong>id</strong></span> <span class='ocrx_word' id='word_1_679' title='bbox 2181 5581 2447 5656; x_wconf 87' lang='lat' dir='ltr'><strong>impellat</strong></span> <span class='ocrx_word' id='word_1_680' title='bbox 2503 5583 2819 5651; x_wconf 87' lang='lat' dir='ltr'><strong>auditores,</strong></span> <span class='ocrx_word' id='word_1_681' title='bbox 2886 5587 3214 5641; x_wconf 83' lang='lat' dir='ltr'><strong>extremum</strong></span> <span class='ocrx_word' id='word_1_682' title='bbox 3276 5584 3611 5655; x_wconf 88' lang='lat' dir='ltr'><strong>judicium,</strong></span> <span class='ocrx_word' id='word_1_683' title='bbox 3680 5582 3832 5652; x_wconf 84' lang='lat' dir='ltr'><strong>cujus</strong></span> 
     </span>
    </p>
   </div>
   <div class='ocr_carea' id='block_1_55' title="bbox 416 5671 3863 5747">
    <p class='ocr_par' dir='ltr' id='par_1_55' title="bbox 416 5671 3863 5747">
     <span class='ocr_line' id='line_1_55' title="bbox 416 5671 3863 5747; baseline -0.001 -19"><span class='ocrx_word' id='word_1_684' title='bbox 416 5673 779 5728; x_wconf 84' lang='lat' dir='ltr'><strong>mentionem</strong></span> <span class='ocrx_word' id='word_1_685' title='bbox 849 5671 907 5723; x_wconf 91' lang='lat' dir='ltr'><strong>in</strong></span> <span class='ocrx_word' id='word_1_686' title='bbox 975 5671 1309 5742; x_wconf 83' lang='lat' dir='ltr'><strong>prophetica</strong></span> <span class='ocrx_word' id='word_1_687' title='bbox 1376 5671 1618 5729; x_wconf 87' lang='lat' dir='ltr'><strong>lectione</strong></span> <span class='ocrx_word' id='word_1_688' title='bbox 1683 5674 2012 5746; x_wconf 89' lang='lat' dir='ltr'><strong>audierant,</strong></span> <span class='ocrx_word' id='word_1_689' title='bbox 2081 5673 2197 5731; x_wconf 92' lang='lat' dir='ltr'><strong>illis</strong></span> <span class='ocrx_word' id='word_1_690' title='bbox 2267 5674 2327 5730; x_wconf 91' lang='lat' dir='ltr'><strong>in</strong></span> <span class='ocrx_word' id='word_1_691' title='bbox 2397 5672 2739 5731; x_wconf 83' lang='lat' dir='ltr'><strong>memoriam</strong></span> <span class='ocrx_word' id='word_1_692' title='bbox 2815 5676 3045 5731; x_wconf 90' lang='lat' dir='ltr'><strong>revocat</strong></span> <span class='ocrx_word' id='word_1_693' title='bbox 3108 5677 3258 5747; x_wconf 86' lang='lat' dir='ltr'><strong>(cap.</strong></span> <span class='ocrx_word' id='word_1_694' title='bbox 3339 5675 3439 5743; x_wconf 85' lang='grc'><strong>21,</strong></span> <span class='ocrx_word' id='word_1_695' title='bbox 3504 5689 3665 5731; x_wconf 91' lang='lat' dir='ltr'><strong>num.</strong></span> <span class='ocrx_word' id='word_1_696' title='bbox 3724 5672 3863 5738; x_wconf 30' lang='grc' dir='ltr'><strong>πλη</strong></span> 
     </span>
    </p>
   </div>
  </div>
