4104 6156
282 338 376 403 729
1238 331 1341 395 DE
1384 330 1567 394 sua
1608 327 1709 393 ET
1749 326 2098 396 JEJUNIO.
2131 365 2209 379 -
2238 302 2709 394 Aonomrlo.
3573 333 3695 394 730

282 472 383 532 Huc
408 469 579 531 addit
606 466 764 545 (Ibid.
797 481 960 525 num.
991 464 1085 537 79)
1113 464 1365 524 athletas
1394 480 1503 521 nos
1529 477 1660 520 esse
1689 462 1909 536 quibus
1939 464 1999 520 in
2033 465 2242 521 ultimo
2287 463 2394 520 illo
2423 460 2518 518 die
2549 478 2767 520 corona
2797 463 3068 537 neganda
3095 462 3196 533 sit,
3246 464 3361 523 nisi
3410 481 3694 539 generoso

282 563 459 622 animo
487 559 925 618 certaverimus.
962 559 1112 614 Tum
1161 571 1474 612 conversus
1527 554 1597 609 ad
1647 551 2104 610 catechumenos
2151 554 2306 608 viam
2360 550 2508 623 ipsis
2560 551 2631 607 ad
2692 554 3107 626 perpurganda
3158 555 3301 610 vitia
3363 554 3686 628 planiorem

284 654 736 723 securioremque
783 652 1093 721 suppetere
1140 646 1506 701 demonstrat
1557 646 1707 714 (cap.
1749 643 1840 712 22,
1900 658 2070 698 num.
2116 643 2229 714 83),
2286 640 2657 712 baptismum
2703 642 2985 699 videlicet
3027 661 3142 716 quo
3181 649 3468 717 tanquam
3526 663 3694 705 sacro

283 744 516 816 quodam
545 741 678 814 igne
701 739 980 795 universae
1012 736 1214 793 sordes
1244 736 1701 790 consumuntur.
1741 730 1963 787 Verum
2009 749 2146 788 cum
2192 729 2445 787 minime
2475 730 2765 799 deessent,
2827 733 2929 805 qui
2978 737 3044 788 ut
3074 734 3284 806 majori
3344 735 3581 792 licentia
3623 738 3685 795 in

284 831 502 905 ﬂagitiis
557 832 681 886 suis
747 828 1201 900 perseverarent,
1248 826 1685 881 sacramentum
1732 820 1879 877 illud
1924 820 1986 877 in
2037 822 2262 878 exitum
2309 820 2443 874 vitae
2494 818 2862 888 differebant,
2912 823 3123 878 acriter
3170 840 3270 880 eos
3318 826 3697 898 reprehendit

279 925 407 993 (cap.
436 922 527 985 22,
562 934 724 973 num.
751 916 864 988 84),
898 919 1266 986 mortemque
1295 913 1437 968 dum
1470 908 2000 984 procrastinantur,
2034 911 2311 983 ingruere
2345 910 2901 978 commonefaciens,
2934 913 3170 968 eosdem
3215 930 3287 969 ne
3343 931 3694 989 comperen-

277 1008 559 1065 dinatione
587 1023 697 1062 sua
724 1005 971 1061 Cainum
1003 1003 1198 1075 potius
1229 1019 1407 1075 quam
1436 999 1675 1057 Abelem
1696 998 1758 1053 in
1789 997 2077 1055 sacriﬁcio
2110 996 2418 1054 offerendo
2448 996 2814 1066 aemulentur,
2847 1001 3139 1057 absterret
3170 1002 3326 1073 (Ibid.
3361 1020 3527 1061 num.
3574 1008 3687 1078 85).

335 1094 586 1153 Tametsi
608 1095 798 1151 tribus
829 1093 1115 1167 partibus,
1144 1097 1210 1147 ut
1240 1108 1422 1163 supra
1449 1090 1817 1146 declaratum
1847 1090 1959 1153 est,
1992 1086 2334 1144 constethic
2369 1084 2558 1152 liber;
2602 1089 2798 1143 tamen
2831 1088 2970 1160 quia
2993 1089 3226 1146 illarum
3261 1090 3572 1163 potissima
3601 1104 3692 1152 est

278 1205 335 1245 ea
359 1186 415 1242 in
442 1202 565 1259 qua
594 1184 792 1257 agitur
821 1181 1161 1253 dejejunio,
1182 1181 1339 1253 quod
1370 1181 1791 1252 argumentum
1823 1175 2015 1231 Eliani
2040 1176 2256 1249 jejunii
2290 1174 2603 1229 occasione
2635 1182 2974 1249 susceptum
3016 1179 3146 1248 fuit,
3194 1180 3325 1237 ideo
3356 1182 3422 1238 de
3468 1185 3597 1241 Elia
3646 1192 3699 1243 et

268 1277 466 1349 jejunio
495 1272 858 1330 inscribitur.
893 1271 1059 1327 Hunc
1105 1269 1347 1325 titulum
1378 1283 1583 1324 omnes
1615 1282 1760 1322 mss.
1794 1282 1912 1337 prae
1944 1282 2008 1321 se
2040 1267 2257 1331 ferunt,
2294 1266 2540 1336 excepto
2573 1266 2725 1338 quod
2760 1265 2943 1338 aliqui
2995 1268 3131 1324 Elius
3191 1286 3406 1328 nomen
3456 1277 3697 1345 praeter-

277 1363 560 1420 mittentes
600 1360 876 1417 exhibent
902 1364 1158 1426 tantum,
1183 1359 1370 1415 Sermo
1386 1359 1566 1413 sancti
1594 1355 1869 1411 Ambrosii
1901 1355 1969 1410 de
1996 1356 2236 1426 Jejunio.

337 1451 455 1507 Divi
473 1449 673 1507 Basilii
699 1447 1003 1504 homiliam
1024 1463 1143 1518 qua
1171 1445 1454 1518 populum
1479 1460 1657 1500 suum
1679 1444 1749 1499 ad
1763 1443 2069 1516 jejunium
2093 1442 2572 1515 Quadragesimas
2598 1443 2870 1501 alacriter
2888 1447 3330 1520 suscipiendum
3354 1452 3701 1513 adhortatur

276 1540 557 1613 (Homilde
581 1538 842 1610 jejunio),
897 1536 1172 1608 quisquis
1194 1551 1329 1590 cum
1374 1534 1486 1589 hoc
1525 1531 1916 1589 Ambrosiano
1970 1535 2226 1587 tractatu
2288 1531 2629 1602 contulerit,
2681 1533 2819 1589 inde
2874 1536 3180 1609 complura
3232 1540 3294 1595 in
3353 1540 3509 1598 hunc
3568 1560 3700 1612 esse

272 1628 551 1687 translata
580 1626 747 1683 facile
780 1625 1086 1697 intelliget.
1131 1623 1553 1681 Verumtamen
1603 1622 1697 1678 hic
1753 1637 1991 1694 quoque
2035 1637 2261 1676 morem
2307 1637 2489 1677 suum
2550 1623 2763 1679 retinet
2800 1625 2858 1680 S.
2902 1625 3133 1694 Doctor,
3186 1627 3467 1687 nimirum
3527 1635 3701 1691 modo

273 1719 444 1786 addit,
476 1717 652 1773 modo
682 1718 926 1783 resecat,
960 1714 1231 1787 quaedam
1263 1713 1621 1785 transponit,
1653 1710 1769 1768 alia
1799 1727 1935 1766 cum
1966 1726 2062 1767 res
2094 1709 2152 1765 id
2184 1726 2429 1781 poscere
2467 1710 2716 1781 videtur,
2752 1712 3093 1785 ampliﬁcat.

337 1805 616 1863 Similiter
635 1803 1096 1861 animadvertere
1127 1806 1217 1858 est
1243 1802 1624 1858 Ambrosium
1652 1802 1712 1856 in
1763 1799 1993 1856 ultimis
2043 1799 2280 1854 duabus
2330 1799 2581 1871 hujusce
2624 1800 3052 1859 lucubrationis
3095 1798 3375 1877 partibus'
3416 1811 3702 1869 nonnulla

275 1913 394 1970 quea
426 1893 616 1968 plebis
645 1910 763 1949 suae
785 1891 1052 1948 moribus
1082 1891 1564 1958 accommodarit,
1598 1892 1935 1946 mutuatum
1967 1903 2098 1945 esse
2129 1904 2199 1943 ex
2227 1888 2462 1945 duabus
2493 1889 2624 1945 aliis
2657 1890 2832 1946 Basili
2875 1892 3071 1964 Magni
3116 1893 3398 1963 homiliis,
3449 1914 3699 1969 quarum

273 1985 449 2043 altera
478 1999 630 2056 quae,
664 1986 865 2038 contra
894 1980 1406 2052 intemperantiam
1438 1981 1569 2052 ipso
1601 1980 1752 2036 sacri
1782 1977 2088 2035 Paschatis
2109 1977 2203 2033 die
2229 1978 2520 2035 committi
2551 1978 2785 2037 solitam
2818 1980 3417 2054 scripta,inscribitur
3435 1989 3495 2044 In
3520 1990 3700 2047 ebrie-

271 2080 435 2132 tatem
463 2078 517 2130 et
562 2074 780 2138 Imm,
813 2069 1000 2126 altera
1029 2069 1109 2124 Ad
1136 2070 1469 2142 baptismum
1498 2070 1812 2126 exhortatio
1844 2071 1943 2124 est.

336 2165 398 2220 In
429 2163 540 2218 hoc
574 2161 772 2233 itaque
805 2159 956 2216 libro
999 2175 1117 2214 non
1149 2174 1336 2231 pauca
1366 2159 1646 2232 reperias,
1708 2175 1837 2231 quae
1887 2157 1959 2213 ad
2014 2156 2468 2214 Mediolanensis
2516 2158 2788 2216 Ecclesiae
2835 2162 3296 2221 consuetudines
3345 2168 3699 2239 pertineant.

272 2252 568 2310 Haecinter
596 2248 1003 2306 observatione
1036 2247 1330 2320 praecipua
1360 2249 1607 2321 dignum
1653 2248 1890 2303 videtur
1941 2247 2096 2318 quod
2139 2251 2500 2303 memoratur
2528 2249 2601 2304 de
2622 2249 2852 2320 jejunio
2886 2251 3379 2324 Quadragesimaa.
3441 2259 3696 2326 Quadra-

261 2344 485 2416 gesima,
519 2339 716 2411 inquit
745 2337 833 2394 vir
858 2341 1124 2402 sanctus,
1154 2338 1281 2392 totis
1309 2346 1513 2408 preter
1541 2338 1844 2393 Sabbatum
1873 2344 1927 2391 et
1954 2335 2832 2409 Dominicamjejunaturdiebus.
2866 2341 3300 2412 Doeetquidem
3329 2346 3694 2417 Augustinus

278 2431 470 2505 (epist.
514 2429 604 2485 36.
654 2428 725 2484 ad
762 2427 936 2492 casul,
988 2441 1154 2480 num.
1188 2426 1295 2493 32;
1353 2430 1411 2481 et
1467 2426 1621 2499 epist
1655 2427 1727 2482 54
1758 2426 1830 2481 ad
1869 2426 2143 2497 januar.,
2204 2441 2369 2481 num.
2419 2426 2476 2497 3)
2535 2425 2776 2482 Sabbati
2836 2426 2959 2483 dies
3007 2430 3267 2501 jejunari
3322 2450 3436 2490 non
3497 2434 3701 2492 solitos

275 2517 603 2585 Mediolani,
632 2514 1135 2589 quemadmodum
1167 2514 1361 2568 Romae
1384 2514 1844 2586 jejunabantur;
1870 2514 1970 2568 sed
2004 2513 2130 2581 ejus
2161 2513 2568 2570 testimonium
2596 2515 2865 2587 generale
2887 2520 2994 2573 est.
3022 2521 3096 2572 At
3129 2534 3260 2576 vero
3286 2521 3381 2579 hic
3399 2524 3697 2582 Ambrosii

276 2610 442 2667 locus
472 2610 670 2680 aperte
718 2604 915 2678 prodit
944 2620 1016 2658 ne
1047 2600 1522 2674 Quadragesimaa
1553 2602 1795 2674 quidem
1827 2601 2090 2658 sabbatis
2119 2601 2239 2659 illic
2288 2603 2470 2660 fuisse
2521 2604 2885 2676 jejunatum.
2918 2606 3334 2666 Verumtamen
3378 2614 3696 2671 Sabbatum

274 2701 546 2756 sanctum
579 2695 700 2751 sive
728 2691 1032 2749 Paschatis
1059 2689 1321 2763 vigiliam
1349 2689 1487 2747 inde
1516 2691 1842 2764 excipimus
1867 2708 1880 2758 ;
1913 2689 2008 2746 hic
2038 2691 2195 2747 enim
2226 2697 2306 2748 sic
2327 2694 2395 2748 ab
2422 2694 2694 2762 omnibus,
2726 2697 2791 2748 ut
2831 2694 3146 2767 loquamur
3175 2714 3307 2755 cum
3367 2703 3701 2775 Augustino

270 2787 467 2860 (epist.
497 2787 588 2852 57,
621 2799 787 2838 num.
818 2782 931 2851 51),
955 2780 1265 2852 jejunatur,
1297 2787 1360 2835 ut
1380 2781 1552 2836 etiam
1582 2782 1672 2836 illi
1699 2780 1921 2836 sabbati
1938 2780 2222 2852 jejunium
2260 2782 2604 2838 devotissime
2648 2784 2939 2850 celebrent,
2987 2787 3086 2856 qui
3128 2790 3342 2845 caeteris
3382 2806 3482 2862 per
3525 2796 3701 2849 totum

270 2891 487 2931 annum
515 2871 768 2929 Sabbatis
796 2869 1089 2943 prandent.
1122 2868 1258 2932 Quae
1289 2884 1425 2923 cum
1456 2867 1542 2924 ita
1572 2869 1716 2936 sint,
1749 2867 2217 2927 Mcdiolanenses
2247 2874 2478 2926 tantum
2508 2888 2641 2926 xxxx
2671 2872 2795 2927 dies
2820 2872 3197 2943 jejunabant,
3231 2893 3367 2933 cum
3391 2879 3692 2951 jejunium

270 2981 454 3033 suum
487 2979 601 3018 non
637 2960 753 3016 nisi
782 2959 926 3014 feria
955 2956 1216 3012 secunda
1236 2960 1369 3027 post
1394 2956 1646 3028 primam
1676 2957 2046 3013 Dominicam
2079 2958 2138 3014 in
2169 2958 2628 3031 Quadragesima
2659 2959 3084 3019 exordirentur.
3146 2964 3347 3037 Neque
3404 2968 3560 3025 enim
3612 2974 3702 3027 est

268 3052 432 3128 quod
465 3068 573 3108 vox
602 3046 1077 3120 Quadragesimae
1105 3060 1462 3117 quemquam
1497 3051 1743 3115 moveat,
1777 3046 2073 3117 siquidem
2099 3047 2157 3103 in
2185 3047 2316 3104 aliis
2348 3064 2581 3121 quoque
2611 3049 2905 3117 Ecclesiis,
2938 3050 3041 3106 ubi
3069 3054 3301 3125 jejunia
3357 3073 3476 3113 non
3510 3063 3706 3115 matu-

264 3143 399 3198 rius
429 3139 811 3212 incipiebant,
844 3152 959 3191 non
987 3133 1242 3206 amplius
1289 3151 1457 3190 xxxvr
1505 3134 1713 3191 diebus
1739 3135 2161 3207 jejunabatur;
2194 3153 2344 3208 quos,
2383 3140 2448 3191 ut
2495 3136 2577 3191 ait
2624 3137 2939 3210 Gregorius
2988 3140 3238 3214 Magnus
3268 3143 3450 3214 (hom.
3505 3148 3571 3202 16
3629 3150 3691 3204 in

271 3232 520 3300 Evang.)
550 3233 607 3283 et
640 3230 771 3300 post
819 3241 953 3281 eum
987 3222 1086 3278 alii
1116 3222 1310 3289 multi,
1342 3226 1504 3295 quasi
1533 3228 1670 3280 anni
1689 3226 1864 3280 nostri
1893 3222 2139 3280 decimas
2187 3228 2292 3282 Deo
2332 3224 2545 3281 domus.
2597 3226 2748 3292 Quin
2806 3227 2985 3284 etiam
3020 3233 3239 3288 recenti
3298 3235 3584 3293 memoria
3632 3238 3694 3294 S.

268 3318 525 3377 Carolus
555 3316 616 3372 in
651 3315 842 3388 prima
872 3330 980 3369 sua
1010 3312 1231 3385 synodo
1262 3312 1467 3367 statuit
1495 3312 1603 3369 hoc
1631 3313 1929 3385 jejunium
1976 3330 2093 3369 non
2140 3315 2308 3387 prius
2358 3314 2757 3387 incipiendum
2806 3316 3142 3390 Mediolani,
3190 3321 3380 3395 iisque
3433 3324 3701 3383 dimcesis

266 3408 442 3464 illius
472 3404 764 3478 partibus,
798 3403 893 3458 ubi
922 3417 993 3457 ea:
1023 3401 1091 3455 ι).
1130 3401 1409 3455 Ambrosii
1445 3402 1693 3456 instituto
1715 3402 1907 3456 divina
1943 3400 2127 3470 ofﬁcia
2164 3403 2535 3459 celebrantur.

346 3496 470 3552 Hoc
500 3495 561 3549 in
592 3508 765 3565 opere
798 3488 944 3546 nihil
976 3488 1263 3545 contineri
1322 3492 1531 3559 praeter
1559 3505 1858 3545 sermones
1889 3505 2038 3560 quos
2069 3491 2417 3546 Ambrosius
2448 3493 2521 3547 ad
2575 3493 2811 3563 plebem
2854 3512 3046 3565 suam,
3092 3501 3305 3571 partim
3354 3519 3384 3558 e
3437 3506 3706 3562 catechu-

260 3583 496 3650 menis,
523 3581 738 3655 partim
769 3595 801 3634 e
829 3577 1142 3651 baptizatis
1173 3578 1560 3649 compositam
1591 3577 1821 3645 habuit,
1853 3582 2015 3633 extra
2045 3580 2501 3635 controversiam
2539 3584 2646 3636 est.
2682 3581 2951 3638 Dubitari
2996 3592 3193 3643 autem
3253 3595 3447 3662 potest
3498 3593 3707 3651 illosne

258 3675 520 3731 ineunte
549 3688 623 3727 an
656 3672 903 3725 exeunte
934 3665 1394 3739 Quadragesima
1421 3665 1710 3722 habuerit.
1744 3666 2050 3721 Enimvero
2082 3668 2239 3737 quod
2270 3667 2446 3722 dicit:
2479 3669 2544 3722 Et
2574 3675 2635 3723 tu
2664 3668 2862 3725 dedisti
2912 3687 3115 3729 nomen
3162 3681 3320 3733 tuum
3356 3681 3428 3735 ad
3474 3699 3705 3752 agonem

257 3761 506 3824 Christi,
538 3757 915 3829 subscripsisti
942 3755 1013 3811 ad
1040 3755 1486 3826 competitionem
1503 3769 1721 3811 coronae
1751 3754 1900 3826 (cap.
1935 3754 2024 3819 21,
2059 3770 2223 3809 num.
2256 3755 2347 3825 79)
2375 3772 2387 3821 ;
2439 3754 2497 3809 id
2543 3755 2783 3827 quidem
2844 3756 3178 3830 signiﬁcare
3235 3761 3465 3821 videlur
3526 3772 3706 3828 verba

256 3849 410 3909 δοιοί
438 3848 511 3904 ad
545 3848 956 3919 Competentes
987 3843 1089 3915 qui
1112 3843 1239 3913 jam
1270 3843 1345 3899 ad
1376 3843 1691 3915 baptisma,
1716 3843 1787 3898 ad
1810 3842 1963 3914 quod
1991 3859 2106 3898 non
2140 3841 2253 3898 nisi
2283 3843 2393 3898 sub
2423 3842 2645 3898 exitum
2676 3845 3148 3918 Quadragesimaa
3208 3851 3704 3923 inscribebantur,

258 3954 500 3997 nomen
525 3936 847 3992 dedissent.
880 3936 955 3988 At
988 3949 1017 3987 e
1046 3933 1338 3988 contrario
1368 3933 1599 3989 eosdem
1633 3946 1932 3988 sermones
1966 3934 2098 3987 ante
2127 3930 2343 3987 initum
2370 3948 2602 3987 sacrum
2656 3933 2767 3990 hoc
2810 3939 3046 4008 tempus
3107 3941 3517 4011 pronuntiatos
3573 3964 3701 4004 esse

256 4028 548 4102 apertius
614 4027 911 4080 testantur
978 4020 1083 4076 illa
1129 4020 1303 4093 primi
1346 4021 1555 4093 capitis
1609 4021 1821 4076 verba:
1888 4018 2164 4075 Canamus
2204 4020 2337 4075 tuba
2387 4024 2653 4093 tanquam
2706 4024 2767 4078 in
2816 4025 3084 4094 praelium
3134 4029 3561 4100 progredientes.
3614 4077 3626 4090 .
3689 4077 3703 4091 .

252 4118 558 4173 certamen
582 4114 836 4169 imminet
870 4153 882 4166 .
919 4152 934 4165 .
970 4153 983 4167 .
1015 4112 1292 4165 certamen
1320 4114 1568 4166 nostrum
1588 4110 1870 4181 jejunium
1889 4116 1965 4164 est
1995 4109 2183 4180 (num.
2222 4109 2294 4180 1).
2330 4110 2481 4165 Tum
2513 4114 2792 4182 prseterea
2821 4113 3035 4170 Christi
3088 4117 3420 4190 exemplum
3474 4119 3696 4179 ibidem

250 4203 669 4279 propositum,
695 4200 929 4272 aliaque
961 4200 1346 4271 sequentibus
1388 4198 1680 4272 capitibus
1740 4199 2002 4269 subjecta
2034 4198 2182 4254 satis
2222 4199 2575 4255 conﬁrmant
2613 4201 2674 4256 id
2706 4206 2911 4258 sancto
2941 4204 3178 4276 praesuli
3211 4207 3439 4264 consilii
3502 4212 3704 4281 fuisse,

248 4292 485 4351 ﬁdeles
513 4292 585 4348 ad
639 4288 1084 4362 suscipiendum
1136 4287 1283 4345 illud
1331 4289 1629 4359 jejunium
1661 4302 2009 4359 prmparare.
2047 4288 2208 4353 Quod
2243 4288 2423 4359 igitur
2481 4289 2551 4344 de
2612 4290 3045 4363 subscriptione
3102 4295 3173 4350 ad
3229 4299 3703 4367 competitionem

248 4397 508 4441 coronae
557 4379 796 4447 dicitur,
849 4378 906 4432 id
948 4375 1225 4449 explicari
1245 4381 1435 4449 potest
1462 4377 1533 4431 de
1578 4376 1855 4432 omnibus
1902 4376 1962 4431 in
2021 4376 2361 4432 universum
2424 4376 2793 4446 Christianis,
2846 4379 3061 4451 quibus
3108 4383 3236 4453 jam
3290 4384 3423 4440 inde
3476 4406 3507 4442 a
3566 4389 3700 4446 libri

240 4469 517 4529 exordio
546 4468 851 4525 victoriam
886 4471 1061 4539 atque
1099 4470 1386 4538 tropaeum
1417 4469 1541 4521 erat
1571 4463 1884 4536 pollicitus.
1941 4465 2052 4521 Sed
2108 4465 2252 4520 forte
2310 4464 2506 4520 licebit
2561 4464 2739 4521 etiam
2799 4470 3111 4541 utramque
3161 4472 3498 4544 opinionem
3558 4494 3696 4535 con-

244 4560 501 4623 ciliare,
542 4557 592 4614 si
634 4573 783 4629 opus
826 4554 972 4610 illud
1021 4554 1214 4610 tribus
1255 4552 1634 4610 concionibus
1671 4557 1937 4608 constare
1998 4553 2341 4621 dixerimus,
2393 4570 2423 4609 e
2473 4553 2690 4625 quibus
2734 4555 3158 4635 Basiliaqaram
3208 4561 3396 4619 inerar
3466 4566 3699 4624 diverso

242 4655 543 4719 tempore
572 4645 792 4702 habitis
831 4642 1178 4700 Ambrosius
1217 4647 1421 4716 postea
1474 4641 1692 4697 librum
1752 4641 2088 4697 confecerit:
2145 4642 2296 4714 quod
2349 4658 2483 4697 eum
2542 4642 2720 4699 etiam
2774 4642 2915 4701 alibi
2968 4662 3084 4702 non
3143 4650 3325 4705 semel
3402 4653 3706 4711 factitasse

236 4735 626 4795 videbimus.
2856 4781 2880 4804 ‘
3705 4786 3708 4789 Δ

330 4824 565 4880 Verum
625 4821 810 4879 multo
859 4821 1099 4892 majoris
1149 4820 1511 4878 difﬁcultatis
1560 4836 1654 4877 res
1693 4824 1782 4876 est
1820 4823 2078 4877 statuere
2126 4825 2305 4893 quoto
2348 4837 2504 4877 anno
2544 4822 2761 4878 eaedem
2810 4822 2924 4879 illis
2970 4825 3278 4883 conciones
3337 4828 3703 4901 assignanda:

232 4916 437 4981 sint;
491 4916 546 4967 et
574 4916 639 4967 ut
667 4911 980 4983 loquamur
1028 4910 1299 4983 ingenue,
1358 4910 1452 4965 vix
1498 4910 1823 4983 quidquam
1855 4909 1995 4966 certi
2048 4910 2203 4982 quod
2238 4910 2309 4965 ad
2368 4909 2520 4966 hanc
2560 4912 2957 4985 cognitionem
3011 4917 3322 4982 conducat,
3357 4932 3387 4970 e
3441 4915 3698 4974 lectione

229 5004 457 5062 istius
486 5000 619 5056 libri
649 5001 776 5057 erui
834 5003 1043 5072 potest.
1077 5000 1472 5057 Nihilominus
1525 5004 1723 5057 tamen
1781 5001 1831 5056 si
1889 4999 2030 5072 quid
2088 4998 2287 5071 petitis
2345 5016 2413 5055 ex
2469 5001 2598 5072 ipso
2658 5002 3010 5073 conjecturis
3067 5004 3247 5059 ﬁdere
3305 5005 3699 5075 permittatur,

231 5091 692 5166 cognoscimus
714 5090 841 5160 jam
874 5094 993 5146 tam
1023 5088 1207 5146 libros
1237 5088 1524 5161 plurimos
1555 5094 1635 5145 De
1658 5091 1800 5147 Elia?
1852 5091 2023 5159 gestis
2053 5088 2365 5162 scripsisse
2412 5090 2789 5147 Ambrosium
2851 5092 2999 5163 (cap.
3058 5093 3113 5159 3,
3172 5107 3336 5147 num.
3369 5092 3424 5161 5)
3454 5109 3467 5148 :
3500 5096 3698 5166 proin-

226 5185 469 5253 deque
496 5179 692 5252 ipsum
722 5181 863 5234 tunc
892 5178 1171 5250 temporis
1200 5194 1317 5234 non
1372 5194 1591 5251 paucos
1648 5179 1708 5233 in
1764 5178 2103 5251 episcopatu
2156 5194 2340 5235 annos
2381 5180 2676 5252 peregisse
2722 5196 2960 5236 necesse
2990 5183 3099 5235 est.
3134 5181 3450 5254 Quousque
3494 5189 3693 5241 autem

220 5268 639 5347 producendi
671 5268 809 5325 anni
841 5267 925 5322 illi
979 5267 1117 5334 sint,
1169 5285 1284 5324 non
1323 5266 1570 5322 aliunde
1631 5265 1843 5323 melius
1898 5267 2167 5339 colligere
2224 5283 2396 5339 posse
2453 5268 2627 5324 nobis
2683 5268 2977 5334 videmur,
3038 5285 3216 5339 quam
3273 5285 3344 5325 ex
3402 5272 3700 5335 mentione

216 5357 641 5437 psalmorum
672 5361 845 5429 atque
876 5356 1248 5430 hymnorum,
1282 5372 1533 5428 quorum
1589 5360 1827 5411 cantum
1883 5357 1955 5412 ab
2011 5355 2138 5429 ipso
2195 5373 2297 5429 per
2349 5357 2596 5413 Justinae
2658 5356 3151 5428 persecutionem,
3211 5356 3322 5414 hoc
3372 5366 3485 5431 est,
3544 5379 3699 5420 anno

214 5446 400 5516 386,
434 5447 494 5502 in
524 5446 940 5503 Mediolanensi
974 5445 1225 5503 Ecclesia
1254 5445 1593 5503 institutum
1648 5448 1879 5502 constat
1918 5448 2068 5519 (cap.
2127 5445 2216 5513 15,
2276 5462 2439 5501 num.
2498 5446 2612 5509 55).
2674 5445 2880 5516 Itaque
2945 5446 3271 5503 dicendum
3328 5454 3483 5509 esset
3539 5449 3699 5509 hunc

207 5540 495 5597 librum
526 5535 805 5608 scriptum
840 5551 955 5591 non
997 5535 1179 5591 fuisse
1211 5539 1345 5590 ante
1400 5533 1654 5590 reditum
1711 5533 2107 5591 Valentiniani
2166 5533 2415 5605 iunioris
2473 5532 2889 5600 Mediolanum,
2950 5550 3131 5606 quam
3190 5535 3252 5592 in
3312 5538 3515 5595 urdem
3579 5557 3698 5597 una

207 5641 408 5685 cum
439 5622 765 5679 Theodosio
794 5627 927 5695 post
956 5622 1313 5679 exstinctum
1346 5620 1668 5677 Maximum
1697 5624 2035 5695 tyrannum,
2066 5623 2126 5678 id
2157 5626 2270 5690 est,
2302 5636 2455 5676 anno
2483 5620 2609 5689 389,
2644 5636 2910 5678 reversus
2941 5627 3051 5680 cst.
3120 5624 3234 5681 Nec
3289 5624 3405 5682 alia
3448 5626 3594 5683 forte
3625 5627 3696 5684 de

204 5700 451 5777 cauea
480 5712 819 5777 referuntur
841 5710 1128 5769 militares
1158 5710 1262 5772 viri
1295 5710 1420 5769 suis
1473 5711 1532 5766 in
1563 5711 2075 5785 propinationibus
2130 5710 2397 5784 dictitare
2431 5727 2444 5766 :
2480 5710 2612 5783 Opto
2661 5710 2897 5769 salutem
2955 5715 3358 5788 imperatorum
3405 5716 3557 5790 (cap.
3593 5716 3686 5775 17,

206 5819 441 5866 num.
482 5801 593 5875 62).
