4104 6156
500 233 613 297 731
694 302 697 305 λ
1871 193 1877 199 ’
1951 238 2013 302 s.
2068 236 2137 300 Al

2246 235 2440 304 ROSII
3730 248 3823 312 732

574 372 764 430 Unum
797 374 885 426 est
915 370 1068 442 quod
1103 367 1272 427 nobis
1302 384 1593 427 remoram
1625 368 1814 442 possit
1842 370 2104 444 injicere,
2137 371 2363 429 scilicet
2389 368 2788 428 conviviorum
2817 381 2946 444 qua
2976 366 3293 429 Christiani
3322 368 3459 428 olim
3504 386 3660 449 super
3705 395 3826 437 mar-

498 465 692 534 tyrum
741 458 1028 530 sepulcris
1083 458 1478 527 celebrabant,
1502 459 1882 517 factamentio
1905 462 2054 533 (cap.
2089 462 2175 526 47,
2213 477 2376 516 num.
2409 461 2523 531 62).
2557 460 2783 516 Etenim
2805 476 2874 517 ea
2894 460 3258 519 consuetudo
3285 465 3417 518 ante
3433 469 3829 527 annumanobis

494 550 869 624 designatum
884 548 1114 605 videtur
1137 549 1331 605 studio
1352 549 1538 605 sancti
1570 548 1865 605 Antistitis
1882 550 2062 605 fuisse
2092 549 2421 622 antiquata;
2437 548 2912 622 quandoquidem
2932 550 3003 605 ab
3023 551 3346 623 Augustino
3371 552 3628 609 traditum
3645 561 3719 611 est
3734 557 3830 616 ’lib.

492 657 548 697 vI
578 642 805 712 confess.
840 657 968 713 cap.
999 643 1053 707 2,
1087 655 1251 694 num.
1283 639 1339 711 2)
1372 639 1600 693 beatam
1634 638 1944 707 Monicam,
1978 656 2113 694 cum
2145 638 2540 694 Mediolanum
2592 655 2747 694 anno
2776 639 2884 694 384
2911 638 3192 704 venisset,
3255 640 3513 696 sobrium
3567 648 3827 716 prandium

496 747 658 787 more
687 747 795 785 suo
826 747 1002 800 super
1030 745 1228 785 saeros
1258 727 1521 783 tumulos
1551 728 1698 783 ferre
1727 727 2002 794 voluisse,
2033 733 2093 784 at
2122 728 2305 784 fuisse
2352 745 2481 784 eam
2514 728 2587 783 ab
2631 728 2871 784 ostiario
2902 744 3079 800 quem
3133 728 3349 784 idcirco
3382 730 3457 784 ibi
3512 735 3833 793 constituerat

495 820 861 883 Ambrosius,
895 818 1268 891 prohibitum.
1302 816 1464 873 Unde
1493 817 1812 873 admodum
1843 816 2163 873 verisimile
2223 821 2313 874 est
2342 816 2827 873 consuetudinem
2860 817 3011 873 hanc
3042 817 3113 872 ad
3145 834 3325 890 quam
3357 818 3680 878 abolendam
3720 830 3833 883 tanti

492 911 746 986 episcopi
778 926 918 965 cura
944 908 1241 981 vigilabat,
1275 923 1389 961 non
1421 907 1521 961 diu
1552 911 1684 979 post
1712 906 1813 962 illa
1842 907 2116 979 viguisse.
2150 908 2238 962 Ad
2269 907 2389 962 haec
2419 906 2704 962 discimus
2733 923 2801 963 ex
2830 907 3063 964 duabus
3092 908 3596 982 sanctiAugustini
3620 913 3835 985 epistolis

494 1001 687 1072 (epist.
720 1001 812 1065 22,
845 1014 1009 1052 num.
1045 998 1097 1059 4,
1130 1000 1185 1049 et
1213 995 1385 1067 epist.
1419 996 1508 1071 29,
1542 1012 1705 1050 num.
1744 997 1852 1065 10),
1886 1012 2139 1068 quarum
2171 996 2354 1051 altera
2382 995 2441 1051 in
2485 995 2693 1051 ultima
2720 996 2976 1053 editione
3005 995 3264 1069 primum
3296 998 3353 1052 in
3413 996 3594 1054 lucem
3646 1004 3832 1073 prodiit.

493 1106 666 1159 usum
697 1087 864 1143 illum
896 1092 997 1141 aut
1023 1086 1219 1143 verius
1270 1084 1518 1140 abusum
1554 1101 1705 1139 anno
1762 1085 1995 1140 circiter
2023 1086 2121 1139 391
2156 1085 2459 1159 viiglantia
2487 1086 2777 1141 bonorum
2835 1086 3268 1159 episcoporum,
3326 1086 3476 1143 inter
3530 1106 3665 1162 quos
3713 1092 3837 1149 haud

493 1178 671 1233 dubie
701 1194 815 1232 non
850 1181 1140 1246 postremo
1171 1174 1293 1229 loco
1330 1174 1727 1228 numerandus
1757 1179 1845 1229 est
1874 1174 2241 1244 Ambrosius,
2274 1191 2378 1247 per
2405 1174 2739 1231 universam
2783 1175 2965 1230 ferme
3023 1174 3248 1231 Italiam
3307 1175 3561 1233 excisum
3615 1180 3837 1253 proﬂiga-

493 1278 737 1338 tumque
769 1266 970 1321 fuisse.
1003 1264 1418 1319 Verumtamen
1453 1262 1572 1316 haec
1603 1262 1861 1335 opinioni
1895 1268 2105 1319 nostra;
2136 1281 2346 1336 parum
2376 1264 2682 1332 officiunt;
2724 1264 2774 1320 si
2803 1264 2964 1320 enim
3021 1265 3239 1337 quibus
3293 1265 3485 1321 verbis
3542 1268 3841 1325 Ambrosius

491 1361 709 1418 utatur.
743 1355 1203 1422 consideremus,
1236 1351 1395 1405 nullo
1426 1352 1656 1424 negotio
1688 1352 2193 1423 deprehendemus
2223 1351 2390 1407 illum
2423 1370 2540 1407 non
2569 1368 2638 1407 ea
2664 1352 3033 1407 vehementia
3062 1352 3273 1419 dicere,
3304 1370 3423 1424 qua
3451 1359 3640 1410 contra
3672 1357 3839 1413 vitium

489 1462 746 1517 praesens
776 1463 844 1502 ac
874 1446 1076 1516 vigens
1106 1443 1486 1514 disputasset,
1514 1457 1704 1513 neque
1734 1440 1847 1497 sibi
1879 1445 2343 1512 temperaturum
2377 1441 2577 1508 fuisse,
2613 1446 2679 1497 ut
2708 1441 2854 1497 dum
2885 1440 3001 1497 alia
3030 1440 3491 1514 intemperantia
3534 1460 3727 1517 genera
3750 1450 3843 1503 tam

489 1534 702 1589 acriter
731 1530 1081 1595 debellabat.
1113 1530 1257 1585 illud
1292 1547 1475 1585 unum
1506 1534 1625 1585 tam
1657 1529 1765 1585 levi
1799 1529 2036 1585 brachio
2067 1535 2448 1602 oppugnaret.
2484 1530 2845 1602 QuaprOpter
2876 1546 2912 1586 a
2942 1530 3053 1586 ﬁde
3084 1530 3427 1603 neutiquam
3485 1532 3766 1590 abhorreat
3807 1536 3844 1591 si

489 1622 812 1678 dixerimus
843 1624 1109 1675 sanctum
1143 1618 1449 1691 praesulem
1484 1619 1670 1674 obiter
1708 1618 1820 1674 ista
1851 1618 2285 1690 perstrinxisse,
2312 1619 2467 1690 quod
2499 1617 2862 1690 imprudenti
2892 1618 3013 1676 zelo
3071 1619 3279 1691 privati
3312 1620 3577 1693 quipiam
3625 1624 3846 1679 convivia

487 1710 830 1779 huiusmodi
862 1711 1298 1780 frequentarent
1330 1725 1342 1762 :
1377 1711 1478 1762 aut
1511 1707 1653 1762 forte
1683 1707 1879 1777 ipsum
1912 1706 2169 1764 indicare
2195 1706 2451 1763 voluisse
2480 1708 2804 1763 Romanam
2837 1707 3172 1775 Ecclesiam,
3198 1708 3518 1765 ubieadem
3539 1714 3848 1768 consuetudo

489 1800 836 1863 etiamnum,
870 1803 935 1854 ut
965 1796 1331 1852 memorabili
1361 1796 1698 1851 Pammachi
1729 1796 1993 1867 exemplo
2023 1797 2482 1863 demonstratur,
2516 1796 2634 1851 vim
2666 1796 2989 1852 obtinebat.

564 1888 645 1942 Ad
681 1891 1003 1943 extremum
1036 1885 1132 1940 hic
1164 1884 1296 1940 addi
1367 1889 1557 1956 potest
1585 1884 1677 1939 vix
1708 1883 1894 1939 ullum
1928 1900 1996 1939 ex
2025 1884 2433 1941 Ambrosianis
2463 1885 2741 1957 operibus
2770 1886 2830 1941 in
2861 1885 3217 1943 editionibus
3263 1886 3374 1943 hoc
3432 1891 3671 1944 tractatu
3700 1890 3851 1962 magis

487 1977 866 2048 depravatum
898 1979 1161 2030 exstare:
1195 1973 1295 2029 sed
1328 1989 1461 2028 eum
1520 1989 1554 2027 a
1582 1973 1753 2028 nobis
1784 1988 1998 2045 magna
2028 1989 2169 2029 cura
2225 1974 2296 2029 ad
2329 1991 2474 2030 mss.
2532 1973 2783 2030 codices.
2826 1974 2991 2030 bonas
3076 1979 3248 2042 notae,
3270 1979 3452 2048 atque
3478 1976 3750 2050 imprimis
3795 1977 3850 2032 ad

486 2064 879 2121 Colbertinum
913 2064 1014 2136 qui
1046 2067 1180 2118 ante
1210 2061 1370 2118 mille
1400 2078 1586 2118 annos
1613 2062 1846 2117 videtur
1901 2065 2194 2129 exaratus,
2227 2067 2497 2119 exactum
2555 2063 3027 2136 castigatumque
3086 2063 3285 2121 fuisse.

1136 2484 1966 2646 SANCTI
2155 2488 3252 2649 AMBROSII

1744 2761 2378 2824 MEDIOLANENSIS
2421 2764 2780 2826 EPISCOPI

1329 2953 1534 3079 DE
1624 2953 1995 3080 ELIA
2061 2914 2292 3081 ‘ET
2376 2951 3050 3089 JEJUNIO

1904 3204 2192 3279 LIBER
2228 3204 2301 3268 (¹)
2354 3206 2599 3280 UNUS

838 3571 1139 3630 ειη-υ
1186 3569 1421 3627 CAPUT
1459 3568 1767 3626 PRIMUM.

483 3686 636 3741 Sicut
673 3682 806 3738 olim
833 3687 1034 3753 patres,
1093 3676 1731 3753 cum__progrederentur
1782 3675 1853 3731 ad
1876 3676 2131 3753 bellum,

552 3763 714 3827 atque
744 3756 803 3827 in
833 3748 1173 3827 neomeniis
1211 3748 1536 3827 diebusque”
1566 3748 1778 3827 latitia:
1803 3748 1933 3827 tuba
1970 3748 2133 3827 cane?

552 3820 699 3892 baht,
741 3826 819 3880 ita
849 3828 899 3879 et
929 3823 1084 3877 nobis
1114 3821 1304 3876 diebus
1327 3821 1536 3893 jejunii
1587 3820 1942 3893 paschalique
1998 3822 2134 3891 festo

551 3894 1119 3970 appropinquantibus
1146 3893 1279 3947 tuba
1307 3892 1632 3947 canendum.

552 4022 604 4078 4.
641 4020 909 4077 Divinum
943 4018 1015 4073 ad
1059 4020 1256 4089 patres
1312 4014 1618 4071 resultavit
1692 4015 2018 4083 oraculum,
2069 4022 2137 4073 ut

481 4128 612 4168 cum
646 4108 1062 4183 egrederentur
1091 4106 1160 4161 ad
1196 4103 1437 4169 bellum,
1469 4105 1613 4159 tuba
1642 4109 1919 4161 canerent
1947 4106 2132 4173 (Num.

479 4220 535 4269 x,
577 4201 653 4272 9),
688 4199 858 4270 cujus
890 4197 1085 4252 sonitu
1120 4193 1399 4251 Dominus
1428 4193 1901 4250 reminisceretur
1934 4195 2132 4267 populi

480 4288 594 4357 sui,
636 4303 750 4359 quo
781 4287 1027 4358 petitum
1061 4284 1351 4339 conferret
1387 4281 1672 4338 auxilium
1703 4281 1837 4354 plus
1868 4299 1993 4355 quae
2025 4284 2136 4339 mi-

480 4376 810 4433 sericordia;
851 4391 969 4430 suae
999 4372 1291 4429 incentiva
1323 4373 1810 4442 cognoscens(2);
1844 4377 1902 4427 et
1933 4370 1989 4426 in
2014 4371 2135 4428 die-

479 4466 592 4521 bus
639 4463 854 4519 lastitias
898 4478 1039 4525 suos,
1096 4462 1153 4516 in
1215 4460 1540 4515 neomeniis
1589 4459 1713 4515 suis
1764 4460 2139 4517 concinerent

480 4553 755 4609 tubarum
790 4567 956 4606 sono.
990 4550 1153 4605 Unde
1194 4554 1253 4604 et
1300 4548 1478 4604 David
1520 4548 1695 4616 dicit;
1759 4572 1785 4597 «
1820 4548 2020 4603 Canite
2076 4550 2137 4606 in

480 4641 647 4699 initio
680 4638 904 4695 mensis
930 4639 1074 4694 tuba
1102 4636 1161 4692 in
1193 4637 1288 4693 die
1317 4637 1606 4709 frequenti
1637 4637 1713 4709 (3)
1745 4636 2137 4694 solemnitatis

477 4729 875 4801 \estrae(P.sal.
912 4744 1078 4793 Lxxx,
1112 4728 1190 4799 4).
1234 4749 1261 4777 ››
1294 4724 1501 4782 Veniet
1559 4724 1739 4798 igitur
1797 4726 1967 4782 nobis
2014 4725 2139 4783 dies

478 4818 896 4883 solemnitatis,
930 4818 1135 4889 etjam
1166 4814 1616 4888 appropinquat.
1662 4816 1957 4871 Canamus
1998 4816 2141 4872 tuba

478 4915 760 4981 tanquam
794 4907 851 4962 in
881 4905 1142 4979 praelium
1178 4904 1630 4977 progredientes.
1652 4902 1945 4959 Canamus
1974 4906 2136 4973 tuba,

481 5004 545 5054 ut
568 5003 996 5054 annuntiemus
1036 4993 1427 5048 solemnitatis
1458 4992 1634 5058 diem,
1681 4992 1857 5048 simul
1892 4994 2062 5049 nobis
2091 4997 2149 5050 et

479 5091 772 5144 certamen
808 5084 1098 5151 imminet,
1132 5087 1190 5138 et
1216 5081 1454 5137 victoria
1478 5080 1921 5154 repromittitur.
1945 5082 2134 5139 Victo-

579 5255 632 5327 1)
664 5253 931 5327 $criptus
955 5254 1097 5310 forte
1128 5268 1280 5309 anno
1305 5252 1434 5327 390.

578 5322 638 5395 2)
669 5325 753 5380 Ita
784 5322 927 5381 mss.
970 5342 1174 5381 omnes
1206 5343 1219 5392 ;
1262 5323 1361 5379 ubi
1388 5327 1517 5396 post
1536 5324 1827 5390 incentiva,
1851 5322 2138 5396 subintel-

483 5394 807 5469 lig'e,sunt.
840 5400 893 5469 ΑΔ
916 5414 1060 5452 mss.
1103 5396 1213 5452 vel.
1275 5394 1417 5451 edit.
1468 5395 1576 5450 hoc
1633 5398 1864 5469 tantum
1923 5394 2139 5469 discre-

485 5465 648 5540 pant,
685 5468 837 5539 quod
882 5467 1129 5538 legunt..
1187 5469 1417 5538 plusque
1466 5465 1865 5523 misericordia:
1899 5482 2013 5540 sum
2052 5467 2140 5521 in-

482 5537 1099 5606 centiva‘wgnoscentes
1132 5542 1189 5594 in
1221 5537 1429 5605 uictus,
1462 5543 1575 5593 etc.
1618 5541 1834 5593 Verum
1888 5537 2141 5592 editores

487 5610 739 5682 Romani
772 5609 1127 5682 conjecturis
1158 5609 1281 5665 suis
1314 5610 1459 5682 forte
1480 5607 1722 5682 liberius
1746 5606 2140 5682 indulgentes,

490 5681 575 5733 sic
604 5678 799 5734 locum
848 5678 1161 5735 reformare
1212 5681 1403 5735 conati
1434 5685 1601 5737 sunt:
1666 5680 1808 5737 Tuba
1862 5678 2137 5751 caperent,

2162 3574 2218 3640 Α
2249 3570 2335 3627 ria
2363 3575 2564 3629 nostra
2594 3589 2736 3630 crux
2766 3573 2977 3630 Christi
3010 3579 3136 3643 est;
3173 3580 3467 3650 tropmum
3496 3582 3874 3646 nostrum,pa-

2244 3660 2386 3718 scha
2414 3666 2503 3718 est
2535 3661 2761 3718 Domini
2809 3663 2972 3721 Jesu.
3004 3663 3117 3721 Sed
3159 3664 3256 3720 ille
3285 3670 3427 3721 ante
3458 3671 3551 3723 est
3590 3664 3873 3739 praeliatus.

2243 3754 2310 3805 ut
2344 3750 2615 3817 vinceret,
2648 3768 2765 3807 non
2795 3754 2950 3825 quod
2997 3754 3124 3826 ipse
3169 3759 3369 3827 egeret
3419 3753 3757 3817 certamine,
3793 3748 3874 3805 sed

2246 3842 2311 3893 ut
2340 3839 2512 3894 nobis
2583 3840 2830 3897 formam
2890 3840 3147 3897 bellandi
3207 3848 3343 3898 ante
3378 3844 3791 3917 praescriberet,
3833 3842 3879 3892 et

2244 3931 2448 3998 postea
2480 3928 2644 3984 daret
2683 3929 2934 4002 gratiam
2967 3930 3410 4003 triumphandi.
3460 3933 3760 3989 Certamen
3796 3942 3880 3983 no-

2244 4017 2457 4083 strum,
2485 4015 2776 4088 jejunium
2808 4021 2913 4074 est.
2949 4018 3210 4090 Denique
3222 4020 3530 4092 jejunavit
3559 4018 3820 4081 Salvator,
3838 4018 3882 4068 et

2245 4102 2331 4160 sic
2361 4107 2613 4162 tentator
2644 4106 2716 4162 ad
2747 4123 2884 4163 eum
2915 4108 3182 4164 accessit.
3201 4109 3269 4163 Et
3298 4109 3575 4181 primum
3599 4107 3740 4183 gula
3758 4105 3881 4161 dire-

2244 4191 2329 4246 xit
2358 4192 2655 4264 spiculum
2684 4193 2924 4264 dicens;
2957 4218 2986 4246 «
3018 4196 3079 4251 Si
3110 4197 3292 4253 Filius
3326 4198 3433 4255 Dei
3471 4216 3560 4263 es,
3592 4199 3682 4253 dic
3735 4193 3881 4266 lapidi

2244 4280 2405 4349 huic,
2437 4286 2502 4338 ut
2532 4284 2701 4354 panis
2730 4284 2834 4341 ﬁat
2864 4286 3014 4357 (Luc.
3065 4302 3143 4352 1v,
3178 4287 3249 4358 3).
3289 4310 3317 4336 ››
3361 4287 3471 4343 Ille
3522 4287 3717 4344 cibum
3755 4280 3884 4337 velut

2245 4386 2440 4426 escam
2474 4370 2670 4444 laquei
2697 4372 3032 4445 praetendit,
3063 4379 3128 4430 ut
3157 4376 3241 4431 sic
3262 4375 3628 4449 illaquearet
3647 4376 3887 4447 appeten-

2245 4458 2391 4514 tiam
2425 4458 2818 4533 corporalem:
2853 4462 3138 4520 Dominus
3158 4464 3467 4536 jejunium
3532 4462 3793 4539 praetulit,
3836 4460 3886 4511 ut

2246 4547 2491 4620 laqueos
2522 4550 2860 4618 tantatoris,
2896 4555 2961 4607 ut
2988 4552 3221 4609 vincula
3249 4553 3632 4612 dissolveret.
3663 4551 3887 4620 Denique

2248 4635 2332 4692 sic
2361 4636 2543 4693 habes
2574 4636 2861 4710 scriptum
2891 4656 2905 4694 :
2942 4663 2968 4689 ‹‹
2992 4638 3120 4697 Non
3144 4641 3203 4697 in
3225 4642 3356 4698 solo
3380 4660 3541 4716 pane
3569 4642 3707 4699 vivit
3719 4640 3884 4697 homo.

2251 4724 2351 4780 sed
2388 4725 2447 4779 in
2473 4726 2633 4781 omni
2667 4726 2840 4783 verbo
2869 4727 2969 4785 Dei
3002 4729 3159 4800 (Ibid.
3202 4734 3274 4801 4).
3301 4754 3331 4781 ››
3370 4732 3483 4788 Illo
3510 4732 3718 4805 iaqueo
3732 4727 3885 4784 Adam

2246 4814 2438 4871 fuerat
2467 4814 2619 4872 536
2649 4816 3074 4889 strangulatus,
3107 4818 3216 4876 hac
3265 4820 3659 4877 absolutione
3712 4815 3883 4872 diabo-

2250 4902 2374 4957 lica
2409 4904 2749 4975 quaestionis
2780 4905 2975 4961 omnis
3005 4905 3179 4963 homo
3218 4915 3312 4963 est
3355 4908 3672 4966 liberatus.

2798 5023 2813 5032 τ
2909 4994 3146 5051 CAPUT
3186 4996 3254 5052 II.

2249 5080 2421 5148 Quam
2457 5098 2660 5153 magna
2683 5083 2856 5138 virtus
2893 5085 2968 5141 sit
2983 5084 3209 5157 jejunii,
3242 5102 3534 5159 quamque
3559 5087 3791 5160 speciosa
3835 5092 3886 5133 αι

2256 5252 2409 5324 quod
2445 5257 2587 5323 [oret
2621 5255 2867 5323 signum,
2911 5263 2973 5312 ut
3003 5258 3469 5314 reminisceretur
3521 5258 3771 5314 Dominus
3811 5262 3885 5324 po:

2248 5321 2375 5396 puli
2404 5321 2514 5392 sui,
2548 5334 2599 5381 et
2622 5321 2862 5398 petitum
2878 5329 3147 5398 conferret
3186 5330 3507 5392 auxilium,
3541 5321 3887 5398 imperil}!

2246 5391 2566 5468 provocare:
2589 5391 2825 5467 populus
2856 5391 3129 5454 incentiva
3157 5401 3587 5465 misericordia,
3637 5391 3693 5452 ii:
3728 5391 3888 5468 diebus

2251 5466 2629 5593 ικιέιίαεῶαιυ,
2662 5466 2724 5523 in
2750 5470 3079 5538 Neomcniis,
3105 5475 3155 5527 et
3198 5472 3362 5541 festis
3421 5473 3617 5529 diebus
3672 5466 3890 5525 concine-

2251 5555 2349 5593 ren
2378 5581 2392 5593 .
2433 5555 2465 5593 e
2531 5580 2543 5593 .

2433 5543 2632 5692 efﬁgit"
2690 5611 2753 5667 in
2782 5610 2870 5668 die
2896 5613 3192 5686 frequenti,
3225 5614 3447 5688 scripti
3499 5612 3652 5680 cod.,
3710 5610 3767 5666 in
3814 5602 3888 5660 die

2251 5698 2484 5751 insigni.
