  <div class='ocr_page' id='page_1' title='image "/cluster/home/n/w/nwhite01/storage/ocr_20150623/14/hvd.32044048207138/372.png"; bbox 0 0 4012 6192; ppageno 0'>
   <div class='ocr_carea' id='block_1_1' title="bbox 208 352 333 419">
    <p class='ocr_par' dir='ltr' id='par_1_1' title="bbox 208 352 333 419">
     <span class='ocr_line' id='line_1_1' title="bbox 208 352 333 419; baseline 0.024 -4"><span class='ocrx_word' id='word_1_1' title='bbox 208 352 333 419; x_wconf 85' lang='lat'>733</span> 
     </span>
    </p>
   </div>
   <div class='ocr_carea' id='block_1_2' title="bbox 1352 341 2483 413">
    <p class='ocr_par' dir='ltr' id='par_1_2' title="bbox 1352 341 2483 413">
     <span class='ocr_line' id='line_1_2' title="bbox 1352 341 2483 413; baseline -0.006 0"><span class='ocrx_word' id='word_1_2' title='bbox 1352 348 1582 413; x_wconf 79' lang='lat' dir='ltr'>LIBER</span> <span class='ocrx_word' id='word_1_3' title='bbox 1623 346 1725 410; x_wconf 91' lang='lat' dir='ltr'>DE</span> <span class='ocrx_word' id='word_1_4' title='bbox 1768 344 1947 408; x_wconf 82' lang='lat' dir='ltr'>ELIA</span> <span class='ocrx_word' id='word_1_5' title='bbox 1996 343 2098 408; x_wconf 88' lang='lat' dir='ltr'>ET</span> <span class='ocrx_word' id='word_1_6' title='bbox 2139 341 2483 409; x_wconf 73' lang='lat' dir='ltr'>JEJUNIO.</span> 
     </span>
    </p>
   </div>
   <div class='ocr_carea' id='block_1_3' title="bbox 3502 345 3619 405">
    <p class='ocr_par' dir='ltr' id='par_1_3' title="bbox 3502 345 3619 405">
     <span class='ocr_line' id='line_1_3' title="bbox 3502 345 3619 405; baseline 0 -1"><span class='ocrx_word' id='word_1_7' title='bbox 3502 345 3619 405; x_wconf 67' lang='lat'><strong>73-4</strong></span> 
     </span>
    </p>
   </div>
   <div class='ocr_carea' id='block_1_4' title="bbox 240 468 3619 561">
    <p class='ocr_par' dir='ltr' id='par_1_4' title="bbox 240 468 3619 561">
     <span class='ocr_line' id='line_1_4' title="bbox 240 468 3619 561; baseline -0.001 -17"><span class='ocrx_word' id='word_1_8' title='bbox 240 496 241 499; x_wconf 74' lang='lat'>‘</span> <span class='ocrx_word' id='word_1_9' title='bbox 285 468 475 545; x_wconf 78' lang='lat' dir='ltr'>valida</span> <span class='ocrx_word' id='word_1_10' title='bbox 501 486 619 561; x_wconf 82' lang='lat' dir='ltr'>ejus</span> <span class='ocrx_word' id='word_1_11' title='bbox 648 487 867 556; x_wconf 83' lang='lat' dir='ltr'>militia,</span> <span class='ocrx_word' id='word_1_12' title='bbox 902 468 1146 561; x_wconf 63' lang='lat' dir='ltr'>eaemplo</span> <span class='ocrx_word' id='word_1_13' title='bbox 1213 487 1419 544; x_wconf 76' lang='lat' dir='ltr'>Christi</span> <span class='ocrx_word' id='word_1_14' title='bbox 1471 496 1630 558; x_wconf 81' lang='lat' dir='ltr'>atque</span> <span class='ocrx_word' id='word_1_15' title='bbox 1684 485 1862 540; x_wconf 79' lang='lat' dir='ltr'>sancti</span> <span class='ocrx_word' id='word_1_16' title='bbox 1890 480 1945 546; x_wconf 80' lang='grc' dir='ltr'>Α</span> <span class='ocrx_word' id='word_1_17' title='bbox 1974 483 2217 540; x_wconf 85' lang='lat' dir='ltr'>humani</span> <span class='ocrx_word' id='word_1_18' title='bbox 2284 482 2563 557; x_wconf 86' lang='lat' dir='ltr'>corporis,</span> <span class='ocrx_word' id='word_1_19' title='bbox 2623 478 3085 555; x_wconf 90' lang='lat' dir='ltr'>incorruptibilis</span> <span class='ocrx_word' id='word_1_20' title='bbox 3130 479 3341 555; x_wconf 84' lang='lat' dir='ltr'>jejunii</span> <span class='ocrx_word' id='word_1_21' title='bbox 3405 481 3619 540; x_wconf 87' lang='lat' dir='ltr'>virtute</span> 
     </span>
    </p>
   </div>
   <div class='ocr_carea' id='block_1_5' title="bbox 288 561 855 633">
    <p class='ocr_par' dir='ltr' id='par_1_5' title="bbox 288 561 855 633">
     <span class='ocr_line' id='line_1_5' title="bbox 288 561 855 633; baseline -0.004 -17"><span class='ocrx_word' id='word_1_22' title='bbox 288 561 430 618; x_wconf 60' lang='lat' dir='ltr'>Elite</span> <span class='ocrx_word' id='word_1_23' title='bbox 456 561 855 633; x_wconf 76' lang='lat' dir='ltr'>comprobatur.</span> 
     </span>
    </p>
   </div>
   <div class='ocr_carea' id='block_1_6' title="bbox 284 668 1861 742">
    <p class='ocr_par' dir='ltr' id='par_1_6' title="bbox 284 668 1861 742">
     <span class='ocr_line' id='line_1_6' title="bbox 284 668 1861 742; baseline 0 -19"><span class='ocrx_word' id='word_1_24' title='bbox 284 672 340 723; x_wconf 92' lang='lat'>2.</span> <span class='ocrx_word' id='word_1_25' title='bbox 370 668 584 741; x_wconf 88' lang='lat' dir='ltr'>Magna</span> <span class='ocrx_word' id='word_1_26' title='bbox 610 668 796 723; x_wconf 88' lang='lat' dir='ltr'>virtus</span> <span class='ocrx_word' id='word_1_27' title='bbox 837 672 925 725; x_wconf 89' lang='lat' dir='ltr'>est</span> <span class='ocrx_word' id='word_1_28' title='bbox 973 669 1205 742; x_wconf 87' lang='lat' dir='ltr'>jejunii.</span> <span class='ocrx_word' id='word_1_29' title='bbox 1258 668 1518 741; x_wconf 91' lang='lat' dir='ltr'>Denique</span> <span class='ocrx_word' id='word_1_30' title='bbox 1562 671 1683 722; x_wconf 88' lang='lat' dir='ltr'>tam</span> <span class='ocrx_word' id='word_1_31' title='bbox 1728 683 1861 738; x_wconf 86' lang='lat' dir='ltr'>spc-</span> 
     </span>
    </p>
   </div>
   <div class='ocr_carea' id='block_1_7' title="bbox 214 757 1867 830">
    <p class='ocr_par' dir='ltr' id='par_1_7' title="bbox 214 757 1867 830">
     <span class='ocr_line' id='line_1_7' title="bbox 214 757 1867 830; baseline -0.001 -17"><span class='ocrx_word' id='word_1_32' title='bbox 214 758 377 813; x_wconf 89' lang='lat' dir='ltr'>ciosa</span> <span class='ocrx_word' id='word_1_33' title='bbox 406 758 535 829; x_wconf 86' lang='lat' dir='ltr'>ejus</span> <span class='ocrx_word' id='word_1_34' title='bbox 592 757 802 813; x_wconf 89' lang='lat' dir='ltr'>militia</span> <span class='ocrx_word' id='word_1_35' title='bbox 844 761 951 826; x_wconf 60' lang='lat' dir='ltr'>est,</span> <span class='ocrx_word' id='word_1_36' title='bbox 984 763 1049 813; x_wconf 91' lang='lat' dir='ltr'>ut</span> <span class='ocrx_word' id='word_1_37' title='bbox 1097 759 1368 830; x_wconf 69' lang='lat' dir='ltr'>jejunnre</span> <span class='ocrx_word' id='word_1_38' title='bbox 1434 757 1745 813; x_wconf 79' lang='lat' dir='ltr'>delectaret</span> <span class='ocrx_word' id='word_1_39' title='bbox 1810 762 1867 812; x_wconf 87' lang='lat' dir='ltr'>et</span> 
     </span>
    </p>
   </div>
   <div class='ocr_carea' id='block_1_8' title="bbox 213 844 1867 913">
    <p class='ocr_par' dir='ltr' id='par_1_8' title="bbox 213 844 1867 913">
     <span class='ocr_line' id='line_1_8' title="bbox 213 844 1867 913; baseline 0.001 -14"><span class='ocrx_word' id='word_1_40' title='bbox 213 844 550 900; x_wconf 87' lang='lat' dir='ltr'>Christum:</span> <span class='ocrx_word' id='word_1_41' title='bbox 580 847 701 900; x_wconf 86' lang='lat' dir='ltr'>tam</span> <span class='ocrx_word' id='word_1_42' title='bbox 731 845 940 913; x_wconf 87' lang='lat' dir='ltr'>valida,</span> <span class='ocrx_word' id='word_1_43' title='bbox 975 849 1038 901; x_wconf 92' lang='lat' dir='ltr'>ut</span> <span class='ocrx_word' id='word_1_44' title='bbox 1068 847 1139 902; x_wconf 92' lang='lat' dir='ltr'>ad</span> <span class='ocrx_word' id='word_1_45' title='bbox 1188 847 1395 902; x_wconf 82' lang='lat' dir='ltr'>ccnlum</span> <span class='ocrx_word' id='word_1_46' title='bbox 1435 846 1703 902; x_wconf 86' lang='lat' dir='ltr'>homines</span> <span class='ocrx_word' id='word_1_47' title='bbox 1756 845 1867 901; x_wconf 86' lang='lat' dir='ltr'>eri-</span> 
     </span>
    </p>
   </div>
   <div class='ocr_carea' id='block_1_9' title="bbox 215 933 1871 1008">
    <p class='ocr_par' dir='ltr' id='par_1_9' title="bbox 215 933 1871 1008">
     <span class='ocr_line' id='line_1_9' title="bbox 215 933 1871 1008; baseline -0.001 -19"><span class='ocrx_word' id='word_1_48' title='bbox 215 938 401 1007; x_wconf 81' lang='lat' dir='ltr'>geret.</span> <span class='ocrx_word' id='word_1_49' title='bbox 433 934 503 988; x_wconf 87' lang='lat' dir='ltr'>Et</span> <span class='ocrx_word' id='word_1_50' title='bbox 532 937 595 987; x_wconf 90' lang='lat' dir='ltr'>ut</span> <span class='ocrx_word' id='word_1_51' title='bbox 616 933 893 990; x_wconf 85' lang='lat' dir='ltr'>humanis</span> <span class='ocrx_word' id='word_1_52' title='bbox 926 935 1112 1008; x_wconf 87' lang='lat' dir='ltr'>magis</span> <span class='ocrx_word' id='word_1_53' title='bbox 1153 952 1325 1008; x_wconf 84' lang='lat' dir='ltr'>quem</span> <span class='ocrx_word' id='word_1_54' title='bbox 1375 936 1587 991; x_wconf 84' lang='lat' dir='ltr'>divinis</span> <span class='ocrx_word' id='word_1_55' title='bbox 1633 939 1871 991; x_wconf 82' lang='lat' dir='ltr'>utamur</span> 
     </span>
    </p>
   </div>
   <div class='ocr_carea' id='block_1_10' title="bbox 215 1022 1869 1095">
    <p class='ocr_par' dir='ltr' id='par_1_10' title="bbox 215 1022 1869 1095">
     <span class='ocr_line' id='line_1_10' title="bbox 215 1022 1869 1095; baseline -0.001 -17"><span class='ocrx_word' id='word_1_56' title='bbox 215 1022 529 1095; x_wconf 78' lang='lat' dir='ltr'>exemplis,</span> <span class='ocrx_word' id='word_1_57' title='bbox 564 1023 633 1078; x_wconf 89' lang='lat' dir='ltr'>de</span> <span class='ocrx_word' id='word_1_58' title='bbox 661 1023 795 1078; x_wconf 71' lang='lat' dir='ltr'>Elia:</span> <span class='ocrx_word' id='word_1_59' title='bbox 836 1025 1043 1094; x_wconf 86' lang='lat' dir='ltr'>jejuno</span> <span class='ocrx_word' id='word_1_60' title='bbox 1088 1042 1186 1081; x_wconf 89' lang='lat' dir='ltr'>ore</span> <span class='ocrx_word' id='word_1_61' title='bbox 1227 1043 1336 1081; x_wconf 88' lang='lat' dir='ltr'>vox</span> <span class='ocrx_word' id='word_1_62' title='bbox 1381 1025 1601 1081; x_wconf 89' lang='lat' dir='ltr'>emissa</span> <span class='ocrx_word' id='word_1_63' title='bbox 1656 1023 1869 1081; x_wconf 74' lang='lat' dir='ltr'>omium</span> 
     </span>
    </p>
   </div>
   <div class='ocr_carea' id='block_1_11' title="bbox 218 1111 1867 1186">
    <p class='ocr_par' dir='ltr' id='par_1_11' title="bbox 218 1111 1867 1186">
     <span class='ocr_line' id='line_1_11' title="bbox 218 1111 1867 1186; baseline 0 -18"><span class='ocrx_word' id='word_1_64' title='bbox 218 1112 435 1169; x_wconf 82' lang='lat' dir='ltr'>clausit</span> <span class='ocrx_word' id='word_1_65' title='bbox 464 1111 745 1185; x_wconf 85' lang='lat' dir='ltr'>sacrilego</span> <span class='ocrx_word' id='word_1_66' title='bbox 776 1113 990 1186; x_wconf 85' lang='lat' dir='ltr'>populo</span> <span class='ocrx_word' id='word_1_67' title='bbox 1023 1115 1358 1171; x_wconf 69' lang='lat' dir='ltr'>Judzeorum</span> <span class='ocrx_word' id='word_1_68' title='bbox 1402 1117 1515 1186; x_wconf 88' lang='grc' dir='ltr'>(ΙΙΙ</span> <span class='ocrx_word' id='word_1_69' title='bbox 1568 1117 1691 1185; x_wconf 81' lang='lat' dir='ltr'>Reg.</span> <span class='ocrx_word' id='word_1_70' title='bbox 1730 1129 1867 1177; x_wconf 83' lang='lat' dir='ltr'>xvn,</span> 
     </span>
    </p>
   </div>
   <div class='ocr_carea' id='block_1_12' title="bbox 225 1200 1871 1274">
    <p class='ocr_par' dir='ltr' id='par_1_12' title="bbox 225 1200 1871 1274">
     <span class='ocr_line' id='line_1_12' title="bbox 225 1200 1871 1274; baseline 0.001 -17"><span class='ocrx_word' id='word_1_71' title='bbox 225 1203 299 1274; x_wconf 90' lang='grc'>1).</span> <span class='ocrx_word' id='word_1_72' title='bbox 335 1200 556 1256; x_wconf 83' lang='lat' dir='ltr'>Etenim</span> <span class='ocrx_word' id='word_1_73' title='bbox 592 1218 723 1257; x_wconf 91' lang='lat' dir='ltr'>cum</span> <span class='ocrx_word' id='word_1_74' title='bbox 772 1220 805 1257; x_wconf 90' lang='lat' dir='ltr'>a</span> <span class='ocrx_word' id='word_1_75' title='bbox 853 1220 985 1274; x_wconf 79' lang='lat' dir='ltr'>rege</span> <span class='ocrx_word' id='word_1_76' title='bbox 1033 1204 1229 1260; x_wconf 86' lang='lat' dir='ltr'>Achab</span> <span class='ocrx_word' id='word_1_77' title='bbox 1279 1204 1460 1260; x_wconf 87' lang='lat' dir='ltr'>altare</span> <span class='ocrx_word' id='word_1_78' title='bbox 1507 1208 1663 1259; x_wconf 81' lang='lat' dir='ltr'>esset</span> <span class='ocrx_word' id='word_1_79' title='bbox 1716 1203 1871 1259; x_wconf 91' lang='lat' dir='ltr'>idolo</span> 
     </span>
    </p>
   </div>
   <div class='ocr_carea' id='block_1_13' title="bbox 220 1291 1874 1366">
    <p class='ocr_par' dir='ltr' id='par_1_13' title="bbox 220 1291 1874 1366">
     <span class='ocr_line' id='line_1_13' title="bbox 220 1291 1874 1366; baseline 0.001 -20"><span class='ocrx_word' id='word_1_80' title='bbox 220 1291 633 1357; x_wconf 89' lang='lat' dir='ltr'>constitutum,</span> <span class='ocrx_word' id='word_1_81' title='bbox 666 1292 735 1347; x_wconf 87' lang='lat' dir='ltr'>ad</span> <span class='ocrx_word' id='word_1_82' title='bbox 767 1292 1008 1348; x_wconf 83' lang='lat' dir='ltr'>verbum</span> <span class='ocrx_word' id='word_1_83' title='bbox 1041 1293 1333 1366; x_wconf 66' lang='lat' dir='ltr'>prophetae</span> <span class='ocrx_word' id='word_1_84' title='bbox 1365 1292 1555 1349; x_wconf 87' lang='lat' dir='ltr'>tribus</span> <span class='ocrx_word' id='word_1_85' title='bbox 1603 1293 1772 1348; x_wconf 91' lang='lat' dir='ltr'>annis</span> <span class='ocrx_word' id='word_1_86' title='bbox 1816 1298 1874 1349; x_wconf 88' lang='lat' dir='ltr'>et</span> 
     </span>
    </p>
   </div>
   <div class='ocr_carea' id='block_1_14' title="bbox 222 1380 1869 1455">
    <p class='ocr_par' dir='ltr' id='par_1_14' title="bbox 222 1380 1869 1455">
     <span class='ocr_line' id='line_1_14' title="bbox 222 1380 1869 1455; baseline 0.001 -20"><span class='ocrx_word' id='word_1_87' title='bbox 222 1396 327 1436; x_wconf 89' lang='lat' dir='ltr'>sex</span> <span class='ocrx_word' id='word_1_88' title='bbox 355 1380 657 1436; x_wconf 88' lang='lat' dir='ltr'>mensibus</span> <span class='ocrx_word' id='word_1_89' title='bbox 691 1397 785 1436; x_wconf 91' lang='lat' dir='ltr'>ros</span> <span class='ocrx_word' id='word_1_90' title='bbox 817 1381 1021 1453; x_wconf 70' lang='lat' dir='ltr'>pluvia:</span> <span class='ocrx_word' id='word_1_91' title='bbox 1055 1399 1169 1438; x_wconf 90' lang='lat' dir='ltr'>non</span> <span class='ocrx_word' id='word_1_92' title='bbox 1198 1383 1408 1438; x_wconf 82' lang='lat' dir='ltr'>cecidit</span> <span class='ocrx_word' id='word_1_93' title='bbox 1432 1399 1608 1455; x_wconf 83' lang='lat' dir='ltr'>super</span> <span class='ocrx_word' id='word_1_94' title='bbox 1634 1387 1869 1438; x_wconf 88' lang='lat' dir='ltr'>terram.</span> 
     </span>
    </p>
   </div>
   <div class='ocr_carea' id='block_1_15' title="bbox 220 1469 1873 1544">
    <p class='ocr_par' dir='ltr' id='par_1_15' title="bbox 220 1469 1873 1544">
     <span class='ocr_line' id='line_1_15' title="bbox 220 1469 1873 1544; baseline 0.001 -20"><span class='ocrx_word' id='word_1_95' title='bbox 220 1469 409 1541; x_wconf 84' lang='lat' dir='ltr'>Digna</span> <span class='ocrx_word' id='word_1_96' title='bbox 433 1486 603 1540; x_wconf 78' lang='lat' dir='ltr'>pcena</span> <span class='ocrx_word' id='word_1_97' title='bbox 634 1485 759 1541; x_wconf 66' lang='lat' dir='ltr'>quis</span> <span class='ocrx_word' id='word_1_98' title='bbox 793 1471 1305 1542; x_wconf 87' lang='lat' dir='ltr'>intemperantiam</span> <span class='ocrx_word' id='word_1_99' title='bbox 1351 1488 1606 1544; x_wconf 83' lang='lat' dir='ltr'>congrue</span> <span class='ocrx_word' id='word_1_100' title='bbox 1644 1489 1873 1527; x_wconf 87' lang='lat' dir='ltr'>coerce-</span> 
     </span>
    </p>
   </div>
   <div class='ocr_carea' id='block_1_16' title="bbox 223 1556 1873 1633">
    <p class='ocr_par' dir='ltr' id='par_1_16' title="bbox 223 1556 1873 1633">
     <span class='ocr_line' id='line_1_16' title="bbox 223 1556 1873 1633; baseline 0.001 -20"><span class='ocrx_word' id='word_1_101' title='bbox 223 1561 350 1625; x_wconf 90' lang='lat' dir='ltr'>ret;</span> <span class='ocrx_word' id='word_1_102' title='bbox 384 1562 448 1611; x_wconf 87' lang='lat' dir='ltr'>ut</span> <span class='ocrx_word' id='word_1_103' title='bbox 477 1556 686 1613; x_wconf 86' lang='lat' dir='ltr'>cceium</span> <span class='ocrx_word' id='word_1_104' title='bbox 716 1558 912 1631; x_wconf 88' lang='lat' dir='ltr'>impiis</span> <span class='ocrx_word' id='word_1_105' title='bbox 944 1560 1329 1627; x_wconf 83' lang='lat' dir='ltr'>clauderetur,</span> <span class='ocrx_word' id='word_1_106' title='bbox 1363 1561 1461 1633; x_wconf 86' lang='lat' dir='ltr'>qui</span> <span class='ocrx_word' id='word_1_107' title='bbox 1493 1566 1722 1618; x_wconf 89' lang='lat' dir='ltr'>terrena</span> <span class='ocrx_word' id='word_1_108' title='bbox 1750 1560 1873 1633; x_wconf 90' lang='lat' dir='ltr'>pol-</span> 
     </span>
    </p>
   </div>
   <div class='ocr_carea' id='block_1_17' title="bbox 222 1645 1874 1719">
    <p class='ocr_par' dir='ltr' id='par_1_17' title="bbox 222 1645 1874 1719">
     <span class='ocr_line' id='line_1_17' title="bbox 222 1645 1874 1719; baseline 0.002 -18"><span class='ocrx_word' id='word_1_109' title='bbox 222 1645 473 1701; x_wconf 88' lang='lat' dir='ltr'>luerant.</span> <span class='ocrx_word' id='word_1_110' title='bbox 529 1646 782 1719; x_wconf 89' lang='lat' dir='ltr'>Dignum</span> <span class='ocrx_word' id='word_1_111' title='bbox 834 1649 1034 1715; x_wconf 84' lang='lat' dir='ltr'>etiam,</span> <span class='ocrx_word' id='word_1_112' title='bbox 1081 1655 1146 1705; x_wconf 90' lang='lat' dir='ltr'>ut</span> <span class='ocrx_word' id='word_1_113' title='bbox 1200 1651 1270 1705; x_wconf 86' lang='lat' dir='ltr'>ad</span> <span class='ocrx_word' id='word_1_114' title='bbox 1328 1650 1874 1707; x_wconf 81' lang='lat' dir='ltr'>condemnationem</span> 
     </span>
    </p>
   </div>
   <div class='ocr_carea' id='block_1_18' title="bbox 223 1734 1873 1811">
    <p class='ocr_par' dir='ltr' id='par_1_18' title="bbox 223 1734 1873 1811">
     <span class='ocr_line' id='line_1_18' title="bbox 223 1734 1873 1811; baseline 0.001 -20"><span class='ocrx_word' id='word_1_115' title='bbox 223 1735 381 1807; x_wconf 88' lang='lat' dir='ltr'>regis</span> <span class='ocrx_word' id='word_1_116' title='bbox 412 1734 680 1808; x_wconf 86' lang='lat' dir='ltr'>sacrilegi</span> <span class='ocrx_word' id='word_1_117' title='bbox 723 1736 1005 1809; x_wconf 83' lang='lat' dir='ltr'>propheta</span> <span class='ocrx_word' id='word_1_118' title='bbox 1059 1738 1129 1793; x_wconf 87' lang='lat' dir='ltr'>ad</span> <span class='ocrx_word' id='word_1_119' title='bbox 1176 1740 1410 1794; x_wconf 90' lang='lat' dir='ltr'>viduam</span> <span class='ocrx_word' id='word_1_120' title='bbox 1464 1740 1519 1792; x_wconf 90' lang='lat' dir='ltr'>in</span> <span class='ocrx_word' id='word_1_121' title='bbox 1573 1740 1873 1811; x_wconf 85' lang='lat' dir='ltr'>Sareptam</span> 
     </span>
    </p>
   </div>
   <div class='ocr_carea' id='block_1_19' title="bbox 218 1824 1951 1916">
    <p class='ocr_par' dir='ltr' id='par_1_19' title="bbox 218 1824 1951 1916">
     <span class='ocr_line' id='line_1_19' title="bbox 218 1824 1951 1916; baseline 0.002 -37"><span class='ocrx_word' id='word_1_122' title='bbox 218 1824 475 1916; x_wconf 69' lang='lat' dir='ltr'>Sidoniae</span> <span class='ocrx_word' id='word_1_123' title='bbox 508 1824 860 1916; x_wconf 74' lang='lat' dir='ltr'>mitteretur,</span> <span class='ocrx_word' id='word_1_124' title='bbox 885 1843 1013 1916; x_wconf 64' lang='lat' dir='ltr'>quin</span> <span class='ocrx_word' id='word_1_125' title='bbox 1046 1827 1321 1899; x_wconf 80' lang='lat' dir='ltr'>quoniam</span> <span class='ocrx_word' id='word_1_126' title='bbox 1356 1828 1871 1907; x_wconf 87' lang='lat' dir='ltr'>devotionem_cibo</span> <span class='ocrx_word' id='word_1_127' title='bbox 1902 1849 1951 1916; x_wconf 80' lang='grc' dir='ltr'><strong>Β</strong></span> 
     </span>
    </p>
   </div>
   <div class='ocr_carea' id='block_1_20' title="bbox 220 1912 1875 1989">
    <p class='ocr_par' dir='ltr' id='par_1_20' title="bbox 220 1912 1875 1989">
     <span class='ocr_line' id='line_1_20' title="bbox 220 1912 1875 1989; baseline 0.004 -22"><span class='ocrx_word' id='word_1_128' title='bbox 220 1912 504 1984; x_wconf 70' lang='lat' dir='ltr'>prtetulit,</span> <span class='ocrx_word' id='word_1_129' title='bbox 529 1913 743 1969; x_wconf 83' lang='lat' dir='ltr'>meruit</span> <span class='ocrx_word' id='word_1_130' title='bbox 774 1918 838 1970; x_wconf 90' lang='lat' dir='ltr'>ut</span> <span class='ocrx_word' id='word_1_131' title='bbox 867 1915 1156 1972; x_wconf 85' lang='lat' dir='ltr'>ariditutis</span> <span class='ocrx_word' id='word_1_132' title='bbox 1185 1916 1428 1989; x_wconf 68' lang='lat' dir='ltr'>publicze</span> <span class='ocrx_word' id='word_1_133' title='bbox 1459 1917 1580 1972; x_wconf 86' lang='lat' dir='ltr'>sola</span> <span class='ocrx_word' id='word_1_134' title='bbox 1608 1934 1723 1973; x_wconf 91' lang='lat' dir='ltr'>non</span> <span class='ocrx_word' id='word_1_135' title='bbox 1748 1935 1875 1973; x_wconf 85' lang='lat' dir='ltr'>sen-</span> 
     </span>
    </p>
   </div>
   <div class='ocr_carea' id='block_1_21' title="bbox 216 2000 1871 2078">
    <p class='ocr_par' dir='ltr' id='par_1_21' title="bbox 216 2000 1871 2078">
     <span class='ocr_line' id='line_1_21' title="bbox 216 2000 1871 2078; baseline 0.004 -23"><span class='ocrx_word' id='word_1_136' title='bbox 216 2000 365 2056; x_wconf 78' lang='lat' dir='ltr'>tiret</span> <span class='ocrx_word' id='word_1_137' title='bbox 395 2018 734 2056; x_wconf 68' lang='lat' dir='ltr'>aerumnam.</span> <span class='ocrx_word' id='word_1_138' title='bbox 772 2004 970 2076; x_wconf 77' lang='lat' dir='ltr'>Itaque</span> <span class='ocrx_word' id='word_1_139' title='bbox 992 2022 1107 2061; x_wconf 90' lang='lat' dir='ltr'>non</span> <span class='ocrx_word' id='word_1_140' title='bbox 1135 2006 1342 2062; x_wconf 78' lang='lat' dir='ltr'>defecit</span> <span class='ocrx_word' id='word_1_141' title='bbox 1378 2006 1585 2078; x_wconf 79' lang='lat' dir='ltr'>hydria</span> <span class='ocrx_word' id='word_1_142' title='bbox 1628 2007 1871 2078; x_wconf 64' lang='lat' dir='ltr'>polentae</span> 
     </span>
    </p>
   </div>
   <div class='ocr_carea' id='block_1_22' title="bbox 220 2090 1406 2162">
    <p class='ocr_par' dir='ltr' id='par_1_22' title="bbox 220 2090 1406 2162">
     <span class='ocr_line' id='line_1_22' title="bbox 220 2090 1406 2162; baseline 0.004 -18"><span class='ocrx_word' id='word_1_143' title='bbox 220 2090 325 2161; x_wconf 64' lang='lat'>(4),</span> <span class='ocrx_word' id='word_1_144' title='bbox 358 2107 490 2145; x_wconf 89' lang='lat' dir='ltr'>cum</span> <span class='ocrx_word' id='word_1_145' title='bbox 522 2092 797 2162; x_wconf 84' lang='lat' dir='ltr'>torrentis</span> <span class='ocrx_word' id='word_1_146' title='bbox 828 2092 1045 2149; x_wconf 84' lang='lat' dir='ltr'>ﬂuenta</span> <span class='ocrx_word' id='word_1_147' title='bbox 1076 2094 1406 2151; x_wconf 77' lang='lat' dir='ltr'>deficerent.</span> 
     </span>
    </p>
   </div>
   <div class='ocr_carea' id='block_1_23' title="bbox 297 2179 1873 2256">
    <p class='ocr_par' dir='ltr' id='par_1_23' title="bbox 297 2179 1873 2256">
     <span class='ocr_line' id='line_1_23' title="bbox 297 2179 1873 2256; baseline 0.004 -23"><span class='ocrx_word' id='word_1_148' title='bbox 297 2179 354 2234; x_wconf 88' lang='lat'>3.</span> <span class='ocrx_word' id='word_1_149' title='bbox 386 2179 533 2243; x_wconf 86' lang='lat' dir='ltr'>Quid</span> <span class='ocrx_word' id='word_1_150' title='bbox 574 2180 704 2251; x_wconf 86' lang='lat' dir='ltr'>ejus</span> <span class='ocrx_word' id='word_1_151' title='bbox 735 2180 961 2253; x_wconf 89' lang='lat' dir='ltr'>reliqua</span> <span class='ocrx_word' id='word_1_152' title='bbox 992 2184 1341 2240; x_wconf 84' lang='lat' dir='ltr'>contexam?</span> <span class='ocrx_word' id='word_1_153' title='bbox 1382 2184 1631 2256; x_wconf 82' lang='lat' dir='ltr'>Jejunus</span> <span class='ocrx_word' id='word_1_154' title='bbox 1684 2184 1873 2241; x_wconf 84' lang='lat' dir='ltr'>ﬁlium</span> 
     </span>
    </p>
   </div>
   <div class='ocr_carea' id='block_1_24' title="bbox 222 2267 1876 2345">
    <p class='ocr_par' dir='ltr' id='par_1_24' title="bbox 222 2267 1876 2345">
     <span class='ocr_line' id='line_1_24' title="bbox 222 2267 1876 2345; baseline 0.006 -25"><span class='ocrx_word' id='word_1_155' title='bbox 222 2267 415 2323; x_wconf 66' lang='lat' dir='ltr'>vidua:</span> <span class='ocrx_word' id='word_1_156' title='bbox 447 2268 519 2323; x_wconf 89' lang='lat' dir='ltr'>ab</span> <span class='ocrx_word' id='word_1_157' title='bbox 550 2268 752 2325; x_wconf 83' lang='lat' dir='ltr'>inferis</span> <span class='ocrx_word' id='word_1_158' title='bbox 784 2270 1184 2327; x_wconf 80' lang='lat' dir='ltr'>resuscitavit:</span> <span class='ocrx_word' id='word_1_159' title='bbox 1225 2274 1469 2344; x_wconf 83' lang='lat' dir='ltr'>jejunus</span> <span class='ocrx_word' id='word_1_160' title='bbox 1513 2272 1739 2345; x_wconf 91' lang='lat' dir='ltr'>pluvias</span> <span class='ocrx_word' id='word_1_161' title='bbox 1779 2291 1876 2330; x_wconf 88' lang='lat' dir='ltr'>ore</span> 
     </span>
    </p>
   </div>
   <div class='ocr_carea' id='block_1_25' title="bbox 226 2356 1878 2434">
    <p class='ocr_par' dir='ltr' id='par_1_25' title="bbox 226 2356 1878 2434">
     <span class='ocr_line' id='line_1_25' title="bbox 226 2356 1878 2434; baseline 0.005 -22"><span class='ocrx_word' id='word_1_162' title='bbox 226 2356 534 2428; x_wconf 85' lang='lat' dir='ltr'>deposuit:</span> <span class='ocrx_word' id='word_1_163' title='bbox 564 2357 803 2429; x_wconf 87' lang='lat' dir='ltr'>jejunus</span> <span class='ocrx_word' id='word_1_164' title='bbox 835 2358 1001 2431; x_wconf 83' lang='lat' dir='ltr'>ignes</span> <span class='ocrx_word' id='word_1_165' title='bbox 1043 2361 1115 2416; x_wconf 91' lang='lat' dir='ltr'>de</span> <span class='ocrx_word' id='word_1_166' title='bbox 1163 2360 1307 2416; x_wconf 87' lang='lat' dir='ltr'>coelo</span> <span class='ocrx_word' id='word_1_167' title='bbox 1353 2362 1592 2418; x_wconf 81' lang='lat' dir='ltr'>eduxit:</span> <span class='ocrx_word' id='word_1_168' title='bbox 1632 2364 1878 2434; x_wconf 87' lang='lat' dir='ltr'>jejunus</span> 
     </span>
    </p>
   </div>
   <div class='ocr_carea' id='block_1_26' title="bbox 224 2448 1877 2524">
    <p class='ocr_par' dir='ltr' id='par_1_26' title="bbox 224 2448 1877 2524">
     <span class='ocr_line' id='line_1_26' title="bbox 224 2448 1877 2524; baseline 0.003 -22"><span class='ocrx_word' id='word_1_169' title='bbox 224 2463 409 2502; x_wconf 86' lang='lat' dir='ltr'>curru</span> <span class='ocrx_word' id='word_1_170' title='bbox 440 2450 643 2519; x_wconf 89' lang='lat' dir='ltr'>raptus</span> <span class='ocrx_word' id='word_1_171' title='bbox 674 2450 762 2503; x_wconf 88' lang='lat' dir='ltr'>est</span> <span class='ocrx_word' id='word_1_172' title='bbox 786 2448 856 2502; x_wconf 92' lang='lat' dir='ltr'>ad</span> <span class='ocrx_word' id='word_1_173' title='bbox 885 2448 1089 2504; x_wconf 73' lang='lat' dir='ltr'>omium</span> <span class='ocrx_word' id='word_1_174' title='bbox 1117 2468 1129 2505; x_wconf 94' lang='lat'>:</span> <span class='ocrx_word' id='word_1_175' title='bbox 1154 2454 1209 2505; x_wconf 93' lang='lat' dir='ltr'>et</span> <span class='ocrx_word' id='word_1_176' title='bbox 1240 2450 1628 2524; x_wconf 88' lang='lat' dir='ltr'>quadraginta</span> <span class='ocrx_word' id='word_1_177' title='bbox 1652 2452 1877 2508; x_wconf 90' lang='lat' dir='ltr'>dierum</span> 
     </span>
    </p>
   </div>
   <div class='ocr_carea' id='block_1_27' title="bbox 214 2535 1879 2610">
    <p class='ocr_par' dir='ltr' id='par_1_27' title="bbox 214 2535 1879 2610">
     <span class='ocr_line' id='line_1_27' title="bbox 214 2535 1879 2610; baseline 0.002 -19"><span class='ocrx_word' id='word_1_178' title='bbox 214 2535 454 2607; x_wconf 84' lang='lat' dir='ltr'>jejunio</span> <span class='ocrx_word' id='word_1_179' title='bbox 485 2535 739 2592; x_wconf 87' lang='lat' dir='ltr'>divinam</span> <span class='ocrx_word' id='word_1_180' title='bbox 774 2537 1082 2609; x_wconf 85' lang='lat' dir='ltr'>acquisivit</span> <span class='ocrx_word' id='word_1_181' title='bbox 1110 2539 1500 2610; x_wconf 72' lang='lat' dir='ltr'>praesentiam.</span> <span class='ocrx_word' id='word_1_182' title='bbox 1532 2544 1692 2595; x_wconf 89' lang='lat' dir='ltr'>Tunc</span> <span class='ocrx_word' id='word_1_183' title='bbox 1726 2541 1879 2596; x_wconf 86' lang='lat' dir='ltr'>deni-</span> 
     </span>
    </p>
   </div>
   <div class='ocr_carea' id='block_1_28' title="bbox 224 2623 1879 2700">
    <p class='ocr_par' dir='ltr' id='par_1_28' title="bbox 224 2623 1879 2700">
     <span class='ocr_line' id='line_1_28' title="bbox 224 2623 1879 2700; baseline 0.004 -21"><span class='ocrx_word' id='word_1_184' title='bbox 224 2640 348 2696; x_wconf 87' lang='lat' dir='ltr'>que</span> <span class='ocrx_word' id='word_1_185' title='bbox 379 2623 511 2695; x_wconf 89' lang='lat' dir='ltr'>plus</span> <span class='ocrx_word' id='word_1_186' title='bbox 560 2626 792 2691; x_wconf 88' lang='lat' dir='ltr'>meruit,</span> <span class='ocrx_word' id='word_1_187' title='bbox 838 2627 1074 2698; x_wconf 86' lang='lat' dir='ltr'>quando</span> <span class='ocrx_word' id='word_1_188' title='bbox 1116 2627 1249 2700; x_wconf 90' lang='lat' dir='ltr'>plus</span> <span class='ocrx_word' id='word_1_189' title='bbox 1286 2629 1595 2699; x_wconf 87' lang='lat' dir='ltr'>jejunavit.</span> <span class='ocrx_word' id='word_1_190' title='bbox 1644 2628 1879 2700; x_wconf 88' lang='lat' dir='ltr'>Jejunio</span> 
     </span>
    </p>
   </div>
   <div class='ocr_carea' id='block_1_29' title="bbox 220 2712 1877 2789">
    <p class='ocr_par' dir='ltr' id='par_1_29' title="bbox 220 2712 1877 2789">
     <span class='ocr_line' id='line_1_29' title="bbox 220 2712 1877 2789; baseline 0.004 -21"><span class='ocrx_word' id='word_1_191' title='bbox 220 2729 328 2768; x_wconf 84' lang='lat' dir='ltr'>ore</span> <span class='ocrx_word' id='word_1_192' title='bbox 361 2712 564 2768; x_wconf 79' lang='lat' dir='ltr'>statuit</span> <span class='ocrx_word' id='word_1_193' title='bbox 609 2713 827 2769; x_wconf 82' lang='lat' dir='ltr'>fluenta</span> <span class='ocrx_word' id='word_1_194' title='bbox 874 2714 1149 2772; x_wconf 89' lang='lat' dir='ltr'>Jordanis</span> <span class='ocrx_word' id='word_1_195' title='bbox 1200 2718 1298 2789; x_wconf 84' lang='lat'>(5),</span> <span class='ocrx_word' id='word_1_196' title='bbox 1349 2722 1403 2773; x_wconf 88' lang='lat' dir='ltr'>et</span> <span class='ocrx_word' id='word_1_197' title='bbox 1452 2719 1877 2775; x_wconf 84' lang='lat' dir='ltr'>redundantem</span> 
     </span>
    </p>
   </div>
   <div class='ocr_carea' id='block_1_30' title="bbox 220 2800 1878 2880">
    <p class='ocr_par' dir='ltr' id='par_1_30' title="bbox 220 2800 1878 2880">
     <span class='ocr_line' id='line_1_30' title="bbox 220 2800 1878 2880; baseline 0.005 -23"><span class='ocrx_word' id='word_1_198' title='bbox 220 2800 493 2857; x_wconf 87' lang='lat' dir='ltr'>ﬂuminis</span> <span class='ocrx_word' id='word_1_199' title='bbox 545 2800 771 2857; x_wconf 83' lang='lat' dir='ltr'>alveum</span> <span class='ocrx_word' id='word_1_200' title='bbox 824 2808 1062 2875; x_wconf 90' lang='lat' dir='ltr'>repente</span> <span class='ocrx_word' id='word_1_201' title='bbox 1128 2804 1408 2861; x_wconf 86' lang='lat' dir='ltr'>siccatum</span> <span class='ocrx_word' id='word_1_202' title='bbox 1476 2806 1878 2880; x_wconf 88' lang='lat' dir='ltr'>pulverulento</span> 
     </span>
    </p>
   </div>
   <div class='ocr_carea' id='block_1_31' title="bbox 217 2890 1885 2969">
    <p class='ocr_par' dir='ltr' id='par_1_31' title="bbox 217 2890 1885 2969">
     <span class='ocr_line' id='line_1_31' title="bbox 217 2890 1885 2969; baseline 0.005 -24"><span class='ocrx_word' id='word_1_203' title='bbox 217 2890 560 2946; x_wconf 83' lang='lat' dir='ltr'>transmisit</span> <span class='ocrx_word' id='word_1_204' title='bbox 578 2891 840 2964; x_wconf 85' lang='lat' dir='ltr'>vestigio.</span> <span class='ocrx_word' id='word_1_205' title='bbox 860 2893 1065 2949; x_wconf 90' lang='lat' dir='ltr'>Merito</span> <span class='ocrx_word' id='word_1_206' title='bbox 1081 2893 1245 2949; x_wconf 90' lang='lat' dir='ltr'>illum</span> <span class='ocrx_word' id='word_1_207' title='bbox 1265 2895 1509 2969; x_wconf 90' lang='lat' dir='ltr'>dignum</span> <span class='ocrx_word' id='word_1_208' title='bbox 1532 2896 1673 2952; x_wconf 76' lang='lat' dir='ltr'>cmlo</span> <span class='ocrx_word' id='word_1_209' title='bbox 1688 2897 1885 2954; x_wconf 90' lang='lat' dir='ltr'>divina</span> 
     </span>
    </p>
   </div>
   <div class='ocr_carea' id='block_1_32' title="bbox 211 2978 1881 3060">
    <p class='ocr_par' dir='ltr' id='par_1_32' title="bbox 211 2978 1881 3060">
     <span class='ocr_line' id='line_1_32' title="bbox 211 2978 1881 3060; baseline 0.007 -28"><span class='ocrx_word' id='word_1_210' title='bbox 211 2978 513 3052; x_wconf 86' lang='lat' dir='ltr'>judicavit</span> <span class='ocrx_word' id='word_1_211' title='bbox 530 2981 841 3047; x_wconf 86' lang='lat' dir='ltr'>sententia,</span> <span class='ocrx_word' id='word_1_212' title='bbox 863 2986 927 3037; x_wconf 90' lang='lat' dir='ltr'>ut</span> <span class='ocrx_word' id='word_1_213' title='bbox 951 2999 1085 3038; x_wconf 89' lang='lat' dir='ltr'>cum</span> <span class='ocrx_word' id='word_1_214' title='bbox 1116 2984 1241 3055; x_wconf 90' lang='lat' dir='ltr'>ipso</span> <span class='ocrx_word' id='word_1_215' title='bbox 1277 2990 1576 3057; x_wconf 87' lang='lat' dir='ltr'>raperetur</span> <span class='ocrx_word' id='word_1_216' title='bbox 1621 3003 1881 3060; x_wconf 90' lang='lat' dir='ltr'>corpore,</span> 
     </span>
    </p>
   </div>
   <div class='ocr_carea' id='block_1_33' title="bbox 225 3067 1881 3150">
    <p class='ocr_par' dir='ltr' id='par_1_33' title="bbox 225 3067 1881 3150">
     <span class='ocr_line' id='line_1_33' title="bbox 225 3067 1881 3150; baseline 0.005 -26"><span class='ocrx_word' id='word_1_217' title='bbox 225 3067 511 3141; x_wconf 81' lang='lat' dir='ltr'>quoniam</span> <span class='ocrx_word' id='word_1_218' title='bbox 532 3068 820 3126; x_wconf 78' lang='lat' dir='ltr'>scelestem</span> <span class='ocrx_word' id='word_1_219' title='bbox 845 3070 1019 3127; x_wconf 87' lang='lat' dir='ltr'>vitam</span> <span class='ocrx_word' id='word_1_220' title='bbox 1053 3073 1280 3129; x_wconf 85' lang='lat' dir='ltr'>vivebat</span> <span class='ocrx_word' id='word_1_221' title='bbox 1337 3074 1484 3130; x_wconf 71' lang='lat'>537</span> <span class='ocrx_word' id='word_1_222' title='bbox 1530 3074 1587 3130; x_wconf 91' lang='lat' dir='ltr'>in</span> <span class='ocrx_word' id='word_1_223' title='bbox 1622 3092 1881 3150; x_wconf 90' lang='lat' dir='ltr'>corpore,</span> 
     </span>
    </p>
   </div>
   <div class='ocr_carea' id='block_1_34' title="bbox 225 3161 1881 3230">
    <p class='ocr_par' dir='ltr' id='par_1_34' title="bbox 225 3161 1881 3230">
     <span class='ocr_line' id='line_1_34' title="bbox 225 3161 1881 3230; baseline 0.004 -18"><span class='ocrx_word' id='word_1_224' title='bbox 225 3174 299 3213; x_wconf 77' lang='lat' dir='ltr'>ac</span> <span class='ocrx_word' id='word_1_225' title='bbox 322 3173 588 3230; x_wconf 68' lang='lat' dir='ltr'>superna:</span> <span class='ocrx_word' id='word_1_226' title='bbox 612 3175 781 3215; x_wconf 90' lang='lat' dir='ltr'>usum</span> <span class='ocrx_word' id='word_1_227' title='bbox 806 3161 1261 3218; x_wconf 82' lang='lat' dir='ltr'>conversationis</span> <span class='ocrx_word' id='word_1_228' title='bbox 1274 3162 1583 3220; x_wconf 86' lang='lat' dir='ltr'>exhibebat</span> <span class='ocrx_word' id='word_1_229' title='bbox 1611 3164 1665 3220; x_wconf 92' lang='lat' dir='ltr'>in</span> <span class='ocrx_word' id='word_1_230' title='bbox 1690 3165 1881 3221; x_wconf 89' lang='lat' dir='ltr'>terris.</span> 
     </span>
    </p>
   </div>
   <div class='ocr_carea' id='block_1_35' title="bbox 876 3294 1243 3350">
    <p class='ocr_par' dir='ltr' id='par_1_35' title="bbox 876 3294 1243 3350">
     <span class='ocr_line' id='line_1_35' title="bbox 876 3294 1243 3350; baseline 0 0"><span class='ocrx_word' id='word_1_231' title='bbox 876 3294 1109 3350; x_wconf 88' lang='lat' dir='ltr'>CAPUT</span> <span class='ocrx_word' id='word_1_232' title='bbox 1152 3295 1243 3350; x_wconf 90' lang='lat' dir='ltr'>III.</span> 
     </span>
    </p>
   </div>
   <div class='ocr_carea' id='block_1_36' title="bbox 223 3397 1885 3473">
    <p class='ocr_par' dir='ltr' id='par_1_36' title="bbox 223 3397 1885 3473">
     <span class='ocr_line' id='line_1_36' title="bbox 223 3397 1885 3473; baseline 0.004 -19"><span class='ocrx_word' id='word_1_233' title='bbox 223 3397 451 3467; x_wconf 79' lang='lat' dir='ltr'>Jejunii</span> <span class='ocrx_word' id='word_1_234' title='bbox 498 3399 922 3473; x_wconf 66' lang='lat' dir='ltr'>commendatio.</span> <span class='ocrx_word' id='word_1_235' title='bbox 992 3401 1161 3471; x_wconf 83' lang='lat' dir='ltr'>deque</span> <span class='ocrx_word' id='word_1_236' title='bbox 1216 3404 1435 3473; x_wconf 79' lang='lat' dir='ltr'>jejunio</span> <span class='ocrx_word' id='word_1_237' title='bbox 1499 3407 1677 3460; x_wconf 79' lang='lat' dir='ltr'>sancti</span> <span class='ocrx_word' id='word_1_238' title='bbox 1720 3408 1885 3461; x_wconf 85' lang='lat' dir='ltr'>Joan-</span> 
     </span>
    </p>
   </div>
   <div class='ocr_carea' id='block_1_37' title="bbox 443 3471 1668 3544">
    <p class='ocr_par' dir='ltr' id='par_1_37' title="bbox 443 3471 1668 3544">
     <span class='ocr_line' id='line_1_37' title="bbox 443 3471 1668 3544; baseline 0.007 -21"><span class='ocrx_word' id='word_1_239' title='bbox 443 3471 550 3534; x_wconf 78' lang='lat' dir='ltr'>nis,</span> <span class='ocrx_word' id='word_1_240' title='bbox 584 3475 635 3525; x_wconf 86' lang='lat' dir='ltr'>et</span> <span class='ocrx_word' id='word_1_241' title='bbox 665 3471 846 3542; x_wconf 81' lang='lat' dir='ltr'>qualis</span> <span class='ocrx_word' id='word_1_242' title='bbox 868 3487 989 3527; x_wconf 80' lang='lat' dir='ltr'>esca</span> <span class='ocrx_word' id='word_1_243' title='bbox 1017 3489 1050 3526; x_wconf 89' lang='lat' dir='ltr'>a</span> <span class='ocrx_word' id='word_1_244' title='bbox 1079 3471 1233 3528; x_wconf 63' lang='lat' dir='ltr'>nobis</span> <span class='ocrx_word' id='word_1_245' title='bbox 1261 3471 1550 3544; x_wconf 71' lang='lat' dir='ltr'>quaerenda</span> <span class='ocrx_word' id='word_1_246' title='bbox 1580 3479 1668 3531; x_wconf 77' lang='lat' dir='ltr'>sit.</span> 
     </span>
    </p>
   </div>
   <div class='ocr_carea' id='block_1_38' title="bbox 306 3583 1890 3658">
    <p class='ocr_par' dir='ltr' id='par_1_38' title="bbox 306 3583 1890 3658">
     <span class='ocr_line' id='line_1_38' title="bbox 306 3583 1890 3658; baseline 0.006 -19"><span class='ocrx_word' id='word_1_247' title='bbox 306 3584 365 3639; x_wconf 61' lang='grc' dir='ltr'>Α.</span> <span class='ocrx_word' id='word_1_248' title='bbox 395 3583 539 3647; x_wconf 87' lang='lat' dir='ltr'>Quid</span> <span class='ocrx_word' id='word_1_249' title='bbox 592 3589 681 3640; x_wconf 88' lang='lat' dir='ltr'>est</span> <span class='ocrx_word' id='word_1_250' title='bbox 726 3586 879 3641; x_wconf 88' lang='lat' dir='ltr'>enim</span> <span class='ocrx_word' id='word_1_251' title='bbox 923 3587 1241 3658; x_wconf 87' lang='lat' dir='ltr'>jejunium,</span> <span class='ocrx_word' id='word_1_252' title='bbox 1292 3589 1405 3644; x_wconf 89' lang='lat' dir='ltr'>nisi</span> <span class='ocrx_word' id='word_1_253' title='bbox 1454 3590 1785 3646; x_wconf 82' lang='lat' dir='ltr'>substantia</span> <span class='ocrx_word' id='word_1_254' title='bbox 1834 3597 1890 3648; x_wconf 88' lang='lat' dir='ltr'>et</span> 
     </span>
    </p>
   </div>
   <div class='ocr_carea' id='block_1_39' title="bbox 224 3671 1888 3747">
    <p class='ocr_par' dir='ltr' id='par_1_39' title="bbox 224 3671 1888 3747">
     <span class='ocr_line' id='line_1_39' title="bbox 224 3671 1888 3747; baseline 0.006 -20"><span class='ocrx_word' id='word_1_255' title='bbox 224 3673 434 3743; x_wconf 79' lang='lat' dir='ltr'>imago</span> <span class='ocrx_word' id='word_1_256' title='bbox 464 3671 714 3729; x_wconf 77' lang='lat' dir='ltr'>ccclesiis</span> <span class='ocrx_word' id='word_1_257' title='bbox 736 3676 813 3746; x_wconf 90' lang='lat'>(6)</span> <span class='ocrx_word' id='word_1_258' title='bbox 835 3676 1180 3747; x_wconf 84' lang='lat' dir='ltr'>?Jejunium</span> <span class='ocrx_word' id='word_1_259' title='bbox 1213 3678 1423 3733; x_wconf 89' lang='lat' dir='ltr'>refecto</span> <span class='ocrx_word' id='word_1_260' title='bbox 1455 3679 1684 3745; x_wconf 69' lang='lat' dir='ltr'>animae,</span> <span class='ocrx_word' id='word_1_261' title='bbox 1719 3681 1888 3736; x_wconf 88' lang='lat' dir='ltr'>cibus</span> 
     </span>
    </p>
   </div>
   <div class='ocr_carea' id='block_1_40' title="bbox 227 3762 1886 3840">
    <p class='ocr_par' dir='ltr' id='par_1_40' title="bbox 227 3762 1886 3840">
     <span class='ocr_line' id='line_1_40' title="bbox 227 3762 1886 3840; baseline 0.005 -24"><span class='ocrx_word' id='word_1_262' title='bbox 227 3762 454 3817; x_wconf 85' lang='lat' dir='ltr'>mentis</span> <span class='ocrx_word' id='word_1_263' title='bbox 478 3763 1032 3834; x_wconf 85' lang='lat' dir='ltr'>estjejunium,vita</span> <span class='ocrx_word' id='word_1_264' title='bbox 1070 3770 1158 3822; x_wconf 87' lang='lat' dir='ltr'>est</span> <span class='ocrx_word' id='word_1_265' title='bbox 1180 3766 1519 3839; x_wconf 86' lang='lat' dir='ltr'>angelorum</span> <span class='ocrx_word' id='word_1_266' title='bbox 1563 3769 1886 3840; x_wconf 81' lang='lat' dir='ltr'>jejunium,</span> 
     </span>
    </p>
   </div>
   <div class='ocr_carea' id='block_1_41' title="bbox 228 3848 1890 3923">
    <p class='ocr_par' dir='ltr' id='par_1_41' title="bbox 228 3848 1890 3923">
     <span class='ocr_line' id='line_1_41' title="bbox 228 3848 1890 3923; baseline 0.004 -17"><span class='ocrx_word' id='word_1_267' title='bbox 228 3848 422 3922; x_wconf 63' lang='lat' dir='ltr'>culpa</span> <span class='ocrx_word' id='word_1_268' title='bbox 452 3866 630 3917; x_wconf 89' lang='lat' dir='ltr'>mors,</span> <span class='ocrx_word' id='word_1_269' title='bbox 663 3852 953 3908; x_wconf 85' lang='lat' dir='ltr'>excidium</span> <span class='ocrx_word' id='word_1_270' title='bbox 987 3853 1352 3923; x_wconf 88' lang='lat' dir='ltr'>delictorum,</span> <span class='ocrx_word' id='word_1_271' title='bbox 1382 3857 1706 3913; x_wconf 87' lang='lat' dir='ltr'>remedium</span> <span class='ocrx_word' id='word_1_272' title='bbox 1740 3858 1890 3914; x_wconf 83' lang='lat' dir='ltr'>salu-</span> 
     </span>
    </p>
   </div>
   <div class='ocr_carea' id='block_1_42' title="bbox 228 3938 1891 4011">
    <p class='ocr_par' dir='ltr' id='par_1_42' title="bbox 228 3938 1891 4011">
     <span class='ocr_line' id='line_1_42' title="bbox 228 3938 1891 4011; baseline 0.005 -17"><span class='ocrx_word' id='word_1_273' title='bbox 228 3938 338 4002; x_wconf 83' lang='lat' dir='ltr'>tis,</span> <span class='ocrx_word' id='word_1_274' title='bbox 376 3938 544 3993; x_wconf 77' lang='lat' dir='ltr'>radix</span> <span class='ocrx_word' id='word_1_275' title='bbox 572 3938 790 4011; x_wconf 69' lang='lat' dir='ltr'>gratim,</span> <span class='ocrx_word' id='word_1_276' title='bbox 816 3941 1264 3999; x_wconf 83' lang='lat' dir='ltr'>fundamentum</span> <span class='ocrx_word' id='word_1_277' title='bbox 1297 3947 1385 4000; x_wconf 88' lang='lat' dir='ltr'>est</span> <span class='ocrx_word' id='word_1_278' title='bbox 1417 3946 1726 4002; x_wconf 85' lang='lat' dir='ltr'>castitatis.</span> <span class='ocrx_word' id='word_1_279' title='bbox 1773 3948 1891 4002; x_wconf 88' lang='lat' dir='ltr'>Hoc</span> 
     </span>
    </p>
   </div>
   <div class='ocr_carea' id='block_1_43' title="bbox 232 4026 1893 4106">
    <p class='ocr_par' dir='ltr' id='par_1_43' title="bbox 232 4026 1893 4106">
     <span class='ocr_line' id='line_1_43' title="bbox 232 4026 1893 4106; baseline 0.007 -26"><span class='ocrx_word' id='word_1_280' title='bbox 232 4026 310 4081; x_wconf 87' lang='lat' dir='ltr'>ad</span> <span class='ocrx_word' id='word_1_281' title='bbox 346 4026 530 4081; x_wconf 91' lang='lat' dir='ltr'>Deum</span> <span class='ocrx_word' id='word_1_282' title='bbox 558 4028 741 4099; x_wconf 88' lang='lat' dir='ltr'>gradu</span> <span class='ocrx_word' id='word_1_283' title='bbox 773 4028 946 4085; x_wconf 91' lang='lat' dir='ltr'>citius</span> <span class='ocrx_word' id='word_1_284' title='bbox 985 4032 1351 4101; x_wconf 88' lang='lat' dir='ltr'>pervenitur;</span> <span class='ocrx_word' id='word_1_285' title='bbox 1382 4033 1491 4089; x_wconf 90' lang='lat' dir='ltr'>hoc</span> <span class='ocrx_word' id='word_1_286' title='bbox 1520 4036 1705 4106; x_wconf 87' lang='lat' dir='ltr'>gradu</span> <span class='ocrx_word' id='word_1_287' title='bbox 1738 4036 1893 4092; x_wconf 82' lang='lat' dir='ltr'>Elias</span> 
     </span>
    </p>
   </div>
   <div class='ocr_carea' id='block_1_44' title="bbox 232 4115 1891 4188">
    <p class='ocr_par' dir='ltr' id='par_1_44' title="bbox 232 4115 1891 4188">
     <span class='ocr_line' id='line_1_44' title="bbox 232 4115 1891 4188; baseline 0.006 -18"><span class='ocrx_word' id='word_1_288' title='bbox 232 4115 526 4180; x_wconf 84' lang='lat' dir='ltr'>ascendit,</span> <span class='ocrx_word' id='word_1_289' title='bbox 559 4120 875 4188; x_wconf 84' lang='lat' dir='ltr'>antequam</span> <span class='ocrx_word' id='word_1_290' title='bbox 907 4135 1101 4174; x_wconf 88' lang='lat' dir='ltr'>curru.</span> <span class='ocrx_word' id='word_1_291' title='bbox 1146 4121 1304 4177; x_wconf 84' lang='lat' dir='ltr'>Hanc</span> <span class='ocrx_word' id='word_1_292' title='bbox 1349 4122 1748 4179; x_wconf 70' lang='lat' dir='ltr'>haareditatem</span> <span class='ocrx_word' id='word_1_293' title='bbox 1800 4142 1891 4181; x_wconf 91' lang='lat' dir='ltr'>so-</span> 
     </span>
    </p>
   </div>
   <div class='ocr_carea' id='block_1_45' title="bbox 235 4204 1893 4286">
    <p class='ocr_par' dir='ltr' id='par_1_45' title="bbox 235 4204 1893 4286">
     <span class='ocr_line' id='line_1_45' title="bbox 235 4204 1893 4286; baseline 0.007 -28"><span class='ocrx_word' id='word_1_294' title='bbox 235 4204 509 4259; x_wconf 86' lang='lat' dir='ltr'>brietatis</span> <span class='ocrx_word' id='word_1_295' title='bbox 541 4208 596 4260; x_wconf 90' lang='lat' dir='ltr'>et</span> <span class='ocrx_word' id='word_1_296' title='bbox 638 4206 933 4262; x_wconf 79' lang='lat' dir='ltr'>abstemias</span> <span class='ocrx_word' id='word_1_297' title='bbox 981 4209 1051 4263; x_wconf 89' lang='lat' dir='ltr'>ad</span> <span class='ocrx_word' id='word_1_298' title='bbox 1098 4208 1307 4265; x_wconf 71' lang='lat' dir='ltr'>coalum</span> <span class='ocrx_word' id='word_1_299' title='bbox 1352 4211 1554 4267; x_wconf 85' lang='lat' dir='ltr'>abiens</span> <span class='ocrx_word' id='word_1_300' title='bbox 1606 4213 1893 4286; x_wconf 91' lang='lat' dir='ltr'>discipulo</span> 
     </span>
    </p>
   </div>
   <div class='ocr_carea' id='block_1_46' title="bbox 234 4292 1893 4371">
    <p class='ocr_par' dir='ltr' id='par_1_46' title="bbox 234 4292 1893 4371">
     <span class='ocr_line' id='line_1_46' title="bbox 234 4292 1893 4371; baseline 0.007 -24"><span class='ocrx_word' id='word_1_301' title='bbox 234 4292 574 4364; x_wconf 84' lang='lat' dir='ltr'>dereliquit.</span> <span class='ocrx_word' id='word_1_302' title='bbox 600 4295 662 4349; x_wconf 86' lang='lat' dir='ltr'>In</span> <span class='ocrx_word' id='word_1_303' title='bbox 695 4294 805 4350; x_wconf 88' lang='lat' dir='ltr'>hac</span> <span class='ocrx_word' id='word_1_304' title='bbox 832 4295 1042 4353; x_wconf 88' lang='lat' dir='ltr'>virtute</span> <span class='ocrx_word' id='word_1_305' title='bbox 1072 4302 1130 4353; x_wconf 90' lang='lat' dir='ltr'>et</span> <span class='ocrx_word' id='word_1_306' title='bbox 1150 4299 1357 4371; x_wconf 86' lang='lat' dir='ltr'>spiritu</span> <span class='ocrx_word' id='word_1_307' title='bbox 1382 4299 1514 4355; x_wconf 61' lang='lat' dir='ltr'>Elia;</span> <span class='ocrx_word' id='word_1_308' title='bbox 1540 4302 1698 4357; x_wconf 91' lang='lat' dir='ltr'>venit</span> <span class='ocrx_word' id='word_1_309' title='bbox 1718 4303 1893 4357; x_wconf 86' lang='lat' dir='ltr'>Joan-</span> 
     </span>
    </p>
   </div>
   <div class='ocr_carea' id='block_1_47' title="bbox 233 4381 1893 4462">
    <p class='ocr_par' dir='ltr' id='par_1_47' title="bbox 233 4381 1893 4462">
     <span class='ocr_line' id='line_1_47' title="bbox 233 4381 1893 4462; baseline 0.006 -27"><span class='ocrx_word' id='word_1_310' title='bbox 233 4397 371 4436; x_wconf 86' lang='lat' dir='ltr'>nes.</span> <span class='ocrx_word' id='word_1_311' title='bbox 432 4381 693 4454; x_wconf 87' lang='lat' dir='ltr'>Denique</span> <span class='ocrx_word' id='word_1_312' title='bbox 740 4384 799 4438; x_wconf 91' lang='lat' dir='ltr'>in</span> <span class='ocrx_word' id='word_1_313' title='bbox 851 4385 1080 4441; x_wconf 89' lang='lat' dir='ltr'>deserto</span> <span class='ocrx_word' id='word_1_314' title='bbox 1130 4392 1187 4442; x_wconf 91' lang='lat' dir='ltr'>et</span> <span class='ocrx_word' id='word_1_315' title='bbox 1214 4387 1314 4443; x_wconf 88' lang='lat' dir='ltr'>ille</span> <span class='ocrx_word' id='word_1_316' title='bbox 1341 4388 1585 4444; x_wconf 88' lang='lat' dir='ltr'>vacabat</span> <span class='ocrx_word' id='word_1_317' title='bbox 1626 4390 1893 4462; x_wconf 89' lang='lat' dir='ltr'>jejuniis.</span> 
     </span>
    </p>
   </div>
   <div class='ocr_carea' id='block_1_48' title="bbox 231 4471 1897 4542">
    <p class='ocr_par' dir='ltr' id='par_1_48' title="bbox 231 4471 1897 4542">
     <span class='ocr_line' id='line_1_48' title="bbox 231 4471 1897 4542; baseline 0.004 -15"><span class='ocrx_word' id='word_1_318' title='bbox 231 4471 385 4527; x_wconf 84' lang='lat' dir='ltr'>Esca</span> <span class='ocrx_word' id='word_1_319' title='bbox 416 4475 614 4526; x_wconf 86' lang='lat' dir='ltr'>autem</span> <span class='ocrx_word' id='word_1_320' title='bbox 645 4473 771 4542; x_wconf 87' lang='lat' dir='ltr'>ejus</span> <span class='ocrx_word' id='word_1_321' title='bbox 801 4478 924 4529; x_wconf 89' lang='lat' dir='ltr'>erat</span> <span class='ocrx_word' id='word_1_322' title='bbox 954 4473 1180 4531; x_wconf 86' lang='lat' dir='ltr'>locusta</span> <span class='ocrx_word' id='word_1_323' title='bbox 1226 4481 1285 4531; x_wconf 92' lang='lat' dir='ltr'>et</span> <span class='ocrx_word' id='word_1_324' title='bbox 1332 4476 1445 4531; x_wconf 91' lang='lat' dir='ltr'>mel</span> <span class='ocrx_word' id='word_1_325' title='bbox 1496 4477 1781 4535; x_wconf 87' lang='lat' dir='ltr'>silvestre.</span> <span class='ocrx_word' id='word_1_326' title='bbox 1830 4481 1897 4535; x_wconf 91' lang='lat' dir='ltr'>Et</span> 
     </span>
    </p>
   </div>
   <div class='ocr_carea' id='block_1_49' title="bbox 226 4559 1975 4653">
    <p class='ocr_par' dir='ltr' id='par_1_49' title="bbox 226 4559 1975 4653">
     <span class='ocr_line' id='line_1_49' title="bbox 226 4559 1975 4653; baseline 0.005 -37"><span class='ocrx_word' id='word_1_327' title='bbox 226 4560 370 4616; x_wconf 87' lang='lat' dir='ltr'>ideo</span> <span class='ocrx_word' id='word_1_328' title='bbox 404 4559 546 4630; x_wconf 87' lang='lat' dir='ltr'>quia</span> <span class='ocrx_word' id='word_1_329' title='bbox 588 4560 719 4616; x_wconf 66' lang='lat' dir='ltr'>vita:</span> <span class='ocrx_word' id='word_1_330' title='bbox 769 4562 1039 4653; x_wconf 80' lang='lat' dir='ltr'>humanae</span> <span class='ocrx_word' id='word_1_331' title='bbox 1092 4564 1544 4636; x_wconf 89' lang='lat' dir='ltr'>possibilitatem</span> <span class='ocrx_word' id='word_1_332' title='bbox 1594 4567 1896 4624; x_wconf 88' lang='lat' dir='ltr'>continen-</span> <span class='ocrx_word' id='word_1_333' title='bbox 1927 4587 1975 4653; x_wconf 83' lang='lat' dir='ltr'><strong>D</strong></span> 
     </span>
    </p>
   </div>
   <div class='ocr_carea' id='block_1_50' title="bbox 226 4651 1894 4730">
    <p class='ocr_par' dir='ltr' id='par_1_50' title="bbox 226 4651 1894 4730">
     <span class='ocr_line' id='line_1_50' title="bbox 226 4651 1894 4730; baseline 0.005 -26"><span class='ocrx_word' id='word_1_334' title='bbox 226 4651 316 4705; x_wconf 86' lang='lat' dir='ltr'>tia</span> <span class='ocrx_word' id='word_1_335' title='bbox 352 4664 773 4719; x_wconf 86' lang='lat' dir='ltr'>supergressus</span> <span class='ocrx_word' id='word_1_336' title='bbox 806 4652 1014 4723; x_wconf 83' lang='lat' dir='ltr'>fuerat,</span> <span class='ocrx_word' id='word_1_337' title='bbox 1073 4670 1185 4709; x_wconf 92' lang='lat' dir='ltr'>non</span> <span class='ocrx_word' id='word_1_338' title='bbox 1232 4653 1428 4720; x_wconf 87' lang='lat' dir='ltr'>homo,</span> <span class='ocrx_word' id='word_1_339' title='bbox 1488 4656 1589 4711; x_wconf 92' lang='lat' dir='ltr'>sed</span> <span class='ocrx_word' id='word_1_340' title='bbox 1649 4656 1894 4730; x_wconf 86' lang='lat' dir='ltr'>angelus</span> 
     </span>
    </p>
   </div>
   <div class='ocr_carea' id='block_1_51' title="bbox 228 4737 1894 4817">
    <p class='ocr_par' dir='ltr' id='par_1_51' title="bbox 228 4737 1894 4817">
     <span class='ocr_line' id='line_1_51' title="bbox 228 4737 1894 4817; baseline 0.005 -24"><span class='ocrx_word' id='word_1_341' title='bbox 228 4737 572 4794; x_wconf 70' lang='lat' dir='ltr'>aestimatus</span> <span class='ocrx_word' id='word_1_342' title='bbox 594 4743 702 4794; x_wconf 89' lang='lat' dir='ltr'>est.</span> <span class='ocrx_word' id='word_1_343' title='bbox 731 4739 812 4796; x_wconf 89' lang='lat' dir='ltr'>De</span> <span class='ocrx_word' id='word_1_344' title='bbox 842 4740 969 4813; x_wconf 91' lang='lat' dir='ltr'>ipso</span> <span class='ocrx_word' id='word_1_345' title='bbox 1002 4740 1254 4814; x_wconf 89' lang='lat' dir='ltr'>legimus</span> <span class='ocrx_word' id='word_1_346' title='bbox 1279 4760 1290 4799; x_wconf 93' lang='lat'>:</span> <span class='ocrx_word' id='word_1_347' title='bbox 1318 4765 1345 4793; x_wconf 89' lang='grc'><strong><em>‹‹</em></strong></span> <span class='ocrx_word' id='word_1_348' title='bbox 1369 4744 1557 4799; x_wconf 89' lang='lat' dir='ltr'>Etiam</span> <span class='ocrx_word' id='word_1_349' title='bbox 1582 4744 1894 4817; x_wconf 84' lang='lat' dir='ltr'>plusquam</span> 
     </span>
    </p>
   </div>
   <div class='ocr_carea' id='block_1_52' title="bbox 230 4825 1894 4903">
    <p class='ocr_par' dir='ltr' id='par_1_52' title="bbox 230 4825 1894 4903">
     <span class='ocr_line' id='line_1_52' title="bbox 230 4825 1894 4903; baseline 0.005 -21"><span class='ocrx_word' id='word_1_350' title='bbox 230 4825 548 4900; x_wconf 82' lang='lat' dir='ltr'>prepheta.</span> <span class='ocrx_word' id='word_1_351' title='bbox 574 4826 675 4882; x_wconf 88' lang='lat' dir='ltr'>Hic</span> <span class='ocrx_word' id='word_1_352' title='bbox 705 4833 793 4884; x_wconf 91' lang='lat' dir='ltr'>est</span> <span class='ocrx_word' id='word_1_353' title='bbox 825 4828 894 4883; x_wconf 90' lang='lat' dir='ltr'>de</span> <span class='ocrx_word' id='word_1_354' title='bbox 926 4847 1038 4902; x_wconf 88' lang='lat' dir='ltr'>quo</span> <span class='ocrx_word' id='word_1_355' title='bbox 1071 4831 1354 4903; x_wconf 90' lang='lat' dir='ltr'>scriptum</span> <span class='ocrx_word' id='word_1_356' title='bbox 1386 4840 1472 4888; x_wconf 84' lang='lat' dir='ltr'>est</span> <span class='ocrx_word' id='word_1_357' title='bbox 1499 4850 1510 4889; x_wconf 92' lang='lat'>:</span> <span class='ocrx_word' id='word_1_358' title='bbox 1547 4834 1686 4890; x_wconf 90' lang='lat' dir='ltr'>Ecce</span> <span class='ocrx_word' id='word_1_359' title='bbox 1728 4836 1894 4890; x_wconf 85' lang='lat' dir='ltr'>mitto</span> 
     </span>
    </p>
   </div>
   <div class='ocr_carea' id='block_1_53' title="bbox 229 4913 1897 4996">
    <p class='ocr_par' dir='ltr' id='par_1_53' title="bbox 229 4913 1897 4996">
     <span class='ocr_line' id='line_1_53' title="bbox 229 4913 1897 4996; baseline 0.007 -27"><span class='ocrx_word' id='word_1_360' title='bbox 229 4913 517 4987; x_wconf 85' lang='lat' dir='ltr'>angelum</span> <span class='ocrx_word' id='word_1_361' title='bbox 551 4932 745 4971; x_wconf 90' lang='lat' dir='ltr'>meum</span> <span class='ocrx_word' id='word_1_362' title='bbox 777 4921 911 4973; x_wconf 86' lang='lat' dir='ltr'>ante</span> <span class='ocrx_word' id='word_1_363' title='bbox 942 4918 1144 4974; x_wconf 88' lang='lat' dir='ltr'>faciem</span> <span class='ocrx_word' id='word_1_364' title='bbox 1180 4927 1359 4985; x_wconf 82' lang='lat' dir='ltr'>tuam,</span> <span class='ocrx_word' id='word_1_365' title='bbox 1403 4922 1501 4993; x_wconf 89' lang='lat' dir='ltr'>qui</span> <span class='ocrx_word' id='word_1_366' title='bbox 1551 4925 1897 4996; x_wconf 66' lang='lat' dir='ltr'>praeparabit</span> 
     </span>
    </p>
   </div>
   <div class='ocr_carea' id='block_1_54' title="bbox 229 5004 1894 5079">
    <p class='ocr_par' dir='ltr' id='par_1_54' title="bbox 229 5004 1894 5079">
     <span class='ocr_line' id='line_1_54' title="bbox 229 5004 1894 5079; baseline 0.007 -23"><span class='ocrx_word' id='word_1_367' title='bbox 229 5004 397 5059; x_wconf 86' lang='lat' dir='ltr'>viam</span> <span class='ocrx_word' id='word_1_368' title='bbox 419 5007 580 5059; x_wconf 88' lang='lat' dir='ltr'>tuam</span> <span class='ocrx_word' id='word_1_369' title='bbox 615 5010 751 5061; x_wconf 89' lang='lat' dir='ltr'>ante</span> <span class='ocrx_word' id='word_1_370' title='bbox 781 5009 837 5062; x_wconf 87' lang='lat' dir='ltr'>te</span> <span class='ocrx_word' id='word_1_371' title='bbox 865 5006 1074 5077; x_wconf 81' lang='lat' dir='ltr'>(Matth.</span> <span class='ocrx_word' id='word_1_372' title='bbox 1105 5026 1182 5077; x_wconf 74' lang='lat' dir='ltr'>x1,</span> <span class='ocrx_word' id='word_1_373' title='bbox 1214 5011 1269 5077; x_wconf 89' lang='grc'>9,</span> <span class='ocrx_word' id='word_1_374' title='bbox 1299 5018 1351 5065; x_wconf 90' lang='lat' dir='ltr'>et</span> <span class='ocrx_word' id='word_1_375' title='bbox 1378 5012 1486 5079; x_wconf 75' lang='grc'>40).</span> <span class='ocrx_word' id='word_1_376' title='bbox 1527 5035 1554 5059; x_wconf 87' lang='grc'><strong>››</strong></span> <span class='ocrx_word' id='word_1_377' title='bbox 1597 5012 1736 5076; x_wconf 89' lang='lat' dir='ltr'>Quis</span> <span class='ocrx_word' id='word_1_378' title='bbox 1784 5013 1894 5068; x_wconf 89' lang='lat' dir='ltr'>hu-</span> 
     </span>
    </p>
   </div>
   <div class='ocr_carea' id='block_1_55' title="bbox 234 5091 1898 5171">
    <p class='ocr_par' dir='ltr' id='par_1_55' title="bbox 234 5091 1898 5171">
     <span class='ocr_line' id='line_1_55' title="bbox 234 5091 1898 5171; baseline 0.005 -24"><span class='ocrx_word' id='word_1_379' title='bbox 234 5108 420 5147; x_wconf 87' lang='lat' dir='ltr'>mana</span> <span class='ocrx_word' id='word_1_380' title='bbox 442 5091 654 5148; x_wconf 89' lang='lat' dir='ltr'>virtute</span> <span class='ocrx_word' id='word_1_381' title='bbox 682 5110 864 5165; x_wconf 89' lang='lat' dir='ltr'>equos</span> <span class='ocrx_word' id='word_1_382' title='bbox 893 5095 1115 5169; x_wconf 87' lang='lat' dir='ltr'>igneos,</span> <span class='ocrx_word' id='word_1_383' title='bbox 1144 5113 1353 5152; x_wconf 89' lang='lat' dir='ltr'>currus</span> <span class='ocrx_word' id='word_1_384' title='bbox 1378 5097 1580 5170; x_wconf 89' lang='lat' dir='ltr'>igneos</span> <span class='ocrx_word' id='word_1_385' title='bbox 1611 5103 1898 5171; x_wconf 89' lang='lat' dir='ltr'>potuisset</span> 
     </span>
    </p>
   </div>
   <div class='ocr_carea' id='block_1_56' title="bbox 236 5179 1894 5260">
    <p class='ocr_par' dir='ltr' id='par_1_56' title="bbox 236 5179 1894 5260">
     <span class='ocr_line' id='line_1_56' title="bbox 236 5179 1894 5260; baseline 0.004 -22"><span class='ocrx_word' id='word_1_386' title='bbox 236 5179 578 5245; x_wconf 81' lang='lat' dir='ltr'>ascendere,</span> <span class='ocrx_word' id='word_1_387' title='bbox 612 5200 811 5255; x_wconf 83' lang='lat' dir='ltr'>regere</span> <span class='ocrx_word' id='word_1_388' title='bbox 841 5201 1049 5241; x_wconf 86' lang='lat' dir='ltr'>currus</span> <span class='ocrx_word' id='word_1_389' title='bbox 1081 5185 1303 5258; x_wconf 88' lang='lat' dir='ltr'>igneos,</span> <span class='ocrx_word' id='word_1_390' title='bbox 1345 5186 1456 5241; x_wconf 89' lang='lat' dir='ltr'>nisi</span> <span class='ocrx_word' id='word_1_391' title='bbox 1495 5188 1593 5260; x_wconf 90' lang='lat' dir='ltr'>qui</span> <span class='ocrx_word' id='word_1_392' title='bbox 1625 5193 1894 5245; x_wconf 88' lang='lat' dir='ltr'>naturam</span> 
     </span>
    </p>
   </div>
   <div class='ocr_carea' id='block_1_57' title="bbox 312 5323 1896 5401">
    <p class='ocr_par' dir='ltr' id='par_1_57' title="bbox 312 5323 1896 5401">
     <span class='ocr_line' id='line_1_57' title="bbox 312 5323 1896 5401; baseline 0.006 -24"><span class='ocrx_word' id='word_1_393' title='bbox 312 5323 656 5401; x_wconf 54' lang='lat' dir='ltr'>(§)_Cunctas</span> <span class='ocrx_word' id='word_1_394' title='bbox 717 5326 890 5401; x_wconf 86' lang='lat' dir='ltr'>edit.,</span> <span class='ocrx_word' id='word_1_395' title='bbox 956 5328 1155 5400; x_wconf 82' lang='lat' dir='ltr'>hydria</span> <span class='ocrx_word' id='word_1_396' title='bbox 1211 5331 1438 5398; x_wconf 70' lang='lat' dir='ltr'>farinae.</span> <span class='ocrx_word' id='word_1_397' title='bbox 1494 5330 1694 5385; x_wconf 88' lang='lat' dir='ltr'>Cuncti</span> <span class='ocrx_word' id='word_1_398' title='bbox 1726 5348 1896 5401; x_wconf 87' lang='lat' dir='ltr'>mss.,</span> 
     </span>
    </p>
   </div>
   <div class='ocr_carea' id='block_1_58' title="bbox 237 5394 1897 5474">
    <p class='ocr_par' dir='ltr' id='par_1_58' title="bbox 237 5394 1897 5474">
     <span class='ocr_line' id='line_1_58' title="bbox 237 5394 1897 5474; baseline 0.008 -28"><span class='ocrx_word' id='word_1_399' title='bbox 237 5394 446 5474; x_wconf 63' lang='lat' dir='ltr'>bydria</span> <span class='ocrx_word' id='word_1_400' title='bbox 465 5396 723 5474; x_wconf 67' lang='lat' dir='ltr'>polenta},</span> <span class='ocrx_word' id='word_1_401' title='bbox 751 5400 898 5474; x_wconf 80' lang='lat' dir='ltr'>duos</span> <span class='ocrx_word' id='word_1_402' title='bbox 945 5394 1140 5474; x_wconf 69' lang='lat' dir='ltr'>tamen</span> <span class='ocrx_word' id='word_1_403' title='bbox 1186 5394 1528 5474; x_wconf 73' lang='lat' dir='ltr'>excipimus,</span> <span class='ocrx_word' id='word_1_404' title='bbox 1577 5401 1634 5456; x_wconf 89' lang='lat' dir='ltr'>in</span> <span class='ocrx_word' id='word_1_405' title='bbox 1681 5394 1897 5474; x_wconf 84' lang='lat' dir='ltr'>quibus</span> 
     </span>
    </p>
   </div>
   <div class='ocr_carea' id='block_1_59' title="bbox 230 5465 1892 5540">
    <p class='ocr_par' dir='ltr' id='par_1_59' title="bbox 230 5465 1892 5540">
     <span class='ocr_line' id='line_1_59' title="bbox 230 5465 1892 5540; baseline 0.008 -21"><span class='ocrx_word' id='word_1_406' title='bbox 230 5465 438 5540; x_wconf 63' lang='lat' dir='ltr'>hydria</span> <span class='ocrx_word' id='word_1_407' title='bbox 466 5468 675 5540; x_wconf 71' lang='lat' dir='ltr'>[crime</span> <span class='ocrx_word' id='word_1_408' title='bbox 702 5472 958 5539; x_wconf 55' lang='lat' dir='ltr'>polenta}.</span> <span class='ocrx_word' id='word_1_409' title='bbox 994 5472 1105 5527; x_wconf 86' lang='lat' dir='ltr'>Sed</span> <span class='ocrx_word' id='word_1_410' title='bbox 1148 5465 1465 5528; x_wconf 79' lang='lat' dir='ltr'>verisimile</span> <span class='ocrx_word' id='word_1_411' title='bbox 1516 5465 1603 5527; x_wconf 84' lang='lat' dir='ltr'>est</span> <span class='ocrx_word' id='word_1_412' title='bbox 1674 5465 1892 5540; x_wconf 55' lang='lat' dir='ltr'>v&#39;occm,</span> 
     </span>
    </p>
   </div>
   <div class='ocr_carea' id='block_1_60' title="bbox 238 5538 1893 5615">
    <p class='ocr_par' dir='ltr' id='par_1_60' title="bbox 238 5538 1893 5615">
     <span class='ocr_line' id='line_1_60' title="bbox 238 5538 1893 5615; baseline 0.008 -25"><span class='ocrx_word' id='word_1_413' title='bbox 238 5538 467 5615; x_wconf 72' lang='lat' dir='ltr'>farinae.</span> <span class='ocrx_word' id='word_1_414' title='bbox 501 5538 765 5615; x_wconf 82' lang='lat' dir='ltr'>primoin</span> <span class='ocrx_word' id='word_1_415' title='bbox 786 5542 979 5615; x_wconf 77' lang='lat' dir='ltr'>glossa</span> <span class='ocrx_word' id='word_1_416' title='bbox 999 5542 1265 5615; x_wconf 80' lang='lat' dir='ltr'>positam,</span> <span class='ocrx_word' id='word_1_417' title='bbox 1292 5560 1356 5598; x_wconf 88' lang='lat' dir='ltr'>ac</span> <span class='ocrx_word' id='word_1_418' title='bbox 1380 5548 1579 5615; x_wconf 79' lang='lat' dir='ltr'>postea</span> <span class='ocrx_word' id='word_1_419' title='bbox 1598 5543 1657 5599; x_wconf 90' lang='lat' dir='ltr'>in</span> <span class='ocrx_word' id='word_1_420' title='bbox 1677 5538 1893 5603; x_wconf 83' lang='lat' dir='ltr'>textum</span> 
     </span>
    </p>
   </div>
   <div class='ocr_carea' id='block_1_61' title="bbox 241 5611 1898 5687">
    <p class='ocr_par' dir='ltr' id='par_1_61' title="bbox 241 5611 1898 5687">
     <span class='ocr_line' id='line_1_61' title="bbox 241 5611 1898 5687; baseline 0.008 -26"><span class='ocrx_word' id='word_1_421' title='bbox 241 5612 566 5687; x_wconf 72' lang='lat' dir='ltr'>receptam,</span> <span class='ocrx_word' id='word_1_422' title='bbox 611 5611 851 5687; x_wconf 76' lang='lat' dir='ltr'>demum</span> <span class='ocrx_word' id='word_1_423' title='bbox 908 5611 1046 5687; x_wconf 82' lang='lat' dir='ltr'>inde</span> <span class='ocrx_word' id='word_1_424' title='bbox 1101 5611 1423 5687; x_wconf 83' lang='lat' dir='ltr'>legitimam</span> <span class='ocrx_word' id='word_1_425' title='bbox 1490 5616 1754 5687; x_wconf 89' lang='lat' dir='ltr'>ejectam.</span> <span class='ocrx_word' id='word_1_426' title='bbox 1797 5619 1898 5674; x_wconf 89' lang='lat' dir='ltr'>Est</span> 
     </span>
    </p>
   </div>
   <div class='ocr_carea' id='block_1_62' title="bbox 242 5681 1348 5751">
    <p class='ocr_par' dir='ltr' id='par_1_62' title="bbox 242 5681 1348 5751">
     <span class='ocr_line' id='line_1_62' title="bbox 242 5681 1348 5751; baseline 0.005 -17"><span class='ocrx_word' id='word_1_427' title='bbox 242 5683 442 5736; x_wconf 85' lang='lat' dir='ltr'>autem</span> <span class='ocrx_word' id='word_1_428' title='bbox 478 5681 712 5751; x_wconf 86' lang='lat' dir='ltr'>polenta</span> <span class='ocrx_word' id='word_1_429' title='bbox 741 5685 926 5741; x_wconf 81' lang='lat' dir='ltr'>farina</span> <span class='ocrx_word' id='word_1_430' title='bbox 955 5681 1348 5742; x_wconf 38' lang='lat' dir='ltr'>hordei‘t‘rixa.</span> 
     </span>
    </p>
   </div>
   <div class='ocr_carea' id='block_1_63' title="bbox 1973 574 2300 629">
    <p class='ocr_par' dir='ltr' id='par_1_63' title="bbox 1973 574 2300 629">
     <span class='ocr_line' id='line_1_63' title="bbox 1973 574 2300 629; baseline 0.003 -1"><span class='ocrx_word' id='word_1_431' title='bbox 1973 574 2300 629; x_wconf 82' lang='lat' dir='ltr'>mutasset?</span> 
     </span>
    </p>
   </div>
   <div class='ocr_carea' id='block_1_64' title="bbox 2040 659 3623 733">
    <p class='ocr_par' dir='ltr' id='par_1_64' title="bbox 2040 659 3623 733">
     <span class='ocr_line' id='line_1_64' title="bbox 2040 659 3623 733; baseline 0.002 -18"><span class='ocrx_word' id='word_1_432' title='bbox 2040 661 2093 715; x_wconf 88' lang='lat'>5.</span> <span class='ocrx_word' id='word_1_433' title='bbox 2127 661 2237 716; x_wconf 90' lang='lat' dir='ltr'>Sed</span> <span class='ocrx_word' id='word_1_434' title='bbox 2272 661 2343 716; x_wconf 89' lang='lat' dir='ltr'>de</span> <span class='ocrx_word' id='word_1_435' title='bbox 2372 660 2506 715; x_wconf 79' lang='lat' dir='ltr'>Eliae</span> <span class='ocrx_word' id='word_1_436' title='bbox 2539 660 2721 733; x_wconf 86' lang='lat' dir='ltr'>gestis</span> <span class='ocrx_word' id='word_1_437' title='bbox 2752 659 3006 732; x_wconf 90' lang='lat' dir='ltr'>plurima</span> <span class='ocrx_word' id='word_1_438' title='bbox 3026 660 3150 730; x_wconf 91' lang='lat' dir='ltr'>jam</span> <span class='ocrx_word' id='word_1_439' title='bbox 3196 659 3482 733; x_wconf 87' lang='lat' dir='ltr'>frequenti</span> <span class='ocrx_word' id='word_1_440' title='bbox 3535 662 3623 718; x_wconf 86' lang='lat' dir='ltr'>di-</span> 
     </span>
    </p>
   </div>
   <div class='ocr_carea' id='block_1_65' title="bbox 1973 747 3625 822">
    <p class='ocr_par' dir='ltr' id='par_1_65' title="bbox 1973 747 3625 822">
     <span class='ocr_line' id='line_1_65' title="bbox 1973 747 3625 822; baseline 0.004 -20"><span class='ocrx_word' id='word_1_441' title='bbox 1973 765 2275 805; x_wconf 88' lang='lat' dir='ltr'>versorum</span> <span class='ocrx_word' id='word_1_442' title='bbox 2308 749 2586 804; x_wconf 89' lang='lat' dir='ltr'>librorum</span> <span class='ocrx_word' id='word_1_443' title='bbox 2618 766 2888 805; x_wconf 85' lang='lat' dir='ltr'>sermone</span> <span class='ocrx_word' id='word_1_444' title='bbox 2918 747 3306 822; x_wconf 87' lang='lat' dir='ltr'>digessimus;</span> <span class='ocrx_word' id='word_1_445' title='bbox 3339 756 3395 806; x_wconf 87' lang='lat' dir='ltr'>et</span> <span class='ocrx_word' id='word_1_446' title='bbox 3425 768 3625 808; x_wconf 89' lang='lat' dir='ltr'>caven-</span> 
     </span>
    </p>
   </div>
   <div class='ocr_carea' id='block_1_66' title="bbox 1978 838 3621 914">
    <p class='ocr_par' dir='ltr' id='par_1_66' title="bbox 1978 838 3621 914">
     <span class='ocr_line' id='line_1_66' title="bbox 1978 838 3621 914; baseline 0 -21"><span class='ocrx_word' id='word_1_447' title='bbox 1978 839 2116 893; x_wconf 91' lang='lat' dir='ltr'>dum</span> <span class='ocrx_word' id='word_1_448' title='bbox 2152 839 2402 895; x_wconf 85' lang='lat' dir='ltr'>arbitror</span> <span class='ocrx_word' id='word_1_449' title='bbox 2431 856 2500 894; x_wconf 90' lang='lat' dir='ltr'>ne</span> <span class='ocrx_word' id='word_1_450' title='bbox 2533 838 2589 893; x_wconf 91' lang='lat' dir='ltr'>in</span> <span class='ocrx_word' id='word_1_451' title='bbox 2622 839 2824 894; x_wconf 84' lang='lat' dir='ltr'>eadem</span> <span class='ocrx_word' id='word_1_452' title='bbox 2856 854 3252 903; x_wconf 74' lang='lat' dir='ltr'>recurremus,</span> <span class='ocrx_word' id='word_1_453' title='bbox 3284 856 3419 895; x_wconf 89' lang='lat' dir='ltr'>cum</span> <span class='ocrx_word' id='word_1_454' title='bbox 3478 859 3621 914; x_wconf 78' lang='lat' dir='ltr'>prm-</span> 
     </span>
    </p>
   </div>
   <div class='ocr_carea' id='block_1_67' title="bbox 1977 927 3625 1003">
    <p class='ocr_par' dir='ltr' id='par_1_67' title="bbox 1977 927 3625 1003">
     <span class='ocr_line' id='line_1_67' title="bbox 1977 927 3625 1003; baseline 0.001 -20"><span class='ocrx_word' id='word_1_455' title='bbox 1977 928 2179 983; x_wconf 87' lang='lat' dir='ltr'>sertim</span> <span class='ocrx_word' id='word_1_456' title='bbox 2213 928 2289 982; x_wconf 92' lang='lat' dir='ltr'>im</span> <span class='ocrx_word' id='word_1_457' title='bbox 2324 944 2495 999; x_wconf 90' lang='lat' dir='ltr'>opere</span> <span class='ocrx_word' id='word_1_458' title='bbox 2526 944 2633 983; x_wconf 91' lang='lat' dir='ltr'>suo</span> <span class='ocrx_word' id='word_1_459' title='bbox 2667 927 2789 998; x_wconf 89' lang='lat' dir='ltr'>ipse</span> <span class='ocrx_word' id='word_1_460' title='bbox 2814 927 3103 983; x_wconf 85' lang='lat' dir='ltr'>laudetur.</span> <span class='ocrx_word' id='word_1_461' title='bbox 3138 928 3443 985; x_wconf 81' lang='lat' dir='ltr'>Imitemur</span> <span class='ocrx_word' id='word_1_462' title='bbox 3487 947 3625 1003; x_wconf 83' lang='lat' dir='ltr'>ergo</span> 
     </span>
    </p>
   </div>
   <div class='ocr_carea' id='block_1_68' title="bbox 1977 1017 3625 1089">
    <p class='ocr_par' dir='ltr' id='par_1_68' title="bbox 1977 1017 3625 1089">
     <span class='ocr_line' id='line_1_68' title="bbox 1977 1017 3625 1089; baseline 0.003 -18"><span class='ocrx_word' id='word_1_463' title='bbox 1977 1017 2168 1083; x_wconf 90' lang='lat' dir='ltr'>illum,</span> <span class='ocrx_word' id='word_1_464' title='bbox 2202 1020 2259 1072; x_wconf 87' lang='lat' dir='ltr'>et</span> <span class='ocrx_word' id='word_1_465' title='bbox 2285 1034 2409 1072; x_wconf 88' lang='lat' dir='ltr'>eam</span> <span class='ocrx_word' id='word_1_466' title='bbox 2443 1033 2637 1072; x_wconf 88' lang='lat' dir='ltr'>escam</span> <span class='ocrx_word' id='word_1_467' title='bbox 2670 1033 3021 1089; x_wconf 83' lang='lat' dir='ltr'>quaeramus,</span> <span class='ocrx_word' id='word_1_468' title='bbox 3055 1017 3222 1089; x_wconf 86' lang='lat' dir='ltr'>cujus</span> <span class='ocrx_word' id='word_1_469' title='bbox 3260 1020 3473 1075; x_wconf 89' lang='lat' dir='ltr'>virtute</span> <span class='ocrx_word' id='word_1_470' title='bbox 3505 1022 3625 1076; x_wconf 85' lang='lat' dir='ltr'>die.-</span> 
     </span>
    </p>
   </div>
   <div class='ocr_carea' id='block_1_69' title="bbox 1979 1106 3626 1181">
    <p class='ocr_par' dir='ltr' id='par_1_69' title="bbox 1979 1106 3626 1181">
     <span class='ocr_line' id='line_1_69' title="bbox 1979 1106 3626 1181; baseline 0.004 -21"><span class='ocrx_word' id='word_1_471' title='bbox 1979 1106 2092 1162; x_wconf 92' lang='lat' dir='ltr'>bus</span> <span class='ocrx_word' id='word_1_472' title='bbox 2121 1123 2185 1161; x_wconf 88' lang='lat' dir='ltr'>ae</span> <span class='ocrx_word' id='word_1_473' title='bbox 2211 1107 2478 1161; x_wconf 82' lang='lat' dir='ltr'>noctibus</span> <span class='ocrx_word' id='word_1_474' title='bbox 2508 1106 2778 1178; x_wconf 80' lang='lat' dir='ltr'>progredi</span> <span class='ocrx_word' id='word_1_475' title='bbox 2813 1108 2882 1161; x_wconf 86' lang='lat' dir='ltr'>ad</span> <span class='ocrx_word' id='word_1_476' title='bbox 2908 1123 3295 1180; x_wconf 87' lang='lat' dir='ltr'>supernorum</span> <span class='ocrx_word' id='word_1_477' title='bbox 3330 1109 3626 1181; x_wconf 86' lang='lat' dir='ltr'>possimus</span> 
     </span>
    </p>
   </div>
   <div class='ocr_carea' id='block_1_70' title="bbox 1981 1195 3629 1267">
    <p class='ocr_par' dir='ltr' id='par_1_70' title="bbox 1981 1195 3629 1267">
     <span class='ocr_line' id='line_1_70' title="bbox 1981 1195 3629 1267; baseline 0.003 -16"><span class='ocrx_word' id='word_1_478' title='bbox 1981 1196 2393 1267; x_wconf 79' lang='lat' dir='ltr'>cognitionem.</span> <span class='ocrx_word' id='word_1_479' title='bbox 2417 1196 2540 1250; x_wconf 81' lang='lat' dir='ltr'>Non</span> <span class='ocrx_word' id='word_1_480' title='bbox 2572 1196 2725 1251; x_wconf 90' lang='lat' dir='ltr'>enim</span> <span class='ocrx_word' id='word_1_481' title='bbox 2759 1195 2951 1251; x_wconf 91' lang='lat' dir='ltr'>omnis</span> <span class='ocrx_word' id='word_1_482' title='bbox 2982 1213 3114 1253; x_wconf 89' lang='lat' dir='ltr'>esca</span> <span class='ocrx_word' id='word_1_483' title='bbox 3144 1199 3487 1265; x_wconf 87' lang='lat' dir='ltr'>materialis,</span> <span class='ocrx_word' id='word_1_484' title='bbox 3522 1217 3629 1256; x_wconf 89' lang='lat' dir='ltr'>nec</span> 
     </span>
    </p>
   </div>
   <div class='ocr_carea' id='block_1_71' title="bbox 1981 1284 3629 1357">
    <p class='ocr_par' dir='ltr' id='par_1_71' title="bbox 1981 1284 3629 1357">
     <span class='ocr_line' id='line_1_71' title="bbox 1981 1284 3629 1357; baseline 0.002 -16"><span class='ocrx_word' id='word_1_485' title='bbox 1981 1286 2173 1341; x_wconf 89' lang='lat' dir='ltr'>omnis</span> <span class='ocrx_word' id='word_1_486' title='bbox 2203 1285 2369 1340; x_wconf 89' lang='lat' dir='ltr'>cibus</span> <span class='ocrx_word' id='word_1_487' title='bbox 2400 1284 2736 1357; x_wconf 80' lang='lat' dir='ltr'>corporalis,</span> <span class='ocrx_word' id='word_1_488' title='bbox 2770 1289 2859 1340; x_wconf 89' lang='lat' dir='ltr'>est</span> <span class='ocrx_word' id='word_1_489' title='bbox 2886 1286 3051 1341; x_wconf 87' lang='lat' dir='ltr'>cibus</span> <span class='ocrx_word' id='word_1_490' title='bbox 3083 1288 3315 1353; x_wconf 88' lang='lat' dir='ltr'>mentis,</span> <span class='ocrx_word' id='word_1_491' title='bbox 3362 1293 3429 1344; x_wconf 89' lang='lat' dir='ltr'>ut</span> <span class='ocrx_word' id='word_1_492' title='bbox 3480 1289 3629 1344; x_wconf 82' lang='lat' dir='ltr'>dixi-</span> 
     </span>
    </p>
   </div>
   <div class='ocr_carea' id='block_1_72' title="bbox 1983 1373 3626 1447">
    <p class='ocr_par' dir='ltr' id='par_1_72' title="bbox 1983 1373 3626 1447">
     <span class='ocr_line' id='line_1_72' title="bbox 1983 1373 3626 1447; baseline 0.003 -19"><span class='ocrx_word' id='word_1_493' title='bbox 1983 1390 2137 1436; x_wconf 91' lang='lat' dir='ltr'>mus,</span> <span class='ocrx_word' id='word_1_494' title='bbox 2170 1391 2285 1446; x_wconf 91' lang='lat' dir='ltr'>quo</span> <span class='ocrx_word' id='word_1_495' title='bbox 2313 1374 2628 1446; x_wconf 90' lang='lat' dir='ltr'>epulantur</span> <span class='ocrx_word' id='word_1_496' title='bbox 2657 1373 2885 1442; x_wconf 82' lang='lat' dir='ltr'>animae,</span> <span class='ocrx_word' id='word_1_497' title='bbox 2908 1375 2991 1430; x_wconf 76' lang='lat' dir='ltr'>de</span> <span class='ocrx_word' id='word_1_498' title='bbox 3023 1392 3138 1447; x_wconf 92' lang='lat' dir='ltr'>quo</span> <span class='ocrx_word' id='word_1_499' title='bbox 3178 1377 3258 1431; x_wconf 91' lang='lat' dir='ltr'>ait</span> <span class='ocrx_word' id='word_1_500' title='bbox 3305 1376 3626 1433; x_wconf 91' lang='lat' dir='ltr'>Dominus:</span> 
     </span>
    </p>
   </div>
   <div class='ocr_carea' id='block_1_73' title="bbox 1984 1462 3630 1522">
    <p class='ocr_par' dir='ltr' id='par_1_73' title="bbox 1984 1462 3630 1522">
     <span class='ocr_line' id='line_1_73' title="bbox 1984 1462 3630 1522; baseline 0.002 -4"><span class='ocrx_word' id='word_1_501' title='bbox 1984 1487 2011 1511; x_wconf 92' lang='grc'><em>‹‹</em></span> <span class='ocrx_word' id='word_1_502' title='bbox 2046 1464 2207 1518; x_wconf 83' lang='lat' dir='ltr'>Meus</span> <span class='ocrx_word' id='word_1_503' title='bbox 2231 1462 2395 1518; x_wconf 88' lang='lat' dir='ltr'>cibus</span> <span class='ocrx_word' id='word_1_504' title='bbox 2426 1468 2515 1518; x_wconf 86' lang='lat' dir='ltr'>est</span> <span class='ocrx_word' id='word_1_505' title='bbox 2546 1480 2609 1516; x_wconf 82' lang='lat' dir='ltr'>Ut.</span> <span class='ocrx_word' id='word_1_506' title='bbox 2637 1462 2844 1518; x_wconf 88' lang='lat' dir='ltr'>faciam</span> <span class='ocrx_word' id='word_1_507' title='bbox 2876 1462 3232 1518; x_wconf 74' lang='lat' dir='ltr'>voluntatem</span> <span class='ocrx_word' id='word_1_508' title='bbox 3275 1466 3464 1521; x_wconf 78' lang='lat' dir='ltr'>Patris</span> <span class='ocrx_word' id='word_1_509' title='bbox 3518 1468 3630 1522; x_wconf 84' lang='lat' dir='ltr'>mei</span> 
     </span>
    </p>
   </div>
   <div class='ocr_carea' id='block_1_74' title="bbox 1984 1552 3630 1628">
    <p class='ocr_par' dir='ltr' id='par_1_74' title="bbox 1984 1552 3630 1628">
     <span class='ocr_line' id='line_1_74' title="bbox 1984 1552 3630 1628; baseline 0.002 -21"><span class='ocrx_word' id='word_1_510' title='bbox 1984 1553 2085 1626; x_wconf 89' lang='lat' dir='ltr'>qui</span> <span class='ocrx_word' id='word_1_511' title='bbox 2117 1553 2174 1607; x_wconf 93' lang='lat' dir='ltr'>in</span> <span class='ocrx_word' id='word_1_512' title='bbox 2206 1552 2368 1608; x_wconf 78' lang='lat' dir='ltr'>ccelis</span> <span class='ocrx_word' id='word_1_513' title='bbox 2400 1557 2487 1608; x_wconf 89' lang='lat' dir='ltr'>est</span> <span class='ocrx_word' id='word_1_514' title='bbox 2517 1554 2692 1623; x_wconf 84' lang='lat' dir='ltr'>(Joan.</span> <span class='ocrx_word' id='word_1_515' title='bbox 2724 1571 2800 1622; x_wconf 83' lang='grc' dir='ltr'>ιν,</span> <span class='ocrx_word' id='word_1_516' title='bbox 2834 1554 2941 1624; x_wconf 73' lang='grc'>34).</span> <span class='ocrx_word' id='word_1_517' title='bbox 2976 1575 3003 1602; x_wconf 82' lang='grc'><strong>››</strong></span> <span class='ocrx_word' id='word_1_518' title='bbox 3040 1553 3140 1609; x_wconf 84' lang='lat' dir='ltr'>Hic</span> <span class='ocrx_word' id='word_1_519' title='bbox 3184 1555 3350 1610; x_wconf 79' lang='lat' dir='ltr'>cibus</span> <span class='ocrx_word' id='word_1_520' title='bbox 3397 1555 3630 1628; x_wconf 80' lang='lat' dir='ltr'>angelo-</span> 
     </span>
    </p>
   </div>
   <div class='ocr_carea' id='block_1_75' title="bbox 1984 1641 3632 1714">
    <p class='ocr_par' dir='ltr' id='par_1_75' title="bbox 1984 1641 3632 1714">
     <span class='ocr_line' id='line_1_75' title="bbox 1984 1641 3632 1714; baseline 0.002 -17"><span class='ocrx_word' id='word_1_521' title='bbox 1984 1658 2114 1697; x_wconf 88' lang='lat' dir='ltr'>rum</span> <span class='ocrx_word' id='word_1_522' title='bbox 2144 1646 2251 1707; x_wconf 89' lang='lat' dir='ltr'>est,</span> <span class='ocrx_word' id='word_1_523' title='bbox 2284 1646 2349 1696; x_wconf 89' lang='lat' dir='ltr'>ut</span> <span class='ocrx_word' id='word_1_524' title='bbox 2379 1641 2573 1696; x_wconf 88' lang='lat' dir='ltr'>divino</span> <span class='ocrx_word' id='word_1_525' title='bbox 2606 1642 2967 1698; x_wconf 87' lang='lat' dir='ltr'>famulentur</span> <span class='ocrx_word' id='word_1_526' title='bbox 2996 1642 3261 1714; x_wconf 86' lang='lat' dir='ltr'>imperio.</span> <span class='ocrx_word' id='word_1_527' title='bbox 3295 1643 3462 1700; x_wconf 88' lang='lat' dir='ltr'>Nulla</span> <span class='ocrx_word' id='word_1_528' title='bbox 3513 1644 3632 1700; x_wconf 89' lang='lat' dir='ltr'>illis</span> 
     </span>
    </p>
   </div>
   <div class='ocr_carea' id='block_1_76' title="bbox 1984 1730 3631 1799">
    <p class='ocr_par' dir='ltr' id='par_1_76' title="bbox 1984 1730 3631 1799">
     <span class='ocr_line' id='line_1_76' title="bbox 1984 1730 3631 1799; baseline 0.002 -12"><span class='ocrx_word' id='word_1_529' title='bbox 1984 1749 2123 1787; x_wconf 89' lang='lat' dir='ltr'>cura</span> <span class='ocrx_word' id='word_1_530' title='bbox 2152 1748 2514 1797; x_wconf 87' lang='lat' dir='ltr'>mensarum,</span> <span class='ocrx_word' id='word_1_531' title='bbox 2553 1730 2752 1787; x_wconf 88' lang='lat' dir='ltr'>nullus</span> <span class='ocrx_word' id='word_1_532' title='bbox 2796 1731 3189 1788; x_wconf 87' lang='lat' dir='ltr'>conviviorum</span> <span class='ocrx_word' id='word_1_533' title='bbox 3238 1750 3403 1799; x_wconf 88' lang='lat' dir='ltr'>usus,</span> <span class='ocrx_word' id='word_1_534' title='bbox 3457 1734 3631 1790; x_wconf 65' lang='lat' dir='ltr'>nullis</span> 
     </span>
    </p>
   </div>
   <div class='ocr_carea' id='block_1_77' title="bbox 1984 1818 3636 1893">
    <p class='ocr_par' dir='ltr' id='par_1_77' title="bbox 1984 1818 3636 1893">
     <span class='ocr_line' id='line_1_77' title="bbox 1984 1818 3636 1893; baseline 0.003 -18"><span class='ocrx_word' id='word_1_535' title='bbox 1984 1820 2249 1893; x_wconf 74' lang='lat' dir='ltr'>reposita:</span> <span class='ocrx_word' id='word_1_536' title='bbox 2279 1819 2483 1892; x_wconf 73' lang='lat' dir='ltr'>epulae,</span> <span class='ocrx_word' id='word_1_537' title='bbox 2520 1818 2720 1875; x_wconf 89' lang='lat' dir='ltr'>nullus</span> <span class='ocrx_word' id='word_1_538' title='bbox 2750 1820 2865 1875; x_wconf 91' lang='lat' dir='ltr'>vini</span> <span class='ocrx_word' id='word_1_539' title='bbox 2894 1825 3067 1893; x_wconf 86' lang='lat' dir='ltr'>potus</span> <span class='ocrx_word' id='word_1_540' title='bbox 3098 1826 3199 1876; x_wconf 90' lang='lat' dir='ltr'>aut</span> <span class='ocrx_word' id='word_1_541' title='bbox 3229 1822 3446 1891; x_wconf 67' lang='lat' dir='ltr'>sicerze,</span> <span class='ocrx_word' id='word_1_542' title='bbox 3472 1822 3636 1880; x_wconf 84' lang='lat' dir='ltr'>nulla</span> 
     </span>
    </p>
   </div>
   <div class='ocr_carea' id='block_1_78' title="bbox 1983 1908 3311 1981">
    <p class='ocr_par' dir='ltr' id='par_1_78' title="bbox 1983 1908 3311 1981">
     <span class='ocr_line' id='line_1_78' title="bbox 1983 1908 3311 1981; baseline 0 -16"><span class='ocrx_word' id='word_1_543' title='bbox 1983 1909 2264 1966; x_wconf 83' lang='lat' dir='ltr'>distensio</span> <span class='ocrx_word' id='word_1_544' title='bbox 2297 1908 2575 1981; x_wconf 87' lang='lat' dir='ltr'>corporis,</span> <span class='ocrx_word' id='word_1_545' title='bbox 2609 1909 2773 1964; x_wconf 91' lang='lat' dir='ltr'>nulla</span> <span class='ocrx_word' id='word_1_546' title='bbox 2799 1909 3017 1965; x_wconf 84' lang='lat' dir='ltr'>ventris</span> <span class='ocrx_word' id='word_1_547' title='bbox 3048 1910 3311 1966; x_wconf 74' lang='lat' dir='ltr'>oti‘ensio.</span> 
     </span>
    </p>
   </div>
   <div class='ocr_carea' id='block_1_79' title="bbox 2621 2016 2992 2073">
    <p class='ocr_par' dir='ltr' id='par_1_79' title="bbox 2621 2016 2992 2073">
     <span class='ocr_line' id='line_1_79' title="bbox 2621 2016 2992 2073; baseline 0.003 -1"><span class='ocrx_word' id='word_1_548' title='bbox 2621 2017 2854 2072; x_wconf 83' lang='lat' dir='ltr'>CAPUT</span> <span class='ocrx_word' id='word_1_549' title='bbox 2905 2016 2992 2073; x_wconf 78' lang='lat' dir='ltr'>IV.</span> 
     </span>
    </p>
   </div>
   <div class='ocr_carea' id='block_1_80' title="bbox 1983 2107 3636 2180">
    <p class='ocr_par' dir='ltr' id='par_1_80' title="bbox 1983 2107 3636 2180">
     <span class='ocr_line' id='line_1_80' title="bbox 1983 2107 3636 2180; baseline 0.001 -18"><span class='ocrx_word' id='word_1_550' title='bbox 1983 2107 2055 2162; x_wconf 84' lang='lat' dir='ltr'>De</span> <span class='ocrx_word' id='word_1_551' title='bbox 2082 2108 2297 2180; x_wconf 79' lang='lat' dir='ltr'>origine</span> <span class='ocrx_word' id='word_1_552' title='bbox 2324 2108 2375 2160; x_wconf 80' lang='lat' dir='ltr'>et</span> <span class='ocrx_word' id='word_1_553' title='bbox 2405 2107 2735 2180; x_wconf 76' lang='lat' dir='ltr'>antiquitate</span> <span class='ocrx_word' id='word_1_554' title='bbox 2756 2107 2984 2180; x_wconf 83' lang='lat' dir='ltr'>jejunii,</span> <span class='ocrx_word' id='word_1_555' title='bbox 3021 2124 3054 2161; x_wconf 89' lang='lat' dir='ltr'>a</span> <span class='ocrx_word' id='word_1_556' title='bbox 3101 2123 3205 2177; x_wconf 86' lang='lat' dir='ltr'>quo</span> <span class='ocrx_word' id='word_1_557' title='bbox 3251 2110 3469 2180; x_wconf 77' lang='lat' dir='ltr'>primus</span> <span class='ocrx_word' id='word_1_558' title='bbox 3507 2126 3636 2166; x_wconf 69' lang='lat' dir='ltr'>usus</span> 
     </span>
    </p>
   </div>
   <div class='ocr_carea' id='block_1_81' title="bbox 2056 2178 3638 2249">
    <p class='ocr_par' dir='ltr' id='par_1_81' title="bbox 2056 2178 3638 2249">
     <span class='ocr_line' id='line_1_81' title="bbox 2056 2178 3638 2249; baseline 0.004 -18"><span class='ocrx_word' id='word_1_559' title='bbox 2056 2178 2250 2232; x_wconf 81' lang='lat' dir='ltr'>mundi</span> <span class='ocrx_word' id='word_1_560' title='bbox 2276 2178 2460 2249; x_wconf 57' lang='grc' dir='ltr'>σῶμα,</span> <span class='ocrx_word' id='word_1_561' title='bbox 2490 2178 2555 2249; x_wconf 85' lang='lat' dir='ltr'>de</span> <span class='ocrx_word' id='word_1_562' title='bbox 2584 2193 2687 2248; x_wconf 84' lang='lat' dir='ltr'>quo</span> <span class='ocrx_word' id='word_1_563' title='bbox 2712 2178 2898 2249; x_wconf 77' lang='lat' dir='ltr'>prima</span> <span class='ocrx_word' id='word_1_564' title='bbox 2930 2179 3019 2233; x_wconf 73' lang='lat' dir='ltr'>lea:</span> <span class='ocrx_word' id='word_1_565' title='bbox 3057 2181 3116 2233; x_wconf 84' lang='lat' dir='ltr'>in</span> <span class='ocrx_word' id='word_1_566' title='bbox 3144 2178 3398 2248; x_wconf 77' lang='lat' dir='ltr'>paradiso</span> <span class='ocrx_word' id='word_1_567' title='bbox 3443 2183 3638 2237; x_wconf 63' lang='lat' dir='ltr'>consti-</span> 
     </span>
    </p>
   </div>
   <div class='ocr_carea' id='block_1_82' title="bbox 2057 2248 3634 2330">
    <p class='ocr_par' dir='ltr' id='par_1_82' title="bbox 2057 2248 3634 2330">
     <span class='ocr_line' id='line_1_82' title="bbox 2057 2248 3634 2330; baseline 0.004 -27"><span class='ocrx_word' id='word_1_568' title='bbox 2057 2253 2171 2303; x_wconf 84' lang='lat' dir='ltr'>tuta</span> <span class='ocrx_word' id='word_1_569' title='bbox 2201 2248 2367 2330; x_wconf 50' lang='lat' dir='ltr'>fuit,</span> <span class='ocrx_word' id='word_1_570' title='bbox 2401 2248 2541 2318; x_wconf 87' lang='lat' dir='ltr'>quod</span> <span class='ocrx_word' id='word_1_571' title='bbox 2587 2248 2805 2304; x_wconf 79' lang='lat' dir='ltr'>tandem</span> <span class='ocrx_word' id='word_1_572' title='bbox 2861 2265 2993 2321; x_wconf 85' lang='lat' dir='ltr'>quos</span> <span class='ocrx_word' id='word_1_573' title='bbox 3053 2252 3187 2319; x_wconf 78' lang='lat' dir='ltr'>gula</span> <span class='ocrx_word' id='word_1_574' title='bbox 3255 2252 3634 2321; x_wconf 81' lang='lat' dir='ltr'>denudaverit,</span> 
     </span>
    </p>
   </div>
   <div class='ocr_carea' id='block_1_83' title="bbox 2057 2325 2249 2392">
    <p class='ocr_par' dir='ltr' id='par_1_83' title="bbox 2057 2325 2249 2392">
     <span class='ocr_line' id='line_1_83' title="bbox 2057 2325 2249 2392; baseline -0.01 -17"><span class='ocrx_word' id='word_1_575' title='bbox 2057 2325 2249 2392; x_wconf 81' lang='lat' dir='ltr'>aperit.</span> 
     </span>
    </p>
   </div>
   <div class='ocr_carea' id='block_1_84' title="bbox 2056 2426 3642 2504">
    <p class='ocr_par' dir='ltr' id='par_1_84' title="bbox 2056 2426 3642 2504">
     <span class='ocr_line' id='line_1_84' title="bbox 2056 2426 3642 2504; baseline 0.003 -24"><span class='ocrx_word' id='word_1_576' title='bbox 2056 2428 2111 2481; x_wconf 93' lang='lat'>6.</span> <span class='ocrx_word' id='word_1_577' title='bbox 2144 2426 2343 2497; x_wconf 87' lang='lat' dir='ltr'>Itaque</span> <span class='ocrx_word' id='word_1_578' title='bbox 2381 2441 2453 2481; x_wconf 90' lang='lat' dir='ltr'>ne</span> <span class='ocrx_word' id='word_1_579' title='bbox 2488 2430 2784 2482; x_wconf 88' lang='lat' dir='ltr'>terrenum</span> <span class='ocrx_word' id='word_1_580' title='bbox 2824 2427 2956 2499; x_wconf 89' lang='lat' dir='ltr'>quis</span> <span class='ocrx_word' id='word_1_581' title='bbox 2994 2433 3095 2484; x_wconf 88' lang='lat' dir='ltr'>aut</span> <span class='ocrx_word' id='word_1_582' title='bbox 3142 2428 3434 2486; x_wconf 89' lang='lat' dir='ltr'>novellum</span> <span class='ocrx_word' id='word_1_583' title='bbox 3476 2434 3642 2504; x_wconf 86' lang='lat' dir='ltr'>putet</span> 
     </span>
    </p>
   </div>
   <div class='ocr_carea' id='block_1_85' title="bbox 1989 2514 3641 2592">
    <p class='ocr_par' dir='ltr' id='par_1_85' title="bbox 1989 2514 3641 2592">
     <span class='ocr_line' id='line_1_85' title="bbox 1989 2514 3641 2592; baseline 0.001 -21"><span class='ocrx_word' id='word_1_584' title='bbox 1989 2531 2117 2572; x_wconf 90' lang='lat' dir='ltr'>esse</span> <span class='ocrx_word' id='word_1_585' title='bbox 2138 2515 2457 2586; x_wconf 84' lang='lat' dir='ltr'>jejunium,</span> <span class='ocrx_word' id='word_1_586' title='bbox 2490 2514 2719 2585; x_wconf 88' lang='lat' dir='ltr'>primus</span> <span class='ocrx_word' id='word_1_587' title='bbox 2748 2532 2893 2572; x_wconf 88' lang='lat' dir='ltr'>usus</span> <span class='ocrx_word' id='word_1_588' title='bbox 2923 2519 3128 2573; x_wconf 90' lang='lat' dir='ltr'>mundi</span> <span class='ocrx_word' id='word_1_589' title='bbox 3160 2536 3195 2575; x_wconf 88' lang='lat' dir='ltr'>a</span> <span class='ocrx_word' id='word_1_590' title='bbox 3216 2520 3444 2590; x_wconf 90' lang='lat' dir='ltr'>jejunio</span> <span class='ocrx_word' id='word_1_591' title='bbox 3466 2519 3641 2592; x_wconf 70' lang='lat' dir='ltr'>cmpit</span> 
     </span>
    </p>
   </div>
   <div class='ocr_carea' id='block_1_86' title="bbox 1990 2602 3641 2678">
    <p class='ocr_par' dir='ltr' id='par_1_86' title="bbox 1990 2602 3641 2678">
     <span class='ocr_line' id='line_1_86' title="bbox 1990 2602 3641 2678; baseline 0.004 -19"><span class='ocrx_word' id='word_1_592' title='bbox 1990 2605 2227 2676; x_wconf 86' lang='lat' dir='ltr'>quando</span> <span class='ocrx_word' id='word_1_593' title='bbox 2260 2603 2359 2657; x_wconf 88' lang='lat' dir='ltr'>lux</span> <span class='ocrx_word' id='word_1_594' title='bbox 2390 2602 2547 2658; x_wconf 89' lang='lat' dir='ltr'>clara</span> <span class='ocrx_word' id='word_1_595' title='bbox 2578 2604 2941 2676; x_wconf 87' lang='lat' dir='ltr'>resplenduit</span> <span class='ocrx_word' id='word_1_596' title='bbox 2974 2606 3124 2675; x_wconf 79' lang='lat' dir='ltr'>(Gen.</span> <span class='ocrx_word' id='word_1_597' title='bbox 3161 2625 3201 2671; x_wconf 86' lang='lat'>1,</span> <span class='ocrx_word' id='word_1_598' title='bbox 3234 2609 3307 2678; x_wconf 88' lang='lat'>3).</span> <span class='ocrx_word' id='word_1_599' title='bbox 3339 2610 3641 2667; x_wconf 82' lang='lat' dir='ltr'>Secundus</span> 
     </span>
    </p>
   </div>
   <div class='ocr_carea' id='block_1_87' title="bbox 1990 2692 3640 2763">
    <p class='ocr_par' dir='ltr' id='par_1_87' title="bbox 1990 2692 3640 2763">
     <span class='ocr_line' id='line_1_87' title="bbox 1990 2692 3640 2763; baseline 0.003 -15"><span class='ocrx_word' id='word_1_600' title='bbox 1990 2693 2114 2749; x_wconf 91' lang='lat' dir='ltr'>dies</span> <span class='ocrx_word' id='word_1_601' title='bbox 2144 2693 2201 2747; x_wconf 91' lang='lat' dir='ltr'>in</span> <span class='ocrx_word' id='word_1_602' title='bbox 2222 2692 2470 2763; x_wconf 78' lang='lat' dir='ltr'>jejunio,</span> <span class='ocrx_word' id='word_1_603' title='bbox 2503 2693 2739 2763; x_wconf 87' lang='lat' dir='ltr'>quando</span> <span class='ocrx_word' id='word_1_604' title='bbox 2766 2692 2890 2748; x_wconf 66' lang='lat' dir='ltr'>caeli</span> <span class='ocrx_word' id='word_1_605' title='bbox 2924 2693 3143 2750; x_wconf 89' lang='lat' dir='ltr'>factum</span> <span class='ocrx_word' id='word_1_606' title='bbox 3175 2700 3267 2751; x_wconf 88' lang='lat' dir='ltr'>est</span> <span class='ocrx_word' id='word_1_607' title='bbox 3305 2697 3640 2753; x_wconf 81' lang='lat' dir='ltr'>firmamen-</span> 
     </span>
    </p>
   </div>
   <div class='ocr_carea' id='block_1_88' title="bbox 1988 2781 3643 2856">
    <p class='ocr_par' dir='ltr' id='par_1_88' title="bbox 1988 2781 3643 2856">
     <span class='ocr_line' id='line_1_88' title="bbox 1988 2781 3643 2856; baseline 0.003 -19"><span class='ocrx_word' id='word_1_608' title='bbox 1988 2787 2116 2837; x_wconf 87' lang='lat' dir='ltr'>tum</span> <span class='ocrx_word' id='word_1_609' title='bbox 2142 2782 2301 2854; x_wconf 83' lang='lat' dir='ltr'>(Ibid.</span> <span class='ocrx_word' id='word_1_610' title='bbox 2333 2782 2410 2852; x_wconf 90' lang='lat'>6).</span> <span class='ocrx_word' id='word_1_611' title='bbox 2443 2781 2636 2837; x_wconf 88' lang='lat' dir='ltr'>Tertio</span> <span class='ocrx_word' id='word_1_612' title='bbox 2677 2781 2770 2836; x_wconf 89' lang='lat' dir='ltr'>die</span> <span class='ocrx_word' id='word_1_613' title='bbox 2818 2782 3101 2854; x_wconf 88' lang='lat' dir='ltr'>pabulum</span> <span class='ocrx_word' id='word_1_614' title='bbox 3144 2788 3301 2841; x_wconf 89' lang='lat' dir='ltr'>terra</span> <span class='ocrx_word' id='word_1_615' title='bbox 3346 2786 3643 2856; x_wconf 84' lang='lat' dir='ltr'>germina-</span> 
     </span>
    </p>
   </div>
   <div class='ocr_carea' id='block_1_89' title="bbox 1990 2870 3640 2944">
    <p class='ocr_par' dir='ltr' id='par_1_89' title="bbox 1990 2870 3640 2944">
     <span class='ocr_line' id='line_1_89' title="bbox 1990 2870 3640 2944; baseline 0.002 -18"><span class='ocrx_word' id='word_1_616' title='bbox 1990 2872 2072 2926; x_wconf 88' lang='lat' dir='ltr'>vit</span> <span class='ocrx_word' id='word_1_617' title='bbox 2099 2871 2259 2941; x_wconf 89' lang='lat' dir='ltr'>(Ibid.</span> <span class='ocrx_word' id='word_1_618' title='bbox 2294 2871 2405 2943; x_wconf 80' lang='lat' dir='ltr'>lt),</span> <span class='ocrx_word' id='word_1_619' title='bbox 2438 2874 2650 2925; x_wconf 81' lang='lat' dir='ltr'>natura</span> <span class='ocrx_word' id='word_1_620' title='bbox 2673 2870 3021 2943; x_wconf 88' lang='lat' dir='ltr'>obsequium</span> <span class='ocrx_word' id='word_1_621' title='bbox 3054 2873 3319 2944; x_wconf 74' lang='lat' dir='ltr'>praebuit,</span> <span class='ocrx_word' id='word_1_622' title='bbox 3344 2873 3640 2944; x_wconf 86' lang='lat' dir='ltr'>jejunium</span> 
     </span>
    </p>
   </div>
   <div class='ocr_carea' id='block_1_90' title="bbox 1992 2958 3643 3030">
    <p class='ocr_par' dir='ltr' id='par_1_90' title="bbox 1992 2958 3643 3030">
     <span class='ocr_line' id='line_1_90' title="bbox 1992 2958 3643 3030; baseline 0.001 -15"><span class='ocrx_word' id='word_1_623' title='bbox 1992 2964 2189 3015; x_wconf 87' lang='lat' dir='ltr'>tamen</span> <span class='ocrx_word' id='word_1_624' title='bbox 2219 2958 2472 3014; x_wconf 87' lang='lat' dir='ltr'>coelestis</span> <span class='ocrx_word' id='word_1_625' title='bbox 2502 2958 2818 3030; x_wconf 89' lang='lat' dir='ltr'>disciplina</span> <span class='ocrx_word' id='word_1_626' title='bbox 2847 2960 3133 3016; x_wconf 88' lang='lat' dir='ltr'>servabat.</span> <span class='ocrx_word' id='word_1_627' title='bbox 3167 2960 3384 3024; x_wconf 89' lang='lat' dir='ltr'>Quarto</span> <span class='ocrx_word' id='word_1_628' title='bbox 3415 2962 3509 3018; x_wconf 89' lang='lat' dir='ltr'>die</span> <span class='ocrx_word' id='word_1_629' title='bbox 3551 2961 3643 3017; x_wconf 90' lang='lat' dir='ltr'>lu-</span> 
     </span>
    </p>
   </div>
   <div class='ocr_carea' id='block_1_91' title="bbox 1994 3046 3644 3122">
    <p class='ocr_par' dir='ltr' id='par_1_91' title="bbox 1994 3046 3644 3122">
     <span class='ocr_line' id='line_1_91' title="bbox 1994 3046 3644 3122; baseline 0.002 -19"><span class='ocrx_word' id='word_1_630' title='bbox 1994 3047 2242 3104; x_wconf 89' lang='lat' dir='ltr'>minaria</span> <span class='ocrx_word' id='word_1_631' title='bbox 2273 3048 2425 3103; x_wconf 87' lang='lat' dir='ltr'>facta</span> <span class='ocrx_word' id='word_1_632' title='bbox 2445 3052 2585 3102; x_wconf 91' lang='lat' dir='ltr'>sunt</span> <span class='ocrx_word' id='word_1_633' title='bbox 2614 3046 2757 3103; x_wconf 91' lang='lat' dir='ltr'>solis</span> <span class='ocrx_word' id='word_1_634' title='bbox 2786 3052 2842 3103; x_wconf 88' lang='lat' dir='ltr'>et</span> <span class='ocrx_word' id='word_1_635' title='bbox 2870 3047 3022 3104; x_wconf 69' lang='lat' dir='ltr'>luna:</span> <span class='ocrx_word' id='word_1_636' title='bbox 3045 3049 3202 3120; x_wconf 88' lang='lat' dir='ltr'>(Ibid.</span> <span class='ocrx_word' id='word_1_637' title='bbox 3235 3051 3343 3122; x_wconf 87' lang='grc'>16),</span> <span class='ocrx_word' id='word_1_638' title='bbox 3366 3055 3424 3106; x_wconf 89' lang='lat' dir='ltr'>et</span> <span class='ocrx_word' id='word_1_639' title='bbox 3451 3050 3644 3106; x_wconf 89' lang='lat' dir='ltr'>adhuc</span> 
     </span>
    </p>
   </div>
   <div class='ocr_carea' id='block_1_92' title="bbox 1987 3137 3647 3213">
    <p class='ocr_par' dir='ltr' id='par_1_92' title="bbox 1987 3137 3647 3213">
     <span class='ocr_line' id='line_1_92' title="bbox 1987 3137 3647 3213; baseline 0.002 -20"><span class='ocrx_word' id='word_1_640' title='bbox 1987 3138 2302 3208; x_wconf 90' lang='lat' dir='ltr'>jejunium.</span> <span class='ocrx_word' id='word_1_641' title='bbox 2337 3137 2548 3203; x_wconf 88' lang='lat' dir='ltr'>Quinto</span> <span class='ocrx_word' id='word_1_642' title='bbox 2573 3138 2669 3193; x_wconf 88' lang='lat' dir='ltr'>die</span> <span class='ocrx_word' id='word_1_643' title='bbox 2718 3139 3123 3210; x_wconf 87' lang='lat' dir='ltr'>produxerunt</span> <span class='ocrx_word' id='word_1_644' title='bbox 3171 3156 3335 3213; x_wconf 67' lang='lat' dir='ltr'>aquae</span> <span class='ocrx_word' id='word_1_645' title='bbox 3384 3141 3647 3213; x_wconf 88' lang='lat' dir='ltr'>repentia</span> 
     </span>
    </p>
   </div>
   <div class='ocr_carea' id='block_1_93' title="bbox 1916 3218 3648 3302">
    <p class='ocr_par' dir='ltr' id='par_1_93' title="bbox 1916 3218 3648 3302">
     <span class='ocr_line' id='line_1_93' title="bbox 1916 3218 3648 3302; baseline 0.001 -18"><span class='ocrx_word' id='word_1_646' title='bbox 1916 3218 1959 3284; x_wconf 86' lang='lat' dir='ltr'>C</span> <span class='ocrx_word' id='word_1_647' title='bbox 1997 3228 2328 3283; x_wconf 89' lang='lat' dir='ltr'>animarum</span> <span class='ocrx_word' id='word_1_648' title='bbox 2358 3225 2699 3293; x_wconf 89' lang='lat' dir='ltr'>viventium,</span> <span class='ocrx_word' id='word_1_649' title='bbox 2738 3231 2795 3282; x_wconf 89' lang='lat' dir='ltr'>et</span> <span class='ocrx_word' id='word_1_650' title='bbox 2846 3226 3103 3284; x_wconf 89' lang='lat' dir='ltr'>volatilia</span> <span class='ocrx_word' id='word_1_651' title='bbox 3156 3227 3414 3285; x_wconf 87' lang='lat' dir='ltr'>volantia</span> <span class='ocrx_word' id='word_1_652' title='bbox 3469 3246 3648 3302; x_wconf 89' lang='lat' dir='ltr'>super</span> 
     </span>
    </p>
   </div>
   <div class='ocr_carea' id='block_1_94' title="bbox 1994 3316 3646 3375">
    <p class='ocr_par' dir='ltr' id='par_1_94' title="bbox 1994 3316 3646 3375">
     <span class='ocr_line' id='line_1_94' title="bbox 1994 3316 3646 3375; baseline 0.001 -3"><span class='ocrx_word' id='word_1_653' title='bbox 1994 3321 2209 3373; x_wconf 86' lang='lat' dir='ltr'>terram</span> <span class='ocrx_word' id='word_1_654' title='bbox 2232 3316 2553 3372; x_wconf 88' lang='lat' dir='ltr'>secundum</span> <span class='ocrx_word' id='word_1_655' title='bbox 2580 3316 3016 3372; x_wconf 77' lang='lat' dir='ltr'>firmamentum</span> <span class='ocrx_word' id='word_1_656' title='bbox 3044 3317 3170 3373; x_wconf 68' lang='lat' dir='ltr'>caeli</span> <span class='ocrx_word' id='word_1_657' title='bbox 3197 3335 3210 3373; x_wconf 90' lang='lat'>:</span> <span class='ocrx_word' id='word_1_658' title='bbox 3245 3322 3302 3375; x_wconf 89' lang='lat' dir='ltr'>et</span> <span class='ocrx_word' id='word_1_659' title='bbox 3327 3317 3473 3375; x_wconf 88' lang='lat' dir='ltr'>vidit</span> <span class='ocrx_word' id='word_1_660' title='bbox 3492 3319 3646 3375; x_wconf 88' lang='lat' dir='ltr'>Deus</span> 
     </span>
    </p>
   </div>
   <div class='ocr_carea' id='block_1_95' title="bbox 1995 3404 3646 3478">
    <p class='ocr_par' dir='ltr' id='par_1_95' title="bbox 1995 3404 3646 3478">
     <span class='ocr_line' id='line_1_95' title="bbox 1995 3404 3646 3478; baseline 0.003 -19"><span class='ocrx_word' id='word_1_661' title='bbox 1995 3406 2134 3478; x_wconf 85' lang='lat' dir='ltr'>quia</span> <span class='ocrx_word' id='word_1_662' title='bbox 2190 3406 2342 3460; x_wconf 87' lang='lat' dir='ltr'>bona</span> <span class='ocrx_word' id='word_1_663' title='bbox 2400 3405 2558 3475; x_wconf 87' lang='lat' dir='ltr'>(Ibid.</span> <span class='ocrx_word' id='word_1_664' title='bbox 2614 3404 2728 3477; x_wconf 88' lang='grc'>21),</span> <span class='ocrx_word' id='word_1_665' title='bbox 2790 3410 2849 3461; x_wconf 89' lang='lat' dir='ltr'>et</span> <span class='ocrx_word' id='word_1_666' title='bbox 2905 3406 3205 3463; x_wconf 80' lang='lat' dir='ltr'>benedixit</span> <span class='ocrx_word' id='word_1_667' title='bbox 3257 3424 3345 3475; x_wconf 90' lang='lat' dir='ltr'>ea,</span> <span class='ocrx_word' id='word_1_668' title='bbox 3407 3408 3646 3464; x_wconf 87' lang='lat' dir='ltr'>dicens:</span> 
     </span>
    </p>
   </div>
   <div class='ocr_carea' id='block_1_96' title="bbox 1997 3492 3650 3569">
    <p class='ocr_par' dir='ltr' id='par_1_96' title="bbox 1997 3492 3650 3569">
     <span class='ocr_line' id='line_1_96' title="bbox 1997 3492 3650 3569; baseline 0.005 -25"><span class='ocrx_word' id='word_1_669' title='bbox 1997 3517 2025 3544; x_wconf 83' lang='lat'><strong>«</strong></span> <span class='ocrx_word' id='word_1_670' title='bbox 2057 3493 2310 3550; x_wconf 88' lang='lat' dir='ltr'>Crescite</span> <span class='ocrx_word' id='word_1_671' title='bbox 2340 3497 2397 3548; x_wconf 89' lang='lat' dir='ltr'>et</span> <span class='ocrx_word' id='word_1_672' title='bbox 2427 3492 2928 3565; x_wconf 88' lang='lat' dir='ltr'>multiplicamini,</span> <span class='ocrx_word' id='word_1_673' title='bbox 2961 3502 3018 3551; x_wconf 89' lang='lat' dir='ltr'>et</span> <span class='ocrx_word' id='word_1_674' title='bbox 3049 3496 3266 3568; x_wconf 85' lang='lat' dir='ltr'>replete</span> <span class='ocrx_word' id='word_1_675' title='bbox 3296 3514 3482 3569; x_wconf 86' lang='lat' dir='ltr'>aquas</span> <span class='ocrx_word' id='word_1_676' title='bbox 3522 3513 3650 3568; x_wconf 66' lang='lat' dir='ltr'>quae</span> 
     </span>
    </p>
   </div>
   <div class='ocr_carea' id='block_1_97' title="bbox 1996 3581 3651 3656">
    <p class='ocr_par' dir='ltr' id='par_1_97' title="bbox 1996 3581 3651 3656">
     <span class='ocr_line' id='line_1_97' title="bbox 1996 3581 3651 3656; baseline 0 -17"><span class='ocrx_word' id='word_1_677' title='bbox 1996 3587 2135 3639; x_wconf 90' lang='lat' dir='ltr'>sunt</span> <span class='ocrx_word' id='word_1_678' title='bbox 2167 3582 2224 3637; x_wconf 89' lang='lat' dir='ltr'>in</span> <span class='ocrx_word' id='word_1_679' title='bbox 2257 3582 2409 3637; x_wconf 71' lang='lat'><strong>538</strong></span> <span class='ocrx_word' id='word_1_680' title='bbox 2440 3581 2624 3636; x_wconf 88' lang='lat' dir='ltr'>mari:</span> <span class='ocrx_word' id='word_1_681' title='bbox 2658 3586 2712 3636; x_wconf 88' lang='lat' dir='ltr'>et</span> <span class='ocrx_word' id='word_1_682' title='bbox 2742 3581 3001 3638; x_wconf 87' lang='lat' dir='ltr'>volatilia</span> <span class='ocrx_word' id='word_1_683' title='bbox 3032 3583 3502 3656; x_wconf 88' lang='lat' dir='ltr'>multiplicentur</span> <span class='ocrx_word' id='word_1_684' title='bbox 3547 3602 3651 3640; x_wconf 90' lang='lat' dir='ltr'>su-</span> 
     </span>
    </p>
   </div>
   <div class='ocr_carea' id='block_1_98' title="bbox 1995 3670 3651 3744">
    <p class='ocr_par' dir='ltr' id='par_1_98' title="bbox 1995 3670 3651 3744">
     <span class='ocr_line' id='line_1_98' title="bbox 1995 3670 3651 3744; baseline 0.002 -19"><span class='ocrx_word' id='word_1_685' title='bbox 1995 3688 2100 3743; x_wconf 89' lang='lat' dir='ltr'>per</span> <span class='ocrx_word' id='word_1_686' title='bbox 2127 3674 2339 3725; x_wconf 84' lang='lat' dir='ltr'>terram</span> <span class='ocrx_word' id='word_1_687' title='bbox 2366 3670 2520 3740; x_wconf 88' lang='lat' dir='ltr'>(Ibid.</span> <span class='ocrx_word' id='word_1_688' title='bbox 2543 3671 2656 3737; x_wconf 88' lang='lat'>22).</span> <span class='ocrx_word' id='word_1_689' title='bbox 2682 3692 2707 3718; x_wconf 84' lang='lat'><strong>»</strong></span> <span class='ocrx_word' id='word_1_690' title='bbox 2735 3670 2802 3725; x_wconf 90' lang='lat' dir='ltr'>Et</span> <span class='ocrx_word' id='word_1_691' title='bbox 2830 3670 3022 3727; x_wconf 87' lang='lat' dir='ltr'>adhuc</span> <span class='ocrx_word' id='word_1_692' title='bbox 3044 3672 3362 3743; x_wconf 84' lang='lat' dir='ltr'>jejunium.</span> <span class='ocrx_word' id='word_1_693' title='bbox 3387 3675 3651 3744; x_wconf 87' lang='lat' dir='ltr'>Denique</span> 
     </span>
    </p>
   </div>
   <div class='ocr_carea' id='block_1_99' title="bbox 1997 3758 3652 3829">
    <p class='ocr_par' dir='ltr' id='par_1_99' title="bbox 1997 3758 3652 3829">
     <span class='ocr_line' id='line_1_99' title="bbox 1997 3758 3652 3829; baseline 0.002 -14"><span class='ocrx_word' id='word_1_694' title='bbox 1997 3758 2293 3815; x_wconf 82' lang='lat' dir='ltr'>benedixit</span> <span class='ocrx_word' id='word_1_695' title='bbox 2323 3774 2409 3823; x_wconf 89' lang='lat' dir='ltr'>ea,</span> <span class='ocrx_word' id='word_1_696' title='bbox 2443 3758 2595 3814; x_wconf 90' lang='lat' dir='ltr'>sicut</span> <span class='ocrx_word' id='word_1_697' title='bbox 2625 3758 2911 3829; x_wconf 86' lang='lat' dir='ltr'>scriptum</span> <span class='ocrx_word' id='word_1_698' title='bbox 2958 3764 3066 3826; x_wconf 90' lang='lat' dir='ltr'>est,</span> <span class='ocrx_word' id='word_1_699' title='bbox 3117 3766 3175 3815; x_wconf 86' lang='lat' dir='ltr'>et</span> <span class='ocrx_word' id='word_1_700' title='bbox 3220 3761 3405 3817; x_wconf 80' lang='lat' dir='ltr'>dixit:</span> <span class='ocrx_word' id='word_1_701' title='bbox 3448 3785 3475 3811; x_wconf 83' lang='lat'><strong>«</strong></span> <span class='ocrx_word' id='word_1_702' title='bbox 3522 3764 3652 3818; x_wconf 83' lang='lat' dir='ltr'>Cre-</span> 
     </span>
    </p>
   </div>
   <div class='ocr_carea' id='block_1_100' title="bbox 1999 3846 3650 3911">
    <p class='ocr_par' dir='ltr' id='par_1_100' title="bbox 1999 3846 3650 3911">
     <span class='ocr_line' id='line_1_100' title="bbox 1999 3846 3650 3911; baseline 0.002 -9"><span class='ocrx_word' id='word_1_703' title='bbox 1999 3848 2141 3903; x_wconf 88' lang='lat' dir='ltr'>scite</span> <span class='ocrx_word' id='word_1_704' title='bbox 2175 3868 2225 3911; x_wconf 82' lang='lat'>».</span> <span class='ocrx_word' id='word_1_705' title='bbox 2257 3851 2314 3902; x_wconf 89' lang='lat' dir='ltr'>et</span> <span class='ocrx_word' id='word_1_706' title='bbox 2342 3864 2457 3902; x_wconf 90' lang='lat' dir='ltr'>non</span> <span class='ocrx_word' id='word_1_707' title='bbox 2510 3846 2691 3901; x_wconf 85' lang='lat' dir='ltr'>dixit:</span> <span class='ocrx_word' id='word_1_708' title='bbox 2744 3847 2907 3902; x_wconf 89' lang='lat' dir='ltr'>Edite</span> <span class='ocrx_word' id='word_1_709' title='bbox 2953 3852 3011 3902; x_wconf 87' lang='lat' dir='ltr'>et</span> <span class='ocrx_word' id='word_1_710' title='bbox 3063 3849 3432 3904; x_wconf 84' lang='lat' dir='ltr'>manducate.</span> <span class='ocrx_word' id='word_1_711' title='bbox 3483 3855 3650 3905; x_wconf 75' lang='lat' dir='ltr'>Sexto</span> 
     </span>
    </p>
   </div>
   <div class='ocr_carea' id='block_1_101' title="bbox 2001 3936 3650 4007">
    <p class='ocr_par' dir='ltr' id='par_1_101' title="bbox 2001 3936 3650 4007">
     <span class='ocr_line' id='line_1_101' title="bbox 2001 3936 3650 4007; baseline 0.001 -17"><span class='ocrx_word' id='word_1_712' title='bbox 2001 3936 2091 3991; x_wconf 86' lang='lat' dir='ltr'>die</span> <span class='ocrx_word' id='word_1_713' title='bbox 2121 3936 2320 3992; x_wconf 64' lang='lat' dir='ltr'>bestiae</span> <span class='ocrx_word' id='word_1_714' title='bbox 2345 3940 2482 3991; x_wconf 90' lang='lat' dir='ltr'>sunt</span> <span class='ocrx_word' id='word_1_715' title='bbox 2513 3940 2715 3990; x_wconf 59' lang='lat' dir='ltr'>creatis</span> <span class='ocrx_word' id='word_1_716' title='bbox 2746 3936 2902 4007; x_wconf 88' lang='lat' dir='ltr'>(Ibid.</span> <span class='ocrx_word' id='word_1_717' title='bbox 2932 3937 3035 4003; x_wconf 87' lang='lat'>25;</span> <span class='ocrx_word' id='word_1_718' title='bbox 3067 3936 3203 3991; x_wconf 90' lang='lat' dir='ltr'>dist.</span> <span class='ocrx_word' id='word_1_719' title='bbox 3247 3938 3339 4002; x_wconf 82' lang='lat'>35,</span> <span class='ocrx_word' id='word_1_720' title='bbox 3388 3953 3438 3991; x_wconf 91' lang='lat' dir='ltr'>e.</span> <span class='ocrx_word' id='word_1_721' title='bbox 3490 3937 3650 3992; x_wconf 72' lang='lat' dir='ltr'>Sexto</span> 
     </span>
    </p>
   </div>
   <div class='ocr_carea' id='block_1_102' title="bbox 2000 4024 3652 4096">
    <p class='ocr_par' dir='ltr' id='par_1_102' title="bbox 2000 4024 3652 4096">
     <span class='ocr_line' id='line_1_102' title="bbox 2000 4024 3652 4096; baseline 0.001 -16"><span class='ocrx_word' id='word_1_722' title='bbox 2000 4025 2129 4096; x_wconf 80' lang='lat' dir='ltr'>die),</span> <span class='ocrx_word' id='word_1_723' title='bbox 2154 4029 2210 4079; x_wconf 90' lang='lat' dir='ltr'>et</span> <span class='ocrx_word' id='word_1_724' title='bbox 2237 4041 2370 4079; x_wconf 91' lang='lat' dir='ltr'>cum</span> <span class='ocrx_word' id='word_1_725' title='bbox 2404 4024 2605 4080; x_wconf 83' lang='lat' dir='ltr'>bestiis</span> <span class='ocrx_word' id='word_1_726' title='bbox 2624 4028 2751 4079; x_wconf 88' lang='lat' dir='ltr'>orta</span> <span class='ocrx_word' id='word_1_727' title='bbox 2781 4024 2985 4080; x_wconf 90' lang='lat' dir='ltr'>edendi</span> <span class='ocrx_word' id='word_1_728' title='bbox 3012 4029 3268 4096; x_wconf 81' lang='lat' dir='ltr'>potestas</span> <span class='ocrx_word' id='word_1_729' title='bbox 3289 4029 3396 4093; x_wconf 88' lang='lat' dir='ltr'>est,</span> <span class='ocrx_word' id='word_1_730' title='bbox 3424 4029 3484 4080; x_wconf 91' lang='lat' dir='ltr'>et</span> <span class='ocrx_word' id='word_1_731' title='bbox 3508 4041 3652 4081; x_wconf 88' lang='lat' dir='ltr'>usus</span> 
     </span>
    </p>
   </div>
   <div class='ocr_carea' id='block_1_103' title="bbox 2001 4111 3654 4184">
    <p class='ocr_par' dir='ltr' id='par_1_103' title="bbox 2001 4111 3654 4184">
     <span class='ocr_line' id='line_1_103' title="bbox 2001 4111 3654 4184; baseline -0.001 -15"><span class='ocrx_word' id='word_1_732' title='bbox 2001 4130 2291 4169; x_wconf 87' lang='lat' dir='ltr'>escarum.</span> <span class='ocrx_word' id='word_1_733' title='bbox 2352 4111 2458 4169; x_wconf 93' lang='lat' dir='ltr'>Ubi</span> <span class='ocrx_word' id='word_1_734' title='bbox 2519 4112 2686 4168; x_wconf 89' lang='lat' dir='ltr'>cibus</span> <span class='ocrx_word' id='word_1_735' title='bbox 2741 4113 2928 4184; x_wconf 74' lang='lat' dir='ltr'>coepit,</span> <span class='ocrx_word' id='word_1_736' title='bbox 2989 4112 3068 4167; x_wconf 88' lang='lat' dir='ltr'>ibi</span> <span class='ocrx_word' id='word_1_737' title='bbox 3126 4113 3262 4169; x_wconf 86' lang='lat' dir='ltr'>linis</span> <span class='ocrx_word' id='word_1_738' title='bbox 3320 4114 3507 4169; x_wconf 84' lang='lat' dir='ltr'>factus</span> <span class='ocrx_word' id='word_1_739' title='bbox 3563 4118 3654 4168; x_wconf 90' lang='lat' dir='ltr'>est</span> 
     </span>
    </p>
   </div>
   <div class='ocr_carea' id='block_1_104' title="bbox 2004 4201 3650 4273">
    <p class='ocr_par' dir='ltr' id='par_1_104' title="bbox 2004 4201 3650 4273">
     <span class='ocr_line' id='line_1_104' title="bbox 2004 4201 3650 4273; baseline 0.001 -16"><span class='ocrx_word' id='word_1_740' title='bbox 2004 4202 2228 4258; x_wconf 86' lang='lat' dir='ltr'>mundi.</span> <span class='ocrx_word' id='word_1_741' title='bbox 2262 4202 2368 4257; x_wconf 90' lang='lat' dir='ltr'>Ubi</span> <span class='ocrx_word' id='word_1_742' title='bbox 2402 4202 2576 4273; x_wconf 64' lang='lat' dir='ltr'>coepit</span> <span class='ocrx_word' id='word_1_743' title='bbox 2601 4219 2709 4257; x_wconf 88' lang='lat' dir='ltr'>sua</span> <span class='ocrx_word' id='word_1_744' title='bbox 2739 4201 3101 4257; x_wconf 87' lang='lat' dir='ltr'>incrementa</span> <span class='ocrx_word' id='word_1_745' title='bbox 3129 4202 3375 4270; x_wconf 87' lang='lat' dir='ltr'>nescire,</span> <span class='ocrx_word' id='word_1_746' title='bbox 3408 4201 3488 4257; x_wconf 90' lang='lat' dir='ltr'>ibi</span> <span class='ocrx_word' id='word_1_747' title='bbox 3538 4218 3650 4258; x_wconf 72' lang='lat' dir='ltr'>ca:-</span> 
     </span>
    </p>
   </div>
   <div class='ocr_carea' id='block_1_105' title="bbox 2003 4289 3651 4363">
    <p class='ocr_par' dir='ltr' id='par_1_105' title="bbox 2003 4289 3651 4363">
     <span class='ocr_line' id='line_1_105' title="bbox 2003 4289 3651 4363; baseline 0 -18"><span class='ocrx_word' id='word_1_748' title='bbox 2003 4296 2216 4363; x_wconf 88' lang='lat' dir='ltr'>perunt</span> <span class='ocrx_word' id='word_1_749' title='bbox 2246 4290 2445 4345; x_wconf 88' lang='lat' dir='ltr'>divina</span> <span class='ocrx_word' id='word_1_750' title='bbox 2474 4290 2630 4345; x_wconf 86' lang='lat' dir='ltr'>circa</span> <span class='ocrx_word' id='word_1_751' title='bbox 2657 4306 2793 4346; x_wconf 89' lang='lat' dir='ltr'>eum</span> <span class='ocrx_word' id='word_1_752' title='bbox 2825 4306 3001 4362; x_wconf 89' lang='lat' dir='ltr'>opera</span> <span class='ocrx_word' id='word_1_753' title='bbox 3024 4290 3240 4346; x_wconf 88' lang='lat' dir='ltr'>feriari.</span> <span class='ocrx_word' id='word_1_754' title='bbox 3274 4291 3399 4355; x_wconf 85' lang='lat' dir='ltr'>Quo</span> <span class='ocrx_word' id='word_1_755' title='bbox 3434 4289 3651 4346; x_wconf 89' lang='lat' dir='ltr'>indicio</span> 
     </span>
    </p>
   </div>
   <div class='ocr_carea' id='block_1_106' title="bbox 2004 4378 3654 4450">
    <p class='ocr_par' dir='ltr' id='par_1_106' title="bbox 2004 4378 3654 4450">
     <span class='ocr_line' id='line_1_106' title="bbox 2004 4378 3654 4450; baseline 0 -14"><span class='ocrx_word' id='word_1_756' title='bbox 2004 4378 2359 4436; x_wconf 83' lang='lat' dir='ltr'>declaratum</span> <span class='ocrx_word' id='word_1_757' title='bbox 2392 4384 2479 4435; x_wconf 89' lang='lat' dir='ltr'>est</span> <span class='ocrx_word' id='word_1_758' title='bbox 2536 4379 2692 4448; x_wconf 89' lang='lat' dir='ltr'>quod</span> <span class='ocrx_word' id='word_1_759' title='bbox 2749 4394 2854 4450; x_wconf 89' lang='lat' dir='ltr'>per</span> <span class='ocrx_word' id='word_1_760' title='bbox 2908 4379 3071 4434; x_wconf 90' lang='lat' dir='ltr'>cibos</span> <span class='ocrx_word' id='word_1_761' title='bbox 3109 4380 3366 4435; x_wconf 52' lang='lat' dir='ltr'>munduzs</span> <span class='ocrx_word' id='word_1_762' title='bbox 3416 4379 3654 4435; x_wconf 88' lang='lat' dir='ltr'>haberet</span> 
     </span>
    </p>
   </div>
   <div class='ocr_carea' id='block_1_107' title="bbox 2006 4467 3648 4540">
    <p class='ocr_par' dir='ltr' id='par_1_107' title="bbox 2006 4467 3648 4540">
     <span class='ocr_line' id='line_1_107' title="bbox 2006 4467 3648 4540; baseline -0.001 -17"><span class='ocrx_word' id='word_1_763' title='bbox 2006 4467 2278 4523; x_wconf 91' lang='lat' dir='ltr'>imminui</span> <span class='ocrx_word' id='word_1_764' title='bbox 2302 4468 2399 4539; x_wconf 90' lang='lat'>(7),</span> <span class='ocrx_word' id='word_1_765' title='bbox 2420 4484 2521 4539; x_wconf 90' lang='lat' dir='ltr'>per</span> <span class='ocrx_word' id='word_1_766' title='bbox 2541 4484 2687 4539; x_wconf 90' lang='lat' dir='ltr'>quos</span> <span class='ocrx_word' id='word_1_767' title='bbox 2719 4467 2892 4521; x_wconf 87' lang='lat' dir='ltr'>desiit</span> <span class='ocrx_word' id='word_1_768' title='bbox 2915 4467 3134 4540; x_wconf 85' lang='lat' dir='ltr'>augeri.</span> <span class='ocrx_word' id='word_1_769' title='bbox 3160 4468 3341 4523; x_wconf 87' lang='lat' dir='ltr'>Nemo</span> <span class='ocrx_word' id='word_1_770' title='bbox 3373 4467 3648 4524; x_wconf 82' lang='lat' dir='ltr'>delictum</span> 
     </span>
    </p>
   </div>
   <div class='ocr_carea' id='block_1_108' title="bbox 2005 4556 3650 4627">
    <p class='ocr_par' dir='ltr' id='par_1_108' title="bbox 2005 4556 3650 4627">
     <span class='ocr_line' id='line_1_108' title="bbox 2005 4556 3650 4627; baseline -0.001 -14"><span class='ocrx_word' id='word_1_771' title='bbox 2005 4557 2423 4620; x_wconf 85' lang='lat' dir='ltr'>sciebat,nemo</span> <span class='ocrx_word' id='word_1_772' title='bbox 2436 4573 2664 4627; x_wconf 82' lang='lat' dir='ltr'>pcnnam</span> <span class='ocrx_word' id='word_1_773' title='bbox 2679 4556 3125 4623; x_wconf 86' lang='lat' dir='ltr'>timebat,nemo</span> <span class='ocrx_word' id='word_1_774' title='bbox 3139 4562 3377 4611; x_wconf 79' lang='lat' dir='ltr'>noverat</span> <span class='ocrx_word' id='word_1_775' title='bbox 3404 4561 3650 4612; x_wconf 88' lang='lat' dir='ltr'>mortem</span> 
     </span>
    </p>
   </div>
   <div class='ocr_carea' id='block_1_109' title="bbox 2075 4644 3650 4718">
    <p class='ocr_par' dir='ltr' id='par_1_109' title="bbox 2075 4644 3650 4718">
     <span class='ocr_line' id='line_1_109' title="bbox 2075 4644 3650 4718; baseline 0 -19"><span class='ocrx_word' id='word_1_776' title='bbox 2075 4649 2127 4701; x_wconf 91' lang='lat'>7.</span> <span class='ocrx_word' id='word_1_777' title='bbox 2164 4644 2450 4699; x_wconf 79' lang='lat' dir='ltr'>Plantavit</span> <span class='ocrx_word' id='word_1_778' title='bbox 2507 4644 2793 4699; x_wconf 87' lang='lat' dir='ltr'>Dominus</span> <span class='ocrx_word' id='word_1_779' title='bbox 2844 4644 3180 4715; x_wconf 87' lang='lat' dir='ltr'>paradisum</span> <span class='ocrx_word' id='word_1_780' title='bbox 3258 4646 3330 4701; x_wconf 83' lang='lat' dir='ltr'>ad</span> <span class='ocrx_word' id='word_1_781' title='bbox 3400 4644 3650 4718; x_wconf 89' lang='lat' dir='ltr'>gratiam</span> 
     </span>
    </p>
   </div>
   <div class='ocr_carea' id='block_1_110' title="bbox 2003 4732 3652 4805">
    <p class='ocr_par' dir='ltr' id='par_1_110' title="bbox 2003 4732 3652 4805">
     <span class='ocr_line' id='line_1_110' title="bbox 2003 4732 3652 4805; baseline -0.001 -16"><span class='ocrx_word' id='word_1_782' title='bbox 2003 4734 2328 4800; x_wconf 88' lang='lat' dir='ltr'>beatorum,</span> <span class='ocrx_word' id='word_1_783' title='bbox 2357 4734 2553 4805; x_wconf 91' lang='lat' dir='ltr'>posuit</span> <span class='ocrx_word' id='word_1_784' title='bbox 2581 4732 2660 4788; x_wconf 91' lang='lat' dir='ltr'>ibi</span> <span class='ocrx_word' id='word_1_785' title='bbox 2692 4732 2992 4789; x_wconf 86' lang='lat' dir='ltr'>hominem</span> <span class='ocrx_word' id='word_1_786' title='bbox 3023 4734 3250 4805; x_wconf 81' lang='lat' dir='ltr'>operari</span> <span class='ocrx_word' id='word_1_787' title='bbox 3281 4738 3338 4789; x_wconf 88' lang='lat' dir='ltr'>et</span> <span class='ocrx_word' id='word_1_788' title='bbox 3358 4733 3652 4788; x_wconf 87' lang='lat' dir='ltr'>custodire</span> 
     </span>
    </p>
   </div>
   <div class='ocr_carea' id='block_1_111' title="bbox 2004 4820 3652 4894">
    <p class='ocr_par' dir='ltr' id='par_1_111' title="bbox 2004 4820 3652 4894">
     <span class='ocr_line' id='line_1_111' title="bbox 2004 4820 3652 4894; baseline -0.003 -16"><span class='ocrx_word' id='word_1_789' title='bbox 2004 4839 2159 4878; x_wconf 90' lang='lat' dir='ltr'>eum.</span> <span class='ocrx_word' id='word_1_790' title='bbox 2194 4823 2264 4876; x_wconf 86' lang='lat' dir='ltr'>Et</span> <span class='ocrx_word' id='word_1_791' title='bbox 2293 4826 2358 4876; x_wconf 92' lang='lat' dir='ltr'>ut</span> <span class='ocrx_word' id='word_1_792' title='bbox 2387 4821 2645 4877; x_wconf 88' lang='lat' dir='ltr'>sciamus</span> <span class='ocrx_word' id='word_1_793' title='bbox 2676 4821 2842 4892; x_wconf 91' lang='lat' dir='ltr'>(Dist.</span> <span class='ocrx_word' id='word_1_794' title='bbox 2877 4825 2933 4877; x_wconf 91' lang='lat' dir='ltr'>et</span> <span class='ocrx_word' id='word_1_795' title='bbox 2963 4838 3088 4894; x_wconf 87' lang='lat' dir='ltr'>cap.</span> <span class='ocrx_word' id='word_1_796' title='bbox 3132 4822 3362 4887; x_wconf 87' lang='lat' dir='ltr'>iisdem,</span> <span class='ocrx_word' id='word_1_797' title='bbox 3396 4820 3426 4893; x_wconf 88' lang='lat'>§</span> <span class='ocrx_word' id='word_1_798' title='bbox 3481 4822 3545 4874; x_wconf 85' lang='lat' dir='ltr'>Et</span> <span class='ocrx_word' id='word_1_799' title='bbox 3592 4827 3652 4874; x_wconf 82' lang='lat' dir='ltr'>ut</span> 
     </span>
    </p>
   </div>
   <div class='ocr_carea' id='block_1_112' title="bbox 2003 4906 3651 4982">
    <p class='ocr_par' dir='ltr' id='par_1_112' title="bbox 2003 4906 3651 4982">
     <span class='ocr_line' id='line_1_112' title="bbox 2003 4906 3651 4982; baseline -0.004 -15"><span class='ocrx_word' id='word_1_800' title='bbox 2003 4911 2261 4981; x_wconf 75' lang='lat' dir='ltr'>sciamus)</span> <span class='ocrx_word' id='word_1_801' title='bbox 2287 4928 2400 4965; x_wconf 92' lang='lat' dir='ltr'>non</span> <span class='ocrx_word' id='word_1_802' title='bbox 2422 4926 2551 4966; x_wconf 91' lang='lat' dir='ltr'>esse</span> <span class='ocrx_word' id='word_1_803' title='bbox 2582 4909 2873 4966; x_wconf 89' lang='lat' dir='ltr'>novellum</span> <span class='ocrx_word' id='word_1_804' title='bbox 2897 4910 3216 4982; x_wconf 75' lang='lat' dir='ltr'>jejunium,</span> <span class='ocrx_word' id='word_1_805' title='bbox 3248 4908 3498 4980; x_wconf 87' lang='lat' dir='ltr'>primam</span> <span class='ocrx_word' id='word_1_806' title='bbox 3531 4906 3651 4961; x_wconf 90' lang='lat' dir='ltr'>illic</span> 
     </span>
    </p>
   </div>
   <div class='ocr_carea' id='block_1_113' title="bbox 2004 4996 3653 5073">
    <p class='ocr_par' dir='ltr' id='par_1_113' title="bbox 2004 4996 3653 5073">
     <span class='ocr_line' id='line_1_113' title="bbox 2004 4996 3653 5073; baseline -0.003 -18"><span class='ocrx_word' id='word_1_807' title='bbox 2004 5000 2189 5073; x_wconf 76' lang='lat' dir='ltr'>legem</span> <span class='ocrx_word' id='word_1_808' title='bbox 2224 5000 2525 5055; x_wconf 86' lang='lat' dir='ltr'>constituit</span> <span class='ocrx_word' id='word_1_809' title='bbox 2555 5000 2626 5054; x_wconf 90' lang='lat' dir='ltr'>de</span> <span class='ocrx_word' id='word_1_810' title='bbox 2648 5000 2895 5071; x_wconf 90' lang='lat' dir='ltr'>jejunio.</span> <span class='ocrx_word' id='word_1_811' title='bbox 2924 5000 3154 5054; x_wconf 89' lang='lat' dir='ltr'>Sciebat</span> <span class='ocrx_word' id='word_1_812' title='bbox 3183 4996 3339 5052; x_wconf 88' lang='lat' dir='ltr'>enim</span> <span class='ocrx_word' id='word_1_813' title='bbox 3371 4996 3528 5067; x_wconf 90' lang='lat' dir='ltr'>quod</span> <span class='ocrx_word' id='word_1_814' title='bbox 3550 5012 3653 5067; x_wconf 89' lang='lat' dir='ltr'>per</span> 
     </span>
    </p>
   </div>
   <div class='ocr_carea' id='block_1_114' title="bbox 2004 5085 3649 5160">
    <p class='ocr_par' dir='ltr' id='par_1_114' title="bbox 2004 5085 3649 5160">
     <span class='ocr_line' id='line_1_114' title="bbox 2004 5085 3649 5160; baseline -0.003 -15"><span class='ocrx_word' id='word_1_815' title='bbox 2004 5106 2195 5145; x_wconf 89' lang='lat' dir='ltr'>escam</span> <span class='ocrx_word' id='word_1_816' title='bbox 2230 5088 2403 5160; x_wconf 88' lang='lat' dir='ltr'>culpa</span> <span class='ocrx_word' id='word_1_817' title='bbox 2427 5089 2666 5144; x_wconf 87' lang='lat' dir='ltr'>haberet</span> <span class='ocrx_word' id='word_1_818' title='bbox 2695 5090 2930 5144; x_wconf 87' lang='lat' dir='ltr'>intrare.</span> <span class='ocrx_word' id='word_1_819' title='bbox 2964 5088 3161 5143; x_wconf 88' lang='lat' dir='ltr'>Prima</span> <span class='ocrx_word' id='word_1_820' title='bbox 3188 5102 3358 5158; x_wconf 64' lang='lat' dir='ltr'>paena</span> <span class='ocrx_word' id='word_1_821' title='bbox 3388 5086 3459 5141; x_wconf 88' lang='lat' dir='ltr'>de</span> <span class='ocrx_word' id='word_1_822' title='bbox 3493 5085 3649 5156; x_wconf 88' lang='lat' dir='ltr'>jeju-</span> 
     </span>
    </p>
   </div>
   <div class='ocr_carea' id='block_1_115' title="bbox 2004 5175 3650 5250">
    <p class='ocr_par' dir='ltr' id='par_1_115' title="bbox 2004 5175 3650 5250">
     <span class='ocr_line' id='line_1_115' title="bbox 2004 5175 3650 5250; baseline -0.002 -17"><span class='ocrx_word' id='word_1_823' title='bbox 2004 5178 2083 5233; x_wconf 91' lang='lat' dir='ltr'>nii</span> <span class='ocrx_word' id='word_1_824' title='bbox 2139 5177 2605 5250; x_wconf 72' lang='lat' dir='ltr'>praevaricatione</span> <span class='ocrx_word' id='word_1_825' title='bbox 2661 5178 2995 5239; x_wconf 84' lang='lat' dir='ltr'>intraverat,</span> <span class='ocrx_word' id='word_1_826' title='bbox 3068 5175 3297 5231; x_wconf 87' lang='lat' dir='ltr'>dicente</span> <span class='ocrx_word' id='word_1_827' title='bbox 3373 5175 3650 5231; x_wconf 87' lang='lat' dir='ltr'>mandato</span> 
     </span>
    </p>
   </div>
   <div class='ocr_carea' id='block_1_116' title="bbox 2078 5317 3650 5394">
    <p class='ocr_par' dir='ltr' id='par_1_116' title="bbox 2078 5317 3650 5394">
     <span class='ocr_line' id='line_1_116' title="bbox 2078 5317 3650 5394; baseline -0.003 -17"><span class='ocrx_word' id='word_1_828' title='bbox 2078 5325 2154 5394; x_wconf 81' lang='lat'>(5)</span> <span class='ocrx_word' id='word_1_829' title='bbox 2186 5321 2414 5377; x_wconf 88' lang='lat' dir='ltr'>Videsis</span> <span class='ocrx_word' id='word_1_830' title='bbox 2436 5325 2632 5375; x_wconf 86' lang='lat' dir='ltr'>notam</span> <span class='ocrx_word' id='word_1_831' title='bbox 2666 5319 2766 5374; x_wconf 87' lang='lat' dir='ltr'>lib.</span> <span class='ocrx_word' id='word_1_832' title='bbox 2813 5321 2887 5375; x_wconf 88' lang='lat' dir='ltr'>De</span> <span class='ocrx_word' id='word_1_833' title='bbox 2934 5320 3064 5375; x_wconf 85' lang='lat' dir='ltr'>Ben.</span> <span class='ocrx_word' id='word_1_834' title='bbox 3112 5317 3442 5387; x_wconf 80' lang='lat' dir='ltr'>Patriarch.,</span> <span class='ocrx_word' id='word_1_835' title='bbox 3498 5335 3548 5372; x_wconf 95' lang='lat' dir='ltr'>c.</span> <span class='ocrx_word' id='word_1_836' title='bbox 3596 5319 3650 5385; x_wconf 90' lang='lat'>3,</span> 
     </span>
    </p>
   </div>
   <div class='ocr_carea' id='block_1_117' title="bbox 2008 5394 2568 5464">
    <p class='ocr_par' dir='ltr' id='par_1_117' title="bbox 2008 5394 2568 5464">
     <span class='ocr_line' id='line_1_117' title="bbox 2008 5394 2568 5464; baseline -0.009 -14"><span class='ocrx_word' id='word_1_837' title='bbox 2008 5412 2064 5449; x_wconf 93' lang='lat' dir='ltr'>n.</span> <span class='ocrx_word' id='word_1_838' title='bbox 2098 5397 2187 5460; x_wconf 70' lang='lat'>44,</span> <span class='ocrx_word' id='word_1_839' title='bbox 2222 5394 2568 5464; x_wconf 79' lang='lat' dir='ltr'>subjectum.</span> 
     </span>
    </p>
   </div>
   <div class='ocr_carea' id='block_1_118' title="bbox 2077 5459 3651 5539">
    <p class='ocr_par' dir='ltr' id='par_1_118' title="bbox 2077 5459 3651 5539">
     <span class='ocr_line' id='line_1_118' title="bbox 2077 5459 3651 5539; baseline -0.002 -20"><span class='ocrx_word' id='word_1_840' title='bbox 2077 5468 2151 5539; x_wconf 89' lang='lat'>(6)</span> <span class='ocrx_word' id='word_1_841' title='bbox 2187 5459 2361 5539; x_wconf 35' lang='lat' dir='ltr'>Romi.</span> <span class='ocrx_word' id='word_1_842' title='bbox 2388 5461 2698 5539; x_wconf 42' lang='lat' dir='ltr'>editqnisi</span> <span class='ocrx_word' id='word_1_843' title='bbox 2726 5462 2847 5539; x_wconf 55' lang='lat' dir='ltr'>vitae</span> <span class='ocrx_word' id='word_1_844' title='bbox 2871 5462 3050 5532; x_wconf 82' lang='lat' dir='ltr'>imago</span> <span class='ocrx_word' id='word_1_845' title='bbox 3071 5462 3319 5516; x_wconf 68' lang='lat' dir='ltr'>ccclesiis.</span> <span class='ocrx_word' id='word_1_846' title='bbox 3346 5459 3487 5517; x_wconf 69' lang='lat' dir='ltr'>Alia:</span> <span class='ocrx_word' id='word_1_847' title='bbox 3518 5477 3651 5516; x_wconf 88' lang='lat' dir='ltr'>cum</span> 
     </span>
    </p>
   </div>
   <div class='ocr_carea' id='block_1_119' title="bbox 2007 5532 2879 5599">
    <p class='ocr_par' dir='ltr' id='par_1_119' title="bbox 2007 5532 2879 5599">
     <span class='ocr_line' id='line_1_119' title="bbox 2007 5532 2879 5599; baseline -0.007 -7"><span class='ocrx_word' id='word_1_848' title='bbox 2007 5532 2150 5592; x_wconf 70' lang='lat' dir='ltr'>mss.</span> <span class='ocrx_word' id='word_1_849' title='bbox 2185 5534 2479 5599; x_wconf 83' lang='lat' dir='ltr'>omnibus,</span> <span class='ocrx_word' id='word_1_850' title='bbox 2517 5536 2577 5585; x_wconf 89' lang='lat' dir='ltr'>ut</span> <span class='ocrx_word' id='word_1_851' title='bbox 2609 5532 2665 5584; x_wconf 91' lang='lat' dir='ltr'>in</span> <span class='ocrx_word' id='word_1_852' title='bbox 2700 5537 2879 5586; x_wconf 79' lang='lat' dir='ltr'>textu.</span> 
     </span>
    </p>
   </div>
   <div class='ocr_carea' id='block_1_120' title="bbox 2079 5603 3342 5680">
    <p class='ocr_par' dir='ltr' id='par_1_120' title="bbox 2079 5603 3342 5680">
     <span class='ocr_line' id='line_1_120' title="bbox 2079 5603 3342 5680; baseline -0.003 -17"><span class='ocrx_word' id='word_1_853' title='bbox 2079 5611 2154 5680; x_wconf 88' lang='lat'>(7)</span> <span class='ocrx_word' id='word_1_854' title='bbox 2190 5608 2328 5663; x_wconf 87' lang='lat' dir='ltr'>Mss.</span> <span class='ocrx_word' id='word_1_855' title='bbox 2358 5604 2599 5675; x_wconf 84' lang='lat' dir='ltr'>aliquot,</span> <span class='ocrx_word' id='word_1_856' title='bbox 2633 5603 2864 5658; x_wconf 84' lang='lat' dir='ltr'>mundus</span> <span class='ocrx_word' id='word_1_857' title='bbox 2886 5603 3104 5660; x_wconf 85' lang='lat' dir='ltr'>haberet</span> <span class='ocrx_word' id='word_1_858' title='bbox 3133 5606 3342 5676; x_wconf 81' lang='lat' dir='ltr'>perire.</span> 
     </span>
    </p>
   </div>
  </div>
