4104 6156
482 310 605 377 735

1947 314 2100 377 S.A

2218 315 2438 380 {BOSII
3736 326 3833 387 ’136

483 449 618 506 Dei:
656 470 684 500 ‹‹
712 448 792 504 De
822 446 981 518 ligno
1014 444 1172 513 quod
1202 445 1294 501 est
1322 440 1577 502 scientiae
1607 440 1746 503 boni
1774 447 1833 503 et
1863 443 2002 507 mali
2018 462 2134 505 non
2163 449 2219 521 Α
2245 446 2393 506 vidit
2421 464 2483 507 se
2512 464 2641 508 esse
2670 445 2927 520 nudum;
2952 444 3093 524 quia
3107 444 3518 513 indumentum
3540 452 3681 526 quod
3694 451 3836 514 habe-

482 534 832 593 comedetis:
867 552 983 607 qua
1013 534 1106 591 die
1136 537 1330 590 autem
1381 534 1872 592 manducaveritis
1919 553 1988 593 ex
2038 554 2124 606 co,

481 630 666 683 morte
697 623 1027 680 moriemini
1059 623 1211 696 (Gen.
1244 623 1441 695 11,47).
1487 644 1510 674 ι
1563 624 1642 679 Eo
1701 641 1886 697 usque
1934 630 2128 682 autem

477 717 649 786 (Dist.
681 718 738 772 et
766 732 897 787 cap.
940 714 1168 781 iisdem,
1211 712 1241 785 §
1282 714 1357 769 Eo
1400 713 1589 785 usque)
1638 730 1808 769 nemo
1857 716 2126 787 praevari-

2240 539 2358 606 bat,
2383 539 2680 595 amiserat.
2702 539 2765 595 In
2783 539 2991 596 diebus
3005 538 3161 596 enim
3184 539 3534 612 jejuniorun:
3551 548 3828 603 vestrolum

2242 650 2269 677 ‹‹
2298 627 2538 698 orietur,
2567 627 2780 700 inquit,
2812 626 2917 684 tibi
2948 627 3301 684 matutinum
3324 628 3435 701 (10)
3464 628 3649 686 lumen
3679 636 3835 698 tuum.

2238 720 2296 772 ct
2324 716 2546 774 sanitas
2576 722 2679 773 tua
2707 720 2938 774 matura
2968 716 3204 783 orietur,
3244 721 3300 772 et
3345 719 3621 790 pramedet
3651 728 3765 778 ante
3793 730 3836 779 te

479 807 596 864 cari
623 809 875 872 noverat,
902 807 968 860 ut
995 803 1186 859 adhuc
1207 806 1336 858 orta
1383 819 1499 857 non
1546 806 1720 872 esset,
1761 820 1889 876 quae
1937 803 2129 877 prima
2228 805 2485 876 justitia,
2517 810 2576 863 et
2614 805 3003 865 circumdabit
3045 810 3103 862 te
3149 806 3425 877 maiestas
3473 807 3692 864 Domini
3734 814 3834 879 (15a.

478 902 567 955 est
614 893 983 969 praevaricata
1028 892 1316 948 indictum
1366 892 1753 949 abstinentiae.
1805 893 1920 948 Lex
1972 896 2050 962 (8)
2091 911 2126 949 a
2238 910 2395 961 LVIII,
2423 895 2501 967 8).
2535 917 2564 944 ››
2596 896 2820 952 Bonum
2850 896 3263 953 vestimentum
3294 894 3413 951 lux.
3456 896 3731 969 Scriptum
3768 907 3837 956 est

476 987 720 1044 Domino
750 984 886 1048 Deo,
920 981 1309 1054 praevaricatio
1355 980 1500 1053 legis
1548 998 1581 1037 a
1629 980 1859 1037 diabolo
1889 998 1902 1037 :
1952 982 2126 1055 culpa
2233 983 2430 1039 enim:
2464 1006 2492 1035 «
2526 983 2934 1040 Circumdatus
2965 983 3094 1042 luce
3123 983 3277 1039 sicut
3314 984 3652 1042 vestimento
3695 987 3836 1057 (Psal.

473 1078 576 1148 per
603 1074 819 1139 cibum,
852 1071 1079 1128 latebra
1110 1074 1242 1143 post
1272 1070 1489 1125 cibum.
1523 1069 1786 1143 Cognitio
1812 1071 2120 1128 infirmita-

2232 1087 2350 1136 cm,
2382 1071 2460 1143 2).
2498 1095 2524 1121 »
2558 1073 2782 1129 Bonum
2815 1072 3249 1139 vestimentum,
3278 1073 3511 1145 quando
3556 1073 3839 1132 circumdat

471 1165 548 1222 tis
604 1164 663 1219 in
724 1162 873 1231 cibo,
925 1161 1113 1217 virtus
1162 1160 1457 1215 ﬁrmitatis
1497 1158 1553 1213 in
1578 1158 1826 1230 jejunio.
1860 1160 2122 1232 Denique
2234 1160 2515 1218 Dominus
2545 1165 2602 1217 ct
2626 1162 2812 1236 operit
2832 1161 3189 1233 jejunantes.

471 1254 729 1327 quandiu
756 1251 1086 1307 interdictis
1119 1249 1474 1318 abstinuere,
1508 1247 1847 1303 nesciebant
1884 1265 2015 1305 esse
2057 1266 2119 1306 se

468 1349 691 1405 nudos:
727 1344 1110 1414 posteaquam
1147 1338 1649 1394 manducaverunt
1691 1338 1762 1393 de
1808 1337 2120 1395 interdicta
2226 1366 2338 1422 Noe

467 1433 692 1498 arbore,
729 1431 981 1486 nudatos
1012 1444 1143 1485 esse
1171 1444 1233 1483 se
1275 1430 1687 1499 cognoverunt.
1733 1427 1936 1483 Merito
1978 1444 2114 1500 ergo

465 1522 678 1581 mulier
726 1519 827 1576 ubi
868 1518 1053 1591 culpas
1106 1515 1341 1591 agnovit
1395 1520 1712 1583 auctorem,
1758 1517 2116 1589 interrogata

463 1610 801 1686 reapondit:
833 1631 861 1660 «
893 1610 1144 1680 Serpens
1175 1605 1467 1679 persuasit
1495 1604 1662 1673 mihi,
1695 1610 1753 1660 et
1790 1605 2113 1661 manduca-

461 1703 515 1760 vi
545 1702 699 1774 (Gen.
745 1717 831 1767 ιιι,
876 1699 966 1766 13)
1010 1720 1039 1747 ››
1087 1700 1336 1768 Serpens
1383 1694 1582 1767 gulam
1630 1694 1860 1761 suadet,
1908 1693 2110 1750 Domi-

463 1809 577 1851 nus
600 1792 872 1865 jejunare
897 1785 1156 1853 decernit
1182 1784 1352 1857 (Dist.
1387 1788 1443 1840 et
1478 1800 1606 1856 cap.
1640 1783 1869 1851 iisdem,
1902 1783 1932 1856 §
1986 1782 2106 1839 Ser-

457 1882 636 1955 pens).
670 1879 931 1950 Denique
975 1877 1099 1949 ipse
1147 1874 1263 1931 ait:
1311 1897 1339 1924 «
1390 1873 1660 1944 Jejunate
1708 1876 1765 1928 et
1811 1876 1990 1942 orate,
2037 1888 2110 1928 ne

460 1969 689 2027 intretis
718 1968 779 2025 in
808 1965 1189 2023 tentationem
1218 1964 1424 2035 (Matth.
1466 1979 1618 2031 xxv1,
1671 1962 1781 2033 41).
1835 1982 1862 2009 ››
1911 1961 2110 2034 Itaque

460 2060 600 2135 gula
629 2060 699 2117 de
746 2055 1019 2132 paradiso
1068 2056 1411 2126 regnantem
1459 2050 1702 2125 expulit,
1752 2049 2110 2109 abstinentia

460 2151 531 2208 ad
563 2148 904 2225 paradisum
936 2143 1224 2202 revocavit
1251 2145 1565 2200 errantem.

502 2241 585 2296 .8.
617 2241 688 2296 Et
714 2237 862 2295 dixit
891 2236 1081 2292 Deus:
1112 2255 1140 2284 «
1173 2237 1314 2288 Ecce
1341 2231 1525 2287 Adam
1562 2230 1753 2286 factus
1799 2233 1888 2286 est
1939 2227 2108 2301 quasi

458 2346 616 2386 unus
645 2345 714 2385 ex
733 2325 902 2384 nobis
922 2324 1076 2397 (Gen.
1097 2340 1181 2389 ιιι,
1203 2323 1316 2393 22).
1348 2340 1375 2372 υ
1412 2318 1664 2375 Irridens
1688 2318 1889 2390 utique
1930 2322 2106 2388 Deus,

458 2436 575 2476 non
605 2416 937 2489 approbans
967 2413 1129 2480 dicit,
1161 2410 1271 2466 hoc
1297 2414 1419 2465 est:
1468 2406 1719 2463 Putabas
1747 2411 1804 2462 te
1851 2405 2106 2462 similem

457 2509 579 2565 fere
608 2506 791 2563 nostri
817 2523 829 2561 :
862 2504 961 2561 sed
995 2501 1137 2574 quia
1161 2498 1401 2556 voluisti
1431 2513 1561 2554 esse
1587 2497 1743 2569 quod
1788 2512 1903 2552 non
1952 2511 2103 2563 eras,

458 2595 735 2655 destitisti
765 2610 893 2651 esse
922 2591 1077 2666 quod
1108 2606 1237 2647 eras
1264 2606 1275 2643 :
1309 2588 1463 2645 intra
1490 2590 1546 2644 te
1575 2603 1724 2654 eras,
1748 2589 1805 2641 et
1832 2585 1974 2641 dum
2007 2601 2105 2640 su-

456 2704 561 2761 pra
588 2690 645 2743 te
674 2701 802 2743 esse
822 2682 1062 2741 affectas
1092 2681 1192 2753 (9),
1222 2678 1374 2734 infra
1423 2682 1479 2733 te
1520 2693 1649 2733 esse
1698 2674 1944 2748 coepisti.
1997 2674 2104 2729 De-

455 2776 634 2849 nique
673 2773 902 2831 vestivit
947 2786 1076 2828 eun:
1131 2768 1333 2824 tunica
1389 2764 1630 2839 pellicea
1684 2762 1868 2835 prius,
1919 2768 1976 2849 et
2020 2760 2105 2818 sic

454 2848 566 2925 ait:
598 2887 627 2915 ‹‹
675 2862 823 2919 Ecce
862 2861 1068 2929 Adam,
1118 2879 1146 2907 »
1197 2854 1368 2928 quasi
1411 2853 1603 2909 dicat:
1653 2853 1798 2907 Ecce
1846 2848 2101 2906 amictus

453 2959 615 3021 tuus,
646 2967 783 3007 ecce
812 2949 1057 3021 dignum
1087 2945 1503 3000 indumentum
1533 2945 1729 3009 tuum,
1760 2937 1857 2994 hic
1878 2941 1934 2994 te
1974 2955 2102 2995 ves-

453 3042 599 3099 titus
629 3040 810 3096 decet.
831 3036 939 3104 Qui
968 3035 1168 3090 divina
1186 3032 1480 3096 affectant,
1505 3028 1610 3084 tali
1630 3027 1791 3100 digni
1813 3027 2104 3083 habentur

451 3133 683 3188 ornatu.
712 3129 853 3184 Ecce
884 3141 999 3197 quo
1027 3127 1084 3179 te
1113 3126 1217 3179 tua
1234 3119 1409 3192 culpa
1457 3116 1715 3185 deduxit,
1765 3132 1896 3174 ecce
1948 3132 2103 3172 nunc

2877 1277 3112 1334 CAPUT
3148 1277 3215 1332 V.

2363 1367 2505 1439 quod
2553 1367 2858 1424 inebriatus
2877 1369 3070 1439 fuerit,
3113 1368 3178 1423 ob
3223 1367 3603 1437 ignorantiam
3645 1384 3841 1424 excusa-

2297 1442 2425 1511 tur:
2456 1443 2508 1495 et
2536 1454 2664 1511 qua?
2708 1440 2856 1511 mala
2903 1456 2978 1494 ea:
3017 1440 3139 1494 vini
3180 1455 3279 1494 usu
3334 1441 3469 1495 nata
3512 1440 3641 1508 sint,
3679 1455 3841 1511 quave

2297 1510 2436 1566 bona
2473 1510 2557 1567 ex’
2584 1510 2827 1583 ejusdem
2868 1511 3222 1577 abstinentia,
3280 1512 3568 1582 propositis
3614 1510 3840 1583 utrinque

2294 1583 2558 1653 exemplis
2589 1582 2920 1639 declaratur.

2293 1697 2380 1752 10.
2441 1697 2708 1754 Nudatus
2755 1701 2880 1755 erat
2925 1697 3044 1753 Noe
3087 1697 3323 1769 quando
3372 1696 3691 1754 inebriatus
3747 1700 3838 1765 est,

2220 1786 2362 1843 texit
2409 1803 2545 1843 eum
2590 1787 2778 1860 pietas
2826 1786 3102 1843 ﬁliorum.
3147 1787 3261 1842 Sed
3298 1787 3560 1843 nudatus
3603 1791 3719 1843 erat
3758 1802 3843 1859 per

2216 1874 2633 1948 ignorantiam,
2701 1892 2817 1933 non
2892 1892 2996 1947 per
3068 1874 3620 1948 intemperantiam;
3678 1873 3840 1931 adhuc

2218 1964 2375 2026 enim
2408 1965 2608 2021 vinum
2640 1964 3028 2023 nesciebatur.
3062 1966 3123 2023 In
3155 1964 3445 2039 principio
3493 1964 3714 2039 generis
3752 1964 3841 2018 hu-

2219 2053 2377 2108 mani
2426 2052 2807 2125 ignorabatur
2858 2052 3110 2111 ebrietas
3157 2052 3324 2124 (Dist.
3379 2054 3473 2121 35,
3522 2069 3647 2125 cap.
3697 2053 3840 2108 Sexto

2217 2140 2334 2208 die,
2365 2141 2480 2215 §In
2507 2142 2827 2215 principio).
2859 2141 3091 2199 Primus
3116 2141 3243 2214 ipse
3271 2141 3562 2214 plantavit
3597 2141 3839 2198 vineam:

2217 2230 2378 2287 dedit
2420 2235 2717 2302 naturam,
2765 2232 2869 2291 sed
2921 2230 3210 2306 ignoravit
3272 2231 3619 2303 potentiam.
3668 2231 3842 2301 Itaque

2214 2318 2415 2376 vinum
2448 2336 2554 2376 nec
2595 2337 2703 2377 suo
2760 2320 3018 2393 pepercit
3072 2319 3313 2377 auctori.
3347 2320 3504 2387 Quid
3558 2319 3762 2376 mirum
3804 2317 3843 2374 si

2216 2425 2351 2467 cum
2383 2409 2666 2466 Dominus
2712 2410 2840 2483 ipse
2886 2413 3186 2471 creaturas
3229 2425 3366 2466 suas
3415 2408 3755 2475 laudaverit,
3797 2412 3843 2461 et

2215 2497 2324 2554 iste
2354 2497 2605 2556 miratus
2631 2498 2765 2555 est?
2812 2499 3017 2571 Itaque
3056 2515 3193 2554 cum
3239 2514 3373 2554 eum
3416 2497 3731 2555 delectaret
3771 2512 3842 2551 re-

2215 2585 2361 2659 perti
2390 2586 2653 2643 muneris
2698 2587 2910 2660 gratia,
2966 2585 3210 2644 tentavit
3261 2585 3665 2644 vehementior
3707 2600 3844 2641 crea-

2212 2678 2346 2731 tura
2376 2675 2639 2733 insuetes
2692 2675 2851 2739 senis
2898 2680 3085 2744 artus,
3153 2675 3411 2732 turbavit
3477 2692 3630 2732 nova
3688 2672 3844 2748 potio.

2214 2787 2243 2814 «
2297 2764 2788 2837 Dormitaverunt,
2832 2763 3045 2837 inquit,
3094 2764 3196 2839 qui
3248 2765 3648 2821 ascenderunt
3690 2778 3846 2835 equos

2213 2853 2383 2922 (Ρδαι.
2418 2870 2578 2922 LXXV,
2611 2854 2689 2924 7).
2727 2875 2756 2904 ››
2782 2853 3062 2911 Ascendit
3087 2852 3346 2926 corporis
3390 2853 3724 2927 voluptates
3766 2852 3845 2923 ju-

2211 2946 2361 3011 stus,
2395 2947 2454 2999 et
2484 2941 2853 3001 obdormivit.
2887 2942 2999 3009 Sed
3030 2940 3191 2999 illius
3216 2942 3479 3001 ebrietas
3519 2941 3687 2999 nobis
3726 2955 3845 2995 sua-

2212 3032 2309 3088 det
2338 3030 2709 3089 sobrietatem
2740 3030 2909 3104 (Dist.
2939 3035 2999 3088 et
3025 3046 3152 3104 cap.
3186 3029 3421 3096 iisdem,
3455 3031 3489 3105 §
3538 3029 3644 3091 Sed
3670 3027 3842 3103 illius).

2209 3120 2400 3178 Semel
2428 3120 2586 3177 enim
2638 3120 2962 3181 inebriatus
3001 3125 3092 3179 est
3118 3121 3257 3178 Noe.
3292 3121 3403 3178 Ubi
3460 3139 3600 3178 vero
3646 3119 3845 3176 malum

450 3220 511 3277 in
533 3219 642 3276 hac
673 3217 868 3274 tunica
891 3195 1132 3288 pellicea
1159 3216 1443 3281 tanquam
1473 3223 1631 3263 unus
1656 3222 1726 3262 ex
1751 3205 1920 3262 nobis
1963 3222 2097 3279 ape-
2126 3195 2172 3262 C
2202 3209 2509 3266 ebrietatis
2539 3210 2793 3284 agnovit,
2844 3210 3144 3266 inventum
3192 3226 3369 3266 suum
3419 3211 3495 3266 ad
3542 3209 3842 3267 remedium

451 3309 621 3367 ruisti
658 3306 879 3365 oculos.
925 3299 1323 3373 Circumspice
1380 3296 1708 3370 diligenter,
1764 3295 1991 3351 nudum
2036 3299 2097 3351 te

450 3398 686 3470 aspicis,
718 3410 895 3468 quem
933 3393 1212 3448 vestitum
1243 3388 1514 3462 putabas.

487 3522 491 3530 -
517 3488 573 3542 9.
604 3485 758 3543 Gula
785 3499 921 3556 ergo
950 3482 1143 3538 nudos
1174 3479 1332 3546 facit,
1356 3476 1585 3550 jejunia
1612 3475 1887 3549 operiunt
1918 3474 2093 3532 etiam

449 3580 675 3635 exutos.
709 3573 872 3631 Unde
900 3570 1080 3627 David
1112 3569 1227 3626 ait:
1262 3591 1290 3619 «
1341 3566 1555 3640 Operui
1600 3565 1660 3621 in
1702 3564 1930 3638 jejunio
1978 3564 2098 3619 ani-

450 3682 607 3722 mam
636 3678 826 3719 meam
850 3661 1023 3735 (Psal.
1058 3675 1247 3725 vam,
1280 3657 1391 3728 11).
1426 3678 1455 3707 ››
1495 3656 1724 3710 Bonum
1767 3653 2095 3725 operimen-

447 3759 597 3820 tum,
625 3752 781 3826 quod
814 3750 1074 3807 animam
1094 3747 1258 3821 tegit,
1291 3762 1365 3802 ne
1393 3762 1427 3799 a
1452 3748 1739 3800 tentatore
1767 3742 2091 3816 deprehen-

447 3844 639 3908 datur,
686 3858 759 3897 ne
803 3857 836 3895 a
882 3840 1173 3894 tentatore
1260 3834 1537 3890 nudetur.
1570 3833 1798 3888 Bonum
1828 3831 2092 3887 velamen

447 3932 601 4005 quod
628 3931 776 4003 tegit
808 3926 1061 4000 culpam,
1094 3923 1237 3997 tegit
1264 3922 1641 3988 abstinentia,
1690 3920 1835 3993 tegit
1881 3921 2088 3992 gratia.

446 4020 608 4077 Beati
637 4018 795 4076 enim
846 4032 1099 4088 quorum
1142 4012 1400 4069 remissae
1449 4013 1590 4066 sunt
1628 4008 1989 4080 iniquitates,
2037 4012 2095 4065 et

445 4126 696 4183 quorum
718 4110 872 4163 tecta
899 4108 1041 4161 sunt
1062 4105 1318 4175 peccata.
1352 4099 1523 4172 Tegit
1552 4098 1758 4172 gratia,
1809 4098 1952 4153 dum
2004 4114 2091 4154 re-

445 4198 645 4264 mittit,
676 4200 734 4253 et
761 4210 996 4252 omnem
1027 4190 1219 4247 abolet
1255 4204 1545 4245 errorem:
1596 4186 1741 4259 tegit
1790 4185 2092 4242 abstinen-

443 4289 547 4354 tia,
581 4288 723 4342 dum
771 4282 1087 4340 obumbrat
1140 4278 1368 4344 vitium,
1422 4280 1480 4333 et
1536 4280 1743 4331 mmsto
1788 4274 2096 4331 abscondit

443 4377 673 4441 all'ectu,
697 4377 871 4445 atque
890 4372 1163 4428 extenuat
1182 4366 1535 4440 paenitendo.
1557 4365 1781 4422 Etenim
1797 4362 2092 4436 jejunium

438 4468 503 4522 et
532 4463 684 4522 589
742 4461 1111 4533 eleemosyna
1155 4475 1189 4513 a
1240 4460 1474 4528 peccato
1520 4454 1788 4510 liberant.
1845 4452 2095 4526 Opertus

2203 3298 2571 3372 temperavit,
2603 3316 2722 3355 non
2752 3296 2958 3355 effudit
2998 3299 3071 3354 ad
3117 3298 3345 3354 vitium.
3398 3299 3571 3356 Unde
3619 3304 3675 3354 et
3716 3304 3846 3370 Apo-

2205 3386 2394 3444 stolus
2418 3387 2533 3443 ait:
2567 3409 2596 3438 «
2620 3387 2856 3444 Modico
2892 3387 3028 3444 vino
3054 3389 3218 3451 ntere
3248 3392 3493 3461 propter
3534 3388 3845 3463 frequentes

2202 3477 2336 3531 tuas
2397 3473 2770 3531 inﬁrmitates
2801 3476 2850 3547 (I
2861 3476 2997 3531 Tim.
3027 3492 3082 3545 v,
3107 3475 3227 3547 23).
3261 3497 3289 3526 »

2275 3564 2363 3619 11.
2397 3563 2673 3621 Manebat
2704 3567 3018 3637 antequam
3046 3564 3249 3621 vinum
3296 3564 3684 3632 inveniretur,
3735 3579 3845 3618 om-

2203 3652 2378 3711 nibus
2405 3653 2759 3713 ineoncussa
2785 3652 3048 3721 libertas,
3081 3669 3252 3710 nemo
3276 3654 3510 3711 sciebat
3539 3673 3575 3711 a
3603 3658 3847 3711 consorte

2203 3745 2423 3798 natura
2448 3759 2573 3801 suis
2605 3742 2888 3814 obsequia
2916 3741 3215 3800 servitutis
3244 3743 3501 3816 exigere.
3545 3744 3671 3800 Non
3708 3743 3847 3798 esset

2202 3830 2375 3888 hodie
2405 3831 2675 3901 servitus,
2708 3831 2759 3888 si
2790 3831 3042 3890 ebrietas
3067 3848 3185 3889 non
3226 3832 3462 3889 fuisset.
3514 3832 3847 3905 Obrepserat

2203 3919 2440 3991 quidem
2462 3920 2591 3991 jam
2606 3919 2876 3978 fraternas
2906 3919 3261 3992 praelationis
3288 3919 3539 3989 invidia,
3594 3920 3848 3976 manebat

2200 4012 2398 4069 tamen
2442 4009 2633 4066 adhuc
2688 4012 2941 4081 paterna:
3010 4009 3243 4082 pietatis
3291 4010 3646 4067 reverentia.
3705 4009 3848 4064 Lesa

2201 4098 2388 4170 pietas
2414 4103 2524 4165 est,
2550 4098 2698 4155 dum
2734 4097 2962 4155 ridetur
2990 4098 3260 4155 ebrietas.
3309 4098 3441 4155 Non
3492 4098 3613 4154 illis
3669 4098 3846 4169 itaque

2202 4186 2343 4245 solis
2368 4191 2579 4245 nocent
2606 4187 2741 4245 vina
2768 4203 2917 4260 quos
2943 4190 3188 4255 tentant,
3220 4188 3326 4242 sed
3356 4191 3418 4243 et
3447 4187 3571 4245 illis
3611 4183 3845 4259 amplius

2202 4294 2453 4349 quorum
2484 4275 2671 4335 oculis
2704 4276 3028 4336 temulenta
3083 4275 3380 4335 ebriorum
3435 4277 3709 4334 membra
3748 4290 3845 4328 nu-

2202 4366 2437 4425 dantur.
2460 4365 2606 4423 Hinc
2625 4366 2782 4423 risus
2809 4366 3135 4423 irreverens
3155 4365 3444 4433 nascitur,
3488 4365 3632 4421 hinc
3680 4361 3845 4419 libido

2202 4454 2637 4522 inﬂammatur;
2669 4459 2737 4511 ut
2764 4454 2948 4511 multo
2979 4456 3200 4528 maiore
3218 4454 3581 4513 temulentia
3605 4471 3705 4511 eos
3729 4452 3849 4507 vina

443 4556 570 4610 erat
623 4551 807 4606 Adam
856 4548 1140 4604 virtutum
1189 4544 1475 4602 velamine
1543 4542 1889 4634 priusquam
1937 4558 2089 4634 prte-
2121 4545 2565 4634 “perturbent,
2584 4559 2837 4616 quorum
2853 4542 3394 4634 Aoeulosacmentes
3418 4542 3842 4606 inebriaverint,

440 4642 814 4707 varicaretur,
842 4639 943 4695 sed
983 4642 1266 4708 tanquam
1318 4636 1527 4690 exutus
1592 4631 2085 4705 praevaricatione,

508 4805 588 4875 (8)
616 4801 742 4858 Vet.
775 4799 938 4876 edit.,
969 4814 1096 4876 qua:
1122 4797 1325 4876 prima
1340 4795 1752 4876 przgvarigatig.
1798 4793 2086 4876 inductum

430 4864 733 4951 jejunium,
765 4864 1249 4951 abstinentiae—lea,
1269 4864 1388 4951 ‘ete.
1421 4867 1565 4950 Cod.
1596 4864 1740 4949 val].
1781 4870 1863 4951 et.
1884 4865 2082 4951 Mich”

438 4937 559 5020 bum
580 4947 762 5018 prima
785 4939 1456 5020 praevaricatajndictum
1484 4939 1765 5010 jejunium
1807 4937 2085 4993 abstinen-

439 5021 555 5076 tiae.
589 5020 718 5083 Lex,
751 5022 856 5072 etc.
894 5016 1062 5070 Rom.
1095 5011 1235 5068 edit.
1269 5015 1325 5066 et
1353 5010 1481 5065 Vat.
1515 5025 1760 5083 un_us,._..
1806 5012 2085 5082 praevaﬁ-

437 5093 561 5146 cata
595 5080 828 5145 edictum
876 5085 1228 5142 Abstinentiae
1265 5083 1373 5148 (ex,
1423 5085 1535 5137 etc.
1587 5080 1907 5136 Nobiscum
1952 5098 2085 5140 vero

440 5160 662 5217 iaciunt
688 5160 938 5226 Thuan.,
971 5157 1195 5222 Germ.,
1226 5153 1397 5216 Vict.,
1432 5152 1616 5226 Laud.
1648 5152 1890 5226 etColb.
1937 5153 2084 5210 Rur-

440 5248 543 5287 sus
575 5231 675 5287 ubi
705 5230 901 5303 plures
941 5246 1085 5284 mss.
1136 5242 1203 5282 ac
1230 5240 1460 5303 romnes
1505 5225 1924 5303 edit.,___late_bra
1966 5234 2089 5303 post

438 5303 644 5368 cibum,
677 5295 929 5374 q'uatuor
957 5317 1101 5357 mss.
1145 5297 1379 5370 optimas
1433 5300 1605 5363 notas,
1655 5295 1911 5351 illecebra
1961 5295 2089 5368 post

437 5374 645 5429 cibum.

512 5444 589 5514 (9)
617 5443 742 5498 Vet.
775 5444 940 5508 edit.,
981 5441 1121 5513 quod
1173 5457 1316 5497 eras.
1377 5441 1564 5514 Itaque
1617 5436 1750 5514 dum
1801 5444 2088 5514 supraute

439 5509 820 5586 essen/fectus.
866 5509 1062 5569 Bonus
1120 5529 1330 5586 sensus
1357 5528 1396 5586 :~
1430 5509 1637 5586 melior
1685 5512 1886 5566 tamen
1943 5510 2084 5586 edit.

439 5580 707 5642 Romfex
748 5604 862 5640 uno
909 5588 1038 5639 Vat.
1093 5583 1305 5640 codice.
1356 5580 1641 5638 Gallicani
1688 5597 1822 5638 vero
1873 5583 2088 5653 partim

439 5656 597 5723 huic,
631 5658 841 5729 partim
874 5654 992 5710 illis
1022 5656 1325 5724 accedunt,
1370 5652 1432 5708 in
1476 5653 1694 5726 quibus
1733 5652 1930 5710 tamen
1982 5653 2089 5709 ali-

2197 4649 2373 4706 quam
2406 4648 2658 4705 quorum
2688 4632 2954 4693 membra
2982 4632 3424 4705 prostraverint.

2194 4794 2335 4922 giuid
2366 4794 2655 4852 omissum
2686 4810 2815 4876 esse
2844 4798 3106 4879 apparet,
3140 4796 3349 4867 praeter
3376 4810 3569 4876 quam
3628 4792 3688 4848 in
3731 4790 3842 4848 cod.

2256 4866 2370 4922 10h.
2416 4870 2473 4922 et
2512 4863 2660 4921 Vall.
2716 4882 2775 4920 1n
2841 4865 3059 4922 quibus
3126 4863 3286 4922 lenas
3331 4872 3487 4922 satis
3532 4862 3841 4922 commode.

2256 4866 2370 4939 icb.
2416 4870 2473 4922 et
2512 4863 2660 4921 Vall.
2716 4865 2775 4939 in
2841 4862 3059 4939 quibus
3093 4862 3286 4937 ’l'egas
3331 4862 3487 4939 satis
3532 4862 3841 4927 commode,

2194 4938 2345 5012 quod,
2362 4954 2501 5012 eras.
2527 4940 2609 4996 Ita
2629 4938 2728 5009 qui
2752 4937 2921 5012 supra
2946 4941 3000 5012 te
3025 4953 3139 5001 esse
3154 4937 3470 5009 aﬂectabas,
3505 4941 3618 4993 etc.

2266 5010 2379 5082 (10)
2411 5011 2579 5068 Rom.
2640 5008 2782 5082 cum
2815 5008 2830 5011 ’
2857 5008 3155 5082 plerisque
3192 5008 3432 5064 ωδε...
3504 5009 3841 5082 matutinum,

2195 5079 2443 5138 et'cum
2499 5079 2801 5149 nonnulis,
2836 5079 3243 5137 fnum—(xime.
3313 5083 3445 5136 Vet.
3520 5079 3662 5135 edit.
3723 5090 3839 5149 cum

2196 5169 2340 5209 mss.
2390 5153 2554 5210 aliis.
2574 5195 2586 5208 .
2606 5195 2619 5208 .
2640 5192 2653 5206 .
2720 5147 3007 5210 maanum.
3026 5195 3040 5208 .
3060 5196 3072 5208 .
3092 5193 3105 5207 .
3180 5158 3423 5209 matura.
3474 5151 3657 5210 Porro
3695 5147 3842 5204 visus

2196 5228 2285 5280 est
2312 5224 2667 5296 quibusdam
2684 5220 2830 5279 viris
2841 5223 3028 5296 doctis
3043 5223 3145 5296 hic
3165 5220 3326 5279 locus
3345 5239 3486 5278 esse
3508 5226 3838 5296 corruptus;

2196 5294 2347 5371 cum
2362 5296 2462 5371 ubi
2495 5296 2715 5353 habent
2736 5294 3095 5371 exemplaria
3122 5298 3339 5371 nostr},
3372 5296 3456 5349 Et
3481 5295 3703 5371 sanitas
3727 5295 3842 5371 tua;

2196 5367 2378 5441 Tert.,
2410 5367 2579 5441 Cypr.
2612 5371 2670 5423 et
2696 5367 2865 5441 Aug.
2906 5363 3202 5441 scribant,
3263 5366 3329 5441 Et
3378 5366 3712 5422 vestimenta
3756 5363 3841 5416 tua

2194 5440 2363 5496 citius
2392 5437 2662 5496 oriéntur.
2696 5437 3218 5495 Ubi"manifestum
3240 5440 3327 5493 est
3355 5451 3466 5492 eos
3507 5452 3628 5493 non
3675 5442 3839 5503 ἰάματα

2198 5511 2497 5584 sedulam
2524 5509 2757 5584 legisse.
2801 5510 2874 5566 Et
2919 5510 3070 5567 forte
3104 5526 3221 5566 non
3262 5507 3438 5565 aliter
3486 5506 3694 5581 legerit
3731 5505 3842 5576 ipse

2198 5583 2563 5641 Ambrosius.
