4052 6196
233 342 354 404 ’13⁸1

1378 343 1609 403 uasa
1655 326 1756 401 ne
1800 338 1975 401 ELlA
2026 334 2124 398 ET
2166 336 2509 400 summa.

3550 341 3670 402 738

312 479 403 533 12.
438 476 711 550 Legimus
758 477 932 533 etiam
966 477 1132 547 (Dist.
1167 480 1224 532 et
1266 491 1391 548 cap.
1426 473 1891 543 iisdem,§Legi-
1921 474 1977 539 Α
2007 472 2256 542 Moyses,
2304 471 2616 543 indignum
2657 469 2935 541 judicans
2984 474 3051 526 ut
3099 469 3265 527 ebrio
3314 471 3530 545 populo
3579 471 3671 530 lex

236 568 383 638 mus)
418 566 574 639 quod
631 575 856 640 patrem
918 568 1025 622 Lot
1082 564 1498 622 inebriaverint
1549 562 1681 618 tilia:
1724 562 1784 617 in
1828 576 1895 616 eo

237 660 439 712 monte
469 658 639 729 (Gen.
688 673 807 723 xxx,
841 657 911 711 33
941 654 1111 728 seq.),
1144 655 1216 710 ad
1266 671 1440 727 quem
1490 651 1763 709 timentes
1804 650 1894 705 in-

237 744 449 800 cendia
477 744 858 800 Sodomitana
905 744 1308 816 confugerant,
1343 746 1399 797 et
1439 740 1788 796 habitabant
1834 737 1895 793 in

237 835 546 906 spelunca.
581 832 860 889 Convenit
890 832 1156 889 ebrietati
1203 835 1377 904 atque
1409 827 1706 886 concurrit
1734 829 1897 895 aetas,

235 939 435 990 sexus,
495 922 775 990 solitudo,
830 921 1020 987 locus,
1053 921 1310 978 ferarum
1367 919 1558 992 magis
1608 916 1893 983 latibulis,

236 1028 419 1084 quam
449 1011 727 1067 humanis
759 1011 950 1084 aptior
975 1008 1310 1067 domiciliis.
1340 1008 1472 1065 Fuit
1492 1008 1690 1080 itaque
1711 1005 1895 1063 ebrie-

234 1105 332 1157 tas
363 1099 526 1173 origo
575 1100 804 1170 incesti,
837 1100 1104 1173 pessimae
1146 1097 1528 1172 generatricis
1563 1100 1768 1170 partus
1797 1096 1894 1151 de-

238 1189 442 1245 terior.

314 1279 399 1333 13.
433 1280 506 1334 At
536 1294 653 1334 non
682 1276 977 1334 Abraham
1005 1277 1142 1333 vina
1184 1276 1248 1332 in
1278 1293 1386 1333 suo
1427 1274 1690 1332 convivio
1720 1273 1894 1329 mini-

239 1368 506 1424 strabat:
534 1367 633 1423 sed
659 1366 1008 1423 immolabat
1034 1365 1310 1433 vitulum,
1335 1365 1631 1438 butyrum,
1656 1367 1713 1420 et
1744 1363 1898 1420 540

239 1458 335 1513 lac
364 1456 539 1512 etiam
595 1455 819 1529 angelis
876 1455 1209 1528 hospitibus
1259 1454 1589 1510 exhibebat.
1623 1451 1761 1509 Caeli
1794 1453 1895 1509 do-

242 1546 497 1613 minum,
542 1545 750 1601 mundi
802 1545 1157 1618 agnoscebat
1202 1547 1498 1600 auctorem
1530 1561 1543 1599 :
1575 1543 1778 1597 vinum
1810 1545 1897 1596 ta-

243 1652 379 1691 men
411 1635 685 1704 exhibere
728 1652 842 1690 non
891 1638 1133 1708 poterat.
1168 1634 1280 1690 Sed
1332 1637 1485 1689 recte
1535 1631 1652 1687 illic
1702 1632 1901 1688 deerat

240 1725 491 1781 materia
520 1725 761 1797 peccati,
794 1723 894 1783 ubi
925 1728 1050 1780 erat
1094 1722 1361 1779 remissio
1394 1726 1786 1794 peccatorum.

315 1815 402 1869 14.
437 1814 700 1886 Denique
757 1812 1129 1869 annuntiavit
1180 1828 1314 1868 eum
1370 1810 1649 1876 Joannes,
1706 1825 1894 1883 neque

240 1903 611 1958 manducans
642 1918 875 1973 panem,
911 1917 1101 1973 neque
1131 1900 1338 1957 bibens
1370 1898 1721 1965 vinum.Qui
1743 1899 1901 1955 enim

232 1991 538 2048 Christum
589 1990 921 2057 annuntiat,
963 1991 1035 2045 ab
1079 1989 1239 2045 omni
1286 1988 1562 2044 vitiorum
1610 1988 1901 2044 incentivo

235 2084 519 2153 praestare
567 2095 629 2136 se
678 2079 849 2134 debet
889 2078 1168 2134 alienum.
1201 2076 1356 2133 Vicit
1401 2077 1585 2150 igitur
1631 2082 1901 2134 sanctum

236 2169 384 2239 Noe,
412 2168 501 2225 vel
531 2167 706 2224 etiam
741 2168 845 2223 Lot
873 2166 1117 2223 Abrahae
1150 2169 1420 2240 nepotem
1453 2166 1725 2234 ebrietas,
1761 2182 1903 2238 quo-

238 2276 378 2314 rum
423 2256 590 2328 alter,
621 2273 754 2313 cum
802 2257 1120 2328 jejunaret,
1153 2253 1370 2311 diluvio
1417 2257 1717 2328 superstes
1767 2254 1901 2325 fuit,

239 2348 395 2404 alter
425 2346 710 2403 incendio.

326 2438 414 2492 15.
448 2436 686 2510 Moysen
718 2451 952 2509 quoque
997 2433 1376 2507 cognovimus
1425 2431 1645 2489 sitienti
1690 2432 1905 2506 populo

249 2524 681 2582 amaritudines
733 2538 1021 2596 aquarum
1052 2528 1432 2595 temperasse,
1467 2538 1583 2577 non
1626 2522 1775 2578 vina.
1802 2522 1906 2576 Cui

247 2619 422 2686 petra
453 2630 665 2686 aquam
697 2612 941 2680 vomuit,
964 2613 1154 2684 potuit
1182 2616 1239 2667 et
1256 2611 1377 2667 vini
1408 2612 1770 2668 adundantia
1792 2628 1906 2667 non

250 2704 479 2760 deesse.
502 2702 764 2774 Denique
800 2701 945 2758 dixit
965 2701 1121 2758 Deus
1146 2719 1199 2757 :«
1222 2700 1515 2757 Percuties
1566 2706 1814 2773 petram,
1851 2706 1909 2757 et

254 2792 410 2848 exist
439 2808 593 2864 aqua
621 2808 687 2847 ex
719 2808 806 2859 ea,
841 2795 898 2848 et
924 2790 1086 2847 bibet
1117 2790 1370 2864 populus
1400 2790 1591 2861 (Exod.
1625 2807 1762 2859 xvn,
1794 2792 1908 2863 6).»

245 2882 387 2936 Non
431 2880 622 2937 dixit:
655 2880 819 2937 Exiet
872 2879 1075 2936 vinum
1125 2880 1185 2935 in
1240 2879 1478 2953 populo.
1509 2879 1909 2937 Periculosum

250 2970 419 3025 enim
451 2974 575 3026 erat
600 2970 804 3026 vinum
835 2968 1053 3043 populo
1080 2968 1435 3039 ministrare,
1459 2969 1616 3041 quod
1640 2969 1910 3026 fortiores

246 3062 410 3115 ferre
439 3059 531 3115 vix
560 3063 824 3132 possent.

894 3174 1128 3232 CAPUT
1168 3170 1262 3233 VI.

242 3268 327 3325 De
358 3266 471 3337 lege
492 3265 702 3337 jejunii
730 3281 764 3319 a
792 3265 970 3336 Moyse
1015 3264 1162 3332 data,
1192 3267 1243 3320 et
1276 3264 1348 3337 ide
1379 3265 1596 3337 jejunio
1642 3265 1901 3337 ejusdem.

326 3336 599 3406 Quomodo
623 3344 863 3392 matrum
892 3337 1119 3392 Samson
1162 3340 1212 3392 et
1259 3336 1531 3393 Samuelis
1558 3336 1905 3394 sterelitatcm

325 3409 663 3482 abstinentia
693 3410 824 3482 vini
858 3408 1256 3482 fecund‘averit,
1289 3411 1590 3482 quibusque
1625 3410 1761 3465 cibis
1790 3411 1907 3464 Eli-

323 3497 470 3537 saeus
495 3481 639 3551 ﬁlios
664 3480 1061 3552 prophetarum
1087 3480 1310 3536 aluerit.

331 3596 419 3650 16.
454 3594 715 3667 Denique
744 3594 971 3668 Moyses
1020 3595 1091 3650 de
1131 3594 1359 3666 jejunio
1408 3594 1594 3667 legem
1625 3595 1806 3662 dedit,
1837 3597 1908 3651 de

246 3686 392 3740 vino
422 3700 537 3746 non
568 3684 745 3740 dedit.
778 3685 976 3756 Ipsum
1010 3700 1243 3757 quoque
1267 3684 1633 3755 jejunautem
1664 3702 1781 3741 non
1808 3701 1906 3740 vo-

246 3790 354 3830 ces
398 3789 643 3846 magnae,
678 3789 791 3828 non
845 3772 1078 3845 fulgura
1126 3776 1183 3828 et
1232 3773 1419 3829 nubes
1468 3772 1757 3843 nimbosa,
1791 3790 1907 3830 non

248 3862 554 3934 fumigans
602 3862 743 3918 Sina
800 3860 1134 3933 perterruit.
1181 3861 1380 3933 Neque
1428 3877 1563 3917 vero
1610 3861 1909 3918 introisset

246 3953 314 4007 in
345 3952 587 4017 nubem,
620 3955 676 4005 et
706 3967 903 4006 vocem
958 3951 1051 4005 Dei
1093 3948 1386 4023 loquentis
1416 3951 1488 4007 de
1518 3949 1709 4007 medio
1753 3951 1907 4025 ignis

248 4042 382 4097 sine
411 4038 670 4113 periculo
714 4038 922 4095 salutis
953 4039 1230 4109 audisset,
1264 4038 1378 4095 nisi
1411 4040 1677 4097 munitus
1727 4041 1907 4096 armis

235 4128 461 4202 jejunii
494 4128 719 4184 fuisset.
754 4127 1154 4200 Quadraginta
1183 4127 1340 4183 enim
1371 4127 1579 4184 diebus
1614 4128 1908 4201 jejunavit

246 4220 311 4274 in
344 4220 566 4285 monte,
598 4234 730 4273 cum
770 4216 958 4290 legem
1002 4216 1289 4289 acciperet
1319 4234 1352 4273 a
1381 4216 1624 4274 Domino
1656 4218 1772 4274 Deo
1801 4235 1905 4275 no-

246 4313 397 4363 stro.
424 4306 495 4361 Et
523 4305 583 4361 in
621 4305 1023 4379 superioribus
1054 4305 1291 4378 quidem
1339 4305 1559 4363 montis
1607 4305 1699 4363 lex
1728 4307 1906 4363 daba-

242 4402 348 4452 tur
382 4394 569 4468 Moysi
609 4394 924 4467 jejunanti,
958 4394 1017 4449 in
1048 4394 1425 4451 inferioribus
1470 4394 1686 4468 populo
1739 4412 1904 4452 man-

242 4484 493 4541 ducanti
545 4483 939 4556 praevaricatio
982 4482 1265 4556 sacrilega
1306 4483 1450 4539 luxu
1480 4484 1907 4541 accendebatur

241 4570 647 4646 epulantium.
678 4573 800 4637 Quo
845 4571 1177 4645 spectaculo
1208 4576 1403 4628 motus
1452 4572 1625 4646 fregit
1674 4572 1905 4630 tabulas
1940 4605 1983 4670 Β

322 4689 443 4759 (11)
490 4687 656 4752 Rom.
708 4688 875 4756 edit.,
920 4689 1314 4745 insultantium
1358 4688 1467 4744 sibi
1508 4689 1774 4746 ebrietate
1819 4706 1916 4763 pe-

245 4763 377 4816 riit.

322 4832 445 4902 (12)
482 4830 628 4886 Edit.
661 4831 843 4904 (Era.,
904 4830 1037 4886 Gill.
1082 4835 1139 4887 et
1197 4831 1389 4898 Rom.,
1448 4834 1703 4904 inemptis
1757 4833 1915 4888 silve-

246 4904 461 4958 stribus
511 4902 769 4975 oleribus.
802 4904 932 4975 Amp.
981 4906 1039 4959 et
1088 4918 1231 4959 mss.
1274 4919 1499 4973 omnes,
1550 4902 1770 4975 ineptis,
1803 4908 1911 4960 etc.

249 4976 384 5101 bson
414 4973 588 5055 male.
624 4973 782 5030 Idem
832 4973 986 5029 enim
1037 4979 1127 5030 est
1156 4979 1329 5046 atque
1359 4975 1432 5030 ad
1462 4973 1657 5031 escam
1704 4992 1913 5049 parum

249 5064 265 5101 ι
315 5062 508 5101 οηθιε.

247 5062 508 5102 ιαοῐιθιε.

326 5118 450 5189 (13)
486 5116 625 5189 Mss.
687 5115 826 5183 duo,
885 5133 1051 5189 quam
1109 5118 1424 5189 amantium
1451 5125 1682 5189 vocant;
1740 5134 1918 5184 unus,

249 5188 437 5263 quam
465 5188 850 5263 adamantemg
892 5188 1113 5263 Am._et
1142 5188 1296 5256 Era.,
1330 5204 1496 5260 quam
1537 5188 1917 5263 adamantium

252 5258 473 5325 uocant,
522 5263 577 5315 et
627 5259 711 5315 sic
756 5258 929 5331 infra.
962 5259 1268 5331 Alii_msﬁs.
1321 5258 1497 5331 atque
1539 5259 1700 5331 edit.,
1745 5275 1916 5330 quam

250 5340 569 5399 amantum,
602 5335 710 5386 etc.
746 5330 880 5393 Quae
911 5346 1047 5387 vera
1096 5328 1263 5387 lectio
1295 5328 1419 5397 est}
1452 5331 1548 5386 hic
1579 5328 1914 5386 enim—red-

253 5404 397 5460 dere
452 5400 640 5457 voluit
696 5402 1045 5459 Ambrosius
1099 5400 1246 5458 illud
1302 5401 1504 5458 Basilii
1553 5418 1622 5457 ex
1673 5401 1831 5457 hom.
1885 5404 1909 5459 1

252 5476 323 5531 dc
388 5474 623 5545 Jejunio
680 5491 699 5528 .'
763 5486 898 5531 ’Ἔστι
955 5498 1023 5540 τις
1082 5482 1222 5545 (ptio-ge
1281 5481 1502 5545 σώματος
1558 5481 1629 5545 ἥνῗ
1676 5480 1914 5545 καλοῦσιν

254 5542 515 5617 ἀμίαντόν,
541 5551 791 5617 ᾀγᾴλωτρς
836 5552 968 5616 πυρί,
1018 5542 1130 5601 etc.
1179 5543 1260 5600 De
1315 5542 1425 5617 huc
1471 5543 1675 5617 lapide
1726 5543 1915 5617 multa

258 5614 483 5674 habent
540 5615 692 5688 Plin.
736 5614 837 5688 lib.
889 5614 1095 5688 xxxvi.)
1136 5631 1264 5688 cap.
1313 5614 1410 5688 19;
1460 5614 1659 5688 Diosc.
1720 5615 1821 5688 lib.
1859 5632 1909 5687 v,

259 5706 386 5764 cap.
419 5688 519 5759 93;
577 5690 633 5749 et
679 5686 739 5745 in
787 5684 945 5749 hunc
991 5684 1269 5749 ultimum
1313 5685 1674 5764 Mettbiolus,
1722 5685 1824 5748 lib.
1854 5684 1909 5762 v,

1919 1857 1968 1923 Β

2009 560 2267 615 daretur.
2300 558 2499 631 Itaque
2542 559 2772 615 tabulas
2822 558 2989 633 legis,
3024 576 3173 633 quas
3205 560 3434 634 accepit
3482 561 3667 619 absti-

2006 647 2226 716 nentia,
2255 646 2475 703 conteri
2509 647 2643 703 fecit
2671 647 2945 704 ebrietas.
3408 660 3411 667 '

2077 737 2165 792 17.
2198 735 2347 801 Quid
2389 752 2525 792 vero
2571 734 2688 791 alia
2743 736 2978 791 dicam?
3035 736 3240 794 Nonne
3299 736 3671 795 sterilitatem

2005 824 2214 881 matris
2245 825 2495 881 Samson
2532 824 2653 880 vini
2685 825 3042 881 abstinentia
3088 826 3452 895 fecundavit,
3483 831 3541 884 et
3569 842 3671 900 pa-

2007 912 2254 969 rientem
2283 913 2421 969 fecit
2449 929 2521 969 ex
2544 912 2773 970 sterili?
2806 914 3090 978 Quoniam
3114 915 3286 987 juxta
3314 920 3671 991 praeceptum

2006 1001 2240 1058 Domini
2267 1000 2473 1060 viuum
2506 1019 2624 1059 non
2654 1002 2820 1059 bibit.
2858 1004 3061 1061 Nonne
3090 1007 3321 1062 Annam
3349 1022 3469 1063 non
3500 1022 3669 1063 man-

2006 1091 2319 1147 ducantem
2370 1092 2665 1149 exaudivit
2717 1093 3029 1166 Dominus,
3080 1098 3137 1151 et
3184 1095 3670 1152 infecunditatem

2005 1181 2131 1252 ejus
2161 1179 2382 1237 solvere
2404 1182 2680 1253 jejunia‘?
2710 1183 2790 1238 Ex
2812 1184 3030 1256 quibus
3051 1184 3168 1240 duo
3198 1184 3484 1259 generati,
3510 1201 3667 1242 unus

2007 1268 2391 1339 fortissimus,
2418 1270 2573 1327 alius
2597 1272 3189 1343 observantissimus,
3214 1274 3429 1348 dignos
3459 1289 3523 1331 se
3554 1291 3678 1348 pra;

2004 1358 2280 1428 buerunt,
2314 1358 2414 1432 qui
2450 1360 2668 1433 jejunii
2719 1362 2942 1434 gremio
2992 1362 3094 1418 diu
3143 1363 3268 1432 foti,
3299 1367 3357 1421 et
3406 1364 3665 1437 quodam

2006 1448 2370 1504 abstinentia
2424 1450 2595 1506 effusi
2653 1455 2817 1506 utero
2866 1450 3227 1509 viderentur.
3262 1453 3423 1509 Idem
3468 1452 3669 1525 itaque

2006 1536 2277 1604 Samson,
2309 1538 2410 1610 qui
2444 1540 2651 1594 matris
2682 1541 2997 1596 sobrietate
3029 1545 3344 1614 generatus
3384 1545 3494 1614 est,
3525 1541 3670 1599 allo-

2006 1625 2320 1699 phylorum
2352 1626 2778 1685 insultantium
2822 1629 2933 1685 sibi
2984 1630 3262 1687 ebrietate
3291 1634 3381 1688 est
3409 1630 3677 1688 vindica-

2008 1719 2106 1770 tus
2138 1716 2277 1789 (11).

2079 1804 2167 1860 48.
2201 1804 2448 1863 Ειὶεωυε
2477 1811 2639 1863 vates
2670 1808 2771 1880 qui
2803 1809 2874 1865 de
2907 1808 3191 1881 magistro
3222 1808 3512 1866 didicerat
3540 1825 3675 1881 par-

2012 1893 2353 1961 cimoniam,
2404 1913 2541 1952 cum
2599 1896 2753 1954 filios
2810 1897 2992 1954 aleret
3046 1897 3489 1973 prophetarum,
3540 1898 3675 1955 vitis

2011 1983 2259 2054 agrestis
2289 1983 2583 2057 grumulis
2623 2002 2859 2043 mensas
2904 1987 3201 2057 onerabat,
3235 1991 3294 2043 et
3322 1987 3538 2061 ineptis
3568 1987 3671 2044 sil-

2011 2071 2302 2129 vestribus
2341 2072 2601 2130 oleribus
2633 2076 2746 2146 (12)
2778 2074 3196 2148 hospitalitatis
3232 2076 3517 2149 implebat
3545 2075 3673 2133 offl-

2013 2160 2189 2216 cium.
2217 2162 2475 2227 Quorum
2498 2163 2703 2220 offensi
2727 2165 3121 2222 amaritudine
3151 2181 3285 2222 cum
3317 2166 3675 2222 manducare

2014 2264 2129 2306 non
2161 2255 2422 2322 possent,
2451 2250 2594 2308 levis
2624 2252 2827 2308 farinae
2872 2253 3211 2326 aspersione
3238 2269 3476 2311 omnem
3507 2252 3669 2311 illam

2014 2338 2469 2396 amaritudinem
2515 2342 2880 2414 temperavit,
2912 2342 3279 2400 abstinentia
3322 2343 3673 2416 propheticis

2015 2443 2259 2485 munere
2287 2430 2498 2486 veneni
2522 2430 2675 2487 vires
2704 2448 3018 2488 evacuans.

2558 2537 2703 2593 641
2741 2538 2978 2595 CAPUT
3015 2539 3134 2595 VII.

2018 2633 2207 2720 Tribus
2238 2635 2427 2720 pueris
2443 2635 2517 2720 lin
2548 2636 2833 2720 formaverit
2871 2636 3062 2720 jejuno
3107 2636 3379 2720 stomacho
3411 2638 3674 2720 ingressis

2087 2707 2347 2781 ﬂammas
2372 2707 2725 2781 relrigerium
2755 2707 3038 2781 attulisse,-
3086 2723 3152 2762 ac
3198 2708 3377 2765 leones
3404 2707 3573 2764 eiiam
3591 2712 3673 2781 je-

2080 2777 2286 2848 junare
2313 2777 2564 2832 Danielis
2585 2777 2794 2834 eductos
2813 2794 2928 2833 esse
2947 2779 3188 2850 jejunio.

2089 2874 2176 2929 49.
2210 2875 2313 2930 Est
2341 2876 2611 2947 quaedam
2654 2878 2933 2931 creatura:
2974 2880 3206 2945 natura,
3241 2892 3419 2949 quam
3450 2878 3670 2935 aminn-

2019 2965 2147 3018 tum
2177 2968 2384 3020 vocant
2413 2964 2549 3035 (13),
2583 2963 2745 3020 nullo
2794 2962 2982 3020 facilis
3027 2964 3148 3038 igni
3192 2967 3461 3022 consumi
3495 2983 3509 3022 :
3546 2982 3672 3040 quae

2017 3051 2295 3124 imposita
2337 3053 2480 3108 focis
2530 3052 2796 3126 ignescit,
2830 3052 2987 3110 illico
3035 3054 3269 3110 sublata
3314 3056 3386 3111 de
3432 3056 3672 3113 ﬂamma

2016 3146 2302 3214 tanquam
2325 3158 2611 3214 aquarum
2633 3142 2928 3198 infusione
2951 3144 3171 3199 munda
3192 3143 3544 3217 resplendet.
3568 3146 3674 3201 Ta-

1937 3227 1979 3295 C
2018 3228 2096 3286 lia
2126 3235 2293 3287 erant
2336 3231 2711 3287 Hebraeorum
2758 3247 3004 3305 corpora
3050 3249 3388 3305 puerorum,
3422 3251 3550 3306 qua:
3599 3236 3671 3291 de

2008 3320 2236 3392 jejunio
2258 3320 2316 3375 in
2340 3321 2585 3377 amianti
2615 3322 3032 3377 transformata
3075 3327 3369 3389 naturam,
3394 3339 3668 3395 vaporem

2014 3408 2171 3480 ignis
2200 3425 2316 3464 non
2349 3409 2420 3464 ad
2451 3408 2831 3481 dispendium
2877 3409 2990 3477 sui,
3024 3410 3127 3466 sed
3157 3410 3229 3465 ad
3259 3412 3509 3483 gratiam
3540 3426 3670 3467 mu-

2014 3497 2334 3552 tuabantur
2363 3497 2494 3568 (14).
2519 3496 2782 3568 Denique
2813 3513 2946 3552 cum
2998 3498 3256 3554 furerent
3300 3500 3551 3556 fornacis
3581 3500 3668 3556 in-

2017 3585 2243 3654 cendia,
2278 3588 2343 3640 ut
2370 3584 2526 3640 ultra
2574 3585 2963 3658 quadraginta
3002 3587 3232 3644 cubitos
3279 3589 3519 3645 flamma
3568 3606 3672 3662 per

2017 3674 2326 3732 circuitum
2377 3675 2740 3743 funderetur,
2773 3691 3130 3732 consumens
3179 3677 3469 3749 plurimos
3522 3694 3669 3751 quos

2017 3767 2313 3836 repererat
2341 3762 2775 3833 Chaldaeorum,
2802 3764 2901 3836 qui
2930 3764 3214 3836 naphtha,
3249 3767 3396 3837 pice,
3427 3771 3485 3823 et
3512 3773 3672 3840 stup-

2019 3870 2093 3927 pa
2122 3857 2295 3925 atque
2322 3856 2618 3910 sarmento
2642 3852 2921 3908 alimenta
2952 3852 3188 3925 ignibus
3211 3854 3663 3912 ministrabant:

2017 3942 2117 3998 ubi
2161 3959 2293 3999 cum
2344 3942 2573 4015 jejunio
2630 3941 2880 4014 ingressi
2935 3946 3089 4011 sunt,
3144 3943 3413 3999 discusso
3464 3945 3669 4001 ardore

2017 4032 2410 4099 ﬂammarum,
2440 4032 2499 4087 in
2531 4031 2725 4087 medio
2759 4031 3012 4087 fornacis
3033 4046 3255 4104 coepere
3287 4032 3486 4089 statim
3519 4033 3668 4089 roris

2016 4122 2229 4193 spiritu
2259 4120 2658 4194 refrigerantis
2707 4120 3050 4177 humescere
3078 4121 3220 4194 (15);
3253 4122 3334 4179 ita
3363 4126 3428 4178 ut
3465 4136 3669 4179 eorum

2015 4211 2216 4268 nullus
2246 4211 2495 4284 capillus
2526 4210 2733 4284 capitis
2772 4214 3130 4281 exureretur,
3162 4212 3302 4285 quia
3330 4212 3493 4270 illam
3523 4228 3666 4287 quc-

2015 4317 2128 4374 que
2150 4301 2379 4373 jejunia
2405 4316 2639 4357 comam
2670 4304 2969 4373 paverant.

2082 4391 2178 4446 20.
2210 4388 2433 4455 Daniel,
2460 4389 2547 4444 vir
2578 4388 3024 4458 desideriorum,
3051 4391 3231 4449 trium
3267 4393 3669 4451 hebdomada-

2013 4496 2146 4535 rum
2171 4479 2395 4551 jejunio
2425 4477 2623 4536 leones
2645 4495 2878 4552 quoque
2902 4480 3104 4537 docuit
3126 4482 3418 4554 jejunare,
3443 4485 3666 4543 missus

2014 4569 2073 4624 in
2105 4568 2317 4637 lacum,
2350 4567 2411 4623 in
2442 4569 2772 4625 adamantis
2821 4569 3075 4643 rigorem
3123 4570 3489 4630 abstinentiae
3522 4574 3669 4631 soli-

2023 4702 2149 4758 cap.
2187 4686 2306 4755 113,
2343 4683 2442 4739 ubi
2472 4685 2642 4741 docet
2677 4687 2949 4770 eumdem
2990 4686 3248 4770 lapidem
3300 4690 3666 4762 ipsissimum

2023 4757 2258 4813 alumen
2302 4773 2451 4813 esse.
2475 4757 2633 4813 quod
2664 4774 2697 4813 a
2726 4758 2895 4813 nobis
2948 4759 3162 4813 dicitur
3207 4761 3341 4813 alun
3371 4761 3437 4813 de
3462 4762 3666 4813 nlume.

2023 4761 2258 4813 alumen
2302 4773 2451 4838 esse,
2475 4761 2633 4828 quod
2664 4774 2697 4813 a
2726 4761 2915 4840 nobis.
2948 4761 3162 4815 dicitur
3207 4761 3341 4816 alun
3371 4761 3437 4816 de
3450 4762 3666 4842 pluma,

2023 4845 2237 4902 exquo
2268 4832 2443 4902 etiam
2484 4844 2640 4883 nunc
2670 4827 2959 4902 ellycbma
3005 4830 3502 4887 incombustibilla
3529 4847 3665 4887 con-

2022 4899 2422 4974 ﬁ_ciuntur._Et
2472 4903 2602 4974 post
2634 4899 2857 4974 pauca
2872 4918 2998 4974 pro,
3042 4903 3266 4974 ignescit
3318 4903 3486 4969 illico,
3520 4918 3663 4974 mss.

2024 4970 2205 5044 aliqui
2251 4970 2489 5037 habent,
2520 4970 2686 5044 ignis,
2718 4976 2770 5028 et
2817 4970 2997 5040 illico;
3028 4970 3231 5044 aliqui,
3259 4975 3371 5043 foci
3400 4976 3542 5044 igne,
3577 4973 3665 5030 vel

2024 5043 2262 5114 ignibus,
2295 5048 2347 5099 et
2367 5043 2552 5102 illico.
2568 5047 2683 5114 etc.

2094 5114 2204 5196 (14)
2228 5116 2314 5169 lta
2345 5131 2486 5172 mss.
2513 5112 3004 5196 Thuan._,_(}erm.,
3036 5114 3226 5196 Diom,
3245 5112 3392 5196 Vict.
3418 5118 3475 5170 et
3503 5114 3662 5172 Colb.

2019 5184 2142 5269 Alii.
2164 5184 2297 5242 vero
2349 5204 2484 5269 cum
2534 5191 2651 5269 aut.
2685 5184 2849 5269 edit:
2880 5200 2998 5255 quas
3035 5184 3114 5269 de
3136 5185 3420 5269 jejunio...
3471 5203 3669 5269 vapore

2023 5259 2234 5328 ignis...
2284 5259 2662 5313 mutabantur.
2693 5257 2765 5310 At
2803 5255 2969 5310 Rom.
3003 5255 3146 5311 edit.
3175 5255 3319 5324 sola,
3353 5271 3478 5329 quae
3515 5255 3664 5333 jeju-

2023 5330 2207 5383 nio....
2238 5331 2550 5383 utebantur.

2021 5345 2207 5394 mo...,
2238 5345 2550 5385 utebantur.

2093 5401 2203 5471 (15)
2235 5400 2411 5466 Edit.,
2443 5403 2632 5463 Rom.,
2666 5397 2763 5453 ubi
2807 5398 2961 5471 quia
2985 5398 3163 5471 jejuni
3208 5401 3440 5471 ingressi
3466 5410 3663 5460 sunt...

2018 5469 2209 5542 ﬂatum
2241 5474 2382 5527 roris
2410 5471 2792 5542 refrigenantis
2821 5469 3023 5540 spiritu
3052 5469 3297 5526 hausere.
3319 5475 3442 5528 νει,
3469 5479 3665 5530 autem

2021 5539 2159 5628 edit.
2194 5559 2327 5598 cum
2359 5539 2503 5597 mss.
2538 5539 2612 5628 in‘
2636 5539 2947 5628 lectionem
2997 5546 3257 5628 nostram
3306 5543 3663 5628 conspirant,

2020 5618 2230 5699 praeter
2257 5628 2435 5696 quam
2461 5611 2616 5686 quod
2647 5610 2708 5667 bi
2738 5611 3076 5697 praeferunt,
3098 5629 3306 5689 clepere
3331 5610 3538 5687 statim,
3563 5610 3665 5678 ubi

2021 5703 2081 5744 1n
2109 5684 2228 5745 ιΙΙιε
2257 5683 2487 5763 legitur,
2521 5691 2700 5761 tepore
2722 5690 2926 5757 statim,
2961 5688 3070 5746 etc.

2469 5726 2487 5756 ρ
2521 5725 2698 5757 ννμνιν
2722 5725 2926 5757 συν-νη)
2961 5725 3070 5746 νννο
