4052 6196
476 329 509 382 ’7
520 324 595 387 31)

477 457 657 511 ditata
682 452 948 507 membra
967 450 1214 507 duratus
1245 467 1358 506 non
1392 448 1581 521 patuit
1609 448 1853 506 vulneri.
1876 448 1967 504 Sic
1990 465 2121 504 eum

478 541 948 599 constrinxerant
978 538 1229 610 jejunia,
1255 543 1321 593 ut
1354 538 1408 592 in
1443 538 1570 608 eius
1599 555 1837 610 corpore
1872 538 2123 593 ferarum

474 629 770 687 morsibus
818 628 984 684 locus
1014 644 1142 684 esse
1193 644 1307 681 non
1358 632 1573 699 posset.
1607 626 1816 682 Clausa
1855 626 2129 681 tenebant

470 720 669 777 leones
709 737 829 785 ora,
863 735 989 791 qua:
1030 714 1399 771 abstinentiae
1452 714 1798 788 prophetica;
1846 715 2126 771 sanctitas

471 809 901 884 comprimebat
932 824 946 861 :
984 810 1047 861 ut
1076 821 1145 861 ea
1174 804 1303 860 fera:
1334 806 1559 877 aperire
1593 822 1707 860 non
1741 809 1982 876 possent
2011 820 2127 860 me-

474 900 567 957 riti
603 898 956 972 quibusdam
990 893 1235 950 vinculis
1267 893 1504 965 alligata
1535 894 1667 965 (10).

543 990 631 1043 21.
663 986 965 1058 Jejunium
1000 985 1194 1056 itaque
1223 983 1500 1039 virtutem
1534 982 1686 1055 ignis
1713 981 2010 1048 exstinxit,
2034 982 2123 1052 je-

462 1077 704 1151 junium
761 1093 861 1132 ora
917 1073 1207 1130 obstruxit
1262 1072 1538 1138 leonum,
1588 1072 1881 1143 jejunium
1945 1071 2125 1126 maris

473 1169 691 1223 lluenta
720 1164 1010 1231 solidavit,
1038 1162 1331 1233 jejunium
1372 1165 1598 1233 petram
1633 1160 1806 1216 solvit
1846 1160 1901 1214 in
1935 1161 2125 1217 fontes

472 1272 782 1329 aquarum,
813 1253 1029 1308 virtute
1070 1250 1279 1323 jejunii
1313 1254 1514 1305 contra
1545 1266 1715 1306 suam
1764 1253 1989 1305 mutata
2020 1266 2121 1303 na-

472 1354 666 1404 turam
697 1347 753 1400 et
783 1342 998 1397 ﬂuctus
1029 1339 1305 1412 obriguit,
1341 1344 1396 1395 et
1427 1342 1590 1411 petra
1619 1336 1939 1394 inundavit.

1086 1428 1318 1483 CAPUT
1356 1428 1503 1483 Vill.

471 1524 688 1598 Jejunii
715 1520 1002 1598 commoda
1050 1526 1110 1571 ut
1155 1518 1331 1598 magis
1361 1517 1628 1598 eluceaut,
1660 1532 1785 1598 cum
1832 1517 1982 1584 gula?
2029 1516 2121 1569 in.

542 1588 836 1653 commodis
902 1594 1211 1661 comparat,
1262 1604 1356 1661 _ac
1415 1588 1921 1661 perturbationum,
1980 1601 2123 1661 quas

542 1667 732 1724 eadem
782 1664 915 1735 gula
962 1658 1167 1735 inferre
1196 1659 1346 1735 solet,
1384 1660 1856 1735 eleg/entisaimam
1901 1658 2123 1735 subjicit

543 1729 976 1806 descriptionem,
999 1729 1089 1786 cui
1118 1731 1423 1785 exhortatio
1451 1731 1520 1784 ad
1539 1730 1881 1785 sobrietatem
1898 1729 2124 1799 conjun-

585 1813 715 1864 itur.

585 1827 715 1864 uur.

544 1827 634 1951 ΞΖ.
658 1894 767 1950 Sed
791 1892 934 1965 quid
956 1890 1198 1946 vetustis
1223 1895 1354 1945 utar
1377 1888 1680 1961 exemplis,
1705 1905 1839 1945 cum
1862 1889 2123 1945 abundet

466 1985 763 2058 jejunium
785 1983 958 2038 etiam
997 1978 1368 2051 praesentium
1392 1978 1735 2033 muneribus
1757 1979 2078 2050 gratiarum
2094 1977 2123 2032 ?

473 2075 615 2141 Quis
638 2068 1006 2129 deterioravit
1024 2070 1265 2122 domum
1298 2083 1465 2121 suam
1502 2067 1652 2123 542
1678 2066 1950 2137 jejunio?
1981 2068 2122 2132 Quis

474 2161 775 2221 imminuit
792 2156 1133 2214 facultates“?
1149 2156 1249 2211 Cui
1275 2172 1386 2210 non
1408 2161 1682 2227 suspecta
1704 2155 1999 2210 luxuries?
2016 2155 2121 2210 Cui

474 2269 591 2308 non
623 2246 966 2306 venerabilis
998 2243 1393 2301 abstinentia?
1415 2244 1596 2315 Cujus
1628 2244 1862 2299 thorum
1894 2243 2122 2315 appeti-

474 2343 557 2396 vit
586 2335 983 2412 parcimonia?
1004 2335 1185 2405 Cujus
1212 2333 1491 2404 pudorem
1516 2349 1629 2387 non
1663 2331 1810 2387 laesit
1833 2330 2123 2387 ebrietas?

472 2429 775 2501 Jejunium
820 2423 1191 2481 continentiae
1239 2421 1641 2492 magisterium
1681 2432 1785 2489 est,
1828 2421 2120 2492 pudicitiae

475 2517 806 2589 disciplina,
838 2512 1143 2569 humilitas
1174 2510 1409 2577 mentis,
1434 2510 1736 2582 castigatio
1768 2510 1982 2575 carnis,
2008 2511 2120 2565 for-

475 2625 571 2663 ma
619 2603 972 2671 sobrietatis,
1002 2618 1209 2656 norma
1248 2598 1499 2669 virtutis,
1525 2598 1851 2671 purificatio
1889 2601 2119 2666 animae,

475 2694 869 2752 miserationis
894 2706 1168 2763 expensa,
1191 2688 1451 2744 lenitatis
1484 2687 1796 2752 institutio,
1818 2687 2121 2743 charitatis

473 2785 767 2850 illecebra,
800 2781 1002 2838 senilis
1049 2779 1256 2853 gratia,
1290 2776 1924 2846 custodiajuventutis.
1958 2777 2119 2848 Jeju-

474 2876 638 2931 nium
688 2878 777 2928 est
832 2867 1191 2925 infirmitatis
1247 2865 1720 2931 allevamentum,
1772 2865 2119 2922 alimentum

474 2961 702 3020 salutis.
730 2960 911 3015 Nemo
942 2956 1288 3012 cruditatem
1311 2955 1636 3025 jejunando
1670 2953 1893 3018 incidit,
1922 2954 2121 3011 nullus

474 3069 577 3125 per
604 3045 1021 3106 continentiam
1072 3044 1253 3100 ictum
1283 3042 1589 3115 sanguinis
1619 3044 1729 3115 (17)
1763 3042 1965 3109 sensit,
2002 3044 2118 3098 imo

474 3140 674 3197 nullus
732 3154 848 3193 non
909 3133 1184 3207 repressit
1234 3138 1292 3188 et
1344 3132 1574 3204 repulit.
1609 3132 1836 3187 Bonum
1893 3132 2118 3189 itineris

471 3321 574 3375 dat
603 3315 930 3388 naufragia,
962 3314 1159 3369 cibum
1194 3317 1400 3367 servat.

540 3410 633 3464 23.
665 3407 770 3472 Qui
803 3420 974 3478 grave
1003 3402 1207 3457 dicunt
1228 3401 1524 3472 jejunium
1554 3416 1705 3467 esse,
1728 3400 2119 3472 respondeant

469 3499 601 3572 quis
625 3495 853 3568 jejunio
901 3491 1194 3548 defecerit.
1232 3489 1398 3545 Multi
1447 3490 1507 3544 in
1558 3490 1820 3561 prandio,
1857 3489 2117 3562 plerique

470 3588 611 3641 dum
654 3585 898 3639 vomunt
942 3578 1207 3650 epulum,
1240 3577 1439 3631 fudere
1487 3577 1767 3631 animam.
1802 3578 1963 3643 Quod
2014 3593 2116 3647 po-

472 3681 691 3731 stremo
723 3669 940 3727 animal
964 3667 1257 3739 jejunium
1288 3666 1397 3722 sibi
1428 3682 1665 3721 causam
1699 3665 1879 3720 fuisse
1912 3665 2117 3720 mortis

470 3759 799 3836 ingemuit?
829 3759 936 3813 Per
963 3773 1155 3812 escam
1192 3754 1438 3827 laqueus
1469 3770 1584 3809 non
1615 3760 1870 3821 cavetur,
1898 3755 1955 3809 in
1985 3770 2119 3809 esca

472 3852 687 3908 hamus
742 3848 907 3914 latet,
954 3846 1121 3902 cibus
1167 3844 1404 3900 deducit
1450 3843 1510 3898 in
1560 3843 1802 3909 foveam,
1849 3848 1906 3898 et
1950 3843 2117 3899 cibus

470 3942 699 3998 induett
756 3939 813 3993 in
874 3934 1037 4001 retia,
1069 3934 1237 3990 cibus
1276 3933 1431 3988 visco
1488 3931 1661 3987 etiam
1718 3947 1853 3986 aves
1909 3930 2117 4003 illigat,

468 4033 639 4089 cibus
669 4028 930 4085 volantes
972 4023 1212 4096 deponit
1239 4022 1310 4077 ad
1343 4025 1611 4076 mortem.
1637 4022 1772 4085 Quae
1821 4037 1936 4076 non
1985 4037 2116 4093 pro-

467 4126 599 4193 pter
632 4120 892 4173 ventrem
927 4109 1224 4185 pericula?
1267 4109 1428 4163 Muta
1457 4107 1736 4163 animalia
1767 4108 1985 4164 crimen
2016 4126 2117 4165 ne-

466 4210 684 4275 sciunt,
716 4210 775 4262 et
805 4204 865 4259 in
913 4202 1022 4257 hoc
1069 4199 1193 4256 solo
1240 4204 1521 4270 tanquam
1570 4214 1673 4270 pro
1720 4197 1961 4253 crimine
2008 4216 2117 4270 pu-

539 4351 651 4420 (113)
687 4348 812 4404 Vet.
845 4347 1009 4414 edit.,
1045 4344 1248 4420 Clausa
1302 4341 1555 4420 tenebant
1606 4342 1716 4420 [ι’νί
1770 4341 1964 4420 leones
1997 4358 2114 4420 ora,

505 4414 595 4476 ui?
624 4414 955 4473 abstinentia
996 4414 1729 4489 prophetz'czesanctitatis...
1776 4414 1964 4489 meriti
1993 4416 2115 4489 qui—

505 4439 595 4476 a?
624 4439 955 4473 αοδιιηϐηιια
996 4439 1329 4489 propnctwd:
1357 4439 1729 4469 euucuuule...
1776 4439 1963 4467 πιεΓιιι
1993 4439 2113 4484 ([ιιι-

468 4439 727 4554 Zusdam;
750 4490 912 4543 Rom.
937 4496 1183 4551 autem.,
1205 4487 1542 4541 abstinentia
1568 4485 1847 4556 propheta?
1874 4488 2113 4556 sancti...

469 4562 636 4620 veluti
654 4560 999 4632 quibusdam,
1022 4565 1126 4612 etc.
1162 4561 1234 4612 At
1261 4574 1402 4613 mss.
1430 4555 1690 4612 nostram
1724 4556 1782 4610 in
1813 4555 2117 4612 lectionem

469 4630 675 4692 omnes
704 4630 1096 4686 consentiunt.

539 4703 654 4778 (l7)
679 4706 848 4778 Ictum
867 4699 1174 4778 sanguinis,
1204 4698 1721 4778 idet,-_&1ton7t_:§tav
1753 4722 1766 4756 :
1795 4699 2116 4778 quoetiam

466 4769 648 4833 verbo
677 4774 946 4829 morbum
975 4769 1137 4825 hunc
1167 4769 1438 4823 vocitavit
1478 4770 1534 4824 in
1586 4771 1778 4825 Marco
1817 4769 2117 4827 Antonino

464 4846 739 4906 Aurelius
768 4845 985 4900 Victor.

536 4920 649 5003 (18)
683 4918 767 4973 Ita
801 4933 940 4997 mss.
978 4908 1358 5003 ominesgall.
1389 4910 1694 5003 pisi‘qnod
1737 4912 1902 4967 Dion.
1939 4913 2116 5003 codex

467 5011 497 5049 e
531 4981 763 5065 regione
792 4988 970 5052 vocis,
996 4985 1363 5065 vestigiorum,
1389 4981 1562 5037 habet
1594 4982 1647 5034 in
1677 4986 1974 5065 “mai-3.1%,;
2000 4981 2114 5039 ητα-

465 5054 1066 5134 stigz't'ztorum,_quain_
1092 5054 1289 5134 vocem
1324 5054 1516 5134 Germ.
1552 5054 1781 5134 praefert
1824 5054 1894 5134 in.
1931 5060 2115 5134 textu,

468 5124 570 5206 pro
602 5151 719 5206 qua
750 5124 1268 5206 inib‘lichLlegitur
1302 5128 1640 5206 nostrorum,
1672 5129 1728 5179 et
1759 5124 1815 5206 in
1850 5125 1993 5206 Val].
2028 5143 2115 5181 ve-

468 5195 728 5261 strorum.
768 5204 907 5259 Hinc
939 5195 1179 5273 colligas
1212 5198 1268 5273 in
1301 5197 1413 5252 ista
1444 5195 1697 5273 dictione
1732 5195 1951 5267 aliquid
1987 5214 2117 5273 cor-

471 5276 761 5347 ruptionis
791 5275 993 5343 videri,
1026 5268 1181 5347 quod
1215 5271 1271 5325 in
1305 5286 1483 5347 causa
1515 5268 1707 5347 fuerit,
1730 5284 1835 5322 cur
1865 5268 2115 5347 nonnul-

470 5338 811 5403 lis'vocibns
849 5338 1124 5401 detractis
1157 5348 1342 5397 totum
1375 5339 1564 5395 locum
1594 5339 1649 5393 in
1684 5338 1835 5393 hanc
1869 5340 2116 5395 formam

470 5416 608 5471 edit.
641 5418 994 5482 exhiberent,
1030 5431 1235 5486 nempe
1265 5419 1375 5486 vet.
1404 5411 1854 5486 inquietudinem.
1880 5412 2119 5486 Obsona-

468 5491 555 5561 tor
584 5496 662 5561 est
694 5491 787 5559 qui
816 5484 1254 5561 antequnm_.et_c.
1290 5485 1455 5539 Rom.
1480 5500 1635 5561 vero,
1660 5484 2114 5561 inquietudinem,

468 5554 752 5633 Jejunium
780 5560 891 5615 otia
934 5554 1354 5633 queritltuxus
1397 5560 1637 5633 sectatur
1683 5556 1917 5633 negotia.
1954 5554 2114 5633 Obso-

470 5626 630 5689 nator
657 5626 967 5703 antequam,
1000 5632 1110 5689 etc.
1134 5627 1247 5687 Sed
1278 5638 1402 5701 quis
1433 5626 1826 5703 prmtermisSa
1858 5632 1996 5685 sunt
2027 5642 2115 5683 re-

1941 318 2005 376 S.
2051 313 2425 377 AMBROSII

2148 3178 2190 3245 (ἲ

473 3230 771 3294 viaticum,
805 3229 1025 3283 bonum
1064 3223 1244 3279 totius
1277 3224 1401 3278 vita:
1436 3240 1447 3278 :
1483 3223 1697 3277 bonum
1736 3223 1792 3275 in
1824 3222 1994 3286 mari,
2026 3239 2114 3278 se-
2148 3220 2191 3246 “

3699 322 3789 379 740

2152 448 2209 514 Α
2239 449 2500 504 ninntur.
2533 448 2834 519 Jejunium
2858 447 3141 504 sobrietas
3175 447 3381 503 mentis
3410 452 3509 516 est,
3530 448 3623 505 hoc
3646 451 3793 525 vigent

2238 555 2466 604 sensus,
2487 538 2545 592 in
2568 535 2914 607 hocjudicia
2928 539 3275 603 tractantur,
3289 535 3345 591 in
3364 537 3598 593 convivio
3618 541 3791 610 pocula.

2234 627 2533 696 Jejunium
2567 626 2821 682 custodit
2861 624 3253 696 disciplinam,
3285 623 3557 681 luxuriam
3591 630 3797 699 sequitur

2236 716 2452 788 inopia.
2480 716 2725 770 Liwuria
2754 722 2930 769 mater
2957 723 3034 769 est
3061 715 3251 785 famis,
3283 714 3585 770 secundum
3614 718 3799 790 prophe-

2238 804 2414 860 ticum
2444 805 2686 860 dietum.
2706 802 3002 872 Jejunium
3028 802 3284 873 quietem
3307 801 3505 874 diligit,
3523 802 3721 860 luxuria
3741 806 3813 861 inv

2236 890 3092 965 quietudinem(18).Jejunium
3112 890 3227 945 otia
3249 889 3406 958 serit,
3425 889 3582 947 luxus
3606 894 3799 965 negotia.

2306 992 2392 1045 24.
2452 990 2707 1046 Ferietur
2763 987 3077 1059 aliquando
3136 1005 3447 1060 coquorum
3491 989 3801 1061 vestigiorum

2234 1080 2545 1135 machaera.
2598 1077 2945 1149 Requiescat
3002 1077 3318 1133 Obsonator
3375 1078 3505 1149 qui,
3552 1082 3801 1150 antequam

2233 1168 2443 1236 luceat,
2479 1170 2631 1223 fores
2687 1167 2886 1239 pulsat
2940 1165 3184 1231 alienas,
3225 1173 3278 1222 et
3328 1170 3592 1238 tanquam
3633 1167 3804 1223 bellum

2233 1257 2467 1329 aliquod
2520 1254 2841 1324 immineat,
2886 1255 3096 1310 excitat
3147 1255 3511 1310 dormientes.
3544 1254 3805 1311 Turbatum

2233 1348 2413 1413 vides,
2445 1344 2814 1401 anhelantem
2856 1343 3107 1399 advertis
3140 1361 3153 1399 :
3190 1343 3509 1416 interrogas
3537 1361 3648 1417 qua:
3672 1361 3808 1401 causa

2234 1434 2689 1508 perturbationis
2736 1433 2830 1488 sit.
2867 1432 3075 1500 Poscit,
3111 1432 3323 1504 inquit,
3361 1433 3620 1488 dominus
3664 1450 3807 1500 meus,

2234 1524 2332 1579 ubi
2364 1524 2563 1578 vinum
2614 1521 2824 1577 melius
2856 1525 3076 1589 veneat,
3100 1520 3307 1592 quaerit
3338 1520 3430 1575 ubi
3471 1520 3654 1575 durior
3683 1519 3808 1575 vulva

2232 1618 2485 1670 curetur.
2517 1610 2615 1667 ubi
2639 1612 2806 1680 jecur
2834 1608 3073 1665 mollius
3103 1610 3237 1680 (i9),
3271 1609 3371 1664 ubi
3403 1608 3694 1681 phasianus
3719 1612 3809 1681 pin-

2233 1702 2418 1776 guior,
2455 1700 2555 1756 udi
2606 1700 2779 1771 piscis
2827 1698 3132 1754 recentior.
3167 1697 3423 1753 Cursitat
3474 1714 3570 1769 per
3612 1697 3807 1763 diversa,

2152 1816 2199 1880 Β
2232 1798 2289 1849 et
2317 1810 2451 1848 cum
2484 1790 2789 1856 invenerit,
2825 1804 3059 1844 summo
3104 1805 3281 1843 cursu
3325 1792 3599 1860 properat.
3629 1786 3810 1858 Inquie-

2232 1886 2316 1937 tat
2345 1879 2649 1935 dominum
2696 1876 3151 1943 somnolentum,
3185 1875 3549 1932 auctionatur
3574 1874 3745 1947 pretia.
3768 1874 3808 1928 Si

2230 1969 2483 2043 pretium
2544 1966 2786 2022 moverit
2833 1966 2945 2037 (20)
2990 1965 3188 2037 piscis,
3236 1982 3528 2037 nusquam
3569 1963 3810 2019 meliorem

2230 2058 2438 2115 asserit
2486 2055 2751 2122 inveniri,
2785 2054 2901 2110 imo
2951 2055 3174 2109 deesse.
3208 2054 3365 2120 Ileri,
3400 2053 3599 2125 inquit,
3642 2057 3808 2123 tempe-

2232 2152 2449 2219 pestas,
2472 2143 2646 2199 hodie
2676 2141 2949 2214 procella,
2975 2141 3067 2196 vix
3098 2141 3275 2197 istum
3305 2140 3465 2213 potui
3485 2140 3729 2196 latentem
3744 2138 3812 2193 de-

2231 2234 2608 2308 prehendere.
2660 2230 2825 2286 Multi
2879 2235 3231 2286 concursant
3276 2231 3337 2285 in
3384 2228 3650 2285 macello:
3689 2227 3727 2283 si
3766 2230 3812 2280 tu

2232 2322 2575 2388 reddideris,
2608 2320 2753 2377 alter
2800 2319 2932 2393 plus
2979 2320 3169 2388 dabit;
3203 2323 3258 2375 et
3297 2320 3440 2391 quid
3487 2315 3747 2375 exhibebis
3770 2314 3811 2369 in

2230 2412 2519 2487 prandio?
2550 2411 2725 2467 Istius
2756 2410 2872 2465 vini
2895 2410 3006 2481 (21)
3040 2409 3131 2465 ille
3158 2408 3377 2465 natalis
3396 2413 3501 2475 est,
3528 2408 3637 2463 haec
3662 2422 3718 2461 ex
3742 2403 3812 2459 illo

2230 2503 2359 2559 lacu
2406 2501 2554 2556 lecta
2601 2504 2794 2555 ostrea
2825 2516 2838 2555 :
2871 2498 3008 2554 talis
3065 2499 3132 2553 ﬁt
3186 2499 3258 2554 de
3312 2497 3557 2571 singulis
3607 2493 3812 2551 licitatio.

2233 2593 2384 2649 543
2455 2592 2632 2646 llasta
2688 2589 2956 2661 quaedam
3024 2588 3278 2661 agitatur
3350 2589 3497 2643 inter
3562 2586 3814 2642 obsonato-

2231 2698 2352 2737 rem
2386 2681 2496 2751 (22)
2537 2685 2594 2735 et
2642 2682 2955 2750 pastorem.
2989 2677 3287 2733 Turbatus
3338 2675 3551 2732 addicit
3592 2673 3814 2747 patrimo-

2234 2771 2417 2835 nium,
2442 2772 2609 2841 rogat
2638 2767 2828 2823 adhuc
2859 2783 2962 2839 per
2984 2783 3131 2838 quos
3162 2783 3409 2822 suorum
3442 2766 3699 2821 bonorum
3714 2762 3818 2832 jura

2232 2858 2591 2914 minuantur.

2299 2958 2387 3011 25.
2423 2955 2693 3010 Curritur
2723 2955 2795 3010 ad
2836 2954 3171 3025 coquinam,
3209 2954 3270 3007 fit
3324 2954 3527 3025 ingens
3571 2948 3817 3020 strepitus.

2230 3046 2295 3101 fit
2336 3043 2649 3100 tumultus.
2681 3043 2826 3098 Tota
2872 3041 3197 3115 exagitatur
3244 3041 3490 3110 familia,
3524 3037 3820 3096 maledicunt

2229 3151 2455 3201 omnes,
2479 3133 2634 3204 quod
2668 3130 2829 3186 nulla
2860 3131 2950 3187 his
2993 3132 3226 3203 requies
3256 3131 3450 3186 detur.
3483 3129 3718 3186 Tandem
3741 3123 3819 3180 ali-

2230 3222 2464 3296 quando
2494 3223 2570 3276 da
2600 3221 2861 3292 requiem
2884 3236 3091 3290 coquo.
3120 3221 3312 3275 Instar
3351 3225 3549 3275 statua:
3584 3217 3818 3290 pincerne

2226 3315 2461 3369 dextera
2489 3326 2722 3366 summo
2767 3308 2901 3382 gelu
2933 3310 3099 3381 riget.
3135 3308 3233 3364 llle
3283 3309 3346 3364 in
3398 3308 3601 3381 frigida
3643 3304 3821 3361 exercet

2228 3418 2459 3467 manus,
2493 3399 2576 3454 illi
2621 3415 2915 3454 marmora
2953 3397 3167 3453 lavant.
3206 3398 3496 3454 Mandant
3544 3394 3819 3469 pavimenta

2226 3492 2360 3547 vino
2383 3490 2638 3557 madida,
2667 3493 2723 3543 et
2754 3488 2941 3560 spinis
2972 3491 3241 3560 cooperta
3269 3488 3551 3559 piscium;
3582 3490 3635 3540 et
3659 3477 3819 3555 quanti

2227 3582 2369 3637 dum
2410 3578 2735 3643 ambulant,
2757 3576 3178 3631 vulnerantur?
3211 3577 3273 3631 1n
3309 3578 3437 3649 ipso
3467 3572 3703 3631 convivio
3729 3568 3823 3624 cla-

2228 3686 2355 3724 mor
2374 3666 2764 3738 epulantium,
2779 3666 3035 3738 gemitus
3052 3664 3552 3737 vapulantium.Si
3569 3660 3692 3735 quid
3715 3660 3823 3713 forte

2227 3756 2531 3829 displicuit
2576 3754 2802 3819 amicis,
2837 3753 2920 3808 illi
2969 3754 3179 3821 rident,
3208 3760 3269 3809 tu
3326 3751 3654 3826 indignaris.
3684 3746 3823 3803 Sileat

2227 3845 2541 3918 aliquando
2582 3844 2796 3899 domus
2843 3859 2876 3897 a
2924 3842 3131 3898 multis
3180 3840 3699 3915 perturbationibus
3735 3834 3823 3890 huc

2228 3940 2403 4007 atque
2433 3933 2574 3989 illuc
2604 3931 3083 3997 discurrentium,
3108 3939 3273 3988 vacet
3300 3933 3459 3987 fumo
3485 3936 3539 3986 et
3566 3926 3826 3984 semiustu-

2227 4023 2481 4079 latorum
2528 4021 2750 4077 nidore.
2784 4021 2909 4075 Non
2941 4020 3279 4092 coquinam,
3322 4021 3424 4077 sed
3478 4015 3824 4077 carnificinam

2228 4118 2443 4185 putes:
2487 4110 2752 4183 praelium
2800 4109 2945 4181 geri,
2995 4127 3109 4165 non
3162 4110 3478 4182 prandium
3527 4106 3724 4171 curari;
3766 4102 3825 4154 ita

2229 4200 2517 4274 sanguine
2548 4199 2747 4256 omnia
2776 4204 2998 4254 natant.

2228 4344 2525 4399 stituenda
2554 4359 2681 4398 esse
2704 4340 2849 4398 satis
2869 4340 3126 4396 ostendit
3156 4340 3251 4397 hic
3280 4341 3456 4397 Basili
3486 4340 3825 4401 100118,:th

2224 4440 2299 4473 τοι
2328 4422 2569 4486 μαγείρων
2598 4421 2632 4481 ἡ
2654 4424 2889 4486 μάχαιρα,
2922 4429 3097 4484 quem
3130 4413 3203 4465 ab
3234 4413 3543 4468 Ambrosio
3582 4407 3700 4465 usui
3742 4417 3825 4458 suo

2229 4485 2671 4543 acc-emodatum
2703 4485 2833 4540 esse
2864 4485 3243 4539 manifestum
3274 4493 3386 4540 est.

2152 4548 2195 4611 D
2298 4559 2410 4682 (19)
2443 4556 2627 4611 Vulva
2656 4555 2914 4627 porcina,
2947 4560 3004 4612 et
3038 4558 3207 4627 jecur
3246 4554 3578 4613 anserinum
3609 4542 3824 4618 antiquis

2226 4630 2281 4682 in
2317 4630 2387 4682 de
2419 4628 2544 4682 iciis
2574 4633 2759 4682 erant.

2226 4630 2281 4684 in
2308 4628 2544 4683 deliciis
2574 4633 2759 4682 erant.
3781 4684 3791 4695 ο

2299 4701 2409 4772 (20)
2441 4698 2500 4754 Si
2527 4700 2765 4772 pretium
2791 4697 3444 4772 mouerit,_subintel_lige
3475 4702 3756 4772 emptorem,
3779 4683 3822 4737 id

2225 4766 2333 4839 est,
2368 4766 2413 4826 si
2444 4766 2696 4842 pretium
2718 4769 2983 4842 emptori
3008 4768 3247 4825 charius
3277 4766 3468 4842 visum
3500 4766 3679 4842 tuerit.
3746 4832 3755 4842 ⁸
3789 4828 3797 4837 1

2296 4788 2333 4839 ῐ,
2368 4788 2413 4826 8|
2485 4788 2696 4826 renum
2729 4788 2974 4842 emptori
3008 4788 3247 4825 cnarius
3277 4788 3468 4824 Visum
3500 4788 3679 4823 tuerit.
3789 4828 3797 4837 '

2296 4844 2409 4914 (21)
2440 4788 2630 4897 Codex
2678 4840 2850 4914 Mich.
2904 4839 3087 4914 solus,
3137 4842 3219 4914 In,
3248 4840 3668 4914 prandioiitius
3710 4828 3825 4914 viri?

2226 4902 2638 4970 Illius'natalis.
2672 4913 2798 4970 Haec
2826 4928 2895 4967 etc
2925 4912 3042 4975 illo,
3069 4902 3177 4968 etc.
3208 4902 3436 4967 lt'ursus
3457 4909 3551 4965 ubi
3573 4911 3671 4971 vet,
3692 4902 3821 4978 edit.»

2226 4987 2516 5055 iactitatio,
2551 4985 2717 5039 Rom.
2751 4988 2808 5039 et
2837 5000 2980 5056 mss.
3016 4983 3233 5056 plures,
3269 4983 3520 5049 licitatio,
3549 4983 3671 5056 etc,
3700 4975 3753 5028 ut
3776 4975 3822 5021 in

2226 5050 2385 5112 textu
2423 5074 2435 5112 :
2472 5056 2689 5111 habent
2720 5050 3276 5127 nonnulliflitigatio
3309 5058 3451 5111 aestu
3493 5050 3706 5124 quodam
3727 5056 3819 5111 a0!-

2229 5134 2398 5193 talur,
2431 5133 2541 5183 etc.
3622 5189 3654 5193 -_
3693 5188 3722 5193 __
3765 5179 3791 5193 _.

2299 5188 2413 5268 (ῗέ)
2447 5200 2506 5254 1d
2539 5203 2627 5254 est
2657 5198 2869 5265 auctio,
2904 5198 3042 5269 quia
3073 5214 3263 5252 rerum
3293 5195 3578 5269 venalium
3622 5188 3821 5269 licitatio

2227 5261 2404 5326 hasta.
2428 5271 2485 5326 in
2520 5270 2641 5325 foro
2670 5261 2865 5341 posita
2891 5261 3013 5324 ﬁeri
3044 5269 3283 5325 solebat.
3313 5268 3486 5325 Paulo
3516 5267 3637 5339 post
3662 5261 3818 5341 autftn

2232 5348 2518 5414 pastorem
2553 5328 2687 5396 enni
2713 5341 2926 5396 vocitat
2951 5356 3126 5413 quem
3159 5341 3475 5414 parochum
3510 5328 3573 5393 ac
3601 5328 3823 5414 praebiti)-

2228 5410 2349 5469 rem
2383 5414 2673 5479 dicebant,
2707 5428 2839 5469 eum
2873 5410 3080 5485 nempe
3115 5410 3212 5484 qui
3245 5412 3721 5485 convivslsut‘nﬂlsa
3744 5410 3819 5485 εἷς

2227 5464 2274 5539 ei
2285 5464 2506 5557 gessi
2516 5464 2838 5557 61.35.9591;
2873 5464 3473 5557 eaeaeaeem.
3496 5464 3578 5545 259,
3602 5475 3735 5557 idem
3750 5464 3819 5557 _a_b

2222 5548 2532 5630 Ambrosio
2558 5555 2884 5630 appellatur
2914 5557 2962 5611 is
2996 5548 3285 5630 qui‘nascit
3306 5575 3326 5611 .-
3359 5554 3509 5610 unde
3538 5548 3819 5630 pastongf'

2225 5629 2377 5690 cutis
2397 5622 2759 5705 temporibus
2782 5627 2937 5685 idem
2959 5622 3307 5704 signiﬁcavit
3321 5631 3493 5701 atque
3512 5622 3816 5682 convivium.
