4104 6156
234 265 317 326 741
1370 256 1600 319 LIBER
1646 258 1755 319 DE
1807 255 1981 316 ELIA
2029 257 2126 319 ET
2166 259 2507 325 JEJUNIO.

3535 267 3658 327 742

286 398 366 453 26.
400 395 564 453 Malae
596 394 857 452 Dominae
888 393 1149 451 servitur
1167 391 1319 466 gulae
1356 392 1494 463 (23),
1537 407 1666 463 qua
1726 405 1888 446 sem-
1919 393 1974 457 Α
2005 373 2180 451 unius
2212 392 2475 450 mulieris
2497 395 2797 467 jejunium
2828 397 3172 457 innumeros
3221 401 3435 457 stravit
3489 414 3660 456 exer-

236 505 317 561 per
347 486 582 560 expetit,
611 501 918 559 nunquam
950 483 1242 556 expletur.
1277 481 1430 546 Quid
1462 479 1893 536 eniminsatia-

236 576 395 632 bilius
425 579 621 631 ventre
649 575 679 630 ‘2
712 573 892 629 Hodie
923 571 1201 645 suscipit,
1234 575 1293 626 et
1324 587 1457 626 cras
1489 567 1691 642 exigit.
1745 569 1893 625 Cum

237 664 501 737 impletus
532 663 727 731 fuerit,
753 663 1095 735 disputatur
1114 661 1185 717 de
1207 659 1579 716 continentia
1603 675 1619 714 :
1643 675 1782 715 cum
1806 657 1892 713 di-

237 753 485 827 gesserit,
508 751 631 808 vale
663 750 986 807 virtutibus
1012 751 1246 816 dicitur,
1300 748 1516 821 quaerit
1565 747 1891 806 luxuriam.

239 843 379 897 Inter
400 839 603 916 pocula
631 838 1011 911 philosophia
1031 837 1407 911 praedicatur,
1432 836 1589 892 inter
1630 835 1892 909 philoso-

235 930 371 1003 phos
391 927 931 984 vinalaudantur.«
990 926 1234 1000 Vigiliaz,
1304 924 1522 997 inquit,
1547 929 1609 979 et
1661 925 1897 982 cholera

236 1019 356 1090 (24),
388 1021 443 1073 et
469 1020 698 1072 tortura
727 1015 854 1071 viro
882 1015 1208 1072 insatiabili
1239 1015 1435 1088 (Eccli.
1468 1029 1632 1081 xxxr,
1687 1015 1780 1084 23)
1817 1032 1829 1071 :
1866 1038 1894 1065 ››

240 1107 535 1162 manducat
563 1109 621 1161 et
650 1103 829 1177 paulo
859 1108 996 1177 post
1025 1102 1266 1177 poenitet
1297 1120 1311 1160 :
1355 1119 1472 1158 non
1513 1099 1693 1160 illum
1762 1104 1896 1160 diu-

238 1197 347 1253 tius
366 1212 470 1251 sua
496 1192 956 1267 intemperantia
985 1193 1307 1250 delectavit.

307 1287 386 1339 27.
419 1283 658 1340 Attende
688 1282 930 1338 divitem
967 1283 1072 1355 qui
1112 1281 1467 1340 induebatur
1517 1296 1793 1353 purpura
1844 1287 1902 1339 et

241 1374 424 1447 bysso,
456 1376 511 1428 et
550 1371 907 1446 epulabatur
937 1372 1206 1445 quotidie
1252 1370 1580 1445 splendide,
1612 1372 1796 1442 cujus
1828 1374 1901 1429 ad

232 1463 465 1534 januam
499 1460 808 1517 mendicus
838 1460 935 1517 ille
971 1460 1229 1517 Lazarus
1252 1460 1488 1532 jacebat
1505 1458 1722 1533 plenus
1748 1459 1904 1517 ulce-

241 1551 418 1620 ribus,
439 1550 680 1623 cupiens
711 1550 968 1607 saturari
1002 1568 1075 1607 ex
1108 1550 1201 1607 his
1232 1567 1358 1622 quae
1390 1550 1460 1606 de
1483 1566 1693 1606 mensa
1725 1550 1900 1606 cade-

240 1641 376 1697 bant
402 1639 612 1696 divitis.
648 1639 830 1695 Paulo
863 1643 994 1712 post
1026 1656 1169 1695 cum
1202 1644 1358 1695 esset
1395 1645 1687 1706 mortuus,
1722 1640 1904 1713 coepit

240 1746 437 1803 rogare
464 1728 688 1802 positus
720 1728 779 1784 in
813 1728 1068 1795 inferno,
1105 1731 1173 1784 ut
1217 1733 1541 1785 extremum
1582 1727 1753 1802 digiti
1805 1729 1898 1785 sui

241 1836 456 1893 pauper
482 1817 577 1874 ille
605 1818 664 1874 in
697 1835 915 1891 aquam
937 1816 1289 1890 intingeret,
1316 1820 1373 1873 et
1391 1817 1763 1891 refrigeraret
1792 1817 1901 1874 lin-

236 1925 410 1983 guam
439 1907 585 1979 ejus,
617 1925 745 1980 quae
796 1906 1043 1962 ardebat
1116 1905 1411 1963 incendio.
1445 1905 1554 1962 Ubi
1619 1906 1731 1961 illae
1800 1924 1896 1963 co-

240 1996 345 2071 piae
373 1996 399 2052 ?
426 1996 529 2053 Ubi
559 1995 671 2053 illae
703 1995 1019 2053 ebrietates
1052 1993 1084 2049 ?
1118 1992 1257 2050 Sitit
1286 1993 1387 2067 qui
1439 1993 1848 2051 inebriabatur
1881 2014 1893 2052 :

240 2086 495 2144 abundat
531 2086 632 2160 qui
679 2085 1080 2142 mendicabat.
1144 2082 1207 2138 In
1249 2083 1375 2155 ipso
1432 2082 1694 2139 convivio
1754 2083 1898 2140 dum

242 2177 471 2243 bibunt,
501 2175 728 2244 sitiunt,
757 2178 818 2231 et
849 2190 982 2229 cum
1014 2171 1293 2227 inebriati
1344 2171 1582 2239 fuerint,
1642 2171 1902 2241 amplius

244 2266 469 2323 bibunt.
502 2265 675 2330 Quasi
708 2268 912 2337 aperto
942 2260 1177 2335 gurgite
1203 2260 1408 2318 vinum
1432 2261 1560 2333 jam
1596 2277 1712 2316 non
1743 2260 1901 2318 bibi-

240 2360 361 2425 tur,
392 2355 487 2411 sed
518 2352 852 2411 infunditur
886 2369 899 2408 :
932 2349 1212 2424 poculum
1238 2367 1354 2408 non
1385 2349 1623 2421 libatur,
1655 2349 1755 2405 sed
1787 2351 1904 2406 exi-

243 2444 500 2501 nanitur.

886 2555 1018 2612 CAP
1028 2554 1118 2613 UT
1191 2553 1262 2610 IX

242 2669 356 2724 Cur
379 2670 617 2737 potentes
646 2668 841 2737 vinum
874 2664 1058 2718 bibere
1079 2661 1525 2737 prohibeantur.
1567 2661 1802 2737 ludit/i_
1816 2665 1906 2736 je-

305 2733 516 2819 juhaas
571 2736 983 2819 Holoplwrnem
1006 2811 1017 2819 Δ
1038 2733 1320 2819 obtruncat
1355 2750 1368 2789 :
1409 2735 1617 2817 iisdem
1668 2733 1907 2819 artibus-

306 2804 574 2881 }mpulum
603 2804 769 2864 suum
812 2808 1017 2861 liberat
1064 2804 1279 2871 Esther,
1325 2806 1419 2860 cui
1467 2821 1659 2874 paruas
1717 2807 1906 2863 ebrius

318 2882 491 2936 Aman
514 2880 779 3005 tea-solvit.
810 2878 1093 2933 Postremo
1122 2878 1298 2933 variae
1317 2877 1530 2949 jejunii
1560 2876 1747 2932 laudes
1777 2893 1907 2935 enu-

314 2968 507 3005 merari
536 2969 624 3005 ur.

314 2968 624 3007 merentur.

315 3070 410 3123 28.
435 3090 463 3119 ‹‹
496 3067 711 3139 Spinaa,
742 3064 961 3137 inquit,
1013 3068 1336 3120 nascuntur
1363 3064 1422 3119 in
1453 3081 1634 3121 manu
1691 3064 1904 3124 ebriosi

2003 480 2153 536 citus
2185 481 2480 539 ebriorum
2512 484 2645 558 (25).

2072 570 2162 625 30.
2196 570 2403 627 Esther
2431 589 2662 646 quoque
2702 575 3001 649 pulchrior
3056 576 3212 636 facta
3238 583 3332 636 est
3377 574 3612 653 jejunio
3648 594 3663 645 ;

2002 657 2288 715 Dominus
2318 659 2475 717 enim
2532 663 2781 735 gratiam
2839 666 3050 722 sobria)
3107 669 3326 725 mentis
3384 667 3665 740 augebat.

2003 746 2188 803 Omne
2217 764 2405 820 genus
2444 768 2639 819 suum,
2671 752 2730 807 id
2762 759 2871 823 est,
2909 761 3096 811 totum
3117 758 3411 830 pepnlum
3433 756 3670 814 Judaeu-

2005 852 2137 891 rum
2170 854 2204 892 a
2231 839 2655 908 persecutionis
2686 843 3102 901 acerbitatibus
3132 845 3411 903 liberavit
3443 864 3460 915 ;
3498 845 3579 901 ita
3609 850 3676 902 ut

2005 941 2202 997 regem
2233 926 2590 985 sibii'aceret
2618 947 2748 986 esse
2802 932 3155 1003 subjectum,
3217 953 3338 992 non
3401 934 3677 992 libidinis
3763 982 3781 998 .

2006 1015 2214 1071 ardore
2245 1015 2636 1087 ﬂammatum,
2692 1021 2794 1075 sed
2827 1022 3046 1077 caelesti
3102 1025 3491 1082 miseratione
3543 1041 3681 1083 con-

2004 1119 2240 1160 versum
2270 1104 2348 1160 ita
2379 1110 2443 1161 ut
2471 1112 2527 1163 et
2556 1126 2728 1181 poena
2757 1115 3191 1182 retorqueretur
3222 1114 3284 1170 in
3319 1112 3682 1186 impium,et

2006 1191 2196 1248 honor
2223 1194 2410 1251 sacris
2469 1197 2812 1254 redderetur
2836 1198 3139 1258 altaribus.
3172 1203 3383 1276 Itaque
3416 1202 3523 1259 illa
3550 1221 3680 1278 quea

2007 1280 2204 1338 triduo
2226 1282 2529 1354 jujunavit
2558 1288 2856 1357 continuo,
2889 1295 2946 1345 et
2972 1307 3183 1363 corpus
3211 1309 3401 1349 suum
3434 1295 3683 1367 aqualaa-

2010 1369 2113 1440 vit,
2146 1371 2280 1444 plus
2300 1372 2541 1445 placuit,
2565 1380 2623 1431 et
2643 1376 2959 1433 vindictam
2992 1380 3209 1438 retulit.
3244 1386 3450 1440 Aman
3481 1389 3681 1447 autem

2013 1458 2156 1515 dum
2185 1477 2247 1517 se
2275 1461 2453 1534 regali
2466 1463 2652 1534 jactat
2676 1466 2960 1535 convivio,
2993 1468 3145 1525 inter
3174 1469 3307 1543 ipsa
3359 1471 3502 1530 vina
3558 1493 3679 1549 pm-

2013 1565 2148 1604 nam
2180 1566 2302 1606 suae
2334 1551 2635 1609 ebrietatis
2662 1554 2930 1611 exsolvit.

2081 1637 2171 1692 31.
2205 1639 2306 1694 Est
2354 1654 2491 1710 ergo
2534 1640 2829 1712 jejunium
2890 1645 3390 1706 reconciliationis
3450 1654 3678 1713 sacrifi-

2008 1725 2187 1794 cium,
2220 1726 2456 1785 virtutis
2485 1729 2936 1799 incrementum,
2981 1738 3136 1806 quod
3166 1737 3308 1794 fecit
3365 1740 3547 1799 etiam
3594 1745 3678 1802 fe-

2009 1814 2203 1872 minas
2230 1815 2498 1875 fortiores
2528 1826 2845 1891 augmeuto
2874 1824 3097 1894 gratim.
3128 1826 3439 1898 Jejunium
3490 1835 3678 1892 nescit

2009 1901 2417 1973 feneratorem,
2450 1924 2572 1964 non
2602 1916 2818 1965 sortem
2854 1912 3072 1970 tenoris
3102 1915 3286 1986 novit,
3310 1934 3432 1975 non
3455 1922 3677 1981 redolet

2006 2008 2218 2051 usuras
2240 2012 2445 2052 mensa
2465 1996 2861 2068 jejunantium
2896 2017 2910 2055 :
2969 2019 3083 2057 non
3140 2008 3520 2078 strangulant
3547 2011 3660 2069 ﬁli-

2010 2098 2113 2138 um
2144 2084 2501 2141 continentis
2528 2084 2634 2141 viri
2665 2091 2919 2158 paterna:
2961 2091 3295 2151 centesima
3330 2113 3347 2156 :
3402 2114 3521 2155 non
3574 2118 3674 2158 ve-

2009 2175 2152 2227 xant
2179 2171 2418 2230 viduam
2451 2174 2842 2248 oppignerata
2865 2178 3048 2235 sobrii
3076 2180 3186 2238 viri
3207 2183 3352 2256 jura
3410 2187 3672 2247 defuncti

2013 2260 2124 2333 (26)
2159 2276 2320 2317 :.non
2352 2262 2956 2322 defenerataexcludit
2979 2268 3272 2328 heredem
3305 2274 3444 2330 aula
3455 2278 3671 2349 jejuni.

2082 2349 2173 2405 32.
2206 2349 2394 2406 Etiam
2423 2350 2570 2424 ipsis
2592 2353 2890 2426 jejunium
2922 2358 3206 2415 conviviis
3235 2361 3338 2419 dat
3397 2365 3671 2437 gratiam.

2014 2437 2318 2497 Dulciores
2347 2445 2480 2513 post
2507 2442 2704 2498 famen
2735 2443 2921 2516 epulas.
2954 2446 3127 2514 ﬁunt,
3161 2466 3295 2521 quae
3324 2453 3672 2515 assiduitate

2014 2528 2248 2584 fastidio
2280 2534 2444 2600 sunt,
2475 2535 2532 2587 et
2562 2532 2842 2589 diuturna
2869 2536 3315 2597 continuatione
3361 2542 3668 2604 vilescunt.

2014 2616 2466 2676 Condimcntum
2499 2621 2615 2677 cibi
2637 2621 2934 2694 jejunium
2979 2632 3095 2684 est.
3165 2629 3393 2695 Quanto
3449 2633 3674 2691 avidior

2014 2707 2363 2778 appetentis,
2399 2713 2559 2768 tanto
2588 2712 3085 2783 escajucundior.
3120 2717 3504 2779 Commendat
3540 2723 3671 2781 sitis

2014 2794 2315 2866 poculum,
2350 2800 2534 2856 nescit
2561 2801 2681 2856 vini
2712 2805 3032 2858 vetustates
3055 2805 3171 2879 (27)
3203 2826 3478 2880 quaerere.
3508 2813 3670 2885 Jeju-

2016 2899 2127 2939 nus
2159 2885 2449 2958 quidquid
2480 2888 2762 2957 hauserit,
2795 2892 3148 2951 transmittit
3190 2899 3264 2954 ad
3315 2900 3669 2972 satietatem,

2016 2988 2132 3064 non
2164 2975 2235 3029 ad
2259 2975 2552 3045 judicium
2587 2995 2761 3035 nares
2790 2982 3121 3051 suspendit.
3160 2985 3279 3045 Usu
3335 2990 3513 3048 etiam
3543 3009 3672 3064 pre-

2014 3060 2167 3152 tiosa
2196 3062 2557 3135 degenerant
2587 3087 2601 3126 :
2636 3084 2889 3141 quorum
2921 3076 3124 3130 autem
3156 3077 3392 3135 dificilis
3440 3060 3672 3152 posses-

239 3159 437 3230 (Prov.
469 3173 618 3225 xxvr,
643 3156 723 3223 9),
761 3178 782 3204 ι
823 3154 963 3226 quia
996 3153 1119 3226 ipse
1145 3170 1208 3209 se
1228 3153 1504 3209 manibus
1534 3152 1660 3210 suis
1698 3154 1903 3211 vulne-
1935 3139 1978 3206 C
2020 3148 2127 3220 sio,
2152 3166 2365 3240 eorum
2395 3161 2563 3228 grata
2591 3139 2937 3230 perfunctio.
2973 3160 3106 3231 Ipse
3137 3165 3224 3223 sol
3255 3174 3387 3240 post
3439 3139 3669 3226 hoctem

239 3250 361 3313 rat,
398 3248 455 3301 et
494 3244 688 3301 ulcera
736 3242 851 3299 sibi
911 3242 969 3297 in
1031 3244 1232 3314 pectus
1284 3241 1500 3313 dejicit.
1557 3241 1660 3297 His
1718 3243 1906 3315 spinis

239 3334 475 3393 scindit
503 3332 919 3390 vestimentum
951 3330 1085 3386 ﬁdei
1118 3330 1272 3403 quod
1304 3332 1546 3403 accepit,
1577 3335 1635 3386 et
1673 3330 1905 3393 thesau-

244 3441 392 3480 rum
422 3439 599 3478 suum
622 3437 855 3478 servare
884 3436 998 3474 non
1034 3420 1260 3491 poterit.
1294 3419 1499 3475 Omnis
1530 3417 1686 3474 enim
1717 3419 1905 3478 ebrio-

241 3530 360 3569 sus
396 3514 452 3566 et
482 3509 796 3565 fornicator
824 3507 1035 3581 egebit,
1058 3517 1111 3563 et
1166 3507 1373 3564 induet
1403 3524 1463 3564 se
1494 3507 1680 3564 scissa
1730 3510 1904 3565 vesti-

242 3604 458 3658 menta
488 3598 838 3672 insipientia
894 3597 959 3651 Et
1000 3596 1126 3652 ideo
1159 3600 1424 3670 potentes
1452 3596 1653 3652 vinum
1708 3598 1906 3669 prohi-

237 3692 472 3746 bentur
502 3688 696 3744 bibere
731 3705 743 3743 :
779 3703 851 3741 ne
873 3702 1009 3741 cum
1040 3685 1313 3754 biberint,
1347 3684 1768 3742 obliviscantur
1811 3703 1903 3744 sa-

238 3777 541 3852 pientiam
572 3776 756 3849 (Prov.
790 3792 946 3842 xxxx,
975 3776 1052 3843 5).

323 3867 505 3923 544.
536 3867 622 3920 29.
658 3865 921 3937 Denique
952 3863 1231 3919 bibebant
1258 3862 1462 3919 vinum
1521 3863 1580 3920 in
1629 3863 1907 3923 ebrietate

241 3959 547 4030 potentes,
596 3955 695 4027 qui
756 3952 1109 4025 ﬂolopherni
1164 3952 1415 4026 principi
1473 3952 1694 4009 militiae
1752 3955 1907 4028 regis

236 4043 627 4117 Assyriorum
654 4060 715 4099 se
752 4043 984 4099 tradere
1015 4042 1377 4115 gestiebant:
1411 4043 1511 4098 sed
1569 4059 1687 4099 non
1744 4043 1904 4101 bibe-

241 4136 359 4190 bat
393 4131 611 4188 femina
638 4132 1175 4203 Judith,jejunans
1225 4131 1500 4188 omnibus
1555 4131 1763 4188 diebus
1811 4134 1896 4189 vi-

240 4221 506 4277 duitatis
534 4238 672 4289 sure,
705 4225 915 4294 praeter
938 4220 1217 4275 festorum
1230 4219 1459 4275 dierum
1483 4219 1905 4277 solemnitates.

238 4311 354 4369 His
377 4310 562 4367 armis
585 4311 812 4366 munita
830 4308 1133 4382 processit,
1157 4314 1215 4364 et
1236 4325 1473 4365 omnem
1528 4309 1902 4382 Assyriorum

236 4400 643 4456 circumvenit
670 4398 1012 4455 exercitum.
1044 4396 1233 4453 Sobrii
1267 4396 1461 4470 vigore
1494 4397 1721 4454 consilii
1772 4399 1905 4454 abs-

234 4488 396 4544 tulit
430 4485 814 4559 Holophernis
836 4490 1032 4559 caput,
1064 4485 1315 4541 servavit
1353 4486 1903 4558 pudicitiam,victo-

234 4578 407 4632 riam
441 4577 767 4648 reportavit.
814 4575 945 4631 Haec
997 4574 1153 4631 enim
1212 4575 1512 4631 succincta
1562 4575 1788 4646 jejunio
1846 4575 1906 4631 in

233 4665 468 4723 castris
501 4666 893 4736 praetendebat
922 4663 1129 4721 alienis
1163 4681 1177 4720 :
1211 4663 1310 4720 ille
1339 4665 1475 4721 vino
1505 4663 1775 4737 sepultus
1817 4666 1910 4738 ja-

233 4756 448 4820 cebat,
480 4757 543 4808 ut
560 4753 741 4810 ictum
770 4753 1031 4809 vulneris
1053 4753 1270 4810 sentire
1302 4769 1418 4810 non
1447 4757 1663 4827 posset.
1709 4755 1909 4828 Itaque

478 4895 626 4952 Edit.
656 4901 787 4953 Am.
821 4900 879 4980 et
907 4896 1099 4980 _Rom.,
1131 4896 1275 4951 Male
1302 4898 1541 4953 servitur
1568 4898 1729 4965 gulze.
1777 4901 1905 4984 Era.

332 4969 408 5021 G1
441 4967 503 5021 Ι..
534 4968 667 5021 Male
694 4971 1009 5021 llomzmcze.
1045 4973 1152 5021 etc.
1187 4968 1327 5021 Mss.
1358 4985 1515 5021 vero.
1546 4969 1708 5021 Malae
1730 4970 1905 5021 Domi-

235 4975 307 5025 et
332 4967 503 5034 Gill.,
534 4968 667 5024 Male
694 4970 1009 5034 llominicze,
1045 4973 1152 5023 etc.
1187 4968 1327 5023 Mss.
1358 4985 1515 5037 vero,
1546 4969 1708 5026 Malae
1730 4970 1910 5026 Domi-

236 5055 367 5127 nae,
408 5039 654 5096 Basilius
682 5039 1000 5104 ἀπαραιτήτῳ
1046 5038 1279 5098 δεσποίνη
1306 5041 1370 5099 τῆ
1422 5042 1634 5105 γαφστρί
1687 5039 1908 5105 λειτουρ-

236 5126 738 5253 Y0('?,v'f’i¢)“i4atinius
770 5182 1082 5309 legendum
1114 5180 1349 5252 conjicit
1382 5196 1395 5234 :
1432 5181 1613 5248 labor,
1650 5183 1908 5254 inquit,et

236 5255 500 5309 cholera.
536 5254 601 5308 Et
630 5255 679 5309 ei
711 5255 808 5309 oui
855 5270 948 5309 em
984 5270 1095 5308 ms.
1156 5269 1310 5308 unus
1368 5252 1745 5309 astinulatur.
1803 5271 1905 5309 no-

234 5255 500 5326 c/iolera.
536 5254 601 5308 Et
630 5255 679 5309 ei
711 5252 948 5326 quidem
984 5270 1095 5308 ms.
1156 5269 1310 5308 unus
1342 5252 1745 5326 pastipulartur,
1803 5271 1905 5326 no-

237 5325 344 5381 bis
375 5330 575 5397 autem
609 5323 820 5391 caeteri,
852 5330 1025 5397 atque
1055 5340 1259 5397 omnes
1289 5323 1410 5397 edit
1442 5341 1455 5391 ;
1489 5323 1635 5379 LXX
1663 5340 1795 5379 vero
1820 5324 1905 5397 le-

235 5395 622 5470 guntdlévei
646 5394 1026 5470 drPUrchJw
1046 5394 1262 5470 χολέρέις
1319 5395 1546 5470 (unum-
1585 5395 1909 5470 -csemalar

234 5464 410 5525 teste
436 5466 684 5537 Nobilio,
710 5468 938 5534 χολέρα),
976 5468 1060 5515 καὶ
1106 5465 1310 5531 στρόφος
1328 5464 1463 5529 μετά
1517 5464 1689 5529 ἀνδρός
1744 5464 1908 5530 diu“-

241 5557 447 5694 στῖέέὶ)
480 5608 817 5688 Rom.edit.,
829 5611 1023 5671 stravit
1041 5608 1312 5671 exercitus
1339 5606 1706 5685 Assyriorum.
1718 5607 1908 5672 Codex

2016 3238 2256 3332 gratior,
2288 3241 2418 3313 ipsa
2446 3244 2546 3302 lux
2577 3251 2712 3319 post
2744 3247 3014 3305 tenebras
3035 3238 3420 3327 splendidior,
3453 3264 3510 3315 et
3540 3265 3673 3332 post

2015 3327 2242 3400 vigilias
2270 3346 2448 3403 sopor
2475 3335 2721 3405 dulcior,
2754 3335 2884 3407 ipsa
2903 3337 3066 3397 salus
3123 3353 3259 3418 post
3307 3327 3669 3420 aegritudinis

2016 3421 2741 3493 tentamentajucundior.
2774 3424 2860 3481 Ab
2924 3426 3054 3500 ipso
3106 3438 3314 3493 mundi
3373 3439 3671 3496 conditore

2016 3505 2330 3563 didicimus
2359 3527 2513 3584 saepe
2556 3513 2992 3573 diversitatibus
3049 3525 3341 3582 cumulari
3396 3528 3666 3599 gratiam.

2018 3594 2422 3654 Patrociuatur
2449 3618 2585 3673 ergo
2619 3608 2676 3658 et
2706 3602 2964 3660 convivio
2996 3606 3203 3681 fames,
3240 3620 3304 3670 ut
3330 3594 3549 3685 gratior
3566 3618 3670 3675 Ii'at

2016 3699 2224 3741 mensa
2238 3689 2507 3757 jejuniis.

2674 3826 2903 3883 CAPUT
2940 3828 3006 3884 X.

2014 3936 2239 4025 Mystica
2256 3953 2453 4025 ‘m'en'sa
2469 3941 2689 4025 jejunio
2724 3948 3093 4025 comparatur.
3129 3951 3257 4025 Quae
3282 3953 3458 4025 fames
3496 3954 3668 4025 faciat

2085 4009 2419 4096 acceptabite
2455 4009 2782 4096 jejunium;
2837 4009 3047 4096 'quidve
3087 4009 3166 4077 δίῖ
3205 4009 3345 4093 (μά)ιί
3410 4009 3665 4081 (licitarr

2084 4081 2561 4164 Cumjejunatis,
2597 4081 2797 4164 ungite
2817 4081 2994 4160 caput
3040 4081 3322 4161 vestrum,
3380 4096 3667 4153 moraliter

2086 4168 2149 4206 ac
2177 4156 2398 4222 mystice
2426 4156 2773 4229 disquiritar.

2086 4294 2176 4350 33.
2211 4295 2456 4368 Mystica
2487 4315 2719 4372 quoque
2750 4318 2953 4358 mensa
2973 4304 3203 4376 jejunio
3244 4314 3618 4382 comparatur
3648 4328 3662 4369 :

2018 4382 2119 4439 illa
2147 4401 2352 4441 mensa
2381 4387 2514 4459 (28),
2549 4389 2619 4445 de
2650 4405 2769 4461 qua
2796 4390 2938 4447 dicit
2965 4393 3143 4451 David
3179 4415 3192 4452 :
3252 4399 3403 4455 545
3440 4420 3469 4450 α
3500 4400 3668 4458 Para-

2020 4472 2093 4529 sti
2126 4471 2183 4528 in
2216 4480 2530 4548 conspectu
2574 4494 2701 4534 meo
2759 4495 3025 4539 mensam
3075 4484 3356 4545 adversus
3406 4504 3506 4546 eos
3564 4489 3666 4562 qui

2019 4562 2305 4619 tribulant
2336 4582 2427 4620 me
2486 4566 2657 4637 (Psal.
2690 4570 2928 4641 xxn.5).
2962 4593 2991 4621 ››
3060 4573 3263 4631 Mensa
3328 4577 3442 4633 ista
3496 4576 3667 4632 famis

2031 4651 2356 4724 acquiritur
2377 4656 2562 4726 pretio
2591 4672 2605 4712 :
2637 4661 2695 4712 et
2724 4657 2999 4730 poculum
3041 4660 3184 4718 illud
3232 4664 3532 4720 inebrians
3572 4678 3664 4719 so-

2020 4740 2284 4811 brietate,
2314 4741 2642 4800 cmlestium
2668 4753 3168 4807 sacramentorum
3212 4753 3309 4809 siti
3366 4751 3665 4825 quaeritur.

2021 4886 2265 4942 Germ...
2337 4886 2740 4947 (Simulacrum.
2773 4892 2885 4948 Alii
2938 4911 3142 4951 omnes
3175 4911 3317 4952 mss.
3353 4911 3419 4951 ac
3478 4891 3662 4948 edit...

2019 4976 2047 5015 e
2058 4958 2316 5014 'rriorum.
2720 5004 2733 5019 .

2091 5030 2202 5111 (26)
2242 5030 2465 5111 Aberat
2511 5049 2620 5089 vox
2667 5034 2821 5111 jyra,
2882 5036 3332 5111 emeda/uncti,
3391 5034 3667 5090 omnibus

2018 5101 2191 5168 edit.,
2218 5103 2321 5157 sed
2352 5119 2421 5158 ea
2452 5103 2511 5158 in
2544 5101 2821 5160 omnibus
2855 5123 2999 5162 mss.
3034 5101 3343 5162 invenitur.

2090 5173 2201 5245 (27)
2232 5173 2446 5249 Omnes
2477 5175 2640 5243 edit.,
2666 5178 2838 5231 nescit
2861 5180 3054 5232 vinum
3083 5194 3322 5249 quaerere
3349 5195 3369 5239 ;
3401 5193 3546 5231 mss.
3579 5192 3669 5232 ve-

2017 5247 2283 5312 ro,nescit
2309 5248 2692 5318 viniquaerere
2703 5251 2987 5304 vetustate:
3008 5264 3022 5315 ;
3048 5247 3312 5304 nonnulli
3325 5253 3668 5314 ,venustatea.

2089 5320 2202 5390 (28)
2237 5318 2320 5374 Ila
2349 5317 2489 5372 edit.
2523 5335 2728 5373 omnes
2750 5334 2891 5372 cum
2923 5336 3084 5392 mss.
3118 5320 3363 5392 aliquot.
3412 5320 3523 5376 Alii
3581 5327 3666 5376 ta-

2017 5407 2153 5446 men
2184 5407 2290 5446 nec
2317 5393 2482 5465 aetate
2513 5406 2617 5465 nec
2647 5406 2891 5445 numero
2922 5390 3247 5465 inferiores,
3280 5394 3518 5465 Mysticz
3544 5409 3672 5462 qum

2052 5478 2120 5517 ue
2148 5476 2353 5518 mensa?
2372 5461 2967 5533 jejunio_comparatur
2998 5463 3098 5519 illa
3126 5461 3669 5521 mensa.'Torn.’so-

2040 5548 2129 5605 us,
2162 5534 2388 5607 Mystica
2429 5547 2638 5607 quoque
2682 5549 2875 5591 meme
2922 5534 3129 5605 ieiunio
3177 5539 3526 5614 comparatur
3580 5536 3671 5597 illi

2015 5620 2237 5663 πιεηεδε.
