4052 6196
509 337 627 395 7Ᾱ3
1967 331 2029 392 S.
2078 324 2445 399 AMBROSII
3742 336 3833 397 7M

511 465 669 523 Dixit
695 463 853 518 enim
886 460 1172 517 Dominus
1205 477 1218 516 :
1253 482 1280 511 ‹‹
1315 460 1421 525 Qui
1454 461 1656 530 sititis,
1686 460 1765 518 ite
1792 462 1865 517 ad
1917 477 2152 534 aquam,
2185 464 2240 529 Α
2338 462 2426 517 35.
2461 465 2593 533 Ipsa
2621 461 2810 535 ﬁgura
2837 459 3099 533 corporis
3130 460 3305 534 plena
3330 462 3635 535 gravitatis,
3682 466 3837 524 nullus

508 559 565 611 et
592 553 928 625 quicunque
960 566 1076 607 non
1107 549 1333 606 habetis
1364 554 1692 622 argentum,
1738 550 1814 606 ite
1844 553 1901 606 et
1956 550 2152 616 emite,
2265 550 2443 605 rubor
2470 549 2769 606 ebrietatis
2800 549 3196 606 circumfusus
3234 567 3410 623 genas
3437 551 3532 623 qui
3585 551 3839 612 intentioni

506 647 563 701 et
584 641 764 699 bibite
793 643 852 698 et
879 641 1228 697 manducate
1259 640 1385 710 (Isa.
1424 657 1510 695 LV.
1545 639 1617 712 1).
1650 661 1678 691 »
1711 641 1780 705 Et
1824 638 1963 695 alibi
2021 640 2104 696 ait
2136 657 2150 696 :
2262 637 2519 694 offendat
2546 642 2839 712 aspectus,
2863 639 2965 695 sed
2994 638 3196 697 vultus
3245 643 3402 697 casto
3457 641 3620 696 micet
3670 641 3843 713 pallore

509 733 703 790 «Ecce
733 730 834 804 qui
857 729 1118 786 serviunt
1146 728 1311 796 mihi,
1344 729 1786 785 manducabunt
1818 745 1831 784 :
1864 745 1967 785 vos
2016 745 2151 786 vero
2261 728 2632 797 reverendus,
2703 744 2896 784 sermo
2961 728 3212 801 gravior,
3275 728 3474 786 oculus
3533 729 3844 799 vercundior,

507 822 800 880 esurietis.
831 821 975 876 Ecce
1004 817 1105 890 qui
1137 817 1400 874 serviunt
1430 817 1597 885 mibi,
1625 817 1828 873 bibent
1860 835 1873 874 :
1904 834 2005 874 vos
2049 834 2152 873 au-
2261 831 2500 888 gressus
2558 815 2826 873 stabilior
2889 821 3065 889 atque
3132 817 3501 883 moderatior,
3558 817 3848 891 plerumque

507 915 629 969 tem
661 908 871 973 sitietis
900 908 1027 977 (Isa.
1060 922 1187 972 va,
1222 906 1330 978 13).
1366 928 1395 956 ››
1427 905 1532 972 Qui
1565 922 1667 962 vos
1716 905 1830 962 nisi
1862 906 1963 978 qui
2018 909 2154 962 ante
2260 903 2417 959 enim
2446 904 2766 961 turbatiore
2796 905 3028 961 incessu
3055 906 3322 979 proditur
3348 906 3846 964 motusanimorum.

506 996 800 1074 potastis?
829 997 909 1052 De
938 995 1157 1068 quibus
1185 1012 1361 1067 supra
1381 994 1528 1050 dixit
1559 1011 1571 1049 :
1609 1018 1635 1046 (ι
1672 995 2151 1052 Ραταεῑίεάωωο-
2181 1006 2198 1074 ι
2260 990 2472 1048 Vultus
2502 992 2798 1063 intentior,
2830 999 2889 1050 et
2921 995 3163 1067 quidam
3197 996 3560 1068 cogitationis
3598 1012 3705 1051 suae
3731 998 3851 1053 arbi-

506 1087 622 1144 niis
653 1101 942 1151 mensam,
973 1088 1033 1139 et
1060 1083 1351 1156 implestis
1381 1084 1624 1139 fortunae
1652 1084 1927 1156 poculum
1989 1084 2147 1152 (Ibid.
2182 1081 2198 1156 |
2258 1083 2368 1147 ter,
2402 1085 2459 1136 et
2489 1081 2700 1137 tacitus
2733 1082 2926 1139 cordis
2956 1083 3265 1155 interpres,
3296 1088 3360 1139 ut
3391 1100 3574 1155 neque
3598 1084 3852 1141 tristitiam
3914 1096 3917 1101 '

511 1178 615 1245 11).
650 1197 680 1226 ›ι
714 1176 860 1247 Ergo
892 1174 939 1229 si
962 1174 1047 1228 ad
1077 1189 1344 1229 mensam
1373 1172 1534 1228 illam
1564 1172 1953 1229 venerabilem
1994 1173 2151 1244 jeju-
2184 1171 2202 1247 ι
2260 1173 2554 1241 pretexat,
2588 1185 2776 1243 neque
2807 1171 3069 1228 solvatur
3097 1173 3218 1228 risu
3285 1174 3437 1230 548
3493 1173 3853 1230 inoontinenti.

502 1265 602 1321 nia
630 1268 833 1320 sancta
861 1279 968 1319 nos
999 1262 1326 1335 perducunt
1353 1278 1366 1316 :
1400 1261 1449 1317 si
1482 1261 1591 1317 hac
1649 1260 1803 1316 fame
1860 1259 1966 1317 illa
2022 1277 2150 1333 qua:
2187 1257 2206 1335 |
2260 1257 2386 1313 Non
2420 1258 2577 1314 enim
2608 1260 2973 1331 superﬂuum
3006 1261 3117 1317 hoc
3148 1266 3318 1333 putes
3351 1267 3557 1317 nostra:
3587 1262 3856 1318 commoni-

502 1357 643 1412 sunt
672 1358 890 1411 eterna
911 1349 1435 1422 mereamur:quid
1460 1350 1531 1406 de
1560 1350 1634 1406 iis
1655 1349 2000 1405 dubitamus
2024 1366 2149 1421 quae
2194 1346 2210 1423 |
2260 1346 2458 1415 tionis,
2491 1363 2627 1403 cum
2658 1346 2957 1421 Sapientia
2988 1349 3145 1405 dicat
3174 1350 3232 1404 in
3278 1349 3585 1423 Evangelia
3616 1367 3627 1404 :
3685 1374 3711 1400 ‹‹
3738 1350 3854 1407 Cum

501 1445 562 1500 in
597 1460 709 1500 usu
738 1442 994 1498 humano
1017 1444 1176 1506 sunt,
1210 1440 1363 1513 quod
1391 1438 1566 1496 etiam
1600 1438 1870 1496 suaviora
1898 1438 2018 1495 haec
2048 1456 2150 1496 no-
2196 1436 2212 1513 |
2261 1439 2456 1491 autem
2479 1436 2788 1508 jejunatis,
2817 1436 2995 1493 nolite
3026 1438 3148 1493 fieri
3192 1438 3345 1494 sicut
3373 1438 3676 1511 hypocrita:
3695 1439 3857 1495 tristes

502 1534 594 1590 bis
625 1531 799 1589 faciat
822 1531 1119 1602 jejunium
1146 1529 1173 1584 ?
2198 1524 2223 1602 ι
2260 1524 2464 1594 (Matth.
2492 1542 2569 1592 vx,
2602 1526 2718 1596 l6).
2761 1546 2789 1575 ››
2851 1527 2980 1582 Ideo
3011 1526 3159 1582 dixit
3214 1525 3566 1600 hypocritas,
3622 1544 3683 1584 eo
3733 1528 3855 1598 quod

572 1622 662 1677 31o.
696 1621 822 1676 Non
857 1625 1053 1675 autem
1099 1617 1291 1673 omnis
1350 1618 1533 1673 fames
1591 1615 1948 1690 acceptabils
1993 1617 2149 1689 jeju-
2260 1612 2635 1669 simulatione
2665 1613 2916 1670 alienam
2949 1631 3259 1687 personam
3325 1616 3595 1685 induant,
3627 1616 3761 1672 sicut
3811 1617 3855 1671 in

501 1711 667 1769 nium
702 1709 856 1776 facit,
892 1708 994 1764 sed
1027 1708 1209 1764 tumes
1241 1723 1369 1779 qua:
1391 1706 1491 1761 Dei
1546 1706 1757 1761 timore
1806 1705 2145 1777 suscipitur.
2260 1718 2436 1757 scena
2465 1702 2563 1774 qui
2598 1704 2893 1775 tragedias
2924 1707 3163 1775 canunt,
3194 1721 3298 1777 pro
3329 1721 3532 1760 eorum
3558 1704 3717 1760 dictis
3746 1721 3856 1777 quo-

499 1798 815 1855 Considera
844 1813 857 1853 :
892 1795 1351 1867 Quadragesizna
1383 1796 1495 1866 (29)
1527 1795 1665 1851 totis
1694 1799 1901 1866 prmter
1928 1795 2147 1851 Sabba-
2176 1835 2223 1901 B
2258 1807 2388 1890 rum
2422 1808 2703 1863 personas
2732 1797 2962 1865 gerunt,
2996 1797 3192 1849 motus
3223 1809 3361 1849 suos
3391 1793 3660 1859 excitant,
3688 1798 3747 1849 ut
3782 1798 3857 1849 aut

498 1894 625 1943 tum
657 1892 714 1943 et
742 1884 1105 1942 Dominicam
1129 1885 1434 1955 jejunatur
1464 1882 1691 1939 diebus.
1725 1882 1842 1939 Hoc
1852 1883 2145 1955 jejunium
2177 1878 2223 1901 υ
2255 1878 2602 1948 irascantur,
2636 1884 2739 1935 aut
2768 1884 3072 1948 maereant,
3103 1881 3191 1936 vel
3252 1880 3567 1937 exsultent.
3616 1882 3858 1938 Ail‘ectant

499 1976 732 2033 Domini
764 1973 985 2047 pascha
1004 1972 1319 2029 concludit.
1352 1972 1523 2028 Venit
1544 1973 1671 2043 jam
1703 1972 1828 2028 dies
1859 1989 2147 2029 resurrec-
2254 1967 2410 2023 enim
2442 1967 2562 2034 isti,
2596 1973 2662 2024 ut
2684 1969 2954 2040 jejuna“?
2990 1969 3320 2035 Videant“.
3379 1970 3713 2027 hominibus
3762 1988 3857 2027 ωι-

497 2064 694 2134 tionis,
726 2063 1097 2135 baptizantur
1129 2060 1293 2118 electi
1338 2062 1469 2131 (30),
1502 2061 1744 2116 veniunt
1799 2062 1871 2117 ad
1940 2061 2142 2132 altare,
2254 2055 2344 2128 gis
2378 2073 2555 2129 quam
2595 2057 2711 2112 Deo
2765 2058 3066 2130 cupientes
3114 2058 3368 2131 probari,
3405 2060 3561 2131 quod
3618 2060 3858 2116 faciebant

498 2153 795 2224 accipiunt
843 2155 1301 2217 sacramentum,
1360 2148 1622 2204 sitientes
1671 2149 1809 2206 totis
1865 2149 2146 2206 hauriunt
2252 2144 2459 2201 Judaei.

496 2241 681 2296 venis.
716 2240 920 2295 Merito
944 2238 1151 2293 dicunt
1176 2237 1394 2309 singuli
1426 2236 1623 2293 refecti
1656 2236 1905 2309 spiritali
1935 2237 2148 2304 cibo,et
2324 2235 2413 2289 36.
2447 2238 2517 2290 Et
2541 2235 2668 2291 ideo
2699 2236 2867 2292 nobis
2898 2235 3113 2292 dicitur
3143 2255 3155 2292 :
3194 2258 3222 2287 ‹‹
3256 2237 3372 2293 Vos
3418 2243 3611 2295 autem
3635 2254 3752 2294 cum
3789 2238 3855 2308 je-

497 2327 693 2401 spitali
724 2331 865 2400 potu
893 2343 907 2381 :
943 2350 968 2377 ‹‹
1005 2325 1225 2382 Parasti
1258 2325 1316 2380 in
1348 2330 1660 2398 conspectu
1691 2343 1819 2382 meo
1833 2343 2141 2383 mensam..
2245 2323 2498 2394 junatis,
2533 2324 2732 2398 ungite
2762 2329 2938 2398 caput
2966 2333 3248 2396 vestrum,
3278 2331 3335 2382 et
3371 2326 3587 2383 faciem
3649 2311 3855 2383 vestram

496 2423 559 2485 et
579 2416 853 2490 poculum
886 2421 1052 2472 tuum
1079 2414 1372 2471 inebrians
1429 2432 1607 2487 quam
1662 2414 2004 2487 praeclarum
2055 2421 2145 2473 est
2252 2411 2458 2480 lavate,
2493 2430 2564 2469 ne
2596 2415 2850 2486 pereatis
2878 2414 3222 2471 hominibus
3254 2416 3401 2487 quia
3438 2416 3730 2489 jejunatis,
3777 2414 3854 2470 sed

496 2510 584 2563 est
613 2507 781 2578 (Ρδαι.
807 2523 944 2573 xxu,
977 2507 1031 2573 5)
1066 2503 1078 2557 ι
1116 2526 1144 2555 ››
1176 2504 1300 2558 Non
1333 2502 1458 2561 sola
1496 2508 1694 2559 autem
1716 2505 1902 2561 tumes
1932 2505 2141 2576 quaeri-
2252 2502 2409 2557 Patri
2440 2506 2627 2559 vestro
2660 2504 2759 2576 qui
2792 2508 2881 2559 est
2910 2504 2968 2558 in
3000 2505 3341 2561 abscondito
3376 2522 3395 2559 :
3440 2511 3500 2562 et
3554 2506 3711 2562 Pater
3756 2518 3855 2559 ves-

494 2603 611 2665 tur,
645 2595 746 2651 sed
779 2592 951 2667 plena
981 2592 1294 2665 disciplina
1315 2592 1551 2663 jejunii.
1584 2592 1844 2665 Denique
1892 2593 2023 2649 aliis
2055 2594 2142 2649 di-
2250 2594 2338 2645 ter
2368 2590 2467 2663 qui
2500 2592 2653 2647 videt
2687 2592 2744 2646 in
2778 2591 3111 2663 absondito,
3145 2593 3349 2650 reddet
3375 2595 3547 2650 vobis
3593 2593 3736 2666 (Ibid.
3781 2593 3851 2647 17·

494 2686 648 2740 citur
679 2700 691 2738 :
728 2706 754 2733 ‹‹
790 2682 851 2739 In
886 2682 1093 2738 diebus
1115 2681 1477 2753 jejuniorum
1501 2685 1829 2737 vestrorum
1870 2681 2142 2737 invenitis
2254 2680 2367 2750 18).
2412 2704 2440 2728 ››
2469 2680 2616 2744 Quid
2648 2684 2737 2737 est
2761 2704 2789 2732 ‹‹
2822 2680 3028 2753 Ungite
3059 2686 3237 2754 caput
3266 2690 3529 2740 vestrum
3553 2683 3627 2739 ?»
3672 2681 3768 2739 Sed
3811 2684 3855 2735 et

494 2773 821 2835 voluntates
842 2777 1087 2839 vestras,
1122 2776 1178 2826 et
1206 2787 1409 2826 omnes
1441 2771 1707 2827 subditos
1738 2771 1901 2826 vobis
1932 2771 2141 2829 stimu-
2249 2768 2531 2824 luxuriosi
2573 2768 2773 2825 dicunt
2809 2786 2820 2823 :
2850 2769 2997 2825 Vino
3028 2772 3087 2825 et
3145 2772 3467 2843 unguentis
3525 2789 3628 2830 nos
3673 2769 3852 2843 replea-

491 2863 647 2919 latis.
680 2863 763 2917 An
793 2862 864 2916 ad
879 2860 1106 2931 judicia
1135 2864 1193 2915 et
1222 2858 1379 2915 rixas
1403 2858 1693 2930 jejunatis
1719 2864 1776 2914 et
1836 2861 2140 2932 percutitis
2250 2875 2404 2913 mus.
2438 2857 2744 2931 Unguento
2787 2858 2943 2914 enim
2974 2875 3036 2915 se
3064 2865 3314 2932 ungunt,
3346 2862 3452 2934 qui
3482 2860 3727 2934 corporei
3750 2859 3854 2915 odo-

494 2950 709 3025 pugnis
738 2949 767 3003 ‘2
797 2949 870 3005 Ut
891 2948 1031 3021 quid
1057 2946 1201 3003 mihi
1224 2946 1339 3003 tale
1351 2947 1670 3018 jejunium,
1694 2947 1776 3004 ita
1822 2952 1889 3005 ut
1936 2949 2137 3006 audia.
2250 2947 2330 3003 ris
2361 2947 2474 3019 (32)
2502 2947 2751 3020 gratiam
2784 2951 3072 3020 quaerunt.
3098 2949 3210 3005 Sed
3244 2949 3349 3005 illa
3381 2955 3677 3024 unguenta
3700 2948 3855 3004 libidi-

492 3046 589 3095 tur
610 3040 667 3093 in
689 3037 942 3094 clamore
959 3053 1066 3091 vox
1087 3040 1279 3092 vestra
1298 3035 1325 3091 ‘I
1365 3035 1488 3092 Non
1534 3036 1641 3093 hoc
1683 3037 1979 3108 jejunium
2008 3054 2136 3112 ego,
2248 3037 2343 3093 nis
2367 3034 2697 3092 illecebram
2721 3052 2949 3092 movere
2970 3039 3532 3095 consuerunt.Aliud
3563 3043 3649 3095 est
3671 3037 3851 3095 sobrie-

492 3129 732 3202 elegi,et
751 3127 905 3183 diem
929 3127 1001 3181 ad
1024 3123 1458 3182 humiliandum
1481 3126 1742 3184 animam
1764 3144 1932 3183 suam
1954 3128 2139 3184 homi-
2246 3125 2385 3182 tatis
2404 3129 2792 3198 unguentum,
2824 3125 2895 3181 de
2943 3125 3230 3198 quo-dicit
3285 3128 3544 3185 Ecclesia
3600 3130 3668 3185 ad
3718 3143 3855 3200 spon-

492 3235 624 3275 nem
652 3235 664 3274 :
689 3233 793 3273 nec
815 3217 863 3271 si
888 3216 1084 3271 ﬂectas
1107 3218 1172 3270 ut
1193 3214 1479 3271 circulum
1501 3214 1715 3271 collum
1759 3216 2130 3284 tuum,cine-
2159 3204 2201 3271 C
2239 3230 2373 3271 sum
2403 3230 2581 3271 suum
2614 3230 2628 3270 :
2663 3213 3078 3287 «Unguentum
3108 3216 3477 3274 exinanitum
3507 3222 3853 3274 nomentuum

493 3324 615 3365 rem
638 3306 814 3364 etiam
834 3304 1159 3361 etcilicium
1181 3304 1657 3372 substernas,nec
1672 3305 1757 3361 sic
1778 3306 2148 3379 vocabitisje-
2255 3305 2434 3373 (Cant.
2454 3322 2493 3370 ι,
2524 3303 2576 3375 2)
2610 3326 2637 3353 ››
2668 3303 2827 3359 aliud
2859 3303 3053 3360 oleum
3085 3323 3200 3378 quo
3232 3310 3401 3364 artus
3432 3306 3635 3364 animae
3661 3311 3857 3378 etqua-

483 3396 723 3468 junium
754 3398 1079 3466 acceptu_m.
1110 3393 1233 3448 Non
1266 3391 1381 3449 tale
1402 3393 1697 3465 jejunium
1729 3411 1835 3468 ego
1865 3395 2034 3469 elegi,
2056 3397 2142 3451 di-
2254 3395 2390 3450 dam
2420 3393 2684 3449 membra
2712 3392 3122 3466 pinguescunt.
3156 3394 3319 3452 Unde
3367 3401 3427 3453 et
3476 3397 3649 3453 David
3701 3394 3853 3450 dicit:

494 3485 573 3540 cit
600 3482 886 3540 Dominus
915 3484 1043 3551 (Isa.
1080 3499 1235 3548 Lvm,
1257 3482 1393 3552 3-5).
1434 3506 1461 3533 ››
1485 3484 1648 3548 Quod
1690 3484 1986 3556 jejunium
2033 3487 2143 3543 im-
2253 3505 2281 3533 ‹‹
2315 3482 2792 3556 Impinguastiin
2823 3481 2947 3538 oleo
2978 3489 3158 3556 caput
3185 3501 3389 3541 meum
3421 3487 3594 3558 (Psal.
3624 3483 3854 3554 xxu,5).»
3885 3542 3890 3547 ,

493 3573 795 3647 probetur,
826 3571 1169 3627 audivimus
1198 3589 1210 3627 :
1277 3588 1430 3628 nunc
1489 3573 1801 3629 audiamus
1858 3576 2011 3646 quod
2069 3577 2147 3631 sit
2252 3575 2318 3627 Et
2347 3572 2456 3628 hoc
2486 3576 2576 3628 est
2603 3570 2795 3628 oleum
2826 3570 3058 3639 lietitiae,
3093 3589 3209 3645 quo
3241 3581 3462 3631 unctus
3494 3579 3582 3631 est
3626 3574 3852 3629 Christus
3924 3597 3929 3603 ι

491 3660 810 3735 probabile.
844 3684 871 3711 «
904 3661 1013 3715 Sed
1055 3660 1210 3717 solve
1237 3677 1472 3716 omnem
1509 3661 1939 3735 colligationem
1988 3664 2142 3736 inju-
2253 3679 2286 3716 a
2318 3660 2433 3716 Deo
2464 3661 2650 3731 Patre,
2683 3665 2747 3714 ut
2778 3675 2890 3732 pne
2938 3661 3213 3717 omnibus
3261 3665 3394 3718 suis
3442 3663 3713 3719 emineret
3749 3678 3855 3717 con-

490 3750 662 3807 stitiaa
693 3756 807 3805 tua:
841 3768 853 3805 :
889 3748 1138 3805 dissolve
1156 3749 1540 3822 obligationes
1570 3750 1957 3807 violentarum
1982 3769 2140 3809 com-
2251 3749 2530 3805 sortibus.
2566 3750 2682 3804 Hoc
2703 3748 2873 3821 jubet
2922 3748 3064 3822 ungi
3102 3756 3278 3823 caput
3325 3757 3617 3821 nostrum,
3666 3756 3724 3806 ut
3760 3749 3855 3804 oleo

491 3838 909 3908 mutationum,
943 3837 1171 3892 dimitte
1202 3839 1532 3894 contractos
1560 3839 1618 3894 in
1653 3840 2142 3908 remissionem,et
2248 3837 2459 3893 laetitia:
2491 3838 2818 3894 obducatur
2847 3839 3040 3894 omnis
3071 3830 3355 3896 simulata
3386 3841 3643 3912 tristitia,
3689 3858 3752 3895 ne
3792 3837 3856 3891 vi-

494 3944 727 3985 omnem
756 3927 1242 3999 conscriptionem
1274 3926 1537 3999 iniquam
1572 3927 1861 4000 dirumpe.
1917 3929 2141 4001 Frange
2250 3925 2443 3982 dearis
2465 3925 2763 3997 jejunium
2793 3931 2962 3981 tuum
2995 3929 3243 3983 vendere
3274 3929 3635 3998 hominibus,
3683 3944 3747 3984 ne
3796 3926 3856 3980 vi-

485 4016 796 4074 essurienti
830 4032 1038 4088 panem
1065 4019 1234 4071 tuum
1267 4030 1280 4069 :
1314 4019 1370 4070 et
1400 4031 1615 4087 egenos
1681 4033 1796 4072 non
1856 4016 2140 4074 habentes
2250 4016 2443 4071 dearis
2475 4015 2806 4071 contristari
2836 4016 2895 4070 in
2922 4016 3129 4072 animae
3160 4021 3275 4072 tuae
3307 4019 3707 4075 salute.Nemo
3732 4015 3856 4072 enim

487 4111 709 4162 tectum
754 4147 767 4172 ,
801 4105 979 4160 induc
1012 4105 1069 4159 in
1101 4104 1345 4159 domum
1377 4108 1535 4159 tuam
1571 4123 1584 4161 :
1618 4108 1674 4159 et
1700 4105 1747 4160 si
1778 4104 1990 4162 videris
2026 4124 2138 4162 nu-
2247 4104 2437 4161 tristis
2480 4108 2811 4175 coronatur,
2845 4119 3014 4161 nemo
3063 4110 3308 4162 incestus
3340 4108 3678 4180 triumphat.
3731 4104 3860 4175 Unge

487 4196 653 4260 dum,
685 4193 915 4266 cooperi
943 4210 1077 4249 eum
1111 4211 1123 4249 :
1159 4197 1215 4248 et
1243 4192 1596 4249 domesticos
1627 4193 1869 4250 seminis
1892 4196 1978 4250 tui
2021 4213 2136 4253 non
2248 4210 2384 4267 ergo
2417 4199 2594 4267 caput
2624 4198 2812 4263 tuum,
2847 4194 2945 4250 ubi
2970 4211 3183 4251 sensus
3216 4196 3502 4267 sapientis
3534 4201 3667 4252 sunt
3696 4214 3707 4264 ;
3737 4189 3857 4249 oculi

489 4283 776 4357 despicias
806 4282 965 4352 (Ibid.
999 4283 1142 4353 6-7).
1179 4304 1206 4331 ››
1228 4280 1404 4336 Vides
1434 4298 1560 4353 qua:
1592 4283 1816 4354 species
1847 4282 1921 4338 sit
1945 4286 2002 4339 et
2022 4284 2134 4340 for-
2247 4282 2719 4355 enim’sapientis
2746 4284 2807 4338 in
2839 4284 3028 4357 capite
3081 4285 3229 4356 ejus.
3261 4286 3347 4341 Ad
3409 4286 3683 4359 mysteria
3729 4296 3859 4338 voca-

487 4388 584 4431 ma
603 4371 836 4442 jejunii,
869 4371 1003 4444 quis
1037 4369 1253 4427 mentis
1281 4369 1518 4427 habitus
1546 4371 1658 4444 (31)
1695 4389 1707 4441 ;
1771 4376 1837 4427 ut
1885 4372 2132 4429 orationi
2247 4374 2330 4430 ris
2360 4374 2490 4446 (33),
2522 4377 2579 4429 et
2609 4372 2801 4430 nescis
2833 4392 2850 4427 :
2882 4373 3081 4442 discis,
3112 4391 3249 4430 cum
3288 4375 3474 4432 venis.
3538 4376 3604 4431 Et
3657 4368 3858 4430 remini-

488 4475 678 4525 vaoes,
709 4464 768 4514 et
796 4459 855 4515 in
886 4458 1010 4532 lege
1046 4460 1147 4515 Dei
1178 4459 1271 4514 die
1302 4476 1369 4515 ac
1403 4462 1567 4515 nocte
1600 4460 1918 4517 meditaris.
2247 4478 2407 4519 scere
2437 4460 2583 4518 illud
2617 4479 2630 4517 :
2666 4485 2693 4512 «
2736 4461 2897 4518 Sicut
2934 4467 3302 4535 unguentum
3358 4465 3418 4519 in
3480 4463 3680 4537 capite,
3734 4456 3859 4533 quod

560 4582 671 4659 (29)
701 4583 947 4638 Adverte
977 4582 1085 4659 hoc
1116 4582 1241 4638 loco
1272 4588 1522 4659 veterem
1556 4584 2011 4659 Mediolanensis
2037 4588 2139 4643 Ec-
2172 4578 2217 4642 D
2251 4586 2463 4642 fuisset
2486 4584 2823 4659 judicatus,
2846 4585 3040 4659 ipsum
3073 4585 3133 4642 in
3162 4588 3475 4643 Elea-lorum
3502 4587 3752 4659 ordinem
3793 4596 3859 4636 re-

487 4653 679 4712 clesiaa
710 4655 1191 4709 consuetudinem
1228 4671 1340 4709 non
1383 4656 1694 4725 jojunandi
1755 4658 2029 4727 Sabbato,
2088 4664 2145 4716 et
2253 4653 2534 4714 ferebant.
2573 4658 2723 4713 Sunt
2752 4653 2927 4712 etiam
3002 4658 3061 4711 ui
3117 4658 3570 4715 catechumenos
3610 4658 3730 4714 aliis
3779 4669 3860 4708 no-

487 4743 669 4783 suner
697 4725 902 4780 eadem
944 4742 1004 4780 re
1034 4724 1275 4781 consule
1298 4733 1560 4783 nostram
1617 4727 1676 4783 in
1710 4727 1866 4783 hunc
1924 4730 2141 4783 librum
2254 4729 2513 4783 minibus
2545 4733 2903 4783 recenseant.
2939 4675 3070 4783 iiios
3121 4730 3416 4783 siquidem
3463 4732 3747 4783 audientes.
3787 4740 3857 4783 qe-

487 4743 669 4801 super
697 4725 902 4801 eadem
944 4742 1004 4780 re
1034 4724 1275 4781 consule
1298 4724 1560 4783 nostram
1617 4727 1676 4783 in
1710 4727 1866 4784 hunc
1924 4724 2141 4787 librum
2254 4729 2513 4786 minibus
2545 4733 2903 4796 recenseant,
2939 4724 3070 4784 illos
3121 4730 3416 4801 siquidem
3463 4732 3747 4791 audientes,
3786 4740 3857 4801 gg-

488 4792 1060 4877 Acmqneionem-
1173 4866 1226 4877 ..
1748 4876 1753 4877 ε
1835 4871 1847 4877 -
2252 4792 2968 4877 ττιιιῖεειιξττέεδυ,εςιὸβίνῒατὸξρ
3027 4792 3239 4877 ειρσιοξ,
3296 4792 3858 4877 commentemur!-

557 4870 672 4946 (3Q)
700 4869 891 4934 Electi,
922 4867 1139 4946 gradus
1173 4866 1264 4922 hic
1316 4868 1616 4946 eratinter
1674 4871 2141 4930 catechumenos.
2254 4865 2395 4946 lant.
2430 4872 2654 4946 Vide__si
2681 4870 2842 4927 lubet
2869 4865 3268 4946 Albaspin._in
3300 4865 3633 4946 OptIMilev.
3656 4865 3856 4939 Joseph-

485 4939 715 4998 Etenim
774 4939 1045 5015 quamvis
1102 4954 1310 4994 omnes
1338 4939 1407 4993 ad
1454 4940 1816 5015 baptismum
1848 4946 2143 5001 candidati
2252 4944 2541 5000 Vicecom.
2574 4942 2766 5015 libari,
2800 4959 2924 5015 cap.
2960 4946 3013 5009 2,
3049 4939 3106 4999 et
3136 4943 3301 5000 alios.

486 5011 1063 5087 communi—nomine
1092 5016 1439 5087 vocarentur
1486 5013 1908 5087 catechumeni,
1968 5018 2146 5073 variis
2326 5016 2438 5086 (3|)
2473 5015 2612 5070 Mss.
2646 5011 2890 5085 aliquot,
2920 5017 3051 5087 quia
3084 5016 3273 5070 abdita
3299 5019 3524 5087 probat.
3583 5013 3705 5070 Edit
3750 5011 3854 5087 Arn.

485 5089 682 5165 tamen
704 5085 858 5165 inter
882 5100 949 5165 se
969 5088 1046 5165 'ut
1075 5082 1379 5164 gradibus,
1418 5083 1495 5137 ita
1526 5088 1582 5137 et
1612 5085 1909 5165 vocabulis
1939 5088 2145 5165 distin:
2255 5092 2312 5142 et
2333 5082 2508 5165 ἘΜ-..χ
2530 5082 2893 5165 quiamentes
2925 5082 3139 5142 abditas
3159 5082 3375 5159 probat,
3404 5087 3611 5144 Melius
3640 5098 3767 5140 mss.
3794 5082 3859 5132 at-

486 5156 839 5228 guebantur.
874 5155 983 5222 Qui
1015 5154 1287 5225 episcopo
1319 5170 1488 5209 suam
1541 5154 1960 5280 amplectenda;
2011 5159 2146 5216 ﬁdei
2256 5175 2369 5231 que
2400 5154 2633 5213 editfuti
2660 5157 2719 5211 in
2750 5161 2930 5212 textu.

488 5227 850 5280 voluntatem
885 5227 1184 5280 professus
1212 5229 1417 5280 fuerat.
1451 5226 1567 5280 iam
1604 5226 1906 5280 Ciristz'ani
1934 5247 2144 5280 nomen
2328 5230 2439 5280 (32)
2470 5228 2619 5280 Edit.
2654 5244 2877 5280 omnes.
2910 5245 2930 5280 ρ

1661 5245 1675 5281 ι

488 5226 850 5302 voluntatem
885 5227 1184 5302 professus
1212 5229 1417 5302 fuerat,
1442 5226 1906 5302 j_am__Christg'ani
1934 5247 2146 5287 nomen
2273 5226 2291 5231 ”
2328 5230 2439 5302 (32)
2470 5228 2619 5284 Edit.
2654 5244 2883 5302 omnes,
2910 5230 3009 5302 qui
3034 5230 3251 5301 corpori
3276 5228 3477 5285 odoris.
3515 5229 3714 5285 Contra
3739 5235 3854 5277 mss-

488 5297 828 5381 obti‘nebat:
872 5296 1199 5381 mox‘factis
1230 5296 1697 5381 abjurationibus
1728 5300 2029 5381 adsacras
2050 5304 2149 5358 ad-
2257 5296 2886 5381 onipﬁquuicorporei
2914 5296 3253 5381 odaria—etc.
3524 5371 3539 5381 ι
3624 5367 3654 5381 η
3732 5364 3761 5381 __

491 5368 830 5444 mittebatur
848 5369 1203 5444 catecheses,
1220 5386 1287 5424 ac
1304 5367 1433 5444 tum
1460 5370 1707 5444 propriae
1729 5372 2146 5430 catechumenus
2327 5372 2438 5444 (33)
2473 5367 2584 5444 llic;
2617 5367 2886 5444 ignnuitur
2942 5372 3352 5444 cautissimum
3398 5370 3542 5428 illud
3590 5367 3850 5444 silentium

492 5438 827 5516 dicebatur:
863 5458 996 5516 eum
1030 5440 1239 5516 deinde
1272 5437 1781 5516 solitis'expiatum
1805 5444 2145 5516 exorcismis
2257 5437 2588 5516 quosancti
2624 5442 2821 5516 Patres
2852 5441 3129 5516 mysteria
3166 5443 3457 5516 quaedam,
3487 5459 3554 5497 ac
3607 5437 3856 5516 praecipue

492 5462 827 5496 urccuaulr:
863 5462 996 5497 eum
1030 5462 1239 5496 0611108
1272 5462 1462 5496 SUIILIS
1486 5462 1552 5495 ex
1598 5462 1781 5497 latum
1805 5462 2145 5503 BXOI‘CISHIIS
2301 5462 2371 5499 UO
2403 5462 2588 5499 sancu
2624 5462 2820 5499 rﬂtPBS
2852 5462 3129 5513 mysteria
3166 5462 3457 5516 (108308.111,
3487 5462 3554 5497 ac
3646 5462 3854 5506 I'EUIPIW

492 5511 778 5592 initiantur
832 5510 1215 5592 nominabant
1248 5528 1275 5592 ε.
1295 5515 1496 5582 postea
1509 5462 1610 5592 agi
1632 5530 1771 5592 cum
1788 5514 1922 5592 aliis
1954 5515 2143 5592 bapti-
2255 5462 2633 5592 ﬁucharistiaa
2661 5514 3049 5591 cognitionem
3090 5462 3719 5572 catechumenosoeiare
3742 5520 3854 5563 con-

491 5583 602 5660 smi
633 5583 881 5660 gratiam
930 5583 1332 5660 postulasset,“
1363 5584 1650 5660 vocabant
1706 5583 2093 5660 competenter:
2128 5605 2141 5646 :
2255 5590 2584 5647 sueverant.

491 5652 733 5714 demum
763 5652 812 5712 si
840 5652 946 5729 per
970 5653 1250 5732 suffragia
1278 5653 1491 5730 dignus
1521 5655 1727 5717 eodem
1772 5652 2142 5722 sacramento
