4104 6156
276 340 387 409 ’ΜΒ

1432 348 1663 417 LIBER
1710 356 1811 417 DE
1859 354 2034 419 ELIA
2084 364 2184 422 ΕΤ
2227 360 2574 425 JEJUNIO.

3612 379 3735 441 746

274 484 587 540 descendit
617 483 679 541 in
714 485 954 542 barbam
984 487 1173 543 Aaron
1205 490 1373 560 (Psal.
1405 506 1617 557 cxxxu,
1648 492 1771 561 2),»
1803 497 1941 546 tunc
1976 505 2025 561 Α
2134 496 2220 550 40.
2259 495 2392 549 Νυὶὶ
2423 515 2560 569 ergo
2610 504 2666 555 te
2708 501 2933 572 jactare
2985 522 3119 561 cum
3160 509 3423 581 jejunae,
3459 512 3579 569 noli
3612 506 3736 585 glo—

274 573 590 647 cognoscis
639 574 784 648 quid
832 575 947 632 sit:
982 598 1010 625 ‹‹
1044 576 1257 650 Ungite
1304 584 1483 652 caput
1530 582 1786 635 vestrum
1842 597 1854 637 :
1911 603 1938 629 »

273 664 577 736 quomodo
608 663 901 738 placueris
929 666 1067 733 Deo,
1100 670 1167 721 ut
1194 668 1301 723 tibi
1333 685 1441 724 sua
1472 669 1821 742 patefaceret
1851 687 1940 726 sa-

274 757 603 820 cramenta,
635 758 695 811 et
726 754 889 810 daret
918 754 1168 827 gratiam
1197 756 1544 828 spiritalem.

2060 582 2223 647 riari,
2258 599 2335 637 ne
2368 584 2511 639 nihil
2547 588 2651 643 tibi
2698 592 2884 661 prosit
2920 594 3239 666 jejunium.
3274 601 3413 665 Quae
3463 582 3640 657 enim'
3664 603 3739 657 ad

2058 670 2524 731 ostentationem
2584 677 2752 747 fiunt,
2813 698 2925 738 non
2999 684 3058 739 in
3132 685 3400 745 futurum
3472 686 3738 745 fructum

2058 758 2388 815 extendant
2419 780 2615 833 suum,
2651 768 2748 822 sed
2779 771 3149 840 praesentium
3201 778 3472 834 mercede
3519 781 3735 834 c’on‘su-

339 846 434 901 37.
470 844 573 900 Est
620 846 681 899 et
727 842 887 899 aliud
940 847 1119 917 caput
1166 846 1501 919 mysticum.
1537 848 1701 912 Quod
1748 848 1942 906 illud?
2054 849 2255 902 munt.
2278 847 2450 936 (Elias
2482 852 2539 907 in
2565 854 2792 911 deserto
2823 863 2964 926 erat,
2996 877 3068 916 ne
3098 862 3231 933 quis
3271 881 3408 920 eum
3455 865 3738 936 jejunan-

268 933 420 992 Audi
456 951 472 989 :
509 956 538 984 ι(
570 936 758 1005 Caput
790 931 1057 990 mulieris
1085 933 1197 1003 vir,
1231 939 1407 1007 caput
1434 940 1631 993 autem
1655 937 1763 994 viri
1782 939 1945 997 Chri-

265 1028 396 1079 stus
449 1023 502 1093 (Ι
546 1022 669 1078 Cor.
726 1039 806 1091 x1,
860 1022 1004 1091 3).»
1056 1022 1219 1079 Mitte
1278 1025 1337 1080 in
1395 1025 1715 1094 Christum,
1776 1028 1943 1085 mitte

263 1112 444 1170 etiam
475 1112 539 1167 in
572 1115 754 1185 caput
784 1112 914 1184 ejus
947 1117 1340 1183 unguentum.
1376 1114 1562 1187 Caput
1607 1118 1737 1187 ejus
1783 1117 1941 1177 Deus

263 1205 370 1258 est.
407 1199 517 1257 Illa
566 1199 783 1258 mulier
818 1200 1107 1258 Ecclesiae
1166 1206 1371 1275 typum
1427 1221 1658 1277 gerens,
1694 1223 1825 1278 qua:
1879 1209 1938 1264 in

262 1293 441 1361 caput
495 1290 627 1361 ejus
677 1289 839 1346 misit
890 1294 1264 1363 unguentum
1329 1293 1538 1364 (Matth.
1607 1312 1760 1365 xxvr,
1824 1296 1936 1369 10),
1990 1336 1993 1341 ν

261 1380 535 1437 confessa
582 1382 671 1435 est
722 1379 849 1450 ejus
897 1379 1304 1451 divinitatem;
1356 1387 1414 1438 et
1463 1399 1592 1455 qua:
1646 1385 1704 1440 in
1757 1387 1937 1458 pedes

258 1469 391 1540 ejus
443 1467 611 1524 misit
659 1469 809 1538 (Luc.
839 1485 941 1536 vn,
998 1469 1067 1523 44
1097 1477 1151 1525 et
1177 1470 1316 1543 seq.)
1348 1471 1619 1529 confessa
1666 1477 1757 1530 est
1804 1476 1937 1547 ejus

257 1557 625 1632 passionem.
659 1557 912 1629 Utraque
940 1557 1235 1615 laudatur.
1270 1560 1339 1615 Et
1387 1564 1450 1616 tu
1500 1561 1591 1618 fac
1641 1578 1755 1628 quo
1804 1563 1934 1621 lau-

256 1648 439 1716 deris,
481 1663 599 1719 quo
632 1645 1026 1703 remisiionem
1059 1647 1312 1720 accipias
1344 1654 1740 1721 peccatorum.
1781 1654 1936 1710 Lava

255 1737 473 1794 faciem
503 1743 690 1801 tuam,
724 1736 980 1791 emunda
1010 1736 1271 1793 animam
1300 1742 1466 1793 tuam
1513 1742 1930 1813 peccatricem,

251 1827 388 1884 lava
417 1823 840 1882 conscientiam
868 1826 1241 1882 tuam.lndex
1271 1826 1427 1883 enim
1460 1828 1640 1885 facies
1672 1829 1931 1902 plerum-

252 1932 373 1990 que
401 1918 495 1971 est
523 1912 972 1979 conscientiae,et
1000 1912 1242 1985 quidam
1274 1915 1491 1972 tacitus
1522 1934 1719 1974 sermo
1756 1935 1926 1975 men-

248 2007 355 2071 tis,
384 2020 522 2060 cum
555 2006 657 2059 aut
688 2004 917 2074 peccato
950 2003 1424 2077 compungimur,
1449 2012 1553 2062 aut
1584 2007 1928 2079 integritate

253 2094 547 2149 lietamur.
571 2088 697 2146 Noli
730 2089 879 2146 hanc
910 2090 1298 2163 exterminare
1329 2092 1703 2162 faciem,lava
1734 2094 1924 2161 illam,

250 2187 311 2239 et
340 2195 583 2238 omnem
631 2178 861 2235 sordem
910 2179 1277 2235 conscientiae
1328 2187 1435 2237 tuae
1489 2183 1669 2241 dilue.
1720 2185 1923 2239 Exter-

200 2298 203 2299 ν
251 2272 449 2328 minat
500 2268 707 2326 faciem
759 2283 925 2323 suam
975 2268 1074 2340 qui
1125 2268 1281 2324 aliud
1335 2272 1505 2328 corde
1553 2274 1725 2344 gerit,
1762 2272 1923 2329 aliud

248 2361 401 2418 foris
433 2356 756 2433 praetendit.
786 2355 907 2412 Non
943 2373 1050 2413 nos
1077 2357 1236 2413 velut
1270 2358 1417 2415 547
1455 2363 1712 2432 quodam
1767 2362 1923 2434 peri-

248 2452 582 2523 petasmate
629 2446 966 2519 operiamus
1014 2447 1125 2519 (34)
1161 2463 1173 2503 :
1210 2449 1363 2521 quod
1414 2448 1580 2507 intus
1625 2456 1735 2517 est,
1780 2451 1923 2507 foris

247 2540 450 2595 luceat
485 2555 497 2593 :
539 2536 691 2609 quod
740 2534 881 2591 foris
929 2538 1039 2602 est,
1088 2536 1250 2591 intus
1301 2544 1591 2608 operetur.
1626 2540 1813 2596 Nemo
1862 2540 1921 2595 in

234 2627 479 2700 jejunio
527 2624 762 2697 culpam
815 2623 1100 2689 includat,
1135 2641 1277 2697 pure
1321 2625 1467 2681 ferat
1502 2628 1920 2685 innocentiam.

242 2715 558 2788 Jejunium
584 2714 743 2770 enim
776 2712 957 2785 culpae
988 2712 1449 2771 interfectorium
1483 2721 1590 2772 est.

907 2828 1139 2886 CAPUT
1177 2829 1269 2886 XI.

238 2923 464 2991 Jeiunii
491 2922 672 3005 uirtus
702 2919 1040 3003 amorim-uni
1069 2919 1319 3005 exemplo
1346 2921 1922 3005 illustraturhctesc‘a

320 2996 451 3050 licet
480 2992 675 3059 dulcis,
707 3007 872 3062 quam
900 2991 1072 3045 noxia
1102 2992 1193 3056 sit,
1225 2992 1371 3046 Esau
1409 3000 1459 3048 et
1487 2995 1651 3050 Iacob
1685 2994 1921 3049 historia

316 3063 657 3124 ostenditur;
679 3070 806 3137 tua:
836 3062 1084 3137 sequitur
1130 3062 1436 3119 exhortatio
1484 3065 1554 3119 ad
1575 3066 1921 3137 jactantiam

324 3140 388 3193 in
409 3136 627 3209 jejunio
653 3132 1059 3191 declinandam.
1466 3152 1473 3159 ν

1963 1869 2015 1931 D

2052 941 2174 992 tem
2228 935 2475 1012 videret,
2520 943 2633 999 nisi
2682 944 2791 1000 soli
2840 948 2994 1004 corvi
3052 951 3151 1021 qui
3208 969 3344 1009 eum
3401 935 3734 1026 pascerent.

2059 1024 2319 1082 Elisaeus
2351 1027 2409 1085 in
2442 1031 2672 1088 deserto
2703 1039 2842 1102 erat,
2880 1036 2978 1091 ubi
3011 1055 3124 1094 non
3156 1024 3526 1098 inveniretur
3571 1058 3727 1114 esca,

2058 1113 2173 1170 nisi
2228 1130 2450 1175 amara.
2509 1121 2767 1179 Joannes
2816 1125 2872 1180 in
2926 1126 3154 1184 deserto
3215 1134 3360 1197 erat,
3417 1129 3521 1185 ubi
3571 1131 3730 1191 solas

2055 1204 2326 1261 locustae
2374 1213 2429 1264 et
2478 1211 2591 1267 mel
2643 1210 2906 1270 silvestre
2954 1214 3257 1274 inveniret.
3297 1219 3724 1290 Jejunantibus

2053 1290 2241 1364 epulae
2310 1294 2404 1366 pio
2470 1299 2813 1371 angelorum
2883 1301 3207 1362 ministerio
3275 1305 3714 1369 deferebantur.

2052 1380 2388 1441 Prandebat
2450 1387 2653 1444 Daniel
2711 1389 2862 1446 inter
2908 1392 3246 1462 jejunantes
3320 1393 3545 1451 leones.
3616 1397 3719 1455 Ille

2050 1470 2376 1542 prandebat
2439 1473 2697 1532 alienum
2756 1478 3091 1549 prandium,
3144 1483 3278 1537 ferae
3338 1499 3460 1539 non
3515 1486 3717 1560 tange-

2051 1558 2197 1614 bant
2227 1576 2423 1618 suum.
2453 1564 2871 1635 Jejunantibus
2902 1568 3083 1639 epulis
3112 1570 3330 1636 volant,
3368 1558 3716 1643 prandenti-

2050 1646 2163 1701 bus
2193 1650 2368 1720 pedes
2396 1651 2670 1708 vacillant
2702 1670 2715 1708 :
2740 1655 3148 1725 jejunantibus
3178 1675 3403 1715 manna
3451 1660 3524 1717 de
3568 1665 3710 1722 ctslo

2049 1735 2371 1808 descendit,
2422 1739 2802 1812 epulantibus
2849 1743 3024 1818 culpa
3070 1747 3568 1818 praevaricationis
3615 1770 3709 1812 as-

2050 1824 2262 1881 cendit.

2052 1984 2515 2085 Quemadmodum
2543 1992 2603 2072 iu
2622 1921 3377 2085 Ιρῃῗφῗῖἕμῖἰηξὲςῖᾗνῶείρμει
3403 2000 3643 2085 εργἰςιαης
3673 2019 3706 2085 ,ε

2120 2073 2388 2138 quamque
2415 2062 2526 2138 illa
2546 2062 2787 2118 ridicula
2815 2062 2885 2120 Sit
2914 2073 2967 2121 et
2994 2062 3200 2133 odiosa,
3233 2062 3476 2138 eleganti
3500 2072 3706 2129 descri-

2117 2130 2301 2207 ptione
2326 2134 2633 2207 exponitur.
2669 2140 2795 2207 Post
2841 2151 2966 2207 qua:
3015 2130 3292 2195 nonnulla
3316 2130 3389 2197 ile
3426 2142 3706 2201 luxurioso

2119 2200 2452 2324 prlolescciite
2506 2205 2575 2259 ad
2636 2200 3041 2277 philosophiam
3099 2226 3352 2268 converso
3421 2200 3700 2287 adjicitur?

2141 2287 2228 2324 ur.

2141 2287 2228 2325 ur.

2118 2360 2353 2449 44.jSed
2387 2364 2527 2435 quid
2558 2369 2647 2421 est
2678 2365 2826 2422 hoc?
2857 2368 3008 2424 Dum
3059 2370 3130 2426 de
3169 2371 3402 2444 jejunio
3443 2374 3698 2449 disputo,

2044 2447 2328 2519 strepitus
2375 2450 2547 2506 audio
2596 2454 3014 2512 conviviorum.
3053 2457 3177 2513 Nisi
3226 2459 3419 2529 fallor,
3467 2447 3703 2520 iniser-

2044 2551 2215 2591 monc
2246 2553 2376 2593 meo
2410 2540 2661 2597 redoluit
2690 2543 3003 2614 prandium
3036 2546 3168 2617 (36).
3203 2547 3398 2608 Sonus
3426 2568 3562 2625 ergo
3605 2551 3701 2608 lit-

2039 2628 2304 2681 terarum
2337 2627 2559 2696 invitat,
2588 2631 2969 2702 impatientia
2999 2636 3265 2709 exempla
3295 2656 3410 2695 non
3458 2644 3698 2698 terrent.

2038 2713 2263 2769 Etenim
2327 2717 2427 2787 qui
2478 2719 2873 2791 jejunantem,
2923 2726 2979 2777 et
3026 2740 3093 2779 ea
3150 2742 3277 2798 qum
3335 2729 3487 2787 548
3543 2729 3691 2804 legis

2035 2804 2175 2857 sunt
2206 2803 2319 2875 (37)
2352 2806 2656 2875 ferentem,
2694 2813 3028 2880 exspectare
3058 2829 3173 2869 non
3205 2832 3420 2888 passus
3454 2822 3543 2876 est
3589 2803 3693 2893 po-

2034 2890 2232 2961 pulus,
2267 2893 2473 2967 utique
2504 2897 2660 2954 sedit
2688 2898 3062 2972 manducare,
3094 2908 3151 2959 et
3198 2905 3417 2974 bibere,
3459 2912 3518 2966 et
3564 2890 3693 2966 sur-

2033 2984 2309 3038 rexerunt
2361 2983 2587 3043 ludere.
2649 2984 2932 3044 Videmus
2988 2992 3361 3068 sacrilegium
3425 2997 3691 3057 ebrietati

2033 3065 2214 3124 fuisse
2245 3071 2654 3143 conjunctum.
2689 3072 2835 3131 Nam
2887 3078 3040 3135 sicut
3086 3065 3274 3139 mater
3320 3085 3456 3142 fidei
3504 3088 3694 3145 conti-

2029 3157 2247 3225 nentia,
2282 3159 2362 3215 ita
2393 3165 2655 3233 perfidiae
2686 3168 2875 3220 mater
2904 3168 3156 3227 ebrietas
3185 3176 3292 3229 est.
3328 3174 3390 3232 In
3413 3177 3567 3249 quod
3600 3177 3689 3235 fa-

311 3254 408 3309 38.
434 3251 622 3307 Nemo
671 3247 1062 3305 amarioribus
1106 3249 1300 3306 dulcia
1357 3256 1656 3324 praeoptet.
1708 3250 1907 3308 Dulcis
1939 3233 1981 3299 (ἶ
2022 3244 2190 3300 ciuus
2223 3264 2338 3303 non
2370 3249 2486 3307 ista
2515 3253 2890 3326 praecipitat?

231 3342 516 3414 voluptas
562 3339 813 3406 videtur,
862 3353 1130 3394 amarum
1168 3338 1487 3410 jejunium.
1534 3341 1653 3397 Hoc
1703 3357 1904 3396 amaro

232 3430 395 3489 illud
427 3429 593 3485 dulce
621 3426 882 3484 tollatur.
913 3425 1112 3483 Solent
1142 3443 1344 3483 amara
1373 3427 1549 3484 etiam
1581 3428 1728 3501 ipsis
1768 3427 1904 3500 plus

224 3519 524 3596 prodesse
554 3515 915 3590 corporibus.
960 3515 1124 3571 Sicut
1168 3516 1327 3571 enim
1376 3532 1511 3572 cum
1564 3517 1623 3571 in
1673 3516 1904 3573 intimis

230 3624 564 3684 puerorum
592 3605 917 3661 visceribus
961 3618 1187 3659 vermes
1236 3619 1305 3660 ex
1360 3603 1473 3659 cibi
1518 3605 1904 3677 indigestione

232 3699 590 3764 nascuntur,
606 3693 900 3767 exstingui
935 3708 1050 3749 non
1085 3698 1309 3765 queunt
1339 3694 1453 3749 nisi
1484 3710 1617 3750 cum
1652 3693 1906 3751 amarior

229 3792 423 3862 potus
452 3783 912 3849 infunditur,aut
941 3781 1505 3838 medicamentorum
1528 3782 1616 3838 vis
1638 3780 1906 3838 inolescit

230 3873 532 3950 asperior,
550 3887 802 3945 quorum
835 3870 1012 3926 odore
1042 3875 1349 3926 morantur
1383 3888 1395 3926 :
1430 3870 1511 3925 ita
1543 3869 1902 3942 profundum

229 3966 457 4023 animae
489 3962 670 4018 virtus
696 3960 965 4041 ingressa
984 3957 1200 4031 jejunii
1233 3957 1467 4031 culpam
1497 3957 1774 4015 latentem
1814 3957 1901 4013 in-

226 4052 478 4111 terficit.

308 4142 405 4197 39.
439 4139 586 4205 Quid
632 4139 787 4195 Esau
838 4152 1073 4193 servum
1117 4135 1286 4193 fratri
1336 4152 1443 4192 suo
1496 4136 1664 4193 fecit?
1704 4136 1906 4192 Nonne

225 4249 379 4288 esca
410 4230 484 4285 ad
512 4229 716 4285 horam
748 4224 960 4297 dulcis,
1007 4240 1210 4282 amara
1258 4224 1318 4280 in
1372 4225 1713 4297 posterum?
1756 4224 1905 4293 Quid

224 4320 427 4378 Jacob
467 4318 772 4374 dominum
806 4296 984 4371 fratri
1031 4314 1237 4372 dedit?
1285 4296 1488 4371 Nonne
1536 4318 1906 4386 contemptus

224 4409 356 4465 cibi
390 4408 463 4464 ad
495 4411 727 4479 tempus
754 4403 1029 4470 amarior,
1064 4403 1166 4460 sed
1198 4401 1457 4459 salubris
1486 4402 1545 4458 in
1577 4402 1907 4474 reliquum?

227 4505 379 4572 Ipsa
407 4512 649 4568 corpora
671 4493 946 4550 dulcibus
978 4493 1319 4565 frequenter
1346 4492 1713 4557 inflantur,et
1734 4491 1906 4548 melle

215 4590 409 4661 jecur
430 4583 873 4653 tenditur;idem
894 4585 1090 4674 tamen
1114 4596 1258 4674 escae
1282 4578 1908 4674 amaritudine-tempe-
1938 4610 1984 4674 Β

223 4672 575 4735 ratnrJdeo
606 4689 724 4733 non
748 4668 1193 4737 mediocris,sed
1218 4667 1456 4725 laudata
1479 4667 1724 4741 quaestio
1748 4687 1797 4724 ες(
1830 4669 1909 4726 De

231 4764 642 4822 manducante
671 4758 845 4820 exivit
874 4774 1030 4828 esca,
1062 4762 1122 4817 et
1149 4758 1221 4815 de
1248 4758 1383 4814 forti
1414 4757 1906 4829 dulce(35)(.ludic.

229 4871 360 4921 xxv,
419 4852 529 4923 14).
581 4875 607 4902 ››
654 4850 764 4907 Alii
812 4848 1033 4904 habent
1083 4864 1096 4904 :
1134 4868 1162 4898 ιι
1208 4846 1279 4903 Et
1328 4845 1398 4903 de
1443 4844 1601 4903 tristi
1646 4844 1833 4913 dulce,
1880 4870 1908 4897 ››

231 4940 435 4998 Graeci
463 4939 689 4996 codices
715 4936 1119 4993 maxime.Sed
1152 4941 1211 4992 et
1241 4936 1386 4992 forte
1417 4933 1774 4993 laboriosum
1797 4940 1909 5006 est,

226 5032 362 5088 exit
393 5027 552 5086 enim
585 5028 755 5085 dulce
784 5027 855 5083 de
887 5024 1129 5082 tristitia
1152 5024 1241 5081 vel
1273 5025 1488 5081 labore.

313 5198 438 5273 (34)
470 5196 592 5279 Vat.
629 5198 801 5279 edit;
822 5214 953 5253 cum
1000 5195 1190 5279 tribus
1233 5211 1400 5257 mss.,
1434 5194 1668 5279 quadam
1712 5197 1909 5279 impie-

230 5265 363 5329 tate
393 5265 727 5349 operiamus.
755 5268 931 5349 ‘Rom.
980 5271 1036 5349 et
1081 5265 1193 5349 alii
1230 5283 1397 5333 mss.,
1430 5265 1670 5349 {laudari}.
1696 5265 1909 5338 peripe-

236 5338 510 5417 tasmdtc,
543 5340 653 5397 hoc
676 5345 774 5417 est
803 5339 1109 5417 velamine.
1154 5338 1378 5417 Rursus
1416 5338 1517 5417 pbi
1560 5338 1735 5417 edit.,
1761 5354 1910 5417 prx-

234 5417 403 5491 [σαι
434 5414 872 5491 innocentiam...
906 5412 1224 5491 interfector
1249 5413 1346 5473 est,
1373 5408 1579 5491 plures
1608 5408 1686 5491 ac
1703 5408 1911 5491 proba-

234 5482 437 5544 tiores
467 5484 705 5552 habent,
750 5499 891 5555 pure
937 5486 1084 5555 [erat
1130 5482 1569 5555 innocentiam...
1601 5482 1910 5553 inter/eclo-

234 5562 405 5616 rz’um
432 5556 708 5637 agnitus.
740 5554 879 5621 duo,
910 5554 1336 5637 iaterfeqtiopsf-
1388 5622 1401 5637 ,
1488 5621 1542 5637 ,,
1707 5621 1721 5637 .
1791 5624 1812 5637 η
1875 5626 1913 5637 ..

317 5629 442 5706 (35)
466 5627 629 5706 _Edit._
645 5643 884 5706 omnes,
916 5626 982 5706 ἀρ
1030 5621 1166 5706 fo_rti
1186 5621 1654 5706 .dulcedo..l_tlss.,
1680 5621 1909 5706 forti

237 5693 434 5759 dulce.
465 5699 552 5755 Ita
579 5698 769 5756 etiam.
790 5693 892 5754 lib.
940 5693 1039 5753 De'
1069 5696 1229 5753 Tobia
1274 5712 1399 5761 cap.
1455 5694 1542 5761 15,
1595 5693 1696 5750 ubi
1745 5693 1912 5753 locus

236 5773 347 5833 hic
402 5769 600 5829 adhuc
649 5769 839 5845 magis
885 5766 1192 5844 perspicue
1239 5766 1582 5846 explicatur.
1615 5767 1779 5841 Quod
1809 5784 1911 5828 au-

583 5899 848 5965 ΡΑτιιοι..
894 5896 1058 5965 XIV.

2084 3335 2172 3390 42'.
2201 3336 2419 3393 Sedent
2450 3340 2509 3396 in
2545 3342 2775 3399 toribus
2806 3347 3187 3408 tabernarum
3221 3352 3490 3412 homines
3519 3356 3677 3413 tuni-
3740 3360 3757 3367 ”

2014 3440 2141 3479 cam
2174 3441 2288 3480 non
2321 3425 2629 3499 habentes,
2673 3447 2782 3489 nec
2830 3442 3135 3511 sumptum
3188 3444 3489 3516 sequentis
3536 3445 3673 3504 diei.
3780 3459 3784 3462 ‘

2013 3512 2093 3568 De
2148 3513 2607 3603 imperatoribus
2664 3524 2721 3576 et
2776 3528 3165 3595 potestatibus
3215 3512 3507 3603 judicent,
3550 3535 3673 3593 imo

2011 3615 2256 3673 regnare
2312 3602 2428 3659 sibi
2486 3607 2778 3677 videntur,
2833 3617 2890 3668 et
2945 3618 3293 3676 exercitibus
3360 3602 3669 3695 imperare.

2014 3688 2190 3746 Fiunt
2231 3689 2510 3750 ebrietate
2560 3697 2787 3769 divites,
2824 3702 2927 3773 qui
2972 3710 3113 3761 sunt
3154 3708 3394 3765 veritate
3441 3688 3668 3784 inopes.

2012 3782 2238 3834 Aurum
2271 3781 2514 3851 donant,
2549 3785 2900 3857 diSpensant
2931 3794 3210 3862 pecunias
3242 3797 3497 3868 populis,
3532 3781 3671 3857 civi-

2011 3870 2164 3925 tates
2192 3869 2609 3945 azdificant,qui
2646 3892 2759 3930 non
2792 3876 3010 3935 habent
3031 3884 3187 3937 unde
3216 3885 3466 3956 cauponi
3497 3892 3669 3958 potus

2014 3957 2106 4012 sui
2141 3958 2401 4029 corporis
2432 3961 2683 4032 pretium
2717 3965 3174 4025 solvant.Fervet
3195 3970 3353 4027 enim
3384 3957 3586 4029 vinum
3609 3973 3668 4029 in

2013 4043 2127 4113 his,
2176 4047 2446 4104 nesciunt
2491 4051 2632 4122 quid
2685 4051 3022 4124 loquantur.
3077 4058 3287 4116 Divites
3336 4065 3477 4118 sunt
3524 4062 3668 4118 dum

2014 4134 2381 4191 inebriantur
2413 4155 2424 4192 :
2461 4156 2596 4194 mox
2627 4141 2722 4196 ubi
2756 4141 2958 4200 vinum
3010 4146 3381 4221 digesserint,
3421 4157 3669 4208 cernunt

2015 4238 2078 4279 se
2107 4239 2237 4280 esse
2268 4226 2586 4285 mendicos.
2624 4229 2745 4285 Uno
2793 4231 2885 4287 die
2938 4234 3150 4291 bibunt
3203 4236 3522 4295 multorum
3554 4240 3671 4297 die-

2015 4329 2146 4367 rum
2178 4311 2427 4370 labores.

2086 4404 2172 4458 43.
2207 4403 2287 4459 De
2316 4405 2592 4462 ebrietate
2637 4407 2708 4462 ad
2759 4425 2925 4467 arma
2955 4415 3349 4489 consurgitur,
3383 4401 3667 4479 calicibus

2015 4491 2133 4548 tela
2178 4494 2518 4549 succedunt.
2570 4495 2678 4551 Pro
2728 4497 2860 4554 vino
2912 4504 3159 4575 sanguis
3209 4506 3551 4578 effunditur,
3607 4516 3667 4567 et

2014 4580 2210 4652 ipsum
2244 4582 2589 4654 sanguinem
2622 4585 2756 4641 vina
2786 4587 3080 4647 fuderunt.
3115 4595 3300 4659 Quam
3331 4597 3510 4654 fortes
3552 4599 3665 4655 sibi

2017 4668 2286 4726 homines
2313 4671 2584 4727 videntur
2634 4673 2690 4727 in
2744 4675 2898 4745 vino,
2933 4696 3108 4751 quam
3140 4683 3453 4756 sapientes,
3487 4704 3663 4758 quam

2019 4758 2244 4826 diserti,
2278 4777 2454 4831 quam
2486 4762 2659 4816 etiam
2704 4763 2931 4834 pulchri
2974 4786 3040 4824 ac
3082 4771 3297 4844 decori,
3329 4791 3461 4830 cum
3511 4778 3665 4831 stare

2019 4864 2134 4903 non
2167 4848 2421 4920 possint!
2456 4850 2617 4906 Mens
2651 4869 2883 4911 necesse
2913 4862 3004 4913 est
3030 4859 3261 4927 titubet,
3292 4860 3495 4934 lingua
3539 4862 3663 4918 bal-

2019 4936 2230 5006 butiat,
2264 4937 2450 5010 pallor
2481 4942 2795 5014 exsanguis
2820 4960 2923 5000 ora
2952 4947 3271 5016 suffundat,
3305 4948 3453 5005 fetor
3479 4950 3663 5007 ebrie-

2019 5027 2158 5083 tatis
2187 5025 2412 5084 horrori
2462 5029 2556 5087 sit.
2594 5032 2831 5089 Barbari
2862 5036 2921 5090 in
2953 5036 3169 5090 ferrum
3219 5042 3418 5107 ruunt,
3448 5038 3664 5113 vulgus

2020 5201 2138 5254 tem
2169 5199 2389 5280 subdit,
2420 5200 2775 5280 scd_et_forte,
2810 5208 2942 5280 etc.,
2967 5221 3217 5280 sensum
3261 5184 3419 5263 hunc
3466 5208 3661 5280 habet,

2020 5286 2229 5342 nempe
2259 5271 2476 5327 animal
2511 5271 2655 5329 forte
2682 5290 2745 5329 ac
2778 5271 3083 5330 robustum
3135 5275 3282 5333 solet
3328 5294 3457 5337 esse
3503 5271 3662 5339 labol
3766 5315 3781 5319 -

2021 5359 2263 5397 I‘lOSllm.

2091 5414 2202 5485 (36)
2234 5413 2503 5486 Sicimss.
2538 5414 2798 5486 plerique
2829 5432 3054 5472 omnes.
3088 5422 3163 5473 At
3192 5420 3330 5475 edit.
3356 5426 3481 5479 tum
3514 5425 3664 5482 anti-

2060 5501 2145 5565 u_aa
2174 5489 2301 5539 tum
2325 5485 2646 5565 Rom.,dum
2663 5485 2721 5541 iri
2731 5501 2978 5543 sermone
2996 5505 3113 5545 meo
3141 5491 3562 5565 disputo,meum
3582 5516 3667 5554 re-

2056 5557 2195 5612 oluit
2224 5556 2542 5627 prandium.

2091 5628 2214 5714 (37)
2237 5629 2380 5714 Quae
2398 5628 2534 5714 legis
2554 5636 2723 5711 simtu
2740 5627 2847 5714 h_oc
2863 5634 2986 5714 ‘est,
3001 5632 3213 5714 ‘decem
3247 5645 3534 5714 praecepta
3575 5641 3665 5699 di.

2020 5698 2143 5772 gite
2171 5698 2272 5759 Dei
2304 5698 2521 5757 tabulis
2551 5700 2833 5775 inscripta
2863 5700 3128 5778 lapideis.

3264 5910 3346 5989 24
