4104 6156
495 261 613 325 747

1953 267 2014 328 s.
2065 256 2438 331 AMBl’tOSll
3730 277 3817 336 πε

494 396 554 451 in
586 396 738 452 rixas
769 395 900 465 (38).
934 395 994 454 Si
1024 395 1156 471 quis
1202 415 1403 456 eorum
1459 415 1653 474 pugno
1699 399 1873 456 fuerit
1903 390 2139 473 parcus:
2173 405 2225 471 Α
2258 402 2414 458 enim
2449 419 2630 458 unum
2663 402 3038 459 emendatum
3085 399 3206 458 illis
3249 401 3474 459 invideo
3515 405 3632 477 (40),
3659 410 3712 462 ut
3746 410 3821 465 do-

493 501 620 554 sus,
652 484 846 541 videas
894 503 996 543 ora
1041 488 1311 546 saucium
1371 489 1488 545 vini
1535 489 1827 562 lacrymas
1878 489 2140 558 fundere,

491 571 859 631 miserabiles
897 576 1157 651 epilogos
1205 578 1537 635 decantare.
1571 579 1756 636 Habet
1804 595 1989 635 unum
2036 579 2145 635 hoc

488 663 858 734 temulentia,
887 671 954 722 ut
981 667 1237 724 emolliat
1260 672 1317 724 et
1341 667 1591 725 resolvat
1636 669 1812 724 corda
1857 668 2143 724 temulen-

489 756 709 812 torum.
740 753 903 811 Sicut
929 755 1085 812 enim
1119 756 1273 829 ignis
1303 758 1513 829 probat
1544 757 1762 814 ferrum
1795 758 2033 822 durum,
2063 756 2146 812 ita

493 847 552 899 et
579 843 698 900 vini
726 842 994 900 incendio
1025 845 1202 901 etiam
1251 847 1639 918 superborum
1690 846 1996 902 hominum
2047 863 2148 901 cor

494 931 786 1004 liquescit.

562 1023 652 1076 44.
693 1019 909 1077 Omnes
957 1021 1070 1078 sibi
1117 1023 1252 1079 vino
1300 1025 1552 1096 aequales
1601 1025 1890 1094 videntur,
1949 1025 2146 1080 nullus

494 1109 751 1166 inferior.
787 1111 910 1168 Non
945 1129 1167 1186 pauper
1195 1111 1357 1169 diviti
1391 1114 1562 1182 cedit,
1600 1118 1794 1186 utpote
1843 1115 1942 1186 qui
1996 1132 2142 1187 pau-

495 1215 691 1270 perem
739 1215 802 1256 se
849 1217 976 1257 esse
1007 1201 1192 1258 nescit
1242 1218 1254 1256 :
1317 1221 1430 1259 non
1479 1204 1750 1259 inﬁrmus
1794 1202 2004 1272 valido,
2053 1203 2144 1258 cui

496 1287 689 1344 omnis
715 1287 775 1344 in
807 1289 1059 1346 bibendo
1089 1294 1177 1348 est
1206 1291 1488 1348 fortitudo
1523 1310 1536 1348 :
1569 1310 1683 1348 non
1717 1294 2023 1349 mendicus
2060 1293 2144 1348 lo-

497 1375 739 1450 cupleti,
801 1396 918 1434 non
977 1379 1252 1452 ignobilis
1301 1381 1604 1446 honorato,
1662 1397 1795 1436 cum
1855 1381 2142 1450 bibentes,

495 1463 665 1522 illum
693 1483 889 1539 regem
911 1467 1183 1536 habeant,
1219 1469 1318 1542 qui
1350 1469 1602 1526 bibendo
1650 1471 2008 1542 superaverit
2039 1485 2142 1524 cm-

494 1559 668 1612 teros.
735 1556 1057 1629 Meritoque
1127 1559 1411 1631 scriptum
1472 1564 1560 1614 est
1621 1575 1633 1613 :
1693 1557 1951 1630 ASquaiis
2027 1557 2145 1613 vita

495 1643 835 1723 hominibus
883 1645 1085 1702 vinum
1134 1647 1193 1702 in
1245 1646 1516 1704 ebrietate
1549 1648 1734 1719 (Ereti.
1766 1663 1920 1711 xxxx,
1951 1647 2062 1718 32).
2113 1669 2140 1697 ››

493 1733 606 1788 Sed
637 1733 859 1790 utinam
894 1740 951 1790 et
983 1736 1137 1806 quod
1171 1736 1436 1808 sequitur
1481 1737 1714 1792 audires
1749 1752 1761 1790 :
1794 1759 1822 1786 «
1859 1735 2030 1792 Bibas
2074 1734 2140 1789 il-

493 1821 595 1877 lud
644 1823 962 1893 moderate,
1011 1828 1075 1880 ut
1123 1825 1207 1881 sis
1255 1824 1486 1882 sobrius
1515 1826 1700 1898 (Ιὺίιι.)
1739 1849 1765 1873 η
1798 1825 1921 1880 Non
1963 1824 2144 1880 habes

495 1912 648 1984 quod
683 1928 921 1969 accuses
952 1931 965 1968 :
1001 1913 1202 1969 vinum
1231 1913 1289 1969 in
1313 1915 1686 1986 jucuntlitate
1733 1918 1991 1970 creatum
2035 1918 2142 1983 est,

494 2017 611 2056 non
640 1998 700 2056 in
731 1999 1009 2058 ebrietate
1039 2003 1110 2058 ab
1144 2003 1664 2060 initio.Exsultatio
1693 2003 1902 2058 animae
1935 2007 1992 2058 et
2019 2019 2143 2058 cor-

493 2089 588 2146 dis
633 2093 741 2162 est,
773 2090 821 2147 si
869 2091 1164 2148 moderate
1211 2092 1378 2149 bibas
1431 2109 1443 2148 :
1496 2091 1901 2148 immoderatio
1949 2096 2142 2148 autem

493 2183 667 2252 potus
697 2179 1063 2236 iracundiam
1115 2181 1389 2253 concitat,
1425 2186 1480 2237 et
1511 2181 1714 2238 ruinas
1764 2180 1979 2236 multas
2019 2180 2142 2236 effi-

492 2269 592 2324 cit.

563 2359 651 2414 45.
685 2359 796 2415 Sed
827 2360 975 2414 forte
1015 2357 1212 2414 dicant
1253 2359 1360 2417 has
1407 2377 1536 2417 esse
1593 2361 1917 2433 potationes
1943 2359 2140 2433 vulga-

493 2447 646 2502 rium
695 2451 754 2504 et
799 2446 1232 2504 levissimorum
1287 2449 1617 2504 hominum.
1651 2449 1966 2505 Veniamus
2005 2464 2142 2520 ergo

489 2538 563 2594 ad
610 2535 823 2592 horum
872 2536 1196 2609 potentium
1246 2541 1302 2592 et
1349 2536 1804 2594 fortissimorum
1858 2536 2138 2593 convivia.

491 2625 618 2681 Nan
647 2641 785 2698 ergo
814 2624 908 2680 hic
941 2627 1333 2696 unguentatos
1365 2625 1830 2682 adolescentulos
1859 2629 1960 2681 aut
1978 2641 2139 2681 coro-

491 2718 660 2771 natos
693 2714 846 2770 rosis
876 2713 1186 2786 proferam,
1221 2713 1456 2784 qualem
1509 2715 1703 2768 ferunt
1749 2713 1915 2768 illum
1961 2713 2142 2770 fuisse

491 2805 592 2874 qui
626 2801 923 2858 delibutus
975 2801 1314 2873 unguentis,
1347 2800 1656 2858 redimitus
1704 2800 1966 2870 floribus,
2001 2802 2137 2858 sub-

492 2890 664 2946 nixus
712 2888 1118 2945 meretricibus
1168 2889 1303 2960 (39),
1337 2889 1684 2945 antelucano
1729 2895 1867 2963 potu
1917 2889 2136 2959 ebrius,

489 2982 548 3034 et
577 2977 788 3034 diurno
815 2993 1112 3034 ccreorum
1163 2979 1478 3034 comitatus
1530 2977 1772 3046 lumine,
1809 2978 2139 3052 philosophi

491 3066 845 3123 auditorium
878 3065 1240 3138 disputantis
1291 3067 1593 3139 ingressus
1625 3068 1721 3123 sit.
1755 3067 1877 3133 Quo
1916 3067 2134 3138 audito,

2257 507 2416 546 ceam
2451 507 2634 564 genus
2667 507 2865 548 eorum
2899 491 3144 547 luxurias
3176 507 3210 546 a
3239 507 3330 547 me
3361 509 3474 548 non
3502 508 3615 549 esse
3639 495 3826 554 simula-

2255 585 2405 636 tum.
2439 580 2603 637 Certe
2631 579 2729 636 ille
2759 581 2808 636 si
2840 581 3088 655 resipuit
3117 597 3152 636 a
3177 580 3330 650 vino,
3363 579 3464 636 fuit
3502 585 3673 640 tamen
3709 599 3827 641 sem-

2255 685 2358 742 per
2387 667 2744 726 temulentus
2774 669 3104 744 sacrilegio.

2869 793 3104 851 CAPUT
3143 794 3288 851 XIII.

2254 883 2581 938 illzlz'turium
2631 883 2914 956 hominum
2963 883 3234 948 convivia,
3275 899 3400 938 cum
3439 898 3616 954 pugna
3650 885 3838 956 quadam

2327 959 2486 1025 atque
2507 955 2810 1026 spectaculo
2840 957 3250 1027 comparantur,
3283 959 3336 1010 et
3361 970 3540 1010 eorum
3561 959 3724 1027 partes
3745 959 3838 1012 sin-

2324 1027 2484 1096 gulae,
2519 1034 2569 1082 et
2622 1028 2791 1098 quasi
2825 1026 3081 1097 quaedam
3120 1026 3628 1098 ρνοζαεὶδνερίιαείδ
3653 1035 3699 1082 ει
3721 1031 3836 1082 cata-

2326 1099 2540 1170 strophe
2567 1096 2732 1168 quam
2759 1096 3184 1166 diligentissime
3212 1096 3598 1153 describuntur.

2329 1204 2413 1258 46.
2447 1206 2641 1275 Apage
2673 1202 2850 1275 igitur
2899 1201 3038 1258 hinc
3087 1201 3480 1259 adolescentes
3517 1202 3760 1270 lubricos,
3787 1205 3840 1258 ad

2255 1293 2516 1347 convivia
2534 1291 2932 1364 prmliatorum
2955 1291 3520 1362 venimus(41).lnter
3542 1308 3690 1347 arma
3713 1309 3846 1364 pran-

2255 1381 2510 1436 dendum
2545 1386 2652 1450 est,
2686 1381 2999 1452 stipatores
3047 1379 3108 1436 hi
3157 1386 3294 1437 sunt
3338 1379 3526 1436 bellici
3572 1381 3662 1452 qui
3706 1380 3845 1435 mini-

2256 1475 2463 1537 strant,
2499 1469 2782 1524 succincti
2815 1486 2977 1538 auro,
3013 1473 3068 1524 et
3099 1468 3465 1542 Babylonicis
3496 1468 3710 1524 lumbos
3748 1468 3846 1525 sui-

2257 1559 2385 1614 l'ulti
2419 1557 2626 1614 balteis
2662 1577 2674 1614 :
2706 1559 2898 1614 aureis
2933 1558 3239 1630 torquibus
3285 1558 3473 1614 nitent
3511 1556 3667 1624 colla,
3695 1557 3849 1613 aureis

2257 1647 2434 1702 bullis
2468 1647 2579 1716 (42)
2615 1663 2819 1703 zonam
2851 1651 3075 1720 tegunt,
3109 1646 3300 1703 aureis
3331 1645 3516 1702 thecis
3547 1645 3742 1702 cultros
3781 1646 3846 1700 in-

2256 1736 2502 1791 cludunt
2532 1752 2690 1801 suos,
2713 1736 2931 1808 quibus
2961 1735 3242 1792 dimicent
3268 1751 3405 1792 cum
3436 1733 3620 1806 epulis
3648 1733 3853 1789 dividant

2175 1792 2222 1856 Β
2256 1825 2367 1880 dis.
2403 1823 2701 1880 Assistunt
2741 1824 2908 1896 pueri
2955 1841 3123 1881 coma
3173 1824 3446 1892 nitentes,
3479 1840 3546 1878 ex
3573 1828 3726 1897 gente
3751 1823 3851 1878 bar-

2254 1914 2451 1969 barica
2483 1914 2552 1968 ad
2581 1913 2687 1969 hos
2719 1930 2862 1970 usus
2895 1913 3084 1981 electi,
3135 1931 3237 1986 per
3287 1912 3653 1986 singularum
3681 1911 3856 1967 distan-

2252 2001 2367 2056 tias
2401 2006 2638 2056 mtatum
2669 2001 2825 2057 vices
2851 2002 2984 2073 (43).
3017 2001 3234 2058 Cernas
3265 2001 3618 2074 populorum
3646 2000 3854 2055 diverso-

2254 2108 2383 2145 rum
2415 2091 2862 2162 ordines,aciem
2895 2091 3225 2146 ordinatam
3257 2095 3464 2163 putes:
3485 2108 3620 2146 vasa
3645 2088 3860 2161 exposita

2255 2184 2548 2252 argentea,
2584 2196 2859 2252 pompam
2891 2179 3193 2235 arbitreris
3225 2198 3236 2236 :
3270 2195 3454 2236 cornu
3489 2179 3596 2250 (44)
3627 2179 3678 2233 in
3707 2175 3857 2232 medio

2252 2267 2367 2322 viui
2404 2267 2662 2340 plenum,
2696 2285 2808 2324 non
2842 2267 3377 2340 praeliaris(4ii),sed
3411 2267 3663 2342 epularis
3692 2267 3863 2322 instruo

2253 2363 2516 2412 mentum
2551 2355 2833 2422 buccinze,
2868 2357 3025 2429 quod
3059 2357 3500 2414 discumbentes
3530 2357 3587 2412 in
3617 2359 3859 2413 certamen

2251 2447 2554 2502 accendat.

2323 2535 2409 2589 47.
2447 2533 2638 2588 Primo
2697 2533 3027 2589 minoribus
3091 2532 3312 2606 poculis
3369 2533 3534 2589 velut
3587 2528 3865 2588 ferentariis

2249 2638 2446 2694 pugna
2476 2623 2823 2695 prteluditur
2853 2623 2989 2694 (46).
3022 2623 3240 2678 Verum
3272 2621 3400 2678 hinc
3431 2639 3552 2679 non
3581 2616 3865 2678 sobrietatis

2248 2711 2493 2784 species,
2526 2713 2627 2766 sed
2662 2711 2898 2767 bibendi
2931 2716 3020 2768 est
3069 2711 3406 2784 disciplina.
3440 2711 3663 2767 Etenim
3694 2712 3748 2764 ut
3774 2711 3866 2763 tra-

2247 2800 2574 2872 goediarum
2609 2804 2834 2856 actores
2877 2799 3065 2872 primo
3114 2800 3335 2856 sensim
3393 2817 3590 2856 vocem
3637 2796 3866 2862 excitant,

2247 2887 2432 2944 donec
2461 2888 2588 2943 udae
2620 2889 3166 2961 vocis(li7)aperiant
3197 2889 3328 2957 iter,
3359 2894 3426 2945 ut
3457 2895 3659 2961 postea
3679 2883 3871 2958 magnis

2245 2977 2474 3046 possint
2499 2976 2858 3036 clamoribus
2887 2994 3232 3050 personare;
3286 2976 3374 3034 ita
3428 2977 3526 3034 isti
3572 2989 3784 3050 quoque
3821 2972 3868 3026 in

2247 3063 2531 3137 principio
2563 3065 2918 3138 prmlusoriis
2947 3083 3009 3122 se
3039 3070 3308 3123 exercent
3338 3066 3662 3140 poculis,ut
3683 3063 3873 3119 irritent

489 3172 754 3222 coronas,
814 3159 879 3210 ut
935 3154 1119 3222 aiunt,
1177 3154 1398 3210 sensim
1447 3155 1780 3224 detraxerit,
1839 3161 2141 3228 unguenta
2171 3163 2212 3230 α
2251 3154 2409 3210 sitim
2433 3171 2527 3222 ;ne
2558 3155 2704 3211 forte
2735 3155 3103 3229 restinguunt
3130 3160 3349 3222 eam,et
3378 3155 3580 3212 satiati
3611 3157 3791 3228 postea
3807 3148 3872 3205 Iti'

489 3245 814 3311 deterserit,
863 3241 1074 3300 scortis
1105 3241 1230 3298 vale
1259 3243 1468 3300 dixerit
1516 3243 1901 3317 philosophus
1941 3250 2142 3318 postea

489 3338 689 3394 tantus
731 3331 1000 3400 evaserit,
1052 3337 1116 3387 ut
1161 3337 1316 3389 esset
1362 3333 1696 3390 sobrietatis
1746 3333 1896 3392 549
1948 3352 2140 3392 exem-

497 3421 684 3496 plum,
725 3419 826 3494 qui
866 3419 1053 3476 fuerat
1092 3423 1226 3478 ante
1263 3420 1558 3479 ebrietatis
1613 3421 1956 3479 ludibrium.
2016 3424 2140 3480 Non

569 3557 682 3629 (38)
710 3557 975 3629 Pugnare
1005 3555 1156 3629 inter
1203 3555 1412 3629 epulas
1458 3557 1778 3628 prmsertim
1817 3558 2142 3616 Thracibus

497 3625 628 3685 mes
655 3625 995 3684 erathnde
1024 3625 1420 3700 legitur‘apud
1455 3625 1784 3697 Horatium,
1815 3630 1922 3685 ode
1949 3632 2019 3686 27
2053 3647 2066 3686 :

713 3743 860 3792 Natis
888 3743 939 3792 in
973 3757 1126 3791 usum
1161 3743 1355 3792 ltetitim
1391 3743 1605 3806 scyphis

710 3807 952 3870 Pugnare
979 3806 1242 3856 Thracum
1270 3811 1365 3855 est.
1389 3806 1574 3856 Tollite
1602 3807 1890 3857 barbarum

711 3869 930 3928 Morem,
963 3873 1066 3918 etc.

483 4007 496 4020 ο
561 3986 673 4058 (39)
704 3984 991 4058 Diogenes
1024 3983 1287 4058 Laertius
1318 3981 1530 4058 lib._1v,
1567 3983 1623 4036 in
1657 3983 1984 4058 Pplcmone,
2019 3985 2140 4042 haec

491 4052 576 4114 de'
613 4052 842 4114 eodcm'
868 4053 1214 4128 philosopho
1262 4053 1320 4108 in
1371 4052 1632 4109 scholam
1681 4055 2018 4113 Xenocratis
2049 4057 2137 4114 in-

489 4145 692 4202 gresso
702 4129 1032 4202 _r_nemo_r_at.

558 4200 670 4270 (40)
702 4199 826 4254 Vet.
859 4198 1022 4263 edit.,
1067 4197 1195 4270 Non,
1229 4199 1379 4251 enim
1431 4197 1776 4270 eine-rideam:
1824 4199 1942 4255 illis
1989 4202 2138 4256 invi-

487 4272 617 4336 deo,-
645 4269 865 4342 doeeam
919 4285 1120 4342 genus,
1176 4269 1386 4342 Rom.._.
1433 4269 1668 4342 doceam
1709 4279 1890 4324 tamen
1945 4287 2132 4340 genus,

487 4347 598 4420 etc.
630 4338 940 4420 Potiorest
971 4341 1156 4420 dubio.
1179 4338 1377 4420 procul
1412 4347 1611 4396 nostra
1657 4340 1846 4408 lectio,
1882 4338 2058 4414 quani
2106 4361 2136 4398 c

487 4413 688 4467 decem
715 4411 863 4466 Gall.
899 4429 1040 4466 mss.
1073 4410 1434 4465 exhibemus.

561 4483 673 4552 (41)
731 4483 880 4537 Edit.
933 4487 1068 4546 vet.,
1120 4483 1296 4549 Igitur
1355 4481 1486 4535 lii-nc
1537 4481 1899 4538 adolescentes
1959 4485 2132 4540 lubri-

485 4570 594 4621 cos,
627 4554 696 4608 ad
725 4553 969 4608 convivia
997 4554 1379 4624 przelz'aloru-m
1409 4554 1759 4608 veniamus...
1797 4553 2138 4624 Rom.edit.,

485 4627 668 4698 Igitur
694 4627 824 4681 hinc
851 4624 920 4698 ad
947 4623 1226 4698 catinium,
1249 4629 1354 4698 etc.
1389 4623 1528 4678 Mss.
1561 4641 1694 4678 vero
1727 4625 1960 4696 partim,
2001 4623 2139 4682 Arne

485 4696 699 4767 igitur;
731 4696 964 4768 partim,
997 4696 1176 4768 Apage
1206 4696 1398 4768 igitur,
1429 4700 1536 4750 etc.

557 4770 670 4839 (42)
703 4764 786 4824 ita
815 4785 958 4823 mss.
995 4764 1216 4823 decem.
1251 4764 1612 4839 Aliiautcm
1656 4765 1792 4834 duo,
1825 4771 1906 4839 et,
1931 4783 2136 4826 omnes

483 4829 665 4906 edit.,,
684 4841 984 4910 infantium
1010 4840 1214 4910 uitreis
1256 4837 1440 4910 bullis.
1473 4836 1744 4910 Solebant
1771 4829 2008 4910 quidem
2040 4857 2134 4894 ve-

481 4919 634 4970 teres
665 4907 873 4968 aureas
903 4909 1096 4966 bullas
1125 4908 1442 4981 infantium
1473 4907 1623 4981 collo
1663 4907 2008 4981 appendere,
2033 4913 2134 4966 sed

484 5003 598 5040 non
632 4986 710 5040 ita
742 4983 1044 5056 prpprium
1077 4984 1202 5056 erat
1230 4979 1366 5035 huic
1397 4981 1546 5056 aetati
1581 4979 1919 5056 hujusmndi
1963 4999 2130 5037 orna-

485 5050 768 5116 mentum:
801 5050 1072 5110 utetiam
1107 5052 1164 5106 in
1206 5050 1544 5124 provectiori
1595 5069 1702 5124 nun
1737 5052 2130 5120 at‘liiil'ieretur,

485 5128 640 5182 unde
671 5143 866 5206 vocem
899 5121 1221 5206 iri/nntium
1245 5123 1344 5206 hic
1394 5121 1780 5206 necessariam
1805 5131 2135 5206 ‘npu‘puta:

484 5215 638 5252 mus.
677 5197 850 5251 Bulla:
882 5193 1076 5251 autem
1111 5195 1458 5266 dicebantur
1490 5193 1728 5266 quidam
1763 5193 1988 5266 globuli
2031 5195 2130 5266 qui

485 5268 676 5324 bullas
708 5270 888 5340 guttis
917 5267 1124 5338 pluvize
1155 5264 1558 5340 decidentibus
1609 5264 1663 5318 in
1716 5264 1866 5337 aqua
1895 5264 2133 5322 excitari

485 5340 688 5395 solitas
712 5337 1106 5393 similitudine
1137 5337 1479 5392 referebant.

557 5411 668 5479 (43)
701 5408 914 5464 Omnes
943 5410 1104 5474 edit.,
1126 5425 1224 5478 per
1252 5407 1600 5479 singularum
1627 5406 1874 5462 distincti
1902 5412 2133 5464 (elatum

485 5483 626 5536 vices
685 5479 884 5534 Gemma
935 5481 1320 5550 poculorum...
1385 5495 1515 5533 vasa
1565 5479 1806 5550 exposita
1862 5495 2030 5534 aurea
2083 5488 2134 5534 et

482 5554 770 5618 argentea.
810 5549 951 5605 Cum
985 5552 1076 5605 his
1109 5551 1367 5622 plerique
1399 5567 1542 5622 mss.
1575 5549 1953 5622 faciuntmisi
1975 5551 2129 5621 quod

485 5624 765 5692 omittunt
790 5637 955 5676 aurea
985 5625 1053 5676 et.
1087 5619 1196 5675 Alii
1241 5619 1374 5677 vero
1427 5621 1484 5676 in
1533 5619 1750 5692 quibus
1797 5627 1854 5692 et
1901 5619 2128 5678 'l‘buan.

484 5699 615 5760 ante
646 5691 808 5753 mille
838 5707 1024 5750 annos
1053 5695 1341 5764 exaratus,
1377 5695 1442 5750 ut
1466 5693 1524 5754 in
1553 5690 1735 5754 textu.
1769 5690 1893 5751 Illic
1931 5698 2128 5754 autem

2253 3243 2387 3298 bere
2419 3259 2533 3299 non
2570 3244 2814 3316 possint.
2847 3245 2992 3317 Ergo
3023 3245 3124 3300 ubi
3155 3261 3249 3302 res
3280 3244 3478 3300 calere
3523 3241 3768 3316 coeperit,
3796 3254 3871 3311 po‘

2251 3337 2424 3388 scunt
2453 3333 2776 3404 majoribus
2807 3333 3252 3406 poculiszl‘ervor
3282 3333 3612 3389 inardescit
3639 3328 3873 3390 martius,

2251 3419 2412 3476 cibos
2442 3419 2573 3477 sitis
2603 3425 2881 3479 exaestuat
2909 3423 3044 3494 (48),
3075 3427 3134 3478 et
3162 3421 3262 3478 ubi
3293 3421 3585 3478 imminui
3625 3419 3875 3490 visa,potn

2245 3571 2346 3626 per
2371 3555 3008 3629 singularum...__rices,
3040 3555 3194 3612 idem
3255 3559 3350 3612 est
3407 3572 3479 3612 ac
3536 3555 3685 3610 vices
3734 3545 3876 3629 mini-

2251 3625 2476 3698 Strandi
2509 3643 2522 3680 :
2556 3625 2667 3693 vel,
2701 3625 2973 3682 ordinum
3026 3629 3390 3684 mutationes
3445 3629 3599 3682 fiunt
3645 3640 3741 3698 pro
3786 3625 3878 3698 sin-

2250 3697 2522 3770 gulorum
2555 3699 2858 3764 (statibus;
2890 3698 2971 3754 ita
3002 3704 3068 3754 ut
3113 3699 3173 3754 in
3217 3700 3418 3770 primo
3474 3693 3663 3754 versu'
3693 3693 3878 3750 starent

2251 3769 2399 3842 natur
2425 3770 2782 3842 majores,_et
2813 3769 2897 3825 sic
2927 3771 3222 3842 deinceps.

2321 3840 2434 3912 (44)
2463 3831 2759 3913 ςδωυλῑᾱ
2801 3845 2889 3896 est
2917 3831 3365 3913 corneum_vas,
3401 3857 3538 3913 quo
3577 3841 3784 3894 veteres
3816 3831 3877 3913 ad

2248 3909 2602 4038 1scrutandum
2650 3912 2874 3979 vinum,
2925 3912 3140 3978 oleum,
3175 3909 3454 3986 aliosque
3499 3910 3752 3982 liquores
3777 3909 3876 3960 nte.

2289 3999 2362 4038 an
2393 3999 2485 4038 ur.

2289 3987 2485 4040 antur.

2315 4055 2430 4126 (45)
2489 4053 2702 4110 Omnes
2748 4053 2892 4110 edit.
2905 4069 3067 4126 ,uon
3115 4053 3397 4126 epularis,
3441 4053 3540 4109 sed
3583 4048 3875 4124 praeliaris;

2247 4141 2390 4198 mss.
2414 4125 2648 4198 contra,
2673 4141 2784 4181 non
2809 4125 3116 4198 prmliaris,
3147 4125 3239 4181 Sed
3264 4125 3549 4198 epularis.

2317 4197 2430 4268 (46)
2462 4197 2613 4252 Edit.
2636 4193 2774 4270 'Am.
2809 4193 2867 4270 et
2901 4196 3079 4270 Paris.
3102 4193 3416 4270 quaedam,
3472 4197 3622 4253 velut
3668 4193 3881 4270 volunta-

2245 4259 2348 4323 νίίξς
2375 4259 2579 4340 pugnae
2615 4268 3000 4340 praeludilur;
3032 4259 3184 4336 Era.”
3217 4259 3482 4324 velitaris
3509 4283 3718 4340 pugna.
3750 4259 3879 4319 Gill.,

2246 4335 2526 4406 Roni.,'et
2572 4335 2698 4395 aliae
2750 4339 2955 4406 Paris,
2989 4341 3211 4396 velitari
3235 4355 3478 4464 (pugna.
3509 4335 3716 4409 'Aliqui
3762 4346 3878 4388 mss.

2246 4411 2459 4464 partim
2505 4410 2616 4464 his.
2669 4411 2881 4464 partim
2935 4409 3053 4464 illis
3101 4427 3232 4464 acce
3281 4417 3450 4464 unt:
3494 4409 3595 4464 alii
3637 4411 3792 4463 aetate
3831 4416 3878 4455 ac

2246 4411 2459 4482 partim
2505 4410 2633 4482 his,
2669 4411 2905 4482 partim
2935 4409 3053 4466 illis
3101 4409 3450 4474 accedunt:
3494 4409 3595 4466 alii
3637 4411 3792 4482 aetate
3831 4416 3881 4482 at}

2249 4474 2492 4537 numero
2519 4474 2865 4552 potio.rcs,ut
2895 4481 2954 4552 in
2989 4485 3168 4538 textu.
3205 4481 3394 4538 Porro
3430 4474 3880 4552 ferentariierant

2171 4539 2218 4602 D
2248 4551 2481 4626 levioris
2512 4539 2822 4607 armaturis
2857 4551 3092 4618 milites,
3126 4553 3226 4624 qui
3259 4559 3599 4626 antequam
3648 4548 3778 4608 totis
3815 4543 3882 4598 vi-

2252 4625 2423 4697 ribus
2447 4630 2906 4697 concurreretur,
2940 4641 3147 4697 pugnas
3177 4625 3624 4697 praeludebant.
3665 4692 3677 4697 _
3854 4685 3862 4694 ,

2318 4696 2432 4778 (47)
2462 4695 2642 4778 Ιξᾴἱῐη
2689 4698 2830 4778 vivae
2860 4690 3052 4778 vae-is."
3064 4690 3218 4778 Mss'.‘
3250 4690 3530 4778 .aliqulot,
3564 4692 3730 4778 mute
3755 4690 3880 4778 fit“

2246 4760 2362 4840 Alii
2395 4760 2632 4840 melius,
2661 4766 2978 4840 admiseris,
3009 4766 3117 4840 hoc
3139 4771 3228 4824 est
3249 4760 3599 4840 liquidze'ac
3621 4760 3882 4840 mobilis...

2317 4837 2429 4908 (48)
2475 4837 2681 4909 Priscae
2727 4837 2892 4909 edit.,
2946 4838 3259 4894 inardescit.
3313 4836 3581 4896 Ἀνσίἰὺιις
3625 4836 3754 4891 cibi:
3802 4836 3878 4909 {fit

2243 4902 2698 4988 armst'il.al._Gi_ll.
2729 4908 2799 4988 in
2820 4911 3278 4988 marg.,__Aridas,
3316 4927 3512 4983 quam
3545 4921 3738 4988 vocem

2245 4980 2410 5035 Rom.
2445 4978 2500 5034 in
2535 4983 2754 5036 textum
2786 4971 3104 5047 transtulit,
3154 4971 3374 5038 caetera
3429 4999 3551 5038 non
3603 4971 3878 5034 absimilis.

2246 5051 2366 5126 ﬁlis
2397 5053 2748 5126 Conveniunt
2778 5051 2934 5126 haud
2969 5052 3136 5125 pauci
3167 5070 3318 5108 mss.
3347 5051 3696 5126 Elegantius
3715 5052 3879 5126 tamet}

2242 5123 2493 5188 Thuan.,
2544 5124 2748 5186 Laud.,
2807 5117 2986 5191 Vict,
3031 5130 3200 5180 Torn.
3252 5131 3319 5180 et
3368 5117 3572 5188 Diana
3627 5117 3884 5191 imminet!

2241 5196 2500 5267 marliys,
2533 5196 2650 5249 cibo
2679 5196 2804 5267 silis:
2829 5189 3126 5255 armatum;
3158 5195 3390 5267 quibus
3421 5196 3485 5250 in
3518 5194 3722 5267 ultima
3747 5189 3880 5260 parte

2242 5265 2368 5320 cod.
2404 5265 2595 5320 Germ.
2630 5270 2685 5320 et
2713 5264 2872 5320 Colb.
2905 5264 3498 5323 concinunti’tursus
3529 5266 3877 5322 edit.omnes:

2244 5337 2304 5391 Et
2333 5337 2428 5391 ubi
2457 5338 2720 5392 imminui
2751 5353 2877 5393 eam
2905 5342 3280 5409 ca’perini.....
3334 5344 3784 5409 reparantur...”
3827 5328 3880 5382 ΕΙ

2243 5410 2383 5463 inter
2410 5423 2589 5462 moras
2617 5424 2756 5477 saepe
2784 5405 3246 5476 geminantur...”
3267 5405 3656 5466 contentiones
3683 5405 3880 5458 dium!

2239 5483 2290 5534 et
2320 5496 2517 5549 magna
2547 5481 2868 5549 certamina,
2900 5485 3007 5536 etc.
3041 5479 3326 5546 Quamvis
3378 5487 3586 5538 autem
3636 5477 3739 5549 his
3769 5487 3878 5528 scu-

2241 5567 2372 5605 sum
2405 5546 2553 5606 efﬁci
2586 5550 2730 5605 satis
2761 5546 3134 5623 commodum
3166 5566 3398 5623 negare
3431 5569 3553 5609 non
3591 5546 3878 5623 passiam}.

2239 5627 2432 5694 tamen
2452 5637 2582 5694 Anon
2614 5621 2916 5694 potuimus
2936 5612 3876 5694 lectionem‘inss.Thuan.,Laudn

2239 5689 3082 5765 Dion.,GermI,Vict.,Mich.et
3109 5693 3273 5760 Golb.
3299 5695 3433 5760 illis
3463 5713 3584 5756 non
3612 5689 3875 5772 proferre.
