4104 6156
335 255 458 316 749

1489 241 1714 308 LIBER
1767 247 1868 307 DE
1912 248 2098 311 ELIA
2142 251 2242 310 ET
2286 245 2634 310 JEJllNlO.

3671 264 3798 322 750

339 387 664 444 meraciore
694 388 1014 458 reparatur.
1049 387 1282 441 Certant
1312 383 1526 456 pocula
1557 396 1692 434 cum
1745 380 2006 449 let-culis,
2041 393 2095 455 Α
2127 381 2363 454 quando
2399 386 2852 439 consurrectum
2886 385 3083 456 fuerit,
3117 390 3223 445 viri
3257 393 3612 465 praelialores
3642 399 3820 453 stare‘

333 482 392 534 et
423 477 577 532 inter
609 491 839 532 morsus
870 490 1024 546 saepe
1070 473 1473 530 remittuntur.
1523 467 1742 524 Deinde
1800 486 1999 541 prore-

337 569 516 623 dente
574 569 713 638 potu
789 563 1026 636 longius
1101 563 1572 632 contentiusque,
1635 557 1866 614 diversa
1944 564 2003 615 et

337 673 556 730 magna
579 656 594 726 (
610 655 690 724 i9)
715 651 1054 720 certamina,
1081 651 1214 725 quis
1238 650 1490 707 bibendo
1512 645 1824 722 praecellat.
1849 648 2004 705 Nota

336 745 553 820 gravis,
577 743 625 799 si
649 741 780 815 quis
804 759 866 798 se
883 745 1140 810 excuset,
1167 740 1215 796 si
1239 739 1834 814 quistemperandum
1854 737 2002 794 forte

337 835 540 890 vinum
562 835 747 906 putet.
779 831 850 886 Et
882 831 1006 886 haec
1037 829 1220 886 donec
1249 830 1321 884 ad
1355 845 1589 884 mensas
1629 825 2004 900 perveniatur

338 923 648 981 secundas.

407 1010 674 1068 48.Atubi
707 1013 1135 1066 consummatae
1170 1007 1387 1065 fuerint
1433 1007 1638 1080 (ευυὶῖρ,
1663 1009 1834 1078 putes
1869 1006 1998 1077 jam

337 1118 464 1160 esse
493 1100 894 1174 surgendum:
929 1104 1070 1154 tunc
1091 1099 1162 1153 de
1191 1097 1633 1170 integropotum
1665 1096 2004 1151 instaurant

337 1207 539 1258 suum;
571 1193 623 1245 et
657 1205 797 1244 cum
820 1187 1382 1254 consummaverint,
1401 1191 1539 1242 tunc
1554 1184 2002 1242 550inchoare

335 1297 396 1335 se
417 1278 638 1348 dicunt,
655 1281 721 1332 tu
733 1294 801 1332 nc
821 1277 1170 1333 deferuntur
1191 1273 1420 1349 phialre,
1444 1280 1585 1331 tunc
1608 1273 1848 1330 maximi
1873 1289 2000 1328 cra-

330 1374 481 1426 teres
511 1367 676 1440 quasi
715 1367 1116 1422 instrumenta
1131 1364 1442 1422 bellorum.
1471 1369 1548 1420 Ac.
1569 1363 2004 1420 neimmodera-

327 1463 455 1514 tum
487 1457 595 1513 hoc
625 1454 961 1522 arbitreris,
995 1471 1272 1510 mensura
1311 1455 1679 1528 proponitur,
1741 1457 2004 1510 certatur

326 1549 440 1604 sub
464 1547 683 1619 judice,
725 1545 840 1600 sub
872 1543 1000 1618 lege
1040 1544 1394 1600 decernitur.
1441 1543 1834 1617 Agonothetes
1886 1542 2005 1614 (50)

323 1638 445 1693 illis
477 1637 634 1692 furor
664 1640 781 1701 est,
817 1634 1180 1706 stipendium
1219 1633 1516 1705 debilitas,
1547 1633 1804 1688 victorize
1854 1649 2002 1704 prte-

328 1727 516 1784 mium
563 1723 756 1828 culpa.
814 1724 1300 1828 Pendetmanceps
1349 1723 1448 1828 diu
1503 1728 1561 1822 et
1593 1721 1814 1776 dubius
1862 1719 2001 1820 belli
2035 1764 2082 1828 Β

325 1821 606 1883 eventus,-
639 1813 806 1868 furor
837 1811 994 1867 enim
1025 1811 1122 1866 ille
1154 1816 1243 1866 est
1273 1811 1576 1884 praeliaris.
1612 1811 1842 1868 Cedunt
1871 1809 2003 1882 pin-

321 1919 633 1964 oernarum
667 1917 882 1957 manus
927 1901 1062 1956 vina
1115 1900 1512 1965 tendentium,
1563 1907 1620 1956 et
1673 1916 2002 1972 coquorum

325 1995 566 2052 labores
581 1990 770 2048 calida
786 1989 1252 2046 ministrantium
1277 2007 1289 2044 :
1317 1991 1534 2045 cedunt
1554 1990 1651 2062 qui
1687 2005 2004 2044 mensuras

326 2079 1198 2158 ipsasbonassuperel‘ﬂuentes
1225 2077 1488 2150 diligenti
1522 2077 1743 2134 librant
1777 2076 2000 2134 exami-

325 2190 424 2242 ne,
455 2189 526 2227 ne
558 2169 700 2244 quid
724 2169 1066 2226 etTundant:
1102 2185 1217 2222 non
1244 2167 1460 2222 cedunt
1487 2168 1779 2224 bibentes.

407 2263 496 2317 49.
530 2260 666 2316 Sola
695 2257 800 2314 illa
829 2261 968 2314 sunt
1001 2257 1127 2314 sine
1153 2255 1526 2312 excusatione
1557 2256 1903 2312 certamina.
1939 2254 2001 2309 ln

331 2350 492 2408 bello
524 2349 572 2404 si
603 2347 736 2420 quis
765 2363 828 2402 se
862 2345 1194 2403 interiorem
1222 2344 1452 2415 viderit,
1495 2363 1660 2400 arma
1693 2345 2000 2412 convertit,

325 2445 389 2497 et
421 2441 681 2494 meretur
711 2435 939 2490 veniam
969 2452 982 2490 :
1014 2433 1110 2490 hic
1142 2433 1192 2488 si
1225 2433 1357 2504 quis
1388 2433 1628 2489 calicem
1676 2435 1998 2500 convertat,

330 2531 584 2601 urgetur
612 2526 683 2581 ad
717 2528 938 2596 potum.
965 2525 1026 2578 In
1061 2524 1381 2579 scammate
1403 2521 1514 2595 (51)
1535 2523 1581 2578 si
1601 2521 1734 2594 quis
1753 2537 1998 2576 manum

329 2620 510 2685 levat,
540 2631 739 2672 exsors
771 2613 1009 2686 quidem
1043 2610 1270 2685 palmae,
1312 2611 1411 2666 sed
1445 2611 1731 2667 immunis
1768 2609 1999 2682 injuria:

334 2713 470 2763 est:
511 2704 573 2760 in
605 2701 883 2759 conviviis
925 2701 1037 2757 etsi
1077 2717 1323 2756 manum
1373 2704 1597 2755 revocet
1629 2717 1662 2755 a
1708 2699 1860 2765 vino,
1913 2698 1998 2754 ori

335 2797 476 2867 ejus
500 2791 849 2848 infunditur.
865 2786 2000 2858 Omnesinebrianturyictoresvictique

336 2899 554 2942 omnes
583 2881 727 2937 ebrii
755 2881 968 2950 jaceat,
1002 2877 1268 2950 plerique
1300 2877 1496 2947 sopiti.
1529 2877 1642 2934 Nec
1666 2875 1998 2948 portaricos

337 2975 420 3030 ad
453 2969 785 3043 sepulcrum
817 2967 972 3035 licet,
1006 2967 1351 3039 priusquam
1375 2965 1421 3019 is
1442 2965 1542 3036 qui
1565 2965 1996 3038 pascit,deom-

340 3062 525 3118 nibus
557 3077 620 3116 se
645 3057 1004 3113 vindicatum
1032 3056 1265 3122 viderit,
1307 3058 1372 3109 ut
1402 3053 1719 3112 ulciscatur
1757 3053 1999 3126 dispen-

2117 488 2235 526 non
2265 475 2554 542 possunt,
2589 489 2835 544 egressu
2864 475 3160 534 vacillant.
3193 481 3406 538 Rident
3431 482 3650 540 servuli
3701 485 3805 542 do-

2115 559 2421 615 minorum
2455 561 2799 632 opprobria,
2837 565 3116 623 manibus
3149 569 3276 626 suis
3299 570 3806 643 portantmilitem

2116 645 2494 716 bellatorem,
2530 648 2848 719 imponunt
2872 667 3044 724 equo.
3079 657 3282 730 Itaque
3313 660 3422 716 hac
3453 666 3631 732 atque
3671 661 3807 723 illae

2115 738 2409 807 tanquam
2460 737 2699 809 navigia
2751 738 2878 796 sine
2935 744 3330 815 gubernatore
3383 750 3699 822 fluctuant,
3751 761 3809 814 et

2117 827 2413 896 tanquam
2435 825 2678 882 vulnere
2701 827 2798 882 icti
2835 829 2892 884 in
2925 835 3140 890 terram
3177 837 3473 906 defluunt,
3496 840 3616 898 nisi
3647 845 3804 902 exci-

2119 911 2368 1006 piantur
2395 931 2430 970 a
2459 913 2733 1006 servulis.
2767 916 2878 1006 ᾼΙίἰ
2911 922 3247 982 referuntur
3285 927 3347 982 in
3408 929 3594 986 scutis
3664 933 3802 1006 (52),

2121 999 2191 1098 fit
2225 1018 2442 1076 pompa
2471 1003 2736 1059 ludibrii.
2770 1005 2923 1070 Quos
2955 1027 3128 1070 mane
3153 1007 3420 1088 insignes
3453 1019 3637 1077 armis
3668 999 3802 1098 spe;

2119 1092 2410 1158 etaveras,
2441 1092 2604 1148 vultu
2631 1094 2913 1166 minaces,
2945 1104 3180 1160 eosdem
3218 1099 3370 1162 551
3407 1111 3636 1180 vesperi
3676 1092 3801 1173 cer-

2123 1194 2237 1233 nas
2269 1182 2443 1238 etiam
2469 1200 2501 1238 a
2532 1183 2798 1255 puerulis
2829 1187 3072 1261 impune
3103 1193 3302 1262 rideri,
3329 1196 3460 1253 sine
3491 1197 3641 1257 ferro
3674 1206 3800 1264 vul-

2123 1275 2384 1366 neratos,
2402 1272 2528 1326 sine
2555 1289 2758 1345 pugna
2779 1273 3132 1352 interfectos,
3165 1283 3294 1340 sine
3318 1284 3488 1342 hoste
3507 1291 3799 1368 turbatos,

2120 1363 2253 1414 sine
2285 1365 2586 1417 senectute
2619 1363 2922 1434 tremulos,
2969 1368 3026 1423 in
3085 1371 3212 1443 ipso
3261 1374 3596 1444 juventutis
3659 1363 3800 1442 ﬂore

2121 1455 2394 1506 nascente
2428 1451 2561 1522 (5‘3).

2739 1558 2972 1617 CAPUT
3003 1564 3146 1620 XIV.

2117 1645 2612 1716 Repre/zenduulur
2641 1649 2741 1717 qui
2795 1654 3046 1708 convivia
3101 1656 3172 1709 ad
3213 1659 3602 1718 temulentiam

2181 1723 2389 1788 parant
2408 1735 2420 1772 :
2492 1736 2522 1773 ιτ

2185 1789 2511 1845 ostenditur.

2183 1897 2273 1950 51.
2311 1896 2450 1960 Quis
2484 1896 2599 1952 tale
2631 1897 2867 1954 miscuit
2899 1901 3113 1958 t'uroris
3133 1905 3420 1974 poculum
3440 1909 3625 1977 ‘?Quis
3655 1918 3784 1970 tan-

2117 1987 2238 2038 tum
2256 1985 2516 2039 infundit
2536 1987 2840 2042 mentibus
2854 2006 3141 2046 venenum
3165 1997 3192 2046 .9
3208 1993 3586 2055 Periclitatur
3604 2001 3782 2058 homo

2115 2071 2306 2126 lutum
2341 2089 2469 2128 esse
2501 2075 2572 2130 de
2608 2091 2849 2148 corpore
2882 2079 3036 2149 (fit):
3071 2085 3127 2134 et
3176 2081 3303 2154 ipse
3365 2085 3480 2141 sibi
3511 2105 3647 2145 reus
3693 2097 3784 2146 est

2113 2160 2356 2215 insaniae
2397 2160 2758 2236 voluntariae,
2801 2167 3142 2240 corruptela
3200 2177 3540 2243 spontanee:
3568 2195 3580 2244 ;
3606 2181 3664 2234 et
3699 2183 3783 2234 ta-

2116 2265 2250 2304 men
2273 2267 2378 2305 nec
2413 2268 2512 2306 vos
2545 2255 2907 2310 excusamini
2939 2256 3039 2328 qui
3067 2260 3284 2315 vocatis
3317 2265 3383 2317 ut
3423 2265 3666 2334 amicos,
3725 2273 3782 2323 et

2115 2338 2381 2394 emittitis
2417 2345 2479 2395 ut
2504 2340 2792 2400 inimicos.
2829 2345 3055 2408 Quanto
3087 2347 3305 2406 melius
3336 2351 3396 2407 in
3429 2357 3644 2412 terram
3677 2360 3781 2412 tua

2113 2426 2247 2516 vina
2275 2427 2529 2486 fudisses
2550 2430 2576 2484 ?
2607 2431 2719 2487 Sed
2751 2437 2808 2488 et
2838 2437 2992 2488 terra
3037 2435 3308 2505 inebriat,
3362 2445 3420 2496 et
3449 2445 3776 2516 asperiores

2111 2515 2288 2570 etiam
2321 2516 2480 2590 ipsas
2519 2520 2669 2577 feras
2719 2523 2926 2591 reddit,
2973 2523 3022 2578 si
3055 2523 3172 2578 vini
3235 2515 3549 2602 contigerit
3609 2535 3771 2591 odor.

2111 2605 2372 2676 Denique
2402 2607 2707 2664 vindemiae
2740 2615 3000 2684 tempore
3031 2612 3080 2668 si
3137 2613 3369 2672 vineam
3399 2619 3766 2692 intraverint,

2110 2692 2298 2749 solent
2327 2695 2604 2754 ebrietate
2635 2701 2933 2756 succendi.
2965 2701 3112 2767 Quid
3145 2707 3198 2759 te
3222 2704 3518 2764 delectant
3549 2709 3767 2768 damna

2110 2782 2234 2837 sine
2266 2784 2453 2856 gratia
2471 2787 2498 2841 ?
2521 2787 2712 2860 Rogas
2745 2789 2814 2844 ad
2841 2790 3300 2862 jucunditatem,
3327 2797 3488 2869 cogis
3509 2799 3581 2854 ad
3605 2816 3760 2857 mor-

2108 2874 2224 2926 tsm
2260 2889 2272 2926 :
2333 2872 2543 2930 invitas
2579 2877 2649 2932 ad
2693 2879 3028 2950 prandium,
3063 2881 3266 2938 cll‘erre
3306 2884 3396 2939 vis
3453 2887 3524 2941 ad
3557 2887 3752 2960 sepul-

2107 2977 2272 3016 crum
2306 2963 2452 3032 (55):
2487 2964 2647 3020 cibos
2669 2967 2984 3039 promittis,
3014 2973 3308 3026 tormenta
3337 2972 3565 3047 irregas
3590 2993 3602 3030 :
3627 2977 3761 3033 vina

2107 3051 2439 3122 praetendis,
2469 3069 2692 3110 venena
2721 3057 3034 3114 suffundis.
3067 3063 3249 3116 Omne
3278 3061 3436 3117 enim
3469 3063 3760 3136 quidquid

2641 1683 2736 1729 ναξ
2795 1683 3074 1737 eun-Utve“.
3101 1683 3171 1737 uou
3213 1683 3602 1718 mluuwntw‘m
3637 1683 3786 1748 prae-

2603 1735 2786 1789 ητα]ον
2838 1738 2951 1778 esse
3015 1741 3153 1794 mm,
3211 1743 3383 1799 quam
3448 1749 3642 1790 cenem
3691 1742 3786 1796 -υιζς

338 3152 535 3207 dium.
571 3147 677 3214 Qui
710 3151 903 3202 autem
921 3146 1267 3201 damnanon
1284 3142 1638 3210 sentit,hanc
1653 3161 1866 3200 mensae
1881 3160 2000 3198 suae
2033 3130 2075 3196 C
2117 3143 2303 3204 nocet,
2337 3157 2624 3198 venenum
2647 3149 2754 3200 est.
2790 3145 2965 3201 Tollit
2994 3163 3224 3216 sensus,
3273 3130 3505 3207 viscera
3550 3130 3762 3222 exurit,

339 3237 596 3314 gloriam
627 3239 812 3309 putat,
847 3233 893 3290 si
927 3250 995 3290 ex
1027 3251 1095 3289 ea
1124 3231 1408 3288 vulnerati
1437 3247 1642 3287 omnes
1698 3249 1762 3288 ac
1820 3230 2002 3288 saucii

345 3335 636 3398 tanquam
667 3325 739 3379 de
769 3339 946 3378 arena
985 3325 1214 3378 exeant.
1495 3366 1499 3370 .

421 3416 514 3471 50.
546 3411 954 3486 Spectaculum
985 3410 1152 3466 triste
1184 3409 1646 3466 Christianorum
1688 3409 1892 3476 oculis,
1951 3413 2008 3467 et

345 3501 708 3562 miserabilis
738 3503 983 3574 species.
1018 3500 1236 3556 Cernas
1256 3499 1501 3570 juvenes
1532 3498 1822 3554 terribiles
1879 3499 2006 3556 visu

345 3593 630 3650 hostibus
663 3591 732 3646 de
763 3589 1024 3646 convivio
1055 3587 1274 3662 portari
1307 3587 1480 3656 foras,
1515 3592 1571 3642 et
1605 3586 1738 3642 inde
1769 3588 1838 3642 ad
1871 3604 2006 3642 con-

351 3682 579 3738 vivium
613 3679 916 3752 reportari,
953 3677 1158 3751 repleri
1194 3681 1258 3732 ut
1288 3675 1656 3742 exhauriant,
1690 3681 1745 3731 et
1792 3675 2006 3732 exhau-

350 3771 462 3829 riri
499 3775 563 3825 ut
589 3769 812 3824 bibant.
854 3766 1070 3839 Siquis
1105 3766 1482 3822 verecundior
1523 3765 1718 3834 fuerit,
1769 3770 1831 3820 ut
1875 3781 2007 3820 eru—

349 3863 558 3916 bescat
589 3875 823 3932 surgere
849 3876 862 3926 ;
887 3873 1021 3912 cum
1047 3855 1608 3928 jamimmoderatos
1629 3859 2010 3927 potustencre

351 3967 476 4006 non
505 3947 708 4020 possit,
739 3945 1014 4002 anhelare
1042 3944 1466 4013 vehementius,
1493 3945 1724 4011 sudare,
1756 3960 2008 4016 gemere,

351 4037 547 4111 signis
593 4037 852 4110 prodere,
904 4035 1059 4108 quod
1101 4033 1318 4107 pudeat
1361 4033 1644 4089 conﬁteri.
1697 4033 1778 4088 lbi
1830 4049 2009 4088 unus-

352 4127 614 4200 quisque
643 4142 870 4198 pugnas
903 4128 1137 4180 enarrat
1166 4139 1329 4190 suas,
1356 4122 1434 4177 ibi
1466 4121 1639 4178 fortia
1668 4121 1822 4177 facta
1868 4138 2011 4193 prae-

351 4217 562 4272 dicant
596 4232 722 4280 sua,
755 4217 998 4270 narrant
1029 4217 1248 4285 tropaea
1277 4212 1408 4266 vino
1440 4210 1679 4280 madidi,
1713 4213 1768 4266 et
1789 4227 2016 4266 somno-

353 4304 500 4362 lenti
536 4303 799 4360 nesciunt
831 4307 1044 4369 mente,
1079 4301 1220 4373 quid
1247 4300 1450 4372 lingua
1482 4299 1790 4372 proferant.
1826 4300 2015 4356 Unus-

350 4393 610 4468 quisque
641 4393 828 4450 stertit
859 4396 914 4448 et
944 4395 1126 4465 potat,
1161 4390 1386 4445 dormit
1431 4394 1489 4445 et
1533 4388 1808 4456 dimicat;
1863 4394 1919 4444 et
1967 4389 2015 4445 si

433 4517 544 4589 (49)
583 4517 798 4572 Omnes
820 4517 981 4583 edit.,
1017 4517 1238 4585 longius
1269 4516 1636 4570 contentiones
1687 4515 1940 4582 diversae,
1971 4524 2022 4572 et
2053 4505 2098 4568 D

363 4605 595 4659 magna,
635 4593 742 4644 etc.

441 4606 958 4732 (lgOIY’Aegngpothetes
1010 4657 1194 4729 judex
1225 4673 1316 4732 ac
1383 4673 1595 4732 praeses
1653 4655 2014 4732 certaminis,

361 4727 479 4788 hoc
509 4731 631 4787 loco
655 4727 816 4786 idem
849 4727 1027 4802 atque
1073 4727 1338 4802 convivii
1385 4727 1737 4802 moderator.
1790 4728 2015 4802 Etenim

362 4802 634 4860 solebant
663 4802 888 4874 antiqui
918 4799 1262 4874 priusquam
1286 4799 1720 4874 discumberent
1744 4799 1877 4874 talis
1899 4817 2019 4854 sor-

360 4875 490 4944 tiri,
521 4879 576 4946 et
603 4873 692 4929 cui
718 4871 932 4946 jactus
947 4871 1188 4928 Veneris
1221 4873 1484 4946 omnium
1519 4872 2020 4946 fortunatissimus

365 4941 678 5011 evenisset,
720 4941 924 5000 'eidem
974 4960 1220 5016 regnum
1251 4943 1370 5016 vini
1402 4941 1898 5016 committebatur,
1955 4947 2021 4996 ut

365 5035 442 5077 ex
499 5016 730 5072 Horatio
755 5013 1112 5088 cognoscere
1137 5021 1226 5070 est
1257 5013 1356 5088 lib.
1397 5029 1435 5081 ι,
1492 5014 1606 5088 ode
1631 5021 1680 5078 4,
1715 5018 1772 5068 et
1802 5013 1932 5088 lib.__
1959 5030 2018 5080 Il,

365 5089 484 5148 ode
511 5091 564 5143 5.
594 5087 794 5143 lnnuit
822 5084 998 5143 etiam
1031 5091 1269 5142 sanctus
1299 5086 1500 5140 doctor
1531 5084 1710 5156 fuisse
1739 5085 1834 5156 qui
1857 5084 2044 5140 bibav

370 5159 573 5218 citatis
605 5159 908 5231 praemium
954 5164 1360 5230 proponerent,
1414 5157 1567 5227 quod
1627 5155 2020 5211 Alexandrum

369 5230 652 5304 Magnum
681 5230 975 5304 lectitasse
997 5235 1263 5304 auctores
1286 5231 1630 5304 memorant.

450 5297 562 5374 (51)
595 5301 861 5368 Scammc,
895 5299 1260 5374 locus__f'ossis
1295 5299 1591 5374 _inclusus._
1646 5297 1744 5374 ubi
1804 5297 2024 5374 gladia-

369 5368 896 5431 tores'cerlabantt'
926 5389 954 5427 e
978 5372 1193 5442 quibus
1209 5371 1306 5443 qui
1334 5369 1773 5443 succumbebat,
1799 5368 2028 5443 sublata

371 5462 559 5506 manu
591 5443 809 5499 victum
845 5461 906 5498 se
947 5440 1256 5508 fatebatur,
1288 5459 1353 5498 ac
1375 5442 1604 5496 veniam
1635 5440 1990 5512 postulabat.

451 5519 565 5589 (52)
597 5515 872 5589 Sciebant
902 5516 1002 5586 qui
1030 5514 1316 5589 vulnerati
1337 5511 1780 5589 vel_int_erempti
1803 5513 2032 5589 fuerant

371 5583 705 5662 in'praelio,
745 5583 986 5644 domum
1026 5586 1084 5662 in
1117 5586 1314 5662 clypeo
1345 5583 1583 5644 referri:
1637 5583 1790 5642 unde
1845 5586 2030 5646 Auso-

375 5657 528 5732 niu's
557 5659 628 5718 de
660 5658 900 5725 Lacuna
929 5657 1212 5720 muliere:

2118 3244 2393 3284 somnum
2426 3229 2685 3299 infestat,
2719 3239 3087 3306 caputvexat.

2186 3317 2276 3372 52.
2311 3317 2500 3374 Etiam
2532 3322 2722 3392 major
2744 3323 2830 3378 vis
2862 3323 2998 3392 vini,
3033 3341 3209 3396 quam
3267 3329 3473 3385 veneni
3525 3334 3632 3386 est.
3667 3330 3770 3386 De-

2119 3405 2295 3478 nique
2351 3424 2639 3464 venenum
2697 3411 2829 3467 vino
2883 3412 3230 3483 excluditur,
3270 3433 3388 3473 non
3435 3419 3639 3476 vinum
3676 3435 3773 3476 ve-

2119 3513 2287 3550 neno.
2321 3495 2685 3554 MeritoDeus
2717 3517 2817 3571 per
2849 3500 3086 3572 Moysen
3121 3520 3236 3559 non
3277 3507 3467 3564 solum
3527 3524 3770 3576 veneno,

2119 3585 2218 3640 sed
2261 3583 2437 3640 etiam
2497 3586 2818 3644 draconum
2859 3605 3102 3656 veneno,
3159 3591 3363 3650 vinum
3413 3596 3772 3670 comparavit

2131 3673 2376 3729 dicens:
2423 3699 2450 3725 ‹‹
2499 3675 2680 3731 Furor
2705 3677 3026 3732 draconum
3058 3677 3258 3735 vinum
3288 3699 3512 3753 eorum,
3565 3689 3622 3740 et
3677 3685 3766 3741 ira

2120 3762 2392 3834 uepidum
2431 3764 2782 3820 insanabilis
2817 3767 2990 3837 (Deut.
3032 3783 3204 3836 xxxu,
3237 3769 3350 3840 33).
3388 3795 3415 3821 »
3437 3773 3506 3828 Et
3530 3771 3774 3844 pulchre

2119 3851 2368 3920 addidit,
2409 3853 2776 3924 insanabilis;
2815 3854 2986 3910 multi
3018 3855 3173 3912 enim
3213 3874 3247 3910 a
3277 3858 3500 3932 reliquo
3530 3875 3774 3931 serpen-

2118 3943 2267 3998 tium
2300 3958 2518 3998 veneno
2576 3948 2876 4011 curantur,
2928 3961 3099 4000 nemo
3131 3947 3203 4000 ab
3253 3947 3549 4004 ebrietate.
3610 3947 3773 4004 Certe

2119 4048 2340 4089 veneno
2396 4048 2530 4087 caro
2595 4032 2957 4102 vulneratur,
3014 4051 3181 4090 mens
3240 4035 3367 4092 sine
3433 4054 3584 4093 noxa
3647 4039 3772 4093 est:

2123 4121 2373 4178 ebrietas
2417 4121 2486 4176 ad
2541 4123 2800 4195 corporis
2832 4127 3102 4190 mortem,
3159 4126 3373 4182 mentis
3431 4125 3606 4182 etiam
3665 4125 3776 4198 (56)

2126 4211 2352 4268 crimen
2379 4211 2666 4283 adjungit.
2702 4213 2950 4268 Advorte
2982 4217 3175 4268 autem
3205 4219 3261 4270 et
3304 4215 3557 4287 perﬁdiae
3605 4228 3780 4270 vene-

2127 4317 2294 4366 num,
2325 4300 2443 4354 vini
2486 4300 2845 4356 declaratum
2897 4301 3153 4358 nomine.
3188 4303 3280 4358 Ait
3311 4306 3468 4360 enim
3501 4320 3680 4376 supra
3709 4303 3780 4359 de

2129 4389 2496 4462 alienigenis,
2529 4389 2630 4460 qui
2661 4389 2955 4445 nescirent
3002 4391 3207 4447 Deum.
3258 4393 3374 4450 «De
3411 4394 3580 4450 vinea
3623 4391 3782 4450 enim

2255 4513 2426 4578 Mater
2453 4514 2673 4578 Lacaena
2701 4517 2890 4578 clypeo
2921 4516 3204 4566 obarmans
3217 4518 3402 4570 ﬁlium.

2254 4578 2384 4625 Cum
2414 4575 2532 4635 hoc,
2566 4575 2768 4640 inquit,
2787 4575 2877 4626 aut
2908 4578 2962 4628 in
2992 4579 3092 4628 hoc
3119 4580 3250 4630 redi.

2201 4657 2311 4728 (53)
2345 4656 2493 4712 Edit.
2530 4661 2673 4724 aut.,
2727 4659 2785 4712 in
2819 4660 2954 4731 ipso
3000 4661 3307 4730 juventam
3345 4663 3480 4731 ﬂore
3523 4667 3778 4731 parentes;

2131 4729 2297 4809 Rom.
2333 4733 2392 4783 et
2426 4745 2566 4783 mss.
2613 4729 2950 4795 nonnuli,;..
2986 4729 3310 4788 rnarcentes.
3341 4729 3452 4788 Sex
3485 4730 3581 4786 alii
3618 4730 3786 4786 bonae

2128 4805 2336 4870 aetatis,
2365 4809 2639 4855 nascente.

2201 4872 2312 4943 (54)
2344 4870 2558 4926 Omnes
2588 4871 2751 4934 edit...
2783 4872 2962 4926 ultum
2991 4888 3104 4927 esse
3143 4873 3210 4928 de
3263 4889 3503 4942 corpore.
3559 4873 3780 4928 Omnes

2131 4959 2272 4997 mss.
2307 4944 2482 5016 lutum
2511 4959 2635 5016 esse,
2661 4944 2727 4998 de
2777 4959 3018 5014 corpore,
3042 5013 3052 5016 _
3080 4943 3136 4997 id
3151 4949 3272 5016 est.
3313 4944 3674 5016 periclitatur
3703 4944 3786 5002 ita

2131 5015 2448 5086 corrumpi,
2497 5018 2561 5070 ut
2589 5015 2716 5084 ejus
2764 5013 2976 5086 corpus
3039 5013 3098 5068 in
3151 5013 3343 5086 lutum
3373 5020 3652 5072 vertatur.
3714 5017 3782 5073 Et

2133 5085 2764 5141 saneid’conﬁrinant
2820 5085 2944 5140 tum
2999 5085 3317 5160 voces__illae
3375 5092 3780 5160 sequentes”,

2131 5160 2459 5229 corruptela
2505 5161 2845 5229 spontqneaa,
2868 5161 3015 5229 _tum_
3040 5156 3234 5229 Basilii
3285 5156 3474 5214 locus'
3500 5159 3599 5215 ubi
3659 5161 3777 5216 ait:

2135 5223 2367 5287 κινδυῦεις
2389 5223 2559 5276 λοιπὸῖδ
2591 5227 2817 5292 βόρϐορος
2846 5223 2966 5274 εἶναι
2992 5227 3101 5274 ἀντὶ
3128 5227 3402 5292 ἀνθρώπου.

2209 5301 2320 5371 (55)
2354 5300 2508 5376 Mss._
2537 5297 2754 5376 feread
2788 5313 3000 5376 unum,
3033 5316 3132 5354 nec
3157 5302 3303 5372 ferre
3347 5303 3426 5356 vis
3482 5302 3552 5358 ad
3607 5304 3788 5376 sepul-

2135 5387 2320 5430 crum:
2352 5387 2447 5426 nec
2475 5371 2622 5440 ferre
2641 5370 2757 5440 jus,
2781 5373 2891 5440 etc.

2210 5442 2322 5513 (56)
2354 5439 2566 5521 Itasex
2599 5439 2739 5521 mss.
2773 5439 3034 5521 melioris
3062 5445 3229 5499 notae.
3263 5443 3372 5498 Alii
3395 5449 3589 5521 autem
3613 5449 3790 5521 atque

2141 5511 2344 5570 omnes
2375 5511 2537 5578 edit.,
2573 5511 2914 5580 vulneratur,
2946 5513 3069 5569 vino
3101 5531 3288 5571 mens:
3313 5519 3482 5572 noxia
3503 5527 3579 5576 est
3620 5511 3793 5580 ebrie-

2141 5589 2225 5645 tas
2253 5584 2324 5643 ad
2350 5585 2594 5660 corporis
2617 5583 2923 5662 sanitatem,
2956 5587 3127 5646 menti
3155 5589 3342 5664 etiam,
3393 5591 3503 5654 etc.
