4104 6156
456 256 568 340 ist

1904 270 1966 331 S.
2017 269 2118 330 ΑΜ

2240 254 2388 330 OSll
3709 264 3799 336 ise

456 403 720 459 Sodomae
748 398 950 455 vinum
982 414 1208 468 eorum,
1257 402 1314 456 et
1358 400 1491 457 vitis
1544 417 1745 457 eorum
1792 402 1930 457 vitis
1989 402 2099 458 Go-
2132 404 2184 469 Α
2216 402 2355 457 tatis
2411 406 2615 474 potum
2662 400 2993 474 requirunt,
3075 416 3225 474 quos
3279 400 3633 459 conveniebat
3710 407 3800 465 Deo

455 489 742 546 morrhm:
777 504 888 544 uva
915 502 1141 557 eorum,
1173 504 1284 545 uva
1346 489 1516 557 fellis,
1566 490 1771 548 botrus
1827 491 2108 547 amaritu-

455 577 613 635 dinis
638 578 700 635 in
729 576 876 652 ipsis
906 577 1085 651 (Deut.
1116 595 1293 648 χχχιι,
1326 579 1438 651 32).
1479 602 1500 629 ιι

1089 694 1324 751 CAPUT
1356 689 1474 755 XV.

458 787 525 845 Se
551 802 663 843 non
704 786 899 859 omnia
953 784 1159 859 diluisse
1205 782 1337 859 quae
1384 787 1439 839 in
1482 786 1660 859 ebrios
1705 786 1816 842 dici
1860 792 2111 859 poterant

527 856 761 915 ostendit
813 858 1052 928 exposito
1108 858 1265 912 Isaia
1322 857 1474 912 loco:
1537 858 1680 913 unde
1718 861 1779 914 in
1824 856 2110 914 lasciviam

527 945 595 1002 po
638 927 1208 993 inonum'invehitur,
1264 936 1315 984 et
1397 928 1465 983 ad
1518 932 1682 999 ﬁnem
1741 930 1992 1002 quantum
2046 931 2112 985 de

528 946 699 1055 calice
724 1014 892 1055 aureo
912 999 1229 1055 Babylonis.
1251 1007 1302 1054 et
1332 1016 1455 1055 vase
1484 1002 1774 1055 auostolico
1799 1004 2107 1055 subimmit.

528 999 699 1056 calice
724 1014 892 1055 aureo
912 999 1229 1072 Babylonis,
1251 1007 1302 1054 et
1332 1016 1455 1055 vase
1484 999 1774 1073 apostolico
1799 1004 2107 1073 subjungit.

516 1102 621 1172 .53.
654 1115 878 1173 Putatis
907 1131 1001 1171 me
1051 1119 1335 1187 tanquam
1392 1114 1525 1171 vino
1575 1115 1966 1186 crapulatum,
2021 1115 2110 1170 in-

460 1204 885 1278 temperantius
908 1204 1121 1277 jejunii
1179 1204 1575 1277 praedicationi
1641 1206 1757 1276 (57)
1804 1205 1961 1260 hunc
1997 1206 2109 1259 mi-

463 1294 691 1351 scuisse
728 1309 1095 1362 sermonem;
1128 1297 1186 1349 et
1215 1292 1407 1349 adhuc
1436 1298 1670 1365 propter
1700 1293 1805 1348 hos
1859 1293 2112 1349 fortissi-

465 1399 593 1440 mos
622 1383 780 1440 viros
811 1389 1033 1456 quanta
1089 1382 1364 1455 praeterii,
1397 1387 1615 1454 quanta
1672 1383 1901 1438 minora
1972 1383 2113 1449 dixi,

465 1488 642 1546 quam
676 1471 963 1528 Dominus
1020 1471 1250 1526 locutus
1311 1472 1433 1527 est!
1493 1471 1756 1527 Audistis
1814 1473 1955 1544 quid
2014 1488 2116 1544 per

465 1562 700 1635 Moysen
734 1560 963 1627 dixerit,
994 1560 1190 1615 audite
1249 1560 1389 1632 quid
1449 1561 1506 1616 in
1568 1559 1713 1616 libro
1779 1578 2113 1617 sermonum

466 1651 627 1708 Isaia
658 1649 943 1723 scriptum
994 1648 1086 1705 sit.
1152 1648 1448 1703 [avehitur
1504 1649 1661 1704 enim
1719 1650 2006 1707 Dominus
2055 1653 2114 1707 in

2218 490 2421 547 laudes
2450 486 2681 560 referre,
2716 492 3031 564 praevenire
3061 490 3273 556 lucem,
3304 494 3363 546 et
3393 506 3664 549 occurrere
3705 512 3805 552 ora-

2214 580 2373 635 tione
2401 579 2516 635 Soli
2554 580 2791 647 iustitiae
2823 580 2957 652 (60),
2991 579 3093 652 qui
3132 595 3269 635 suos
3320 577 3531 647 visitet,
3562 589 3609 637 et
3647 598 3809 640 exsur-

2219 670 2304 740 git
2333 668 2522 736 nobis,
2557 669 2607 724 si
2640 686 2749 725 nos
2777 669 3029 735 Christo,
3062 685 3178 725 non
3216 668 3351 724 vino
3390 674 3447 724 et
3488 667 3663 726 sicerze
3709 690 3808 729 sur-

2220 774 2451 828 gamus.
2513 758 2727 828 Hymni
2786 758 3089 828 dicuntur,
3120 761 3177 813 et
3203 761 3268 812 tu
3316 756 3589 813 citharam
3640 762 3815 817 tenes?

2221 846 2434 902 Psalmi
2494 851 2807 917 canuntur,
2884 851 2943 903 et
2992 850 3056 902 tu
3114 844 3454 918 psalterium
3516 848 3683 904 sumis
3738 856 3816 905 aut

2222 940 2567 1007 tympanum
2598 936 2625 991 7
2682 935 2888 992 Merito
2940 952 3045 1001 vae,
3106 935 3248 1007 quia
3286 933 3532 990 salutem
3562 937 3817 1010 relinquis,

2221 1028 2472 1079 mortem
2527 1024 2720 1097 eligis.
2782 1025 2891 1080 Vix
2939 1023 3291 1092 diluculum,
3344 1028 3403 1078 et
3431 1024 3549 1095 jam
3597 1032 3820 1082 cursatur

2221 1128 2324 1185 per
2352 1114 2646 1181 tabernas,
2678 1114 2878 1169 vinum
2940 1112 3244 1186 quaeritur,
3296 1112 3654 1168 excutiuntur
3690 1119 3820 1186 tape-

2220 1206 2329 1267 tes,
2361 1202 2697 1259 accubitum
2720 1202 2999 1259 festinant
3023 1207 3317 1269 sternere;
3373 1200 3601 1274 lagenas
3626 1212 3811 1275 argen-

2224 1296 2370 1357 teas,
2404 1296 2639 1347 auratos
2700 1291 2910 1347 calices
2949 1294 3266 1364 exponunt.
3328 1293 3446 1358 Vae,
3496 1289 3693 1363 inquit,
3734 1292 3825 1347 ista

2225 1380 2624 1451 quaerentibus
2655 1380 2667 1434 l

2294 1470 2383 1525 56.
2418 1469 2577 1524 Calix
2611 1485 2826 1525 aureus
2858 1468 3117 1542 Babylon
3152 1470 3211 1524 in
3257 1485 3435 1524 manu
3469 1468 3683 1525 Domini
3732 1470 3826 1524 ine-

2228 1557 2425 1612 brians
2455 1574 2693 1613 omnem
2728 1562 2966 1613 terram.
2999 1582 3026 1607 ‹‹
3064 1560 3109 1613 Α
3138 1557 3272 1614 vino
3302 1558 3433 1629 ejus
3463 1559 3712 1614 biberunt
3737 1574 3829 1613 om-

2228 1662 2331 1700 nes
2364 1652 2587 1717 gentes,
2631 1647 2759 1703 ideo
2790 1652 3093 1703 commota:
3130 1651 3289 1702 sunt.
3324 1647 3395 1702 Et
3427 1647 3612 1702 subito
3660 1647 3829 1702 cecidit

467 1738 807 1811 hujusmodi
847 1738 1211 1809 versus_(58),
1272 1741 1328 1792 et
1359 1737 1479 1793 ait:
1516 1763 1541 1786 «ι
1577 1738 1670 1793 Vae
1729 1738 1799 1793 iis
1832 1741 1933 1810 qui
1980 1757 2116 1796 con-
2149 1768 2195 1833 Β
2229 1734 2517 1806 Babylon,
2558 1742 2614 1790 et
2672 1736 2923 1792 contrita
2980 1740 3069 1792 est
3094 1738 3310 1806 (Jerem.
3344 1753 3420 1802 LI,
3450 1739 3503 1803 7,
3534 1738 3603 1806 8).
3634 1759 3655 1785 ι»
3698 1735 3824 1790 Calix

467 1830 719 1902 surgunt
749 1844 938 1894 mane,
966 1831 1025 1883 et
1053 1830 1354 1882 sectantur
1382 1828 1651 1895 siceram,
1684 1827 1782 1900 qui
1806 1828 1949 1884 ebrii
1982 1835 2120 1886 sunt

2230 1839 2366 1896 ergo
2414 1840 2629 1880 aureus
2660 1826 2950 1881 contritus
2988 1828 3115 1881 est:
3151 1825 3289 1897 quia
3341 1825 3591 1898 Babylon
3619 1825 3829 1881 contrita

2230 1917 2337 1978 est,
2370 1928 2497 1984 quae
2546 1918 2635 1969 cst
2663 1913 2811 1969 calix
2869 1929 3103 1970 aureus.
3165 1914 3274 1969 Sed
3306 1915 3573 1987 quamvis
3623 1931 3746 1970 auro
3788 1930 3834 1969 se

2223 2001 2410 2071 jactet
2439 2006 2495 2057 et
2527 2003 2730 2073 pretio,
2764 2004 2823 2057 in
2867 2002 3100 2058 Domini
3148 2007 3206 2059 et
3248 2003 3379 2075 ipsa
3436 2008 3523 2059 est
3573 2007 3830 2076 potestate.

2233 2090 2492 2162 Denique
2540 2090 2735 2147 divina
2791 2091 3197 2165 indignatione
3245 2092 3583 2148 conteritur.
3621 2096 3728 2156 Qua
3766 2108 3833 2147 ra—

2232 2179 2389 2235 tione
2410 2178 2559 2234 culix
2589 2181 2848 2236 aureus?
2879 2180 3164 2245 Quoniam
3195 2180 3296 2253 qui
3323 2182 3566 2239 veritate
3594 2181 3833 2243 deﬁcitur,

2234 2268 2443 2339 qumrit
2475 2267 2839 2335 illecebram;
2877 2274 2937 2323 ut
2976 2269 3201 2341 species
3251 2270 3464 2326 saltem
3517 2270 3745 2342 pretiosa
3782 2268 3836 2322 ad

2233 2356 2554 2412 bibendum
2586 2358 2816 2431 aliquos
2848 2358 3035 2430 possit
3064 2357 3297 2415 illicere.

2304 2448 2394 2502 57.
2424 2448 2724 2502 Constitue
2771 2452 2905 2502 ante
2950 2447 3150 2503 oculos
3205 2453 3339 2504 tuos
3391 2465 3655 2521 pompam
3694 2447 3837 2517 hujus

2235 2534 2450 2604 saeculi,
2492 2536 2652 2591 vides
2694 2535 3020 2608 speciosam
3080 2532 3435 2605 illecebram,
3496 2537 3593 2593 sed
3643 2537 3835 2591 inanem

2235 2626 2506 2697 gratiam.
2559 2626 2681 2679 Non
2715 2632 2769 2680 te
2798 2623 3083 2680 inducant
3130 2641 3307 2681 aurea
3357 2642 3497 2683 vasa
3527 2632 3579 2681 et
3608 2628 3839 2697 argentea

2238 2714 2389 2770 553
2419 2736 2446 2763 ‹‹
2480 2713 2774 2769 Habemus
2804 2719 2862 2769 et
2891 2730 2999 2769 nos
3030 2714 3377 2771 thesaurum
3429 2717 3485 2771 in
3534 2704 3680 2771 vasis
3720 2714 3835 2767 ﬁcti-

2235 2801 2390 2858 libus
2421 2803 2493 2874 (I!
2521 2805 2644 2860 Cor.
2683 2821 2755 2871 iv,
2786 2804 2863 2874 7).
2914 2826 2942 2853 ››
2997 2803 3109 2859 Vas
3140 2804 3528 2876 apostolicum
3572 2801 3730 2859 fictile
3754 2805 3838 2864 est,

2234 2892 2333 2947 sed
2368 2893 2424 2947 in
2454 2909 2519 2947 eo
2549 2892 2862 2955 thesaurus
2892 2897 2983 2949 est
3006 2892 3244 2948 Christi.
3278 2893 3377 2949 Vae
3427 2895 3666 2949 siceram
3703 2903 3841 2945 mane

478 2980 831 3053 pervertitur
856 2979 1071 3036 ebriosi
1105 2997 1117 3036 :
1153 3004 1179 3030 ‹‹
1215 2981 1285 3036 Et
1313 2997 1430 3037 non
1477 2983 1746 3039 meminit
1784 2986 1957 3058 regis,
2022 3003 2125 3043 nec
2233 2981 2625 3037 sectantibus!
2678 2984 2935 3038 Aureum
2993 2987 3084 3038 est
3130 2982 3242 3039 hoc
3293 2999 3421 3053 vas,
3454 2982 3711 3056 poculum
3754 2981 3840 3041 est.

462 3069 884 3142 magistratus,
919 3091 947 3119 »
973 3073 1039 3124 ut
1063 3069 1348 3139 scriptum
1374 3075 1502 3127 est:
1537 3095 1564 3121 «
1598 3076 1656 3128 et
1682 3073 1880 3129 omnia
1927 3081 2128 3148 aperta
2166 3140 2198 3148 _
2236 3074 2295 3125 et
2337 3069 2397 3125 in
2449 3086 2515 3125 eo
2563 3070 2769 3143 poculo
2826 3085 3116 3127 venenum
3161 3070 3391 3139 mortis,
3428 3086 3705 3128 venenum
3740 3065 3842 3121 libi-

480 3140 621 3216 facit
647 3157 831 3232 loqui,
880 3163 938 3215 et
994 3174 1111 3214 non
1169 3159 1584 3230 meminerunt,
1646 3179 1780 3219 cum
1838 3140 2127 3235 bibe-rent,
2158 3140 2201 3205 Ο
2241 3160 2417 3229 diuis,
2469 3140 2756 3216 venenum
2800 3159 3120 3216 ebrietatis.
3153 3161 3271 3216 Hoc
3318 3161 3423 3232 qui
3474 3160 3690 3225 biberit,
3717 3170 3842 3211 com-

481 3248 770 3317 amicitiae,
817 3263 923 3303 nec
981 3246 1249 3303 fraternae
1309 3250 1759 3309 necessitudinis
1816 3255 1914 3324 (111
1967 3255 2125 3313 Esdr.
2240 3253 2506 3304 movetur
2533 3254 2591 3303 et
2620 3250 2793 3304 cadit.
2830 3249 3243 3305 Commovetur
3262 3266 3382 3306 non
3410 3246 3598 3305 solum
3628 3260 3846 3317 carpere,

481 3352 567 3406 ιιι,
590 3338 656 3392 21
688 3344 739 3393 et
763 3352 873 3408 seq.
917 3336 977 3407 ):
1022 3359 1044 3388 ι
1083 3337 1184 3393 sed
1219 3342 1351 3409 post
1381 3341 1700 3396 tumultum
1740 3343 1853 3414 (59)
1886 3351 2131 3401 sumunt
2239 3338 2339 3393 sed
2372 3338 2545 3393 etiam
2579 3339 2752 3394 corde
2783 3339 3045 3407 turbato;
3079 3340 3434 3396 commoveri
3468 3338 3618 3394 enim
3662 3330 3845 3408 peccati

480 3424 739 3499 gladios;
772 3429 833 3480 et
861 3441 997 3481 cum
1029 3442 1062 3480 a
1090 3426 1222 3482 vino
1283 3429 1461 3485 mersi
1509 3428 1744 3499 fuerint,
1777 3436 1834 3487 et
1864 3448 2127 3489 surrexe-
2238 3431 2346 3483 est.

476 3516 614 3583 rint,
647 3530 762 3570 non
794 3514 1190 3571 meminerunt
1219 3516 1329 3589 ipsi
1369 3534 1497 3589 quae
1528 3520 1839 3591 gesserint.
1900 3521 2128 3578 Habent

478 3619 617 3678 ergo
646 3603 823 3660 etiam
855 3603 1092 3677 dignam
1126 3605 1451 3661 mercedem
1492 3607 1803 3665 tumultus.

547 3694 638 3749 54.
670 3692 1071 3750 Pmterieram
1102 3698 1256 3749 certe
1297 3710 1401 3767 ego
1462 3695 1771 3765 citharam,
1828 3698 2125 3769 psalteria,

476 3787 775 3857 tympana,
837 3798 964 3854 qua:
1024 3782 1404 3856 cognovimus
1456 3784 1734 3841 conviviis
1786 3784 2126 3858 hujusmodi

476 3870 813 3944 frequenter
842 3870 1129 3937 adhiberi,
1184 3875 1248 3927 ut
1297 3871 1429 3926 vino
1478 3877 1536 3928 et
1579 3878 1753 3929 cantu
1803 3875 2131 3932 excitentur

474 3960 772 4018 libidines.
796 3960 1067 4033 Plerique
1096 3961 1296 4029 etiam,
1342 3961 1569 4018 Persico
1620 3979 1802 4032 more,
1849 3964 2127 4024 mulieres

472 4049 683 4122 dignas
712 4048 1170 4107 temulentorum
1201 4051 1495 4106 consortio
1527 4052 1723 4106 induci
1774 4054 2007 4124 jubent,
2071 4062 2129 4113 et

470 4138 546 4196 ab
575 4138 670 4196 his
700 4137 932 4213 phialas
952 4139 1266 4210 accipiunt,
1302 4144 1477 4211 atque
1510 4139 1627 4197 illis
1649 4157 1710 4196 se
1743 4142 2128 4200 substernunt

470 4228 831 4286 sedentibus.
860 4228 929 4283 Et
958 4227 1116 4284 hunc
1144 4229 1319 4283 ritum
1354 4234 1595 4286 sacratae
1616 4229 1831 4287 habent
1856 4233 2126 4290 observa-

472 4316 659 4395 tiones
690 4316 1065 4374 inebrietatis
1084 4316 1500 4373 ministerium.
1524 4318 1746 4374 Habent
1766 4337 1901 4393 ergo
1924 4323 2124 4378 vinum
2235 4324 2471 4392 peccato
2503 4325 2788 4376 movetur.
2822 4320 2970 4385 Quid
3002 4324 3058 4376 te
3089 4320 3197 4377 sub
3229 4318 3548 4377 maledicto
3587 4308 3852 4373 constituis

468 4409 532 4469 et
559 4406 792 4463 barbari
827 4423 840 4461 :
873 4405 1121 4463 libenter
1149 4406 1242 4462 his
1284 4407 1530 4462 Romani
1584 4408 1929 4481 indulgent;
1976 4416 2042 4467 ut
2070 4418 2127 4468 et
2233 4409 2375 4464 Cain
2405 4408 2564 4466 illius
2594 4408 2916 4481 parricidae,
2952 4414 3017 4465 ut
3061 4415 3281 4466 tremas
3333 4415 3515 4483 atque
3564 4396 3855 4463 movearis?

471 4494 585 4568 ipsi
616 4494 918 4552 solvantur
946 4498 1004 4551 in
1035 4500 1231 4569 potus,
1263 4500 1321 4551 et
1357 4497 1608 4553 enervati
1670 4498 1949 4556 ebrietate
1998 4502 2125 4557 vin-
2157 4515 2203 4579 Ι)
2233 4498 2342 4553 Sed
2375 4501 2431 4553 et
2462 4502 2862 4570 persecutores
2892 4498 3124 4555 Domini
3154 4503 3536 4556 transeuntes
3583 4487 3854 4553 movebant

467 4588 696 4642 cantur.
731 4585 845 4641 Nec
876 4583 1069 4641 solum
1100 4584 1300 4641 vinum
1332 4585 1670 4643 ebrietatem
1704 4587 1860 4655 facit,
1909 4590 2006 4644 sed
2068 4595 2124 4646 et
2232 4586 2425 4659 capita
2454 4604 2580 4643 sua.
2613 4587 2957 4658 Exagitabat
2985 4588 3142 4644 enim
3185 4604 3285 4645 eos
3330 4588 3585 4661 spiritus
3613 4592 3850 4655 nequam.

468 1917 733 1992 vesperi;
764 1933 901 1973 nam
930 1916 1135 1972 vinum
1165 1931 1265 1973 eos
1305 1918 1633 1972 comburat.
1694 1917 1839 1972 Cum
1899 1918 2122 1975 cithara

470 2008 628 2064 enim
657 2011 715 2063 et
744 2004 1021 2078 psalterio
1050 2009 1107 2061 et
1127 2006 1424 2078 tympanis
1446 2006 1644 2061 vinum
1677 2005 1923 2063 bibunt:
1949 2024 2124 2080 opera

470 2099 668 2153 autem
697 2094 929 2152 Domini
957 2111 1073 2150 non
1108 2094 1259 2151 552
1305 2094 1648 2167 respiciunt,
1681 2100 1737 2150 et
1784 2112 1959 2168 opera
1999 2114 2120 2152 ma-

473 2201 661 2243 nuum
692 2184 823 2256 ejus
853 2200 969 2240 non
1011 2183 1403 2239 considerant.
1460 2184 1562 2240 Cui
1594 2201 1698 2255 vae,
1753 2183 1967 2258 inquit,
2029 2187 2121 2241 cui

463 2272 712 2346 judicia,
743 2272 836 2329 cui
861 2270 1154 2327 tumultus
1176 2273 1304 2342 (Isa.
1338 2288 1392 2339 v,
1428 2273 1512 2343 11)
1536 2273 1563 2326 ?
1589 2295 1617 2323 ι»
1652 2273 1889 2330 Diversa
1920 2274 2120 2348 singu-

473 2361 569 2430 lis,
600 2359 939 2417 temulentis
968 2360 1182 2415 omnia.
1208 2359 1302 2414 Vee
1334 2360 1490 2416 enim
1523 2361 1596 2415 iis
1628 2362 1728 2433 qui
1781 2363 1926 2417 ebrii
1986 2369 2124 2419 sunt

472 2448 697 2521 vesperi
726 2450 912 2521 (Prov.
945 2465 1103 2515 χχιιι,
1131 2449 1220 2520 30)
1258 2448 1269 2502 ἔ
1304 2448 1451 2512 Quid
1484 2465 1619 2522 ergo
1651 2450 1768 2506 illis
1799 2453 1896 2523 qui
1924 2458 2125 2508 stante

466 2552 798 2610 vesperam,
831 2540 888 2593 et
918 2538 1250 2608 frequenter
1288 2537 1346 2593 in
1400 2538 1590 2594 lucem
1650 2541 1930 2596 madent?
1979 2542 2123 2613 Ergo

472 2642 553 2682 vss
583 2625 695 2682 sibi
727 2625 1011 2682 debitum.
1046 2626 1272 2682 Habent
1294 2628 1774 2697 concertationes,
1810 2636 2127 2685 conserunt

473 2712 628 2784 lites,
661 2715 723 2771 in
752 2716 967 2771 eadem
992 2714 1326 2787 prosiliunt,
1359 2721 1417 2771 et
1446 2716 1689 2772 veniunt
1710 2717 1779 2772 ad
1795 2718 2022 2789 judicia
2038 2719 2124 2776 vel

477 2808 783 2860 vocantur.
816 2803 1045 2860 Habent
1092 2819 1229 2874 ergo
1269 2804 1498 2874 judicia
1534 2810 1816 2878 tanquam
1874 2807 1976 2863 rei.
2037 2809 2126 2864 Fit

478 2907 904 2963 nonnunquam
936 2891 1167 2963 gravior
1196 2891 1511 2961 tumultus,
1574 2895 1711 2965 quia
1769 2896 1902 2952 vino
1959 2915 2125 2954 mens

2860 3588 3087 3644 CAPUT
3124 3588 3265 3643 XVI.

2238 3696 2427 3751 Ebrius
2475 3695 2639 3751 Cm‘ni
2685 3711 2750 3750 ac
2785 3700 3190 3766 persecuturum
3230 3698 3463 3751 Domini
3507 3694 3706 3749 similes
3744 3699 3850 3766 esse,

2312 3769 2419 3822 imo
2447 3758 2800 3823 dienzoniacis
2829 3768 2965 3838 ipsis
2992 3769 3304 3823 miseriores
3333 3785 3354 3822 :
3388 3766 3557 3823 iidem
3591 3766 3697 3819 suis
3739 3758 3851 3838 colo-

2311 3838 2465 3911 ribus
2492 3829 2867 3911 depinguntur
2894 3856 2913 3892 :
2946 3840 3007 3894 in
3035 3854 3166 3911 quos
3190 3840 3443 3895 Jeremize
3494 3838 3651 3893 verba
3694 3829 3851 3888 cadere

2310 3909 2565 3965 declarat
2585 3920 2803 3965 sanctus
2832 3909 3032 3965 doctor.

2305 4054 2395 4109 58.
2431 4053 2688 4124 Denique
2714 4052 2855 4110 Cain
2895 4052 3091 4109 exiens
3131 4070 3165 4109 a
3211 4057 3533 4126 conspectu
3581 4050 3693 4114 Dei,
3719 4043 3854 4101 habi-

2236 4144 2377 4198 tavit
2406 4143 2465 4197 in
2499 4146 2652 4198 terra
2681 4142 2848 4211 Naid,
2882 4142 3039 4217 quod
3079 4142 3564 4215 interpretatione
3607 4134 3855 4211 signiﬁcat

2235 4231 2709 4288 commotionem.
2745 4232 2890 4305 Ergo
2946 4232 3048 4305 qui
3078 4230 3257 4288 calice
3316 4247 3499 4288 aureo
3552 4226 3853 4287 inebriatur,

465 4672 673 4732 sicera.
703 4673 967 4749 Denique
984 4674 1205 4730 Hebraei
1231 4690 1462 4730 omnem
1486 4679 1691 4757 potum
1718 4676 1817 4749 qui
1843 4675 2113 4746 inebriat,

440 4763 662 4821 'sicerre
691 4763 928 4821 nomine
957 4768 1183 4821 vocant.

533 4853 625 4909 55.
657 4852 782 4911 Non
814 4853 1108 4909 immerito
1135 4869 1270 4926 ergo
1300 4870 1380 4909 vae
1409 4852 1525 4909 illis
1557 4852 1655 4926 qui
1712 4871 1882 4911 mane
1932 4857 2116 4912 ebrie-

534 5092 831 5174 (57)_Edit.
864 5114 1091 5174 omnes,
1109 5098 1322 5173 jejuuii
1346 5097 1826 5174 praedicatione...
1867 5104 1915 5162 ei
1936 5102 2117 5162 adhuc

460 5170 757 5226 secundum
796 5170 1467 5245 praphelas'fortissimos
1522 5177 1686 5230 viros.
1733 5176 1843 5231 Sed
1905 5179 2116 5235 melius

465 5257 617 5321 mss:
652 5259 874 5321 omnes,
900 5244 1109 5321 jejunii
1130 5244 1611 5321 praedicauerit...
1640 5256 1691 5301 et
1709 5247 1884 5321 adhuc
1896 5254 2117 5321 propter

461 5313 911 5390 Itosforlissimos'
942 5313 1087 5390 uiros
1108 5313 1224 5381 {ac
1259 5317 1402 5390 forte
1435 5327 1703 5372 sanctum
1764 5313 1961 5390 ipsum
1994 5313 2114 5375 'au-

462 5381 702 5460 dicbant
721 5383 905 5460 aliqui
937 5387 1220 5444 militares
1253 5388 1383 5457 viri,
1418 5405 1566 5460 quos
1598 5390 1709 5445 sibi
1744 5381 1985 5447 reddere
2033 5392 2118 5447 in-

461 5456 661 5510 fensos
704 5454 902 5511 nollet.

529 5524 641 5608 (58)
672 5524 766 5608 Sic
796 5544 938 5584 mss.
973 5546 1214 5586 omnes:
1250 5530 1713 5608 _quod_gquidem
1772 5532 2114 5608 interpretes

459 5597 682 5672 mur‘in
715 5597 1138 5672 huncsensum
1175 5620 1188 5656 :
1250 5597 1609 5657 invehitur...
1678 5602 1737 5656 in
1772 5597 2113 5672 huiusmodi

460 5666 730 5730 homines
752 5667 1035 5751 (ebriosos
1065 5672 1371 5745 nimirum)
1405 5688 1741 5732 conversus.
1802 5666 1925 5733 Nisi
1979 5678 2113 5750 quis

2227 4675 2326 4749 qui
2388 4676 2606 4748 repleta
2664 4693 2697 4731 a
2744 4693 2808 4732 se
2856 4693 3099 4749 corpora
3149 4692 3389 4733 (movere
3451 4672 3753 4733 consuevit.
3800 4665 3851 4721 Εἰ

2226 4764 2325 4822 ille
2373 4783 2508 4822 cum
2554 4766 2827 4834 defuerit,
2880 4770 3104 4823 tremor
3148 4766 3369 4824 desinit
3423 4784 3437 4822 :
3488 4766 3726 4822 ebrietas
3765 4773 3850 4813 au-

2224 4857 2341 4910 tem
2373 4857 2717 4927 perpetuum
2750 4854 2852 4911 dat
2878 4859 3214 4912 tremorem.
3260 4855 3496 4911 Sudant
3524 4854 3715 4909 vinum
3742 4860 3848 4903 cor-

2226 5096 2391 5178 malit
2440 5121 2607 5161 voces
2666 5104 2727 5162 in
2775 5094 3096 5178 hujusmodi
3138 5115 3356 5178 versus,
3388 5116 3622 5161 sumere
3663 5109 3760 5178 pro
3800 5094 3845 5178 ill

2223 5177 2565 5261 hujusmodi
2593 5248 2606 5259 .
2639 5169 3047 5261 sententiaing.
3072 5178 3269 5261 νθτδεὶ,
3335 5177 3610 5261 {minam
3663 5169 3845 5261 "354.135

2223 5241 2377 5305 enim
2415 5248 2642 5322 proprie
2672 5249 2964 5322 signiﬁcat
2992 5241 3051 5303 id
3083 5250 3235 5322 quod
3255 5241 3381 5304 nos
3412 5248 3641 5322 lineam
3664 5241 3841 5322 vocitaf

2225 5338 2379 5376 mus.
2415 5317 2560 5375 Edit.
2583 5317 2778 5375 autem
2811 5319 2929 5376 haac
2962 5317 3349 5392 praeferebant
3382 5338 3396 5375 :
3430 5317 3709 5375 Invenitur
3724 5320 3845 5365 enim

2224 5393 2486 5448 Dominus
2524 5392 2835 5463 hujusmodi
2861 5393 3037 5449 verbis
3064 5408 3215 5458 usus,
3245 5395 3300 5447 et
3327 5394 3433 5463 ait.

2294 5446 2406 5537 (59)
2441 5446 2525 5540 ita
2555 5446 2695 5540 nise.
2731 5446 2969 5532 omnes;
2994 5446 3428 5540 edit.ve'ro,_sed_
3448 5476 3559 5517 non
3584 5458 3695 5540 post
3722 5446 3843 5540 iuui-

2222 5527 2606 5603 tum;'minus
2636 5535 2873 5600 bene,ut
2902 5527 2971 5591 ea
3001 5533 3148 5591 serie
3177 5527 3467 5591 orationis
3506 5527 3841 5588 manifestum

2224 5612 2331 5661 est.

2296 5679 2407 5751 (60)
2438 5678 2591 5736 Edit.
2624 5692 2817 5734 vacare
2845 5678 3108 5748 orationi,
3141 5693 3430 5736 occurrere
3459 5676 3578 5745 soli,
3612 5675 3710 5732 etc.
