4052 6196
241 359 345 427 753

1365 362 1600 428 LIBER
1643 360 1745 429 DE
1789 363 1969 428 ELIA
2012 366 2112 429 ET
2155 364 2500 431 JEJUNIO.

3518 357 3635 425 7M

240 515 368 573 pora
395 492 853 555 temulentorum
889 496 912 555 ε’
934 492 985 555 si
1015 492 1200 556 levius
1251 514 1319 555 ea
1367 499 1649 573 tetigeris,
1682 497 1868 573 expri-
1900 500 1955 568 Α
1985 499 2283 573 superﬂua
2311 504 2417 557 est.
2440 498 2761 558 Moderatio
2793 497 2950 558 enim
2981 474 3266 557 naturalis
3296 498 3386 555 est
3417 511 3431 556 :
3463 512 3639 573 supra

242 603 341 642 mis
372 603 597 642 Vinum.

300 677 382 731 59.
443 676 703 732 Ebrietas
760 676 1085 734 fomentum
1131 677 1420 744 libidinis,
1481 678 1734 734 ebrietas
1786 677 1875 732 in-

239 765 516 822 centivum
575 764 837 834 insanias,
913 766 1164 824 ebrietas
1236 782 1526 823 venenum
1594 766 1874 839 insipien-

238 854 318 909 tia:
347 855 477 924 (61).
528 853 657 909 Haec
701 871 911 911 sensus
938 855 1246 912 hominum
1292 860 1483 912 mutat
1529 859 1586 910 et
1632 855 1872 921 formas,

237 961 331 1017 per
356 943 508 998 hanc
538 943 688 998 ﬁunt
717 960 786 1000 ex
815 944 1155 1002 hominibus
1185 945 1319 1018 equi
1353 943 1877 1000 adhinnientes.Si-

238 1032 461 1105 quidem
491 1030 746 1087 naturali
789 1049 1000 1105 vapore
1050 1034 1310 1107 corporis
1358 1032 1551 1101 calidi,
1582 1038 1639 1089 et
1670 1038 1877 1106 praeter

237 1125 493 1177 naturam
547 1120 669 1175 vini
714 1120 907 1178 calore
963 1123 1275 1191 ﬂammati,
1334 1122 1603 1178 cohibere
1651 1138 1712 1178 se
1758 1139 1875 1178 non

236 1215 467 1283 queunt,
526 1214 585 1267 et
639 1209 699 1267 in
747 1210 1022 1268 bestiales
1068 1211 1345 1268 libidines
1402 1211 1757 1278 excitantur;
1810 1214 1876 1265 ut

235 1298 449 1355 nullum
482 1303 716 1372 tempus
746 1300 1153 1374 praescriptum
1207 1301 1478 1367 habeant,
1512 1317 1626 1372 quo
1675 1300 1875 1355 deceat

234 1388 526 1462 indulgere
555 1388 915 1445 concubitui.
949 1394 1164 1447 Vocem
1206 1390 1505 1457 amittunt,
1538 1388 1729 1445 colore
1774 1406 1872 1443 va-

234 1480 469 1544 riantur,
501 1478 687 1534 oculis
737 1478 1066 1552 ignescunt,
1118 1496 1216 1536 ore
1265 1479 1564 1545 anhelant,
1616 1479 1874 1535 fremunt

234 1567 566 1634 naribus,in
598 1568 851 1625 furorem
882 1568 1530 1638 inardescunt,sensum
1562 1568 1868 1625 excedunt.

231 1657 367 1712 Hinc
418 1656 726 1729 phrenesis
772 1657 1103 1729 periculosa
1151 1677 1165 1715 :
1224 1658 1361 1715 hinc
1415 1657 1619 1714 calculi
1677 1657 1872 1731 gravis

232 1763 411 1820 pmna,
464 1745 601 1801 hinc
648 1745 898 1802 exitialis
945 1747 1225 1815 eruditas,
1275 1747 1411 1803 hinc
1465 1747 1719 1803 vomitus
1766 1746 1873 1802 fre-

230 1852 408 1908 quens
439 1851 700 1891 semesas
748 1835 953 1908 epulas
1001 1853 1135 1893 cum
1183 1838 1549 1893 internorum
1578 1837 1871 1892 viscerum

230 1941 424 1980 cruore
455 1923 847 1981 fundentium.
880 1925 1149 1993 Mentior,
1181 1925 1293 1981 nisi
1335 1926 1539 1982 eadem
1587 1924 1873 1980 Dominus

227 2028 328 2084 per
353 2011 665 2068 Jeremiam
698 2012 929 2069 loeutus
959 2018 1046 2071 est
1075 2015 1275 2070 dicens
1308 2031 1320 2070 ε
1356 2038 1383 2065 ‹‹
1419 2014 1606 2070 Bibite
1647 2018 1704 2069 et
1751 2014 1871 2069 ine-

226 2101 518 2167 briamini,
572 2106 630 2157 et
674 2102 909 2169 vomite,
957 2106 1013 2158 et
1059 2104 1300 2170 cadetis,
1351 2108 1409 2159 et
1455 2120 1570 2159 non
1621 2102 1875 2175 surgetis

224 2193 352 2263 (Jer.
383 2208 515 2256 xxv,
547 2192 661 2257 27).
698 2213 726 2238 »

292 2298 378 2352 60.
427 2298 571 2353 Hinc
627 2298 801 2376 etiam
854 2315 1012 2354 vanae
1064 2297 1371 2371 imagines,
1426 2299 1633 2355 incerti
1689 2300 1871 2366 visus,

224 2387 512 2443 instabilis
550 2403 811 2460 gressus,
846 2388 1086 2443 umbras
1136 2404 1288 2460 saepe
1334 2387 1677 2444 transiliunt
1723 2390 1877 2444 sicut

221 2476 434 2533 foveas.
461 2476 639 2531 Natat
686 2476 779 2532 his
826 2492 961 2532 cum
1016 2476 1160 2532 faeie
1206 2480 1381 2543 terra,
1414 2477 1607 2532 subito
1646 2477 1787 2549 erigi
1820 2481 1876 2533 et

222 2564 487 2621 inclinari
546 2563 794 2631 videtur,
828 2569 886 2621 et
933 2565 1100 2637 quasi
1159 2570 1436 2636 vertatur,
1483 2567 1756 2622 timentes
1812 2566 1872 2622 in

222 2655 429 2710 faciem
453 2659 653 2719 ruunt,
685 2658 742 2709 et
772 2654 963 2710 solum
997 2654 1875 2728 manibus.apprehendunt,aut

220 2743 703 2801 concurrentibus
761 2744 1063 2799 montibus
1130 2744 1243 2799 sibi
1299 2743 1575 2800 videntur
1630 2743 1871 2809 includi,

199 2824 491 2889 Mur-mur
521 2832 577 2886 in
612 2832 854 2887 auribus
884 2836 1166 2903 tanquam
1200 2832 1382 2888 maris
1407 2833 1744 2888 ﬂuctuantis
1770 2835 1875 2888 l'ra-

217 2940 346 2996 gor,
377 2926 434 2978 et
463 2921 799 2977 resonantia
827 2922 1009 2977 fluctu
1040 2920 1258 2977 littora.
1290 2922 1472 2977 Canes
1502 2922 1551 2977 si
1599 2921 1871 2989 viderint,

220 3012 422 3068 leones
450 3012 828 3078 arbitrantur,
863 3015 919 3066 et
946 3010 1199 3084 fugiunt.
1234 3009 1347 3065 Alii
1392 3010 1514 3067 risu
1563 3010 1876 3066 solvuntur

216 3100 539 3167 incondito,
598 3098 695 3155 alii
754 3099 1162 3155 inconsolabili
1235 3116 1479 3155 mmrore
1546 3100 1872 3173 deplorant,

219 3190 320 3246 alii
353 3188 785 3244 irrationabiles
815 3175 1064 3244 cernunt
1094 3189 1681 3262 pavores.Vigilantes
1711 3206 1871 3244 som-

220 3280 409 3345 niant,
442 3277 798 3333 dormientes
828 3276 1081 3350 litigant.
1102 3277 1235 3334 Vita
1267 3278 1418 3335 554
1448 3278 1541 3334 his
1572 3278 1869 3334 somnium

217 3374 331 3434 est,
391 3384 635 3424 somnus
692 3366 785 3423 his
833 3384 992 3422 mors
1039 3370 1129 3422 est
1175 3368 1288 3438 (62)
1338 3385 1350 3422 :
1403 3366 1639 3422 excitari
1690 3366 1868 3423 nullis

1988 607 2324 647 mensuram
2356 591 2641 664 quidquid
2691 595 2781 648 est
2826 591 3192 663 superﬂuum
3231 589 3482 647 habetur
3511 606 3525 647 :
3558 589 3640 647 ita

1985 682 2074 734 est
2101 679 2349 736 ebrietas
2380 697 2507 752 quas
2540 680 2677 735 ﬂetu
2707 680 3046 753 prophetico
3086 679 3442 752 deploratur.
3475 671 3640 736 Unde

1987 768 2068 824 ait
2096 768 2408 841 Apostolus
2444 785 2455 824 :
2490 791 2520 818 «
2552 768 2742 825 Nolite
2788 768 3067 825 inebriari
3112 767 3245 825 vino
3295 769 3353 825 in
3404 785 3520 842 quo
3550 773 3641 825 est

1986 855 2238 922 luxuria,
2287 858 2389 913 sed
2436 856 2805 913 inebriamini
2859 858 3067 930 spiritu
3108 858 3320 931 (Ephes.
3352 875 3409 928 ν,
3442 857 3551 932 18).
3607 879 3636 909 ››

1988 944 2084 999 Est
2131 961 2267 1017 ergo
2317 946 2567 1001 ebrietas
2614 944 2819 1019 culpae,
2871 950 2961 1002 est
3008 950 3066 1002 et
3112 946 3331 1019 gratiae.
3379 947 3446 1002 Et
3492 946 3637 1004 forte

1984 1032 2106 1089 haec
2135 1038 2379 1102 natura),
2411 1053 2537 1107 quae
2568 1035 2896 1109 gratiae,qui
2928 1037 3001 1093 ad
3032 1036 3353 1109 imaginem
3382 1039 3440 1092 et
3467 1035 3634 1092 simi-

1984 1120 2294 1179 litudinem
2325 1124 2426 1180 Dei
2458 1123 2612 1180 facti.
2645 1123 2867 1198 Spiritu
2898 1128 3100 1182 sancto
3130 1123 3334 1199 repleti
3360 1139 3490 1181 esse
3533 1125 3634 1181 de-

1985 1212 2209 1270 bemus.

2585 1303 2820 1360 CAPUT
2856 1287 3023 1360 XVII.

1984 1392 2057 1446 De
2099 1392 2559 1466 obtestationibus,
2607 1395 2985 1466 sacramentis,
3042 1409 3108 1448 ac
3158 1392 3634 1466 propinationibus

2051 1465 2496 1534 compotantium.
2533 1465 2803 1531 Quomodo
2850 1480 2991 1536 saepe
3035 1465 3324 1521 secretiora
3371 1465 3500 1520 vino
3541 1479 3634 1519 ea:-

2053 1538 2427 1606 torqueantur.
2460 1537 2525 1590 El
2553 1536 2618 1590 de
2643 1536 2960 1607 prodigiosa
2987 1536 3224 1608 quadam
3273 1536 3492 1592 bibendi
3535 1551 3632 1591 ra-

2053 1609 2219 1673 tione,
2252 1611 2304 1661 et
2332 1623 2497 1677 quam
2526 1622 2589 1661 ea
2616 1609 2691 1662 sit
2720 1608 3031 1664 valetudini
3052 1609 3381 1680 perniciosa.

2051 1697 2139 1750 62.
2171 1695 2321 1759 Quid
2353 1700 2550 1752 autem
2580 1695 3003 1753 obtestationes
3036 1697 3364 1771 potentium
3395 1695 3633 1769 loquar?

1980 1783 2127 1848 Quid
2160 1801 2481 1841 memorem
2512 1789 2903 1853 sacramenta,
2937 1801 3066 1859 quae
3095 1785 3308 1843 violare
3337 1786 3503 1843 nefas
3540 1802 3633 1842 ar-

1904 1878 1949 1943 B
1980 1873 2272 1929 bitrantur
2292 1874 2319 1928 ?
2348 1874 2652 1940 Bibamus,
2685 1874 2964 1947 inquiunt
2995 1892 3008 1930 :
3042 1874 3188 1947 Opto
3219 1873 3473 1932 salutem
3520 1873 3635 1933 im-

1984 1968 2355 2035 peratorum;
2388 1967 2453 2018 ut
2476 1962 2573 2036 qui
2608 1979 2723 2019 non
2762 1964 3102 2032 biberit,llat
3130 1980 3267 2020 reus
3312 1961 3632 2020 indevotio-

1984 2052 2079 2107 nis
2125 2052 2259 2125 (64).
2293 2052 2536 2108 Videtur
2580 2052 2900 2109 enimnon
2949 2069 3148 2109 amare
3196 2051 3633 2125 imperatorem,

1985 2140 2083 2213 qui
2115 2158 2218 2213 pro
2256 2142 2383 2211 ejus
2431 2140 2621 2196 salute
2668 2158 2784 2197 non
2831 2141 3064 2198 biberit.
3097 2141 3141 2198 Ο
3172 2140 3278 2215 pie
3309 2139 3632 2198 devotionis

1984 2229 2368 2301 obsequium!
2404 2230 2685 2286 Bibamus
2732 2247 2836 2303 pro
2883 2229 3073 2288 salute
3102 2230 3485 2297 exercituum,
3526 2247 3630 2304 pro

1984 2319 2265 2374 comitum
2295 2319 2531 2385 virtute,
2555 2335 2659 2391 pro
2688 2319 2943 2375 filiorum
2976 2319 3322 2378 sanitate.Et
3351 2319 3472 2378 hac
3499 2324 3632 2379 vota

1984 2408 2055 2463 ad
2087 2407 2269 2463 Deum
2298 2406 2596 2480 pervenire
2615 2407 2908 2478 judicent,
2941 2407 3093 2464 sicut
3138 2408 3220 2463 illi
3271 2409 3373 2481 qui
3419 2408 3631 2466 calices

1984 2498 2053 2553 ad
2084 2496 2351 2567 sepulcra
2392 2500 2715 2568 martyrum
2769 2496 3056 2563 deferunt,
3089 2502 3265 2569 atque
3292 2496 3413 2553 illic
3441 2497 3502 2553 in
3530 2514 3631 2554 ve-

1983 2602 2213 2657 speram
2256 2585 2485 2653 bibunt,
2535 2590 2595 2639 et
2641 2584 2808 2640 aliter
2860 2601 2922 2640 se
2977 2585 3238 2640 exaudiri
3292 2602 3465 2657 posse
3514 2603 3630 2642 non

1984 2674 2424 2745 credunt(65).0
2455 2673 2764 2730 stultitiam
2796 2673 3126 2742 hominum,
3159 2672 3258 2745 qui
3290 2672 3630 2733 ebrietatem

1983 2762 2334 2819 sacriﬁcium
2376 2765 2617 2835 putant;
2650 2761 2753 2834 qui
2800 2760 3094 2818 aestimant
3128 2760 3248 2818 illis
3291 2761 3632 2823 ebrietatem

1984 2850 2209 2925 placere
2238 2852 2371 2923 (66),
2401 2850 2499 2922 qui
2524 2850 2753 2922 jejunio
2785 2850 3128 2923 passionem
3161 2851 3452 2907 sustinere
3481 2851 3631 2907 didi-

1983 2945 2207 2997 cerunt.

2052 3030 2143 3085 63.
2178 3028 2438 3093 Quantos
2485 3028 2557 3085 de
2604 3026 3018 3100 intemperanti
3063 3027 3323 3084 convivio
3363 3026 3634 3087 novimus

1983 3119 2056 3175 ad
2084 3121 2375 3175 tormenta
2401 3116 2669 3173 venisse?
2699 3117 2850 3173 Dum
2882 3132 2986 3189 per
3014 3117 3357 3174 ebrietatem
3405 3116 3477 3175 de
3521 3117 3632 3174 im-

1985 3207 2145 3282 perio
2176 3224 2283 3264 suo
2313 3210 2559 3275 certant,
2601 3211 2659 3263 et
2706 3206 2819 3263 sibi
2869 3222 3049 3281 regna
3096 3206 3469 3279 promittunt,
3502 3205 3633 3265 aliis

1982 3297 2234 3353 honores
2266 3294 2902 3369 pollicentur,infelices
2930 3295 3003 3351 ad
3036 3312 3267 3367 poenam
3289 3294 3447 3355 ducti
3470 3298 3633 3361 sunt,

1981 3386 2081 3458 qui
2109 3385 2248 3458 quid
2281 3385 2542 3442 dicerent
2572 3384 2937 3441 nesciebant.
2971 3384 3135 3440 Unde
3181 3383 3445 3458 plerique
3492 3384 3632 3441 boni

212 3456 459 3513 vocibus
492 3460 760 3528 possunt,
793 3454 1157 3529 quantolibet
1185 3455 1577 3512 stimulandos
1609 3455 1868 3529 impulsu

2000 3454 2202 3531 udiees
2233 3491 2301 3529 ea
2330 3491 2457 3545 quae
2488 3490 2591 3546 per
2619 3474 2957 3529 ebrietatem
2982 3474 3139 3530 dicta
3158 3454 3635 3538 essent,tenenda

214 3552 411 3620 putes,
448 3546 559 3601 nisi
591 3545 967 3618 resipuerint,
990 3544 1247 3618 evigilari
1280 3562 1391 3600 non
1423 3550 1689 3618 possunt.

286 3656 378 3710 6t.
432 3653 597 3709 Unde
644 3653 792 3709 bene
838 3652 1124 3709 Jeremias
1170 3651 1514 3725 hujusmodi
1571 3652 1869 3709 hominem

216 3747 503 3815 tanquam
538 3742 897 3814 superﬂuam
929 3745 1276 3808 creaturam,
1310 3741 1644 3797 deflendum
1677 3744 1865 3813 putat.

220 3831 367 3897 Quid
402 3830 558 3885 enim
607 3834 695 3886 est
743 3830 917 3885 homo
966 3828 1184 3897 ebrius,
1218 3827 1331 3885 nisi
1381 3830 1678 3901 superflua
1706 3846 1871 3885 crea-

220 3920 395 3975 tura?
428 3920 630 3991 ltaque
660 3917 742 3974 sic
773 3918 855 3973 ait
902 3934 916 3973 :
969 3918 1134 3973 Sicut
1177 3918 1377 3973 ﬂetum
1424 3921 1609 3985 Jazer,
1651 3918 1872 3974 deflebo

222 4013 295 4074 te,
330 4009 528 4076 vinea;
584 4008 722 4079 quia
769 4008 1001 4063 deserta
1046 4011 1138 4063 est
1184 4006 1389 4062 civitas
1437 4007 1607 4062 Jazer
1652 4008 1871 4075 (Jerem.

218 4113 409 4163 XLVIII,
443 4097 556 4168 32).
617 4117 644 4144 »
686 4096 756 4152 Et
796 4094 949 4150 infra
999 4112 1012 4150 :
1064 4117 1092 4144 ι(
1143 4094 1361 4148 Vinum
1394 4094 1453 4149 in
1484 4094 1874 4152 torcularibus

220 4185 337 4240 tuis
368 4200 540 4240 mane
557 4200 671 4239 non
692 4182 1082 4247 calcaverunt,
1116 4182 1359 4238 meridie
1389 4188 1585 4239 autem
1617 4184 1877 4240 fecerunt

223 4273 333 4344 (63)
417 4273 572 4344 (Ibid.
662 4273 773 4344 33).
859 4272 1029 4329 Jazer
1108 4280 1299 4341 ποίησις
1348 4283 1591 4345 περισσὸς,
1655 4273 1878 4329 factura

296 4417 408 4487 (61)
442 4415 608 4471 Rom.
641 4416 806 4479 edit.,
833 4431 1103 4472 venenum
1126 4418 1448 4486 sapientiae;
1482 4416 1606 4472 aliae
1648 4433 1877 4483 omnes,

229 4502 497 4560 venenum
524 4489 879 4560 insipientia.

302 4560 410 4629 (6'2)
440 4558 549 4614 Ubi
597 4557 800 4615 omnes
850 4557 989 4615 edit.
1040 4572 1280 4623 somnus,
1337 4558 1422 4613 his
1469 4575 1612 4615 mors
1657 4568 1753 4627 est,
1788 4576 1873 4614 re-

233 4630 560 4698 ponendum
594 4648 623 4685 e
653 4630 880 4686 cunctis
910 4629 1103 4696 codd.,
1133 4644 1355 4684 somnus
1384 4631 1469 4684 his
1497 4631 1704 4685 multus
1733 4634 1831 4687 est.

302 4702 412 4771 (63)
446 4700 612 4757 Rom.
647 4701 812 4771 edit.,
846 4717 1018 4773 neque
1062 4716 1276 4773 vespere
1316 4702 1564 4771 fecerunt
1609 4701 1876 4757 celeuma.

233 4774 366 4826 Aut.
397 4788 530 4829 vero
559 4778 617 4829 et
647 4790 797 4829 mss.
837 4772 1069 4828 meridie
1097 4772 1280 4828 autem
1308 4788 1417 4828 non
1462 4777 1728 4843 fecerunt.
1764 4774 1876 4829 Ite-

235 4858 365 4897 rum
412 4844 576 4900 Rom.
607 4845 771 4912 edit.,
822 4844 1001 4912 Jaz-er,
1052 4842 1222 4910 Moab,
1262 4842 1520 4909 Sabama,
1569 4850 1621 4900 et
1670 4846 1876 4913 Segor.,

235 4913 334 4983 ubi
387 4920 497 4972 vet.
558 4915 875 4983 habebant,
947 4917 1118 4982 laser,
1189 4915 1347 4971 Mohi.
1411 4916 1610 4981 Ticine,
1679 4919 1876 4972 Piceot.

231 4982 341 5039 Sed
373 4987 742 5059 quiultimas
773 4982 958 5043 Paris.
1010 5002 1300 5059 curavere,
1356 4987 1425 5041 ad
1477 4988 1650 5043 finem
1701 4988 1880 5059 hujus

232 5058 590 5130 cap.0ptime
619 5062 978 5115 annotarunt
1005 5074 1201 5130 veram
1234 5057 1539 5114 lectionem
1571 5076 1698 5115 esse
1728 5057 1878 5127 eam,

232 5142 547 5252 tquiimnos
580 5132 637 5185 in
664 5134 885 5186 textum
920 5146 1059 5185 mss.
1094 5129 1271 5185 etiam
1303 5131 1649 5187 auctoritate
1687 5136 1879 5209 trans-

260 5215 294 5252 u
328 5217 499 5252 Imus.

260 5215 500 5257 UllIl’lUS.

306 5272 417 5341 (64)
448 5272 571 5328 Vet.
623 5272 786 5339 edit.,

306 5273 417 5356 (64)
448 5273 571 5328 Vet.
623 5273 786 5355 edit.,
814 5290 937 5399 ῐἶφι-ο
982 5273 1161 5354 salute
1204 5273 1619 5355 imperatorum,
1663 5279 1778 5356 et...
1810 5274 1882 5355 sit

229 5354 362 5397 reus
392 5360 451 5398 in
478 5345 780 5411 (levatione,
862 5359 1075 5399 om.....
1102 5352 1467 5416 imperatoris,
1500 5347 1674 5416 ειη...
1698 5343 1785 5399 hzc
1813 5349 1884 5399 διε

227 5427 361 5488 reus
401 5416 782 5471 indevotionis.
831 5420 908 5470 At
955 5432 1099 5470 mss.
1151 5414 1702 5488 sexgvetustissimi,
1731 5416 1884 5488 (Opto

228 5485 467 5558 salutem
529 5489 940 5558 imperatorum,
989 5491 1108 5558 etc.
1163 5486 1327 5541 Unde
1375 5487 1518 5542 satis
1571 5485 1884 5542 verisimile

228 5564 317 5629 est
380 5557 527 5615 hanc
576 5557 758 5615 fuisse
789 5557 1122 5624 formulam,
1178 5574 1296 5629 qua
1342 5574 1420 5629 se,
1452 5558 1509 5611 in
1563 5559 1882 5629 propinan-

229 5626 308 5750 {lo
363 5631 431 5685 ad
480 5630 628 5687 bene
678 5631 1037 5704 precandum
1089 5626 1541 5702 imperatoribus
1565 5626 1883 5707 hortabar.-

260 5715 359 5750 ur-
893 5722 901 5733 '

260 5715 359 5755 lll'.
893 5722 901 5733 '

872 5290 937 5327 ro
982 5273 1161 5327 salute
1204 5273 1619 5344 imperatorum,
1663 5279 1778 5328 et...
1810 5274 1882 5327 sit

1954 4006 2241 4062 vdolorem

1981 3564 2052 3618 ad
2097 3562 2316 3618 crimen
2366 3579 2482 3617 non
2530 3566 2898 3634 putaverunt.
2948 3562 3216 3635 Plerique
3261 3562 3438 3620 etiam
3492 3561 3628 3619 vino

1980 3656 2227 3707 utuntur
2258 3656 2321 3706 ut
2350 3650 2631 3722 equuleo;
2664 3654 2722 3706 et
2759 3650 2975 3723 quibus
3023 3654 3317 3708 tormenta
3362 3667 3480 3708 non
3521 3649 3629 3708 eli-

1981 3741 2147 3796 ciunt
2175 3756 2371 3797 vocem
2420 3738 2788 3813 proditionis,
2838 3756 2938 3795 eos
2987 3743 3215 3796 tentant
3243 3739 3633 3807 bibendo;ut

1982 3829 2181 3902 patriae
2235 3833 2478 3895 statum,
2510 3828 2762 3884 salutem
2811 3827 3047 3895 civium,
3109 3827 3467 3886 defensionis
3513 3843 3631 3888 sum

1983 3918 2233 3990 prodant
2287 3916 2549 3973 consilia.
2600 3915 2797 3971 Virtus
2844 3915 3002 3971 enim
3050 3914 3401 3989 plerumque
3453 3913 3636 3970 vincit

2303 4024 2316 4062 :
2374 4006 2550 4062 fidem
2601 4010 2799 4062 autem
2846 4009 3016 4078 potus
3065 4002 3338 4061 excludit.
3382 4001 3634 4079 Cognovi

1985 4095 2295 4168 plerosque
2335 4094 2588 4151 ﬁdiculis
2636 4094 2996 4151 exulceratos
3044 4110 3258 4150 nomen
3304 4108 3481 4152 suum
3528 4105 3633 4151 ne-

1983 4201 2174 4257 gasse.
2225 4184 2367 4250 Quis
2415 4185 2566 4241 inter
2615 4183 2855 4257 cyathos
2902 4184 3015 4256 (67)
3062 4180 3207 4239 texit
3252 4182 3410 4255 quod
3455 4181 3637 4241 latere

1986 4272 2297 4345 cupiebat?
3424 4300 3427 4309 ε

2057 4416 2114 4487 (6
2136 4420 2172 4485 λ)
2229 4416 2331 4471 Hie
2390 4415 2537 4470 ritus
2596 4431 2630 4470 a
2685 4414 2963 4485 religione
3017 4417 3180 4470 ortus
3226 4414 3286 4469 in
3335 4412 3635 4487 lasciviam

1986 4484 2161 4558 atque
2192 4487 2700 4559 intemperantiam
2736 4484 2879 4559 cum
2900 4487 3331 4559 degenerasset,
3363 4489 3498 4559 post
3537 4484 3639 4543 illa

1988 4556 2257 4631 religiose
2303 4556 2415 4631 fuit
2461 4557 2820 4631 antiquatus.
2871 4556 3015 4612 Vide
3061 4562 3324 4614 nostram
3364 4556 3442 4614 ad
3480 4556 3637 4617 hunc

1911 4618 1955 4682 D
1986 4618 2297 4686 tractatum
2326 4618 2815 4685 Admonitionem.

2059 4702 2171 4770 (66)
2204 4702 2287 4755 Ita
2316 4718 2459 4756 mss.
2494 4717 2708 4773 magno
2758 4717 3071 4773 consensu.
3123 4700 3276 4773 Edit.
3309 4703 3465 4765 Am.,
3510 4698 3635 4753 illos

1989 4775 2249 4852 ebrietate
2274 4772 2514 4852 placare,
2550 4772 2704 4852 quod
2735 4772 2865 4828 Era.
2889 4776 2954 4852 _et
2983 4772 3413 4852 alizedeinceps
3439 4784 3633 4852 emen-

1990 4845 2126 4900 dare
2156 4839 2464 4900 voluerunt
2494 4839 2741 4899 in'hune
2771 4844 3013 4901 modum
3048 4860 3061 4898 :
3097 4843 3219 4898 illos
3246 4839 3507 4897 ebrietate
3519 4839 3638 4911 pla-

1989 4917 2125 4981 cari,
2158 4921 2265 4971 etc.
2744 4945 2751 4949 ν

2061 4987 2349 5059 (67)]100
2397 4985 2522 5042 loco
2571 4985 3065 5059 dissimulandum
3115 5000 3229 5059 non
3278 4980 3634 5059 putavimus,

1990 5053 2089 5115 ubi
2120 5053 2281 5133 edit.,
2317 5060 2629 5133 praeferunt
2657 5058 2895 5133 ﬁdiculis
2932 5053 3290 5133 exulceratos.
3327 5093 3340 5107 .
3377 5093 3389 5105 .
3413 5053 3639 5133 _.._inler

1990 5131 2233 5203 cyathos,
2267 5122 2374 5184 et-c.
2410 5130 2637 5185 codices
2657 5122 2810 5203 'mss.
2846 5129 2961 5183 fere
2991 5127 3060 5203 ad
3099 5122 3635 5203 _unum_exl_1_i_bere,

1994 5194 2274 5271 ﬁvttuciales
2321 5202 2726 5256 earulceratos...
2778 5200 2921 5271 inter
2944 5196 3226 5271 Δειὶηιῑίιιις,
3276 5199 3386 5251 etc.
3418 5194 3485 5251 Et
3530 5195 3638 5252 hoc

1994 5267 2278 5328 consensu
2340 5271 2605 5326 nonnihil
2667 5269 2807 5325 moti
2876 5267 3117 5336 fuimus,
3176 5270 3241 5322 ut
3296 5283 3638 5340 germanam

1991 5344 2300 5400 lectionem
2352 5360 2479 5398 esse
2526 5342 2675 5396 hanc
2721 5340 3186 5411 suspicaremur;
3223 5341 3398 5410 atque
3426 5355 3494 5411 ea
3524 5339 3638 5395 for-

1994 5433 2096 5471 san
2131 5421 2296 5471 aetate
2326 5430 2441 5484 qua
2472 5430 2584 5467 non
2618 5408 2929 5484 minimum
2959 5408 3408 5484 degeneraverat
3444 5408 3640 5484 latini-

1993 5494 2104 5553 tas,
2130 5481 2406 5565 homines
2436 5484 2653 5565 fiducia
2695 5483 2902 5565 plenos
2944 5487 3001 5538 et
3036 5481 3390 5565 constantia,
3422 5482 3643 5565 quique

1994 5559 2147 5630 quod
2181 5575 2300 5611 sua:
2334 5555 2465 5630 fidei
2496 5553 2878 5630 commissum
2911 5559 3084 5630 esset,
3118 5553 3299 5630 nullis
3330 5553 3641 5630 tormentis

1994 5624 2351 5707 év‘ulgarcnt,
2384 5625 2686 5707 fiducia‘les
2714 5624 2885 5707 vulgo
2932 5626 3046 5681 dici
3087 5625 3326 5707 solitos;
3374 5624 3646 5707 similiter

1995 5695 2170 5756 etiam
2220 5700 2392 5754 hosce
2432 5695 2697 5765 lectulos,
2729 5695 2946 5770 quibus
2991 5697 3295 5772 epulantes
3342 5698 3644 5754 accumbe-
