4052 6196
425 353 546 422 755

1891 359 1955 421 S.
2003 355 2374 420 AMBROSII
3671 360 3760 417 756

501 491 650 550 555
681 491 768 548 64.
803 491 949 559 Quid
983 497 1236 551 retexam
1291 494 1555 550 auditum
1608 492 1746 548 mihi
1801 511 1912 550 non
1964 510 2067 566 po-
2099 493 2153 560 Α
2185 496 2419 566 aspectu
2455 492 2586 566 (69),
2619 495 2773 548 terra
2820 491 2974 564 turpi
3028 488 3331 547 saltatione
3368 489 3643 564 polluitur,
3671 509 3769 564 qua:

428 584 540 638 culi
573 583 811 654 (68),sed
845 585 1112 655 profluvii
1144 602 1347 657 genus,
1382 602 1495 655 quo
1525 585 1582 639 in
1616 601 1715 639 ora
1765 584 2068 638 hominum

429 681 705 743 tanquam
738 690 841 744 per
873 674 1098 729 ﬁstulas
1144 679 1244 727 aut
1293 674 1522 728 canales
1557 674 1688 728 vina
1720 674 2072 727 funduntur?

429 762 547 816 Hos
595 762 884 832 homines,
935 781 1006 816 an
1058 768 1218 817 utres
1266 763 1458 817 verius
1508 762 1962 817 mstimaverim?
2007 762 2074 814 Et

429 855 626 907 tamen
658 853 768 922 ipsi
802 859 978 914 utres,
1001 852 1108 904 nisi
1145 853 1441 906 moderata
1472 851 1788 905 transfusio
1823 851 2074 920 sit,saape

431 945 806 1012 rumpuntur.
843 942 947 994 Per
994 957 1170 995 cornu
1228 941 1399 994 etiam
1462 941 1702 994 fluentia
1759 939 1815 994 in
1879 941 2072 993 fauces

431 1029 738 1083 hominum
770 1029 900 1082 vina
931 1030 1277 1095 decurrunt;
1331 1035 1385 1082 et
1415 1031 1459 1083 si
1505 1029 1638 1100 quis
1682 1028 2072 1098 respiraverit,

431 1119 815 1173 commissum
851 1119 1354 1189 Ilagitium.soluta
1385 1119 1557 1182 acies,
1593 1117 1715 1171 loco
1745 1123 1938 1172 motus
1979 1118 2076 1170 ha-

430 1207 619 1261 betur.
682 1213 848 1279 Aqua
897 1209 1212 1261 decurrens
1266 1226 1297 1261 a
1347 1206 1563 1262 Libano
1613 1211 1811 1261 cautes
1865 1223 2075 1277 rupeas

431 1295 620 1362 solvit,
648 1298 938 1367 quomodo
974 1297 1246 1351 mollibus
1279 1302 1486 1368 putant
1519 1313 1886 1367 nequaquam
1913 1313 2079 1349 noce—

433 1402 493 1440 re
523 1386 844 1440 visceribus
878 1387 1300 1440 vinolentorum
1331 1387 1582 1455 impetus
1617 1385 2007 1439 fluentorum?

502 1477 590 1529 65.
629 1474 976 1545 Εἷυρὺαῃὶος
1008 1491 1240 1545 quoque
1273 1476 1462 1528 ferunt
1514 1474 1884 1543 promuscirle
1934 1473 2076 1526 hau-

432 1563 546 1618 rire
579 1580 744 1633 aqua:
772 1562 1122 1634 plurimum;
1156 1565 1388 1618 eosdem
1422 1568 1612 1616 tamen
1647 1563 1717 1616 ad
1760 1563 2076 1616 sedandam

435 1652 591 1708 sitim
626 1653 922 1707 moderato
973 1658 1109 1723 po‘tu
1160 1670 1287 1707 esse
1338 1657 1640 1706 contentos
1675 1668 1687 1704 :
1723 1652 1822 1706 sed
1856 1651 1902 1706 si
1936 1653 2079 1705 forte

434 1743 504 1798 ab
536 1742 733 1813 aliquo
764 1759 1021 1812 caupone
1054 1743 1271 1797 fuerint
1310 1742 1571 1796 mercede
1623 1741 1893 1806 fraudati,
1928 1741 2078 1793 indi-

2183 583 2448 637 obscenis
2481 583 2790 638 saltatibus
2823 584 3177 637 verberatur.

2255 674 2343 726 (37.
2399 672 2696 734 Quomodo
2747 671 3030 742 patienter
3077 672 3300 742 loquar,
3334 672 3422 743 pie
3469 677 3776 742 praateream,

2184 762 2591 816 convenienter
2622 761 2913 815 deﬂeam?
2947 762 3158 815 Vinum
3194 760 3359 815 nobis
3389 764 3660 815 tantarum
3688 762 3782 816 ani-

2187 868 2412 905 marum
2446 851 2662 904 damna
2694 849 2909 904 intulit.
2943 851 3170 904 Etenim
3204 850 3250 904 si
3283 851 3478 904 vinum
3518 855 3569 903 et
3613 849 3781 902 mulie-

2185 956 2277 995 res
2309 940 2605 995 discedere
2638 958 2669 994 a
2701 941 2813 995 Deo
2844 941 3088 1007 faciunt,
3121 940 3274 1011 quod
3316 939 3402 993 vel
3441 938 3689 998 ebrietas,
3715 937 3784 990 vel

2185 1029 2363 1084 libido
2395 1029 2885 1100 praevaricationis
2918 1029 3200 1083 illecebrze
3245 1028 3394 1083 556
3444 1027 3574 1087 sint.
3603 1027 3647 1081 si
3690 1027 3785 1080 sin-

2185 1118 2322 1189 gula
2353 1135 2416 1172 ac
2448 1123 2714 1190 separata
2745 1119 2864 1171 hrec
2896 1117 3138 1182 faciunt,
3171 1118 3308 1188 quid
3358 1117 3571 1171 faciunt
3609 1115 3788 1169 unita?

2187 1207 2347 1261 Unde
2379 1225 2492 1260 non
2528 1207 2818 1262 immerito
2852 1208 2929 1261 ait
2960 1208 3194 1279 sapiens
3222 1210 3353 1261 ante
3404 1223 3506 1260 nos
3537 1204 3746 1276 quidam
3775 1220 3784 1254 :

2187 1321 2214 1345 ‹‹
2249 1297 2454 1351 Mulier
2483 1297 2730 1363 ebriosa,
2764 1297 2848 1350 ira
2881 1312 3092 1369 magna
3123 1297 3310 1358 (Eccli.
3344 1313 3491 1363 xxvr,
3526 1295 3623 1362 lt).
3658 1317 3679 1340 ››

2257 1387 2344 1438 GR.
2378 1386 2524 1448 Quid
2554 1391 2746 1440 autem
2781 1385 2996 1440 mirum
3043 1386 3092 1441 si
3141 1387 3274 1441 vino
3307 1384 3664 1456 decipiuntur
3689 1381 3789 1436 ani-

2190 1493 2295 1530 ma:
2334 1476 2710 1538 feminarum,
2742 1494 2874 1530 eum
2926 1493 3130 1530 omnes
3178 1475 3291 1530 illae
3339 1476 3529 1530 tribus
3574 1478 3790 1545 patrum,

2188 1582 2321 1620 cum
2371 1565 2444 1620 de
2491 1569 2652 1636 petra
2700 1565 2954 1619 biberint
3003 1581 3238 1635 aquam,
3275 1581 3489 1619 manna
3518 1563 3794 1617 manduca-

2190 1658 2336 1714 rent.
2375 1659 2575 1724 gentes
2607 1653 3002 1708 validissimas
3033 1653 3348 1708 vincerent.
3383 1657 3438 1708 et
3479 1669 3586 1707 non
3619 1656 3723 1706 erat
3749 1650 3792 1702 in

2191 1742 2282 1797 his
2315 1741 2468 1797 ullus
2501 1742 2816 1797 inﬁrmus?
2848 1742 2944 1796 ubi
2976 1758 3107 1796 vero
3139 1759 3342 1797 carnes
3374 1741 3688 1797 desiderare
3713 1756 3796 1794 cu:-

435 1835 682 1904 gnantes
743 1831 963 1902 replere
1009 1847 1323 1885 concavum
1375 1829 1789 1902 promuseidis,
1841 1847 1955 1883 non
2016 1835 2081 1884 ut
2113 1869 2159 1931 Β
2192 1836 2423 1904 perunt,
2455 1835 2511 1886 et
2541 1832 2847 1886 desideriis
2879 1832 2935 1885 in
2968 1832 3275 1902 zEgyptum
3331 1831 3796 1892 convertebantur,

433 1921 657 1984 bibant,
692 1921 790 1974 sed
824 1921 1152 1987 effundant;
1189 1924 1358 1990 atque
1391 1920 1447 1972 in
1483 1919 1884 1974 morncntariis
1918 1920 2081 1973 inun-

437 2009 773 2064 dationibus
805 2009 1042 2081 irrigare
1074 2011 1200 2078 ejus
1226 2011 1550 2072 tabernam,
1577 2009 1646 2061 de
1682 2026 1795 2079 quo
1826 2025 1887 2063 se
1919 2013 2081 2079 puta-

435 2099 552 2154 rint
599 2098 997 2153 vindicandos.
1036 2099 1342 2153 Siccantur
1391 2098 1457 2150 ad
1515 2103 1714 2169 potum
1765 2099 1956 2153 subito
2005 2098 2082 2151 la-

434 2205 560 2250 cus,
595 2204 658 2242 ac
691 2193 924 2258 repente
957 2188 1303 2250 funduntur,
1340 2190 1547 2240 natant
1578 2187 1794 2240 omnia.
1828 2187 1930 2241 Cui
1966 2205 2079 2241 non

436 2277 672 2342 mirum,
725 2281 843 2330 tam
892 2276 1174 2331 immania
1220 2273 1545 2330 belluarum
1599 2292 1840 2346 corpora
1888 2293 2084 2347 super-

434 2366 619 2421 ﬂuum
652 2365 732 2419 nil
764 2371 957 2421 tenere
972 2367 1000 2419 ‘?

1024 2481 1256 2536 CAPUT
1296 2481 1491 2535 XVIII.

434 2591 785 2648 Feminarum
841 2591 1071 2645 ebrietas
1126 2607 1291 2660 quam
1333 2590 1403 2642 sit
1451 2590 1584 2658 ipsis
1642 2589 1968 2658 proli-adiam
2022 2607 2085 2644 ac

496 2664 804 2735 perniciosa
835 2663 1197 2732 speciantibus
1229 2679 1246 2716 :
1277 2660 1412 2735 quod
1441 2661 1644 2714 malum
1685 2661 1775 2714 ubi
1824 2663 2084 2730 deplora-

504 2733 602 2801 iiit,
636 2738 901 2805 quantum
932 2735 1128 2788 bonum
1158 2735 1228 2786 sil
1257 2733 1540 2805 sobrietas,
1573 2741 1625 2784 et
1654 2741 1919 2801 quantum
1973 2750 2084 2785 ma-

509 2804 1100 2875 lum,intemperantia
1145 2804 1394 2873 exemplo
1445 2805 1829 2857 Israelitarum
1873 2808 2083 2874 patefa-

510 2880 600 2933 cit.

515 2993 604 3046 66.
639 2991 748 3046 Sed
799 2990 938 3060 quid
989 2991 1056 3044 de
1106 2990 1242 3044 viris
1279 2990 1610 3060 loquamur,
1647 2991 1878 3061 quando
1913 2991 2082 3045 etiam

449 3081 696 3147 feminae,
731 3097 877 3151 quas
909 3084 1132 3150 oportet
1163 3078 1552 3133 sollicitiorem
1589 3079 1840 3133 castitati
1867 3080 2084 3134 sobrie-

444 3170 585 3225 tatis
641 3169 917 3224 adhibere
972 3168 1317 3235 custodiam,
1381 3185 1566 3239 usque
1621 3168 1692 3221 ad
1752 3169 2086 3224 ebrietatem

441 3259 688 3314 bibunt?
718 3259 935 3313 Deinde
965 3263 1451 3330 surgentesquas
1477 3237 1657 3311 etiam
1689 3257 1839 3311 inter
1867 3263 2088 3314 secreta
2121 3237 2160 3302 (ἶ

443 3349 654 3402 domus
684 3346 767 3402 vel
801 3347 988 3401 audiri
1021 3347 1092 3400 ab
1125 3345 1327 3400 alienis
1377 3363 1490 3400 non
1532 3347 1818 3412 convenit,
1869 3346 1952 3401 vel
2005 3348 2085 3401 vi-

443 3436 587 3500 deri,
643 3436 874 3507 prodire
932 3437 1149 3488 audent
1213 3435 1271 3488 in
1343 3434 1665 3505 publicum,
1728 3452 1839 3489 non
1899 3435 2086 3491 velato

439 3524 647 3596 capite,
706 3523 868 3577 vultu
929 3523 1174 3593 procaci.
1238 3523 1550 3593 Apostolus
1581 3526 1634 3591 (Ι
1664 3523 1780 3577 Cor.
1833 3542 1945 3591 xiv,
1995 3527 2085 3594 35)

441 3613 714 3667 mulieres
762 3617 952 3666 tacere
1011 3613 1184 3666 etiam
1250 3612 1308 3665 in
1377 3612 1638 3667 Ecclesia
1686 3613 1876 3682 jubet,
1929 3614 2086 3669 domi

438 3701 594 3756 viros
645 3718 782 3756 suos
831 3701 1092 3772 praacipit
1141 3701 1517 3770 interrogare.
1580 3701 1697 3755 Illa:
1759 3702 1815 3755 in
1881 3703 2086 3773 plateis

440 3791 861 3845 inverecundos
891 3789 1062 3843 etiam
1096 3790 1235 3844 viris
1267 3791 1375 3843 sub
1408 3793 1716 3860 conspectu
1754 3790 2087 3846 adolescen-

440 3879 696 3935 tulorum
728 3878 1242 3949 intemperantium
1277 3878 1483 3931 choros
1517 3879 1759 3942 ducunt,
1797 3880 2086 3948 jactantes

440 3986 690 4036 comam,
738 3968 1034 4022 trahentes
1085 3967 1333 4027 tunicas,
1367 3967 1561 4020 scissre
1611 3966 1880 4028 amictus,
1918 3969 2085 4023 nudre

437 4059 705 4125 lacertos,
739 4057 1082 4128 plaudentes
1132 4055 1426 4120 manibus,
1488 4054 1767 4109 saltantes
1818 4058 2084 4126 pedibus,

439 4150 819 4216 personantes
849 4145 1106 4205 vocibus,
1139 4142 1434 4197 irritantes
1486 4143 1539 4195 in
1594 4160 1653 4196 se
1689 4145 1971 4212 juvenum
2026 4145 2089 4199 li-

438 4235 668 4290 bidines
717 4239 876 4289 motu
927 4232 1290 4296 histrionico,
1338 4231 1621 4302 petulanti
1675 4232 1861 4297 oculo,
1913 4235 2086 4289 dede-

440 4339 642 4377 coroso
691 4322 962 4376 ludibrio.
999 4323 1231 4392 Spectat
1281 4337 1508 4375 corona.
1543 4320 1997 4390 adolescentum,
2032 4329 2086 4378 et

439 4411 505 4463 ﬁt
537 4410 868 4464 miserabile
901 4411 1213 4465 theatrum.
1250 4411 1404 4464 Inter
1433 4409 1774 4464 saltantium
1808 4413 2007 4467 ruinas
2030 4420 2087 4468 et

436 4497 829 4568 spectantium
863 4497 1082 4568 lapsus,
1117 4498 1327 4552 coelum
1374 4499 1603 4570 impuro
1653 4501 2088 4557 contaminatur

2195 1936 2564 1991 nequaquam
2613 1936 2680 1973 ex
2728 1924 2811 1973 tot
2861 1919 3120 1974 millibus
3163 1919 3471 1974 hominum
3521 1921 3574 1974 in
3620 1924 3794 1972 terram

2191 2007 2664 2080 repromissionis
2696 2012 2902 2080 praeter
2931 2009 3078 2062 duos
3110 2008 3410 2079 pervenire
3453 2006 3799 2063 meruerunt?

2193 2100 2393 2170 Itaque
2424 2097 2562 2169 quid
2596 2097 2728 2152 boui
2780 2098 2855 2152 sit
2901 2097 3206 2163 sobrietas,
3250 2097 3392 2169 quid
3442 2097 3578 2152 mali
3625 2097 3797 2151 intem-

2192 2188 2476 2259 perantia,
2511 2186 2646 2240 hinc
2676 2186 2945 2258 colligere
2975 2187 3147 2240 datur
3174 2202 3186 2240 :
3218 2187 3456 2258 quando
3509 2202 3798 2240 murmura-

2193 2279 2334 2333 bant
2391 2277 2752 2346 requirentes
2811 2275 3039 2346 Egypti
3091 2275 3349 2343 delicias,
3385 2293 3419 2329 a
3474 2274 3798 2347 serpentibus

2194 2366 2612 2421 mordebantur
2644 2383 2655 2419 :
2690 2365 2923 2435 quando
2955 2381 3058 2436 per
3088 2365 3268 2419 maris
3302 2364 3484 2419 Rubri
3514 2364 3801 2418 transibant

2194 2455 2486 2518 semitam,
2547 2471 2758 2525 aquam
2825 2453 3123 2509 bibebant.
3199 2454 3327 2509 Non
3387 2471 3521 2525 ergo
3577 2469 3801 2508 veremur

2193 2543 2547 2615 exemplum,
2579 2561 2694 2597 non
2725 2543 2986 2614 fugimus
3016 2542 3252 2598 delicias
3283 2543 3423 2614 (70),
3458 2561 3528 2598 ne
3558 2561 3655 2600 nos
3683 2544 3803 2597 futu-

2195 2649 2390 2688 rorum
2423 2633 2709 2687 bonorum
2742 2632 3047 2703 adeptione
3079 2632 3467 2687 defraudem?

2810 2720 3043 2776 CAPUT
3083 2721 3224 2776 XIX.

2198 2811 2491 2866 Lumariosi
2519 2812 2749 2864 erilium
2783 2811 2955 2864 Isaias
2982 2809 3272 2880 prephelia
3316 2811 3659 2872 denuntiari;
3685 2826 3804 2866 mare

2266 2901 2299 2936 (ι
2347 2884 2761 2946 mercatoribus,
2812 2883 2872 2934 in
2913 2897 3145 2951 quorum
3200 2884 3501 2936 avaritiam
3549 2881 3802 2949 iarrhilur,

2267 2955 2562 3008 sollicitari
2603 2970 2709 3006 non
2742 2952 2966 3012 debere;
3010 2968 3136 3006 eam
3178 2969 3287 3007 non
3339 2954 3410 3007 ad
3458 2956 3803 3022 n—am'gaadum,

2267 3025 2356 3079 sed
2385 3024 2681 3099 adessem,
2714 3031 2764 3078 et
2794 3040 2896 3099 non
2931 3024 3262 3099 hominibus,
3293 3025 3386 3078 sed
3413 3025 3643 3095 piscibus
3665 3030 3805 3099 adpe-

2268 3096 2692 3150 rambulandum
2721 3098 2891 3165 fuerit
2921 3095 3112 3148 datum.
3145 3112 3162 3148 :
3191 3104 3463 3165 postremo
3494 3113 3599 3167 qua
3634 3095 3808 3157 raliene

2267 3169 2494 3222 mwibus
2518 3171 2900 3237 comparentur
2930 3167 3249 3238 voluptuosi.

2269 3258 2356 3311 69.
2391 3257 2459 3310 Et
2506 3255 2643 3326 quid
2700 3254 2944 3309 aliorum
2995 3261 3128 3309 utar
3175 3256 3485 3310 sententiis
3535 3254 3673 3326 (7t)?
3715 3248 3806 3322 Ipsi

2197 3347 2341 3401 bene
2373 3344 2520 3416 pasti
2554 3361 2619 3398 ac
2648 3344 2931 3399 luxuriosi
2954 3344 3089 3415 quid
3117 3344 3226 3399 sibi
3248 3344 3804 3415 sperent,audiamus.

2199 3435 2425 3490 lnducit
2454 3434 2608 3488 enim
2642 3449 2739 3488 eos
2773 3433 2953 3488 Isaias
2984 3433 3261 3506 propheta
3293 3433 3551 3488 dicentes
3584 3448 3594 3486 :
3628 3429 3806 3484 «Man-

2197 3524 2481 3578 ducemus
2513 3527 2568 3576 et
2600 3522 2866 3576 bibamus
2919 3541 2930 3576 :
2983 3539 3112 3576 cras
3161 3522 3319 3576 enim
3374 3521 3808 3590 moriemuriflsa.

2197 3629 2332 3673 xxu,
2369 3613 2475 3678 13).
2513 3632 2537 3659 ››
2572 3611 2891 3680 Meritoque
2941 3610 3226 3665 exclamat
3277 3628 3289 3663 :
3348 3635 3374 3659 ‹‹
3429 3611 3644 3665 Ululate
3670 3623 3814 3662 naves

2197 3698 2585 3769 Carthaginis,
2615 3717 2747 3770 quae
2780 3699 3098 3769 perierunt,
3130 3704 3183 3752 et
3219 3716 3332 3753 non
3381 3699 3630 3770 amplius
3675 3700 3812 3750 erunt

2197 3792 2319 3861 (Isa.
2355 3805 2513 3845 xxiii.
2549 3789 2620 3857 1).
2659 3812 2678 3838 δ
2719 3787 2882 3852 Quod
2913 3793 3000 3842 est
3041 3787 3260 3842 dictum
3317 3789 3389 3843 de
3436 3789 3648 3841 visione
3678 3784 3809 3856 Tyri,

2198 3894 2376 3949 quam
2410 3876 2770 3930 luxuriosam
2796 3877 2998 3931 urbem
3022 3876 3671 3948 cognovimusldeoque
3691 3889 3816 3929 nona

2196 3967 2340 4021 visio
2369 3969 2474 4030 est,
2509 3982 2622 4019 non
2657 3965 2905 4036 septima
2947 3971 3045 4019 aut
3095 3969 3316 4032 octava,
3353 3966 3505 4037 quod
3557 3982 3618 4020 ea
3665 3977 3815 4033 neque

2198 4057 2382 4129 legem
2417 4055 2726 4119 custodiat,
2764 4070 2952 4124 neque
2985 4054 3277 4126 Evangelii
3305 4056 3554 4127 gratiam
3589 4071 3598 4108 :
3632 4069 3747 4108 cum
3774 4053 3817 4102 et

2198 4145 2452 4200 Sabbato
2484 4143 2742 4213 legitimo
2775 4142 2939 4214 ignes
2961 4142 3225 4197 libidinis
3250 4143 3484 4198 adolere
3503 4142 3814 4198 sitvetitum.

2199 4240 2254 4290 et
2283 4232 2572 4303 Evangelii
2609 4233 2756 4285 serie
2803 4236 3042 4286 octavus
3088 4233 3212 4288 dies
3246 4229 3686 4287 resurrectionis
3716 4227 3817 4282 illu-

2199 4329 2342 4378 ccat.
2406 4323 2563 4374 Idem
2636 4327 2826 4375 autem
2891 4322 3013 4376 dies
3074 4321 3302 4392 primus
3364 4327 3536 4392 atque
3592 4324 3813 4375 octavus.

2199 4413 2335 4485 quia
2410 4410 2708 4464 Dominica
2767 4410 2890 4464 dies
2971 4412 3027 4464 in
3092 4399 3177 4466 'se
3255 4410 3521 4466 recurrit.
3603 4405 3814 4464 Luxuria

2196 4517 2331 4573 ergo
2366 4517 2467 4553 nec.
2501 4500 2670 4552 tidem
2706 4499 2877 4553 habet
2908 4501 3042 4571 (72),
3079 4517 3182 4554 nec
3217 4500 3642 4555 observantiam
3672 4493 3812 4549 disci-

433 4619 1034 4698 bant,_cliiidias_seu
1089 4622 1319 4689 clindia,
1373 4625 1536 4693 quasi
1570 4634 1783 4682 κλενίδικ
1824 4626 2077 4698 appella~
2114 4610 2156 4672 D
2189 4627 2429 4684 obscenis
2471 4625 2722 4698 cautibus
2775 4626 3107 4698 verberatur,
3160 4643 3303 4680 mss.
3352 4625 3571 4679 habent
3620 4620 3798 4694 partim

434 4700 544 4750 tos.
579 4692 1002 4769 Verum__hujus
1039 4699 1247 4747 nostra:
1281 4692 1625 4766 conjecturae
1659 4716 1834 4769 penes
1864 4692 2078 4754 doctio-

437 4783 530 4822 res
553 4771 677 4819 esto
701 4763 1012 4833 judicium.

506 4838 620 4908 (68)
653 4839 868 4891 Omnes
900 4837 1138 4890 omnino
1169 4837 1327 4896 edit...
1382 4839 1521 4902 Quid
1574 4845 1815 4894 I't".t’.l‘(UIt
1867 4845 2083 4896 auditu?

435 4910 574 4964 Mihi
626 4925 733 4964 non
788 4909 990 4978 peculi,
1045 4907 1134 4961 seti
1179 4909 1437 4976 pro/luvii
1494 4927 1662 4976 genus
1715 4929 1826 4967 esse
1877 4913 2084 4968 videtur

437 4980 596 5050 quod,
631 4985 738 5034 etc.
772 4980 978 5034 Melius
1010 4996 1140 5050 vero
1175 4995 1315 5032 mss.
1351 4979 1600 5042 Thuan.,
1639 4984 1842 5046 Laud,
1893 4985 2080 5050 Dion.,

439 5049 655 5124 Germ.,
689 5051 875 5124 HVict.
906 5056 963 5106 et
1009 5049 1169 5124 Colb.
1221 5054 1290 5124 ut
1339 5069 1450 5124 nos
1492 5052 1551 5124 in
1591 5070 1858 5124 corpore.
1911 5061 2084 5110 Porro

437 5120 594 5175 hunc
643 5123 877 5176 bibendi
931 5123 1169 5176 modum
1221 5121 1377 5175 hami
1438 5123 1600 5176 inviti
1667 5120 2086 5180 crediderimus

438 5194 706 5246 eumdem
759 5211 907 5266 esse,
952 5211 1120 5264 (piem
1156 5193 1503 5266 vocitabant.
1551 5197 1836 5266 amystide
1892 5199 2087 5253 bitu-iro

437 5271 615 5334 ᾴμύστι
654 5274 822 5334 πίνειν,
859 5265 1122 5319 immotis
1156 5264 1332 5318 labris
1363 5271 1418 5320 et
1448 5264 1718 5321 contione
1769 5270 1947 5324 ductu
2003 5271 2085 5323 bi-

437 5333 572 5406 bere
606 5351 617 5388 :
651 5336 719 5388 de
752 5333 863 5406 quo
899 5337 1189 5401 lloratius,
1225 5337 1324 5390 lib.
1363 5355 1397 5403 ι,
1432 5338 1547 5391 ()do
1600 5339 1656 5392 in
1708 5341 1971 5394 Numida»
2008 5358 2089 5396 re-

435 5403 626 5457 ditum
660 5403 922 5460 non—nihil
955 5409 1147 5461 habet.

506 5474 616 5544 (60)
651 5476 814 5529 Rom.
847 5479 984 5533 crlit.
1021 5481 1103 5532 ita
1154 5479 1406 5531 restituit
1453 5497 1481 5533 e
1532 5481 1656 5533 cod.
1713 5483 1838 5534 Vat.
1891 5483 1981 5535 cui
2035 5488 2090 5536 et.

435 5550 731 5623 postrates
763 5547 816 5599 in
855 5549 958 5601 hoc
991 5552 1384 5613 mnscntiimt;
1424 5556 1474 5601 a‘.
1509 5551 1564 5604 in
1603 5557 1719 5606 ant.
1758 5555 1898 5607 edit.
1939 5555 2089 5623 lege-

435 5618 607 5670 batur
641 5621 835 5696 :_ln.’er
886 5622 1209 5674 saltantium
1247 5623 1487 5696 _Ia,":7:$,
1538 5625 1701 5678 uol/0
1763 5629 1856 5696 τὴν]
1883 5617 2023 5684 mo,”
2057 5629 2101 5680 rt

437 5692 805 5744 contaminato
835 5701 1068 5760 aspecta.
1103 5698 1207 5745 etc.
1247 5692 1469 5747 Rursus
1517 5695 1610 5748 ubi
1665 5695 1805 5750 edit.
1839 5692 2089 5764 'omnes,

2189 4699 2426 4755 obscenis
2451 4696 3047 4767 sal/antibus,partim,
3074 4698 3312 4751 obscenis
3348 4695 3811 4767 saltatibusgunus:

2189 4769 2593 4834 Saltaiionilms)
2652 4762 2983 4822 rm'brratm'.
3801 4762 3810 4784 ’

2266 4841 2375 4910 (70)
2409 4840 2556 4893 Edit.
2602 4855 2827 4900 omnes,
2861 4841 2962 4893 Nos
3009 4856 3135 4906 ergo
3183 4857 3469 4894 vereamur
3516 4836 3810 4910 exemplum:

2192 4905 2289 4968 nos
2319 4901 2598 4981 fugiamus
2646 4911 2888 4972 delicias,
2942 4901 3231 4965 etc.vl\'on
3282 4901 3682 4981 incommode}
3731 4901 3810 4956 sed

2197 4979 2389 5038 tamen
2422 4982 2818 5035 vehementior
2847 4986 2934 5035 est.
2975 4982 3201 5036 dicendi
3238 4986 3424 5037 t'orma
3456 4998 3553 5054 per
3593 4979 3809 5032 interro-

2197 5055 2490 5128 gationem
2523 5069 2653 5106 cum
2692 5053 3085 5128 increpatione
3113 5053 3511 5128 conjunctam,
3544 5055 3605 5105 ut
3643 5061 3752 5103 eam
3786 5058 3809 5095 θ

2199 5124 2337 5182 ἵηςς.
2376 5131 2594 5193 septem
2636 5124 2889 5178 melioris
2924 5132 3068 5179 notis
3101 5126 3466 5180 exhibemus.

2271 5197 2379 5266 (ῖὲ)
2415 5191 2625 5249 O'nnes
2660 5196 2796 5249 edit.
2833 5213 2894 5248 ae
2919 5197 3032 5252 duo
3065 5215 3231 5262 mss.,
3264 5206 3392 5251 utar
3419 5191 3699 5263 exemplis;
3736 5201 3806 5239 r0-

2201 5268 2340 5339 liqni
2383 5285 2545 5328 mas,
2584 5272 2707 5319 afn'
2731 5269 3033 5322 si'nk’nliis'.

2272 5325 2382 5410 L72)
2418 5339 2497 5393 Ita
2526 5325 2622 5392 Sex
2656 5355 2797 5392 mss.
2835 5339 3089 5394 melioris
3125 5356 3358 5393 manus.
3395 5335 3502 5410 Alii
3547 5335 3724 5410 auten}
3761 5325 3804 5377 εἴ

2201 5399 2404 5466 omnes
2435 5409 2594 5474 cdit.,
2631 5426 2726 5463 nec
2755 5411 2918 5478 ﬁnem
2949 5412 3122 5466 habet.
3158 5411 3412 5481 Utraque
3443 5405 3598 5481 lectio
3635 5399 3801 5481 defen:

2202 5485 2257 5536 di
2293 5486 2508 5554 potest;
2545 5469 2642 5534 sed
2677 5468 2869 5535 tamen
2905 5488 3102 5538 nostra
3131 5468 3356 5536 vitletu‘r
3380 5473 3726 5554 prirt'crendﬂ;
3757 5468 3801 5554 υ(

2201 5551 2308 5607 εηρκῖ
2328 5554 2751 5607 olmnrt‘alimzem
2783 5555 3105 5625 disciplin—xl?
3136 5551 3417 5610 referatur
3441 5551 3512 5625 ad
3541 5552 3802 5625 superlata

2205 5625 2324 5686 illa,
2360 5641 2530 5694 neque
2565 5626 2734 5694 legem
2763 5615 3049 5682 custodiat.
3099 5627 3184 5692 Et,
3238 5642 3331 5680 nec
3377 5624 3532 5692 ﬁdem
3579 5615 3641 5672 ad
3689 5615 3800 5672 ista,

2202 5713 2376 5768 neque
2403 5698 2699 5765 Evangelii
2728 5699 2986 5765 gratiam.
