4052 6196
271 345 380 411 757

1399 344 1631 441 manu
1677 346 1776 410 ne
1818 341 2003 410 sua
2046 343 2144 408 ET
2186 339 2526 411 JEJUNIO.

3547 338 3668 411 758

271 478 435 557 plina
461 477 727 540 :luxuria
749 477 1132 542 seminarium
1149 487 1205 540 et
1229 480 1671 558 origovitiorum
1685 479 1914 538 est.Nec
1942 477 1997 548 Α
2027 479 2138 538 ties
2167 481 2598 540 recurrentibus
2629 477 3048 540 mercatoribus
3078 480 3380 540 exaratum
3414 495 3429 552 ;
3457 503 3486 534 «
3527 481 3667 540 Eru-

273 571 626 628 arhitremini
657 573 938 631 adversus
966 572 1314 648 Apostolum
1337 573 1552 630 dixisse
1575 573 1619 644 (I
1649 573 1783 627 Tim.
1831 587 1906 638 ιν,

273 663 340 732 1),
373 661 511 735 quia
539 661 637 718 ille
665 663 750 718 ait
779 663 1082 720 avaritiam
1137 663 1393 719 radicem
1455 677 1581 717 esse
1635 660 1908 716 vitiorum

271 751 1092 824 omnium,quoniamluxuria
1109 751 1296 826 ipsius
1319 756 1407 806 est
1431 750 1905 806 mater-avaritia

273 841 493 895 Etenim
526 855 659 896 cum
692 841 1028 898 exhauserit
1055 842 1190 914 quis
1233 840 1582 897 luxuriando
1641 838 1908 912 proprias

271 928 591 996 facultates,
624 929 831 1001 qumrit
861 935 1062 1004 postea
1093 947 1266 986 avara
1292 928 1654 1002 compendia.

333 1019 420 1072 70.
452 1017 680 1073 Auditis
711 1019 883 1075 hodie
913 1019 1055 1092 quid
1077 1019 1291 1076 lectum
1323 1019 1437 1074 sit:
1474 1042 1500 1068 ‹‹
1536 1018 1905 1086 Mercatores,

267 1106 475 1180 inquit,
506 1106 845 1164 Phcenieum
867 1112 1295 1164 trausmeantes
1323 1124 1483 1162 mare
1505 1106 1562 1162 in
1588 1123 1739 1179 aqua
1764 1105 1911 1161 mul-

271 1199 324 1252 ta
349 1213 362 1264 ;
391 1211 591 1251 semen
620 1201 1010 1253 mercatorum
1042 1197 1196 1253 sicut
1226 1197 1434 1252 messis
1479 1213 1605 1269 quze
1654 1195 1912 1251 defertur

269 1287 390 1356 (Im.
423 1303 580 1351 xxm,
614 1288 668 1354 2,
701 1286 754 1356 3)
794 1310 814 1336 ι
840 1286 1056 1342 Vicina:
1102 1290 1242 1342 sunt
1292 1286 1415 1341 ista;
1468 1286 1754 1352 civitates,
1799 1285 1908 1357 Ty-

272 1391 384 1440 rus,
418 1374 705 1442 Phoenice,
741 1375 919 1431 Sidon
955 1375 1192 1430 :vicinze
1228 1378 1289 1430 ut
1319 1375 1486 1439 locis,
1512 1375 1594 1429 ita
1623 1379 1679 1429 et
1727 1373 1906 1430 vitiis.

267 1464 610 1519 Mercatorcs
643 1481 677 1518 a
706 1464 1202 1536 negotiationibus
1231 1463 1558 1536 periculosa
1577 1463 1910 1518 transfreta-

267 1551 416 1607 tione
448 1552 628 1608 maris
661 1552 806 1609 557
840 1553 1051 1609 lucclla
1080 1559 1407 1625 quaerentes
1465 1553 1598 1625 (73).
1650 1551 1912 1608 Sollicita

266 1642 381 1696 vita
411 1641 740 1709 hominum,
789 1641 1052 1715 inquieta
1108 1643 1487 1709 conversatio,
1549 1647 1606 1696 rt
1655 1641 1908 1713 quodam

265 1746 494 1802 semper
524 1731 582 1784 in
615 1731 868 1798 turbine,
917 1731 1106 1786 ventis
1162 1731 1307 1804 ipsis
1365 1729 1635 1786 mobilior
1691 1729 1910 1800 quibus

265 1818 532 1885 volvitur,
565 1825 622 1876 et
654 1819 770 1875 huc
801 1825 976 1893 atque
1007 1819 1148 1876 illuc
1178 1837 1328 1892 saepe
1362 1821 1638 1890 jactatur.
1701 1818 1910 1890 Utique

261 1908 547 1964 accusatis
578 1909 778 1964 crebra
810 1908 1136 1982 naufragia,
1169 1907 1300 1980 quis
1331 1925 1430 1963 vos
1462 1907 1733 1979 navigare
1758 1922 1911 1962 com-

263 1996 479 2072 pellit?
507 1997 680 2060 Quasi
716 2014 828 2052 non
872 1997 1090 2052 invidia
1136 2014 1312 2070 opum
1345 2001 1400 2051 et
1447 2000 1631 2050 terras
1684 1995 1912 2052 faciatis

261 2087 504 2154 intutas,
538 2089 594 2142 et
620 2087 691 2142 ad
724 2085 1094 2142 latrocinium
1123 2085 1410 2158 plurimos
1443 2084 1703 2140 excitetis
1733 2085 1761 2138 ?
1789 2085 1909 2140 Ma-

260 2192 321 2232 re
349 2192 466 2231 non
497 2176 568 2230 ad
601 2175 997 2248 navigandum
1031 2176 1163 2231 fecit
1184 2175 1358 2242 Deus,
1393 2175 1493 2230 sed
1527 2177 1767 2246 pr0pter
1795 2173 1910 2229 ele-

259 2264 442 2320 menti
476 2263 994 2337 pulehritudinem.
1029 2264 1229 2320 Latius
1261 2262 1449 2336 pelagi
1477 2261 1627 2318 fudit
1655 2278 1909 2334 aequora,

258 2358 412 2410 certe
443 2359 509 2409 ut
537 2355 681 2410 freto
714 2353 1038 2408 includeret
1065 2357 1274 2419 terras,
1309 2369 1379 2408 ne
1413 2351 1648 2424 longius
1701 2357 1760 2406 tu
1811 2368 1908 2406 va-

257 2459 368 2515 gus
399 2445 456 2498 et
485 2441 615 2498 exul
646 2458 889 2499 errares.
923 2442 1035 2498 Sed
1067 2444 1415 2514 tempestate
1439 2441 1698 2511 jactatur
1728 2456 1907 2494 mare.

258 2532 490 2589 Timere
520 2547 677 2604 ergo,
712 2548 826 2587 non
873 2546 1158 2603 usurpare
1202 2531 1426 2586 debetis
1457 2529 1587 2600 (74).
1643 2528 1909 2584 Elemen-

257 2626 385 2676 tum
421 2620 702 2676 innocens
733 2619 880 2675 nihil
933 2619 1225 2691 deliquit;
1285 2619 1587 2674 temeritas
1647 2618 1908 2672 humana

259 2707 370 2764 sibi
399 2713 456 2764 et
485 2709 614 2780 ipsa
643 2707 991 2764 discrimini.
1027 2707 1289 2779 Denique
1319 2705 1419 2778 qui
1479 2724 1594 2761 non
1652 2704 1904 2778 navigat,

254 2798 445 2854 nescit
476 2797 682 2853 timere
713 2797 1108 2868 naufragium.
1142 2795 1422 2852 Dominus
1453 2795 1599 2850 dixit
1632 2813 1644 2850 :
1705 2817 1732 2843 «
1801 2797 1904 2850 Do-

259 2887 484 2942 minani
518 2886 766 2959 piscium
800 2887 980 2942 maris
1025 2885 1176 2956 (Gen.
1211 2903 1247 2951 ι,
1299 2887 1412 2952 2'8).
1459 2906 1486 2933 »
1545 2901 1658 2939 non
1695 2883 1902 2938 -dixit:

253 2975 531 3048 Navigate
565 2975 620 3029 in
655 2974 950 3030 fluctibus.
976 2974 1237 3044 Denique
1267 2977 1322 3029 et
1362 2973 1647 3046 propheta
1703 2972 1903 3039 Jonas,

253 3063 356 3136 qui
388 3063 611 3119 missus
638 3067 728 3119 est
759 3063 818 3118 in
851 3062 1138 3130 Ninivem,
1175 3065 1238 3118 ut
1268 3061 1666 3134 paenitentiam
1699 3060 1904 3132 praedi-

253 3157 433 3213 caret.
466 3152 607 3224 quia
635 3151 815 3206 voluit
850 3151 1138 3224 navigare,
1177 3155 1240 3206 ut
1270 3151 1494 3223 fugeret
1523 3167 1555 3204 a
1580 3149 1724 3207 facie
1780 3148 1902 3217 Dei,

2023 573 2213 638 besce,
2237 573 2437 641 Sidon,
2467 573 2613 628 dixit
2643 589 2802 630 mare
2829 573 2960 642 (Isa,
2989 589 3148 640 xxm,
3185 571 3256 643 4).
3293 594 3320 621 ››
3359 571 3665 646 Tanquam

2022 663 2246 735 fatigati
2279 662 2548 718 elementi
2579 679 2684 718 vox
2715 663 2826 717 ista
2857 662 3104 717 dicentis
3125 665 3214 717 est
3247 679 3260 717 :
3295 685 3323 711 «
3357 661 3668 730 Erubesce,

2023 752 2231 819 Sidon,
2267 776 2294 801 ››
2318 752 2427 808 hoc
2457 758 2566 820 est,
2601 769 2762 808 meos
2820 751 3035 807 ﬂuctus
3087 752 3412 824 negotiator
3447 752 3670 826 arguis,

2020 859 2155 898 cum
2184 841 2266 898 sis
2298 843 2422 914 ipse
2455 841 2732 897 ﬂuetibus
2762 839 3078 912 inquietior
3105 858 3116 907 ;
3165 845 3222 896 et
3252 841 3529 898 erubesce
3579 839 3668 898 vel

2019 931 2258 1005 pudore,
2295 933 2576 1005 quoniam
2609 929 2866 1004 periculo
2900 947 3014 985 non
3049 929 3318 986 moveris.
3379 930 3666 986 Verecun-

2019 1020 2211 1077 diores
2245 1021 2397 1077 venti
2432 1025 2574 1077 sunt
2604 1037 2780 1092 quam
2813 1022 3013 1074 vestrae
3040 1016 3411 1090 cupiditates.
3444 1017 3530 1074 Illi
3562 1019 3666 1075 ha-

2019 1110 2158 1166 bent
2189 1109 2304 1166 otia
2336 1127 2463 1180 sua,
2498 1127 2800 1182 nunquam
2831 1111 3022 1164 vestra
3043 1107 3335 1180 quznrendi
3367 1106 3563 1164 studia
3592 1108 3668 1165 fe-

2020 1199 2267 1256 riantur.
2301 1201 2531 1256 Etcum
2582 1199 2767 1256 otiosa
2825 1201 3142 1270 tempestas
3199 1205 3310 1268 est,
3360 1213 3664 1270 nunquam

2018 1293 2213 1344 vestra
2243 1289 2430 1345 otiosa
2453 1295 2592 1345 sunt
2615 1287 2864 1360 navigia.
2897 1288 3178 1343 Versatur
3207 1287 3365 1342 unda
3415 1287 3525 1343 sub
3577 1302 3668 1342 re-

2022 1378 2200 1452 mige,
2233 1380 2468 1452 quando
2491 1379 2738 1452 quiescit
2767 1395 2798 1434 a
2831 1376 3082 1433 ﬂamine.

2089 1471 2178 1522 72.
2220 1489 2240 1517 ι
2275 1468 2398 1523 Non
2432 1467 2733 1538 parturivi,
2767 1466 2978 1537 inquit,
3013 1482 3116 1522 nec
3148 1465 3365 1538 peperi,
3389 1481 3494 1521 nec
3525 1481 3666 1520 enu-

2019 1556 2153 1610 trivi
2181 1558 2426 1628 juvenes
2471 1557 2677 1624 (Ibid).
2715 1579 2740 1605 ››
2795 1554 2942 1618 Quid
2996 1571 3089 1610 me
3142 1553 3474 1626 inquietant
3521 1569 3670 1626 quos

2021 1645 2234 1712 nescio,
2266 1661 2414 1717 quos
2447 1662 2558 1700 non
2593 1661 2844 1716 agnosco
2865 1645 2893 1698 ‘?
2924 1668 2952 1694 ‹‹
3006 1645 3087 1699 Ite
3117 1643 3173 1698 in
3233 1643 3665 1716 Carthaginem,

2018 1732 2260 1796 ululate.
2292 1733 2393 1803 qui
2425 1733 2767 1788 inbahitatis
2797 1732 3023 1788 insulas
3081 1731 3239 1800 (Ibid.
3297 1733 3371 1795 6).
3407 1753 3433 1780 υ
3481 1734 3670 1802 Supra

2019 1821 2164 1878 dixit
2194 1840 2207 1877 :
2251 1844 2275 1875 υ
2303 1821 2551 1890 Ululate,
2579 1839 2756 1878 naves
2787 1820 3178 1891 Carthaginis.
3208 1842 3234 1870 »
3253 1819 3665 1893 Carthaginem

2021 1913 2235 1967 etenim
2267 1911 2424 1984 Tyrii
2457 1911 2862 1974 condiderunt,
2904 1915 2958 1964 et
2987 1910 3116 1963 ideo
3175 1909 3666 1982 Carthaginenses

2021 2004 2352 2072 sequuntur
2381 1999 2669 2055 luxuriam
2711 1999 3103 2062 conditorum,
3165 1998 3464 2053 transfusa
3511 1997 3571 2052 in
3602 2012 3665 2052 se

2021 2088 2288 2144 decolore
2318 2088 2690 2144 successione
2721 2087 3012 2160 nequitiis,
3054 2087 3445 2159 pessimorum
3502 2086 3668 2141 vitio-

2021 2194 2150 2232 rum
2182 2177 2497 2234 deteriores
2527 2177 2806 2233 hmredes.
2836 2177 2903 2232 Et
2932 2177 3078 2232 bene
3105 2175 3459 2241 luxuriosos,
3493 2190 3667 2230 naves

2021 2267 2187 2322 dixit.
2222 2266 2386 2322 Sicut
2407 2266 2564 2321 enim
2596 2265 2682 2321 ha:
2712 2269 2909 2330 vento,
2933 2265 3015 2320 ita
3045 2263 3127 2320 illi
3151 2265 3280 2320 cibo
3293 2265 3594 2336 jactentur
3613 2268 3670 2320 et

2017 2355 2170 2411 vino.
2207 2355 2436 2411 Insulas
2469 2355 2622 2412 558
2666 2353 2886 2427 repleta
2942 2358 3082 2426 potu
3139 2370 3384 2426 corpora
3433 2352 3669 2410 inhabi-

2019 2448 2145 2498 tant
2175 2446 2307 2516 (76),
2339 2443 2661 2515 naufragiis
2689 2443 3128 2500 circumsonant
3153 2443 3488 2500 tunduntur
3523 2443 3666 2498 ﬂuc-

2017 2533 2176 2588 tibus
2205 2533 2535 2599 ebrietates,
2569 2549 2674 2587 nec
2722 2549 2824 2603 per
2879 2532 3054 2596 diem,
3114 2547 3222 2587 nec
3277 2548 3382 2604 per
3434 2536 3663 2588 noctem

2019 2623 2348 2694 quiescunt.
2383 2622 2600 2677 Horum
2659 2620 2840 2692 igitur
2895 2623 3285 2676 mercatorum
3345 2635 3544 2675 semen
3601 2619 3661 2674 in

2017 2727 2190 2782 aqua,
2224 2709 2435 2766 messis
2465 2711 2522 2764 in
2555 2709 2834 2765 ﬂuctibus
2862 2713 2970 2765 est.
3005 2713 3068 2764 In
3099 2725 3252 2780 aqua
3291 2709 3444 2762 enim
3506 2708 3662 2764 labo-

2017 2815 2110 2854 res
2140 2815 2278 2854 suos
2308 2798 2622 2861 seminant,
2656 2802 2720 2852 ut
2750 2795 3009 2868 pericula
3039 2799 3280 2850 metant.
3315 2795 3378 2850 In
3409 2811 3562 2866 aqua
3577 2795 3662 2851 eis

2017 2904 2185 2960 seges
2215 2887 2485 2960 pullulat,
2519 2887 2576 2942 in
2608 2903 2761 2958 aqua
2795 2884 3005 2942 messis
3063 2885 3358 2940 exuberat.
3417 2885 3664 2940 Fructus

2015 2977 2141 3048 ipse
2171 2977 2230 3032 in
2278 2993 2433 3048 aqua
2462 2980 2569 3040 est,
2593 2991 2898 3046 nunquam
2943 2978 3109 3029 tutus
3139 2976 3195 3028 ct
3225 2971 3468 3028 solidus.
3503 2973 3666 3029 Unde

2018 3070 2169 3121 recte
2199 3066 2280 3120 ait
2309 3066 2525 3136 (Exeo/1.
2559 3081 2752 3124 xxvm.
2789 3065 2876 3128 17,
2909 3064 2996 3133 18)
3029 3080 3040 3116 :
3075 3061 3183 3124 Qui
3215 3061 3546 3117 seminabat
3602 3060 3662 3117 in

2015 3159 2191 3216 terra,
2225 3171 2340 3210 non
2373 3153 2629 3208 introivit
2661 3153 2717 3206 in
2751 3150 3203 3224 negotiationem
3239 3167 3251 3204 :
3286 3149 3405 3204 imo
3435 3149 3535 3222 qui
3567 3167 3663 3205 se-

251 3221 600 3313 tempestate
630 3241 922 3306 turbatur,
953 3221 1011 3294 et
1042 3244 1193 3295 sorte
1225 3221 1456 3304 ductus,
1490 3238 1826 3310 et'jaetatus
1847 3238 1906 3292 in
1937 3221 1983 3291 Ca
2017 3242 2281 3298 minabat
2309 3243 2368 3297 in
2401 3241 2564 3297 ccelo.
2597 3243 2707 3298 Sed
2741 3221 2994 3297 estbona
3015 3238 3374 3310 terrainqua
3392 3221 3660 3311 quicum-

252 3347 438 3397 mare,
470 3333 528 3385 et
549 3334 824 3401 exceptus
856 3345 889 3384 a
918 3331 1042 3383 ceto
1073 3332 1180 3383 est.

321 3419 414 3474 71.
447 3416 736 3490 Propheta
763 3433 997 3490 quoque
1026 3417 1207 3472 David
1250 3415 1351 3482 ait,
1408 3432 1540 3470 cum
1601 3415 1702 3470 Dei
1751 3415 1903 3470 circa

250 3507 555 3563 hominem
588 3509 1071 3562 commemoraret
1099 3505 1346 3578 gratiam
1385 3521 1398 3559 :
1431 3524 1452 3550 α
1493 3503 1705 3559 Omnia
1759 3504 1902 3560 sub-

237 3595 438 3669 jecisti
473 3596 584 3652 sub
612 3595 861 3668 pedibus
891 3595 1038 3665 ejus,
1072 3611 1206 3650 oves
1248 3598 1304 3650 et
1353 3593 1526 3649 boves
1577 3593 1901 3660 universas,

249 3685 496 3757 insuper
524 3690 581 3740 et
611 3701 820 3756 pecora
847 3683 1060 3755 campi,
1091 3683 1354 3738 volucres
1411 3682 1560 3750 cmli,
1595 3687 1654 3738 et
1712 3683 1903 3753 pisces

252 3774 459 3840 maris,
487 3773 584 3845 qui
611 3771 1021 3844 pcrambulant
1049 3772 1292 3828 semitas
1333 3773 1514 3826 maris
1552 3773 1725 3838 (Psal.
1783 3788 1902 3838 vm,

252 3863 306 3927 8,
340 3861 414 3931 9).
454 3883 482 3912 n
517 3861 780 3916 Piscibus
811 3860 990 3926 dedit,
1027 3877 1141 3916 non
1172 3859 1535 3925 hominibus,
1595 3860 1905 3931 perambu-

254 3950 377 4006 lare
406 3949 650 4006 semitas
684 3949 887 4004 maris.
921 3950 1006 4004 Ad
1063 3965 1258 4005 escam
1317 3949 1424 4004 tibi
1483 3965 1644 4004 mare
1701 3948 1907 4003 datum

259 4044 368 4106 est,
399 4055 514 4094 non
541 4039 614 4094 ad
646 4037 974 4110 periculum
1007 4055 1020 4092 :
1054 4039 1126 4094 ad
1153 4039 1372 4103 cibum,
1403 4054 1518 4092 non
1551 4037 1623 4092 ad
1685 4053 1908 4092 merca-

260 4132 386 4183 tum
417 4132 600 4183 utere.
633 4127 747 4182 Cur
775 4127 882 4182 tibi
913 4126 1236 4198 periculum
1270 4143 1514 4198 generas
1544 4126 1616 4182 de
1655 4125 1913 4197 volupta-

265 4218 383 4270 tate
413 4216 439 4270 ?
466 4232 573 4271 cur
603 4215 982 4287 separatioris
1014 4215 1286 4271 elementi
1318 4214 1606 4285 profunda
1638 4213 1913 4268 rimaris?

267 4301 378 4358 Cur
405 4303 695 4376 inquietas
729 4304 934 4359 mundi
965 4295 1402 4359 altiorasecreta
1431 4304 1457 4356 ἱ)
1483 4303 1598 4357 Cur
1619 4307 1912 4374 postremo

269 4392 475 4464 sepius
527 4391 756 4448 sulcare
805 4397 980 4464 atque
1035 4407 1272 4447 exarare
1331 4391 1543 4446 fluctus
1600 4389 1914 4461 impatiens

269 4486 443 4536 nauta
470 4481 774 4536 contendis
805 4481 831 4536 ?
876 4482 989 4537 Cur
1039 4484 1234 4536 tantas
1287 4479 1623 4550 frequenter
1681 4478 1916 4534 innoxia

269 4584 512 4639 δίψιοι-ει,
543 4569 740 4625 irritas
776 4569 1056 4640 procellas
1086 4570 1114 4624 ‘I
1143 4569 1186 4624 Ο
1239 4567 1610 4640 inexplebilis
1672 4567 1917 4622 avaritia
1943 4587 1996 4660 Β

272 4665 649 4714 mercatorum
688 4657 700 4712 t
731 4659 923 4713 Credit
947 4657 1050 4712 tibi
1080 4663 1136 4712 et
1169 4655 1907 4726 mare,ctinquietudinem

273 4746 426 4802 tuam
460 4745 702 4819 pelagus
747 4747 895 4801 ferre
945 4756 1058 4800 no‘n
1109 4749 1298 4818 potest
1345 4745 1476 4815 (75).
1535 4745 1788 4818 Denique
1825 4749 1912 4800 t0-

341 4889 448 4960 (73)
479 4887 629 4944 Edit.
666 4891 772 4942 Am
827 4892 884 4943 et
905 4889 1033 4943 Era.
1065 4905 1196 4942 cum
1233 4904 1378 4941 mss.
1411 4886 1654 4960 aliquot,
1711 4888 1916 4940 Μεννα-

269 4960 410 5030 turis
437 4976 499 5013 ac
526 4961 989 5028 negotiationibus
1019 4959 1709 5030 periculosalmnsfretatiu
1726 4960 1916 5013 maris.

276 5029 822 5113 Lwelltz‘quwrentes
855 5029 1031 5113 ;_Cill.
1067 5047 1134 5085 ao
1163 5031 1352 5113 Πρω..
1521 5030 1734 5113 bucella
1765 5045 1920 5100 quae-

275 5115 420 5184 rcns.
453 5101 558 5184 Alii
587 5101 1000 5184 mssz‘partim,
1033 5109 1359 5184 mercatores-
1376 5117 1396 5160 ;
1440 5101 1652 5184 partim
1677 5173 1686 5183 .
1711 5117 1920 5156 merca-

273 5171 782 5245 toribusNonnulli
817 5171 1308 5245 transfretatio,alii
1342 5173 1921 5245 transfretatione,etc.

273 5240 333 5296 ln
421 5243 523 5301 hac
609 5255 806 5300 autem
889 5240 1388 5314 varietate'quos
1455 5240 1923 5314 commodiorem

281 5330 517 5372 sensum
588 5317 832 5372 reddere
911 5313 1404 5382 existii‘navimus,
1475 5313 1606 5368 aliis
1671 5314 1926 5386 prmluli-

279 5401 436 5440 mus.

351 5457 458 5528 (74)
489 5457 706 5514 Omnes
739 5458 904 5524 edit.,
939 5461 1152 5514 Temere
1179 5473 1304 5529 ergo
1332 5473 1441 5512 non
1472 5471 1738 5526 usurpare
1775 5456 1928 5512 debe-

281 5541 420 5582 mus.
455 5529 672 5585 Omnes
704 5547 876 5598 mss.,
909 5531 1114 5586 Timere
1137 5546 1263 5598 ergo
1293 5544 1425 5592 non,
1467 5531 1576 5582 etc.

354 5599 463 5672 (75)
495 5603 628 5656 Ant.
662 5602 800 5657 edit.
836 5605 893 5658 et
917 5602 1044 5657 cod.
1075 5602 1246 5656 Mieh.
1279 5605 1334 5653 et
1362 5598 1511 5663 Val.,
1535 5598 1667 5653 cede
1689 5601 1737 5653 et
1759 5601 1816 5653 tu
1838 5600 1934 5654 ubi

282 5673 333 5722 et
359 5673 586 5742 pelagus
617 5674 1055 5745 inquietudinem
1083 5677 1236 5729 tuam
1268 5688 1374 5727 non
1419 5673 1595 5742 potest
1644 5672 1930 5726 sustinere.

2012 3348 2126 3404 que
2157 3330 2786 3398 seminaveritJ‘ructus
2816 3329 2867 3385 ei
2899 3327 3163 3384 caelestes
3193 3325 3478 3383 orientur.

2645 3443 2881 3500 CAPUT
2921 3443 3037 3498 ΧΧ.

2011 3555 2073 3608 In
2107 3553 2386 3607 verborum
2426 3552 2638 3622 vilitate
2666 3551 2870 3622 sapius
2925 3550 3190 3620 majorem
3248 3551 3423 3606 inesse
3473 3549 3658 3622 e/ﬁca-

2083 3626 2245 3679 ciam.
2280 3621 2550 3692 Quomodo
2575 3621 2848 3677 canticum
2876 3623 3178 3676 meretricis
3207 3621 3508 3677 nationum
3531 3637 3660 3675 eon-

2081 3696 2320 3766 gregatio
2349 3695 2651 3748 canta-verit
2673 3711 2693 3754 ;
2729 3709 2856 3766 cum
2899 3693 3280 3766 exhortatione
3321 3692 3392 3746 ad
3440 3708 3666 3766 (morum

2042 3785 2064 3804 ο
2083 3763 2510 3833 conversionem,
2541 3780 2750 3820 necnon
2787 3763 2856 3818 art
2884 3763 3471 3834 peccataeteemosynis
3517 3763 3662 3819 redi-

2083 3837 2300 3895 menda.

2085 3955 2176 4009 73.
2211 3975 2240 4002 «
2275 3950 2523 4010 Ululate,
2555 3949 2764 4022 inquit,
2802 3949 3035 4014 iterum,
3062 3964 3239 4002 naves
3269 3945 3665 4018 Carthaginis,

2021 4041 2298 4114 quoniam
2331 4041 2505 4112 periit
2535 4039 2786 4094 munitio
2816 4042 3008 4092 vestra
3040 4054 3054 4102 ;
3087 4041 3144 4092 et
3172 4035 3284 4091 erit
3313 4035 3371 4091 in
3403 4034 3505 4090 illa
3549 4034 3666 4100 die,

2023 4131 2383 4202 relinquetur
2456 4129 2642 4202 Tyrus
2727 4130 2832 4199 (lsa
2915 4142 3076 4193 xxm,
3156 4127 3242 4196 14)
3287 4148 3316 4173 »
3346 4125 3418 4180 Et
3469 4123 3666 4178 infra:

2025 4243 2052 4268 ‹‹
2088 4220 2327 4291 Eritque
2357 4224 2488 4291 post
2513 4216 2884 4289 septuaginta
2911 4232 3097 4272 annos
3124 4215 3313 4286 Tyrus
3369 4216 3434 4268 ut
3488 4210 3674 4268 canti-

2027 4325 2162 4363 cum
2186 4306 2527 4364 meretricis.
2565 4305 2723 4376 (Ibid.
2754 4307 2858 4374 15).
2887 4328 2914 4355 ››
2937 4303 3082 4358 Vide
3103 4303 3320 4375 quibus
3339 4301 3530 4358 verbis
3552 4304 3677 4356 uta-

2028 4402 2128 4452 tur
2150 4397 2450 4469 propheta,
2477 4412 2579 4452 nec
2615 4395 2864 4466 refugiat
2899 4392 3138 4448 verbum
3178 4390 3511 4448 istiusmodi
3551 4388 3678 4444 vili-

2031 4491 2234 4541 tatem.
2269 4486 2383 4540 Nos
2413 4485 2704 4540 interdum
2740 4481 3063 4553 refugimus
3095 4500 3109 4549 ;
3161 4497 3277 4536 non
3308 4481 3462 4552 quod
3513 4479 3682 4535 nobis

2035 4592 2217 4648 quam
2252 4574 2367 4628 illis
2401 4575 2598 4642 lingua
2633 4575 2707 4627 sit
2737 4571 2973 4640 castior,
3003 4571 3104 4626 sed
3155 4569 3476 4626 auctoritas
3533 4569 3683 4622 infe-

2035 4665 2178 4720 rior.
2217 4664 2404 4735 Major
2434 4664 2588 4719 enim
2623 4662 2710 4716 vis
2745 4677 2940 4714 rerum
2975 4660 3032 4714 in
3064 4659 3271 4716 talium
3320 4657 3689 4730 expressione

2019 4761 2367 4814 sermonum
2399 4757 2489 4809 est
2523 4770 2535 4818 ;
2571 4756 2634 4807 ut
2669 4750 2768 4824 qui
2801 4749 3012 4806 delicta
3043 4767 3157 4806 non
3181 4748 3692 4812 erubescunt,eru-

2033 4899 2442 4972 Deniqugelc.
2478 4897 2645 4972 Rom.
2679 4893 2840 4972 edit,
2875 4894 3012 4948 cedit
3039 4892 3400 4972 tibipelegus,
3431 4890 3480 4972 et
3509 4901 3688 4972 ηπίξε-

2033 4955 2470 5042 ὗτίμιίξτῑτιᾶἱηργη
2498 4970 2648 5042 tuum
2681 4955 2960 5042 ferrenon
2995 4955 3167 5042 potest
3203 4955 3378 5042 toties,
3410 4965 3553 5042 etc.“
3585 4955 3688 5012 Ve-

2033 5029 2163 5100 ruin
2196 5059 2344 5097 mss.
2383 5029 2690 5094 nobiscum
2715 5037 2937 5092 iaciunt
2969 5029 3129 5102 {nisi
3155 5031 3308 5102 quod
3333 5046 3500 5085 voces
3520 5029 3686 5100 ferre,

2033 5121 2088 5172 et
2117 5115 2348 5180 denique
2379 5112 2435 5166 in
2469 5109 2871 5180 compluribus
2901 5107 3328 5180 desiderantur.

2110 5189 2218 5264 (7(1)
2253 5172 2403 5240 Edit.
2437 5186 2574 5249 vet.,
2605 5172 2849 5264 inseque:
2889 5177 3133 5264 rep‘letae'
3167 5172 3688 5264 pqtuuin‘haoithqn‘t‘.

2035 5242 2143 5314 etc.
2179 5242 2346 5312 lium.
2381 5271 2515 5309 cum
2549 5242 2666 5306 uno
2706 5242 2837 5306 Vat.
2881 5242 3048 5326 _c_6d.,
3106 5242 3180 5302 [η’
3221 5243 3430 5326 insutus
3489 5242 3694 5326 repleta

2035 5339 2162 5403 potu
2195 5329 2459 5403 navigant
2479 5339 2726 5403 corpore,
2750 5320 3018 5403 -ete:Mss.
3050 5334 3183 5403 vero
3215 5316 3449 5403 partim.
3484 5314 3697 5403 Insulas

2038 5387 2272 5474 repletas
2297 5387 2428 5470 pvelu
2484 5387 2892 5459 inliubitdbant,
2951 5389 3166 5514 partim
3215 5387 3552 5443 nobiscum.
3612 5387 3700 5467 [n-

2041 5475 2188 5514 man
2255 5469 2460 5514 τψηιηια
2530 5469 2678 5514 ποι-η.
2751 5468 2862 5514 etc.
2897 5465 3088 5514 Amm
3132 5461 3392 5514 domum.
3436 5458 3535 5514 sed
3613 5474 3700 5510 in-

2036 5458 2188 5529 δτίιαδ
2255 5458 2460 5541 repleta
2527 5469 2706 5541 p91-u,_
2751 5468 2862 5518 etc.
2897 5458 3102 5541 Aliqui
3132 5461 3392 5541 demum,
3436 5458 3579 5541 sed“
3613 5458 3702 5541 in.-

2041 5543 2274 5602 l‘crioris
2314 5531 2462 5596 nota:
2501 5531 2761 5592 {Insutzc
2812 5548 2936 5604 qua;
2988 5531 3202 5604 repletae
3257 5539 3383 5605 potu
3438 5531 3700 5593 invitant,

2039 5621 2146 5673 etc.
