4104 6156
510 350 631 414 759

1979 348 2043 411 S.
2091 343 2471 411 AMBllOSll

3745 358 3838 423 160

511 485 754 543 be's'cant
772 476 862 542 vel
907 483 1151 542 nomina
1178 482 1542 542 delictorum.
1582 508 1608 537 ι(
1644 486 1878 557 Erilque
1940 485 2151 558 Tyrus,
2185 482 2242 549 Α
2274 483 2541 556 pecunia,
2564 484 2665 543 sed
2698 487 2952 558 pretiosa
2981 490 3069 545 est
3104 478 3514 546 misericordia.
3546 512 3572 541 ‹‹
3623 489 3836 550 Eleemo-

514 574 729 646 inquit,
760 577 829 630 ut
856 574 1152 632 canticum
1185 576 1528 632 meretricis.
1565 598 1590 625 ››
1624 576 1765 631 Vide
1798 592 1870 630 ne
1902 591 2035 629 cum
2060 573 2163 629 ali-

511 663 648 734 quis
679 662 812 719 illos
849 663 1059 721 choros
1088 665 1505 737 videritturpia
1536 666 1708 720 verba
1732 669 1987 732 cantare,
2012 663 2168 718 dicat

518 752 670 825 (77):
704 754 850 810 Ecce
881 754 1069 827 Tyrus
1102 754 1252 809 facta
1280 758 1367 809 est
1399 758 1462 809 ut
1491 754 1783 809 canticum
1818 751 2159 808 meretricis.

516 840 836 900 Oraculum
865 842 1213 915 prophetica:
1236 841 1702 898 annuntiationis
1724 841 2031 915 impletum
2052 844 2160 896 est.

588 934 680 987 74.
712 932 781 987 Et
809 931 1059 1002 subjecit
1090 950 1103 988 :
1139 955 1167 982 «
1199 932 1404 1004 Accipe
1436 932 1741 1000 citharam,
1776 935 1834 987 et
1851 929 2164 1004 vagare,ci-

514 1021 667 1076 vitas
697 1020 974 1075 meretrix
1001 1021 1115 1091 (‘78)
1166 1021 1369 1089 oblita,
1430 1022 1576 1077 bene
1633 1020 1929 1088 cithariza,
1982 1018 2167 1075 multa

520 1111 710 1174 canta,
740 1112 808 1163 ut
835 1109 938 1165 fiat
967 1111 1252 1165 memoria
1279 1110 1387 1166 tui.
1420 1111 1489 1165 Et
1520 1113 1651 1182 post
1672 1109 2043 1182 septuaginta
2071 1125 2166 1163 an-

521 1214 629 1254 nos
662 1197 773 1253 erit
800 1199 989 1272 Tyrus
1020 1203 1085 1255 ut
1116 1199 1411 1254 canticum
1448 1199 1791 1264 meretricis,
1811 1202 1866 1254 et
1892 1196 2169 1253 visitatio-

522 1302 656 1343 nem
688 1286 860 1343 faciet
889 1288 1041 1344 Deus
1071 1289 1202 1360 Tyri
1237 1289 1392 1361 (Ibid.
1427 1288 1535 1360 lli).
1570 1310 1597 1338 »
1635 1288 1796 1343 Unde
1854 1303 2169 1359 possumus

520 1380 579 1433 et
606 1375 665 1432 in
696 1377 850 1433 bono
883 1378 1176 1433 canticum
1209 1377 1409 1433 Rahab
1440 1376 1601 1432 illius
1640 1376 1960 1433 meretricis
2019 1376 2166 1432 acci-

498 1480 676 1537 pere,
709 1481 838 1537 quaa
869 1465 1262 1538 exploratores
1291 1467 1429 1522 Jesu
1463 1466 1620 1522 fideli
1649 1470 1843 1522 mente
1886 1465 2164 1538 suscepit.

518 1555 665 1611 Nam
696 1558 752 1611 et
786 1555 1067 1611 Dominus
1097 1554 1179 1610 ait
1213 1572 1224 1610 :
1259 1578 1285 1605 ‹‹
1319 1555 1693 1612 Cantavimus
1720 1555 1905 1620 vobis,
1939 1558 1996 1610 et
2053 1571 2168 1610 non

519 1642 779 1701 saltastis
807 1644 957 1717 (Luc.
989 1662 1084 1711 vn,
1117 1644 1227 1714 32).
1264 1665 1291 1693 »
1319 1645 1389 1699 Et
1423 1645 1600 1700 David
1635 1644 1715 1699 ait
1765 1660 1778 1698 :
1841 1666 1868 1693 ‹‹
1929 1645 2170 1699 Cantate

515 1733 764 1791 Domino
796 1733 1089 1789 canticum
1122 1751 1357 1801 novum,
1400 1736 1627 1788 cantate
1658 1732 1924 1799 Domino,
1977 1732 2169 1788 omnis

519 1827 673 1879 terra
701 1823 872 1895 (Psal.
905 1840 1030 1891 xcv,
1062 1824 1102 1895 1)
1136 1841 1149 1892 ;
1180 1846 1206 1873 η
1239 1822 1348 1878 hoc
1379 1826 1467 1878 est
1490 1821 1783 1877 canticum
1825 1821 2167 1889 meretricis,
2191 1854 2247 1921 Β
2347 1841 2428 1894 δια

521 1912 679 1984 quod
708 1916 844 1968 ante
870 1910 971 1967 illa
1000 1912 1272 1968 meretrix
1299 1912 1359 1967 in
1388 1912 1572 1967 Adam
1604 1913 1660 1966 et
1691 1911 1802 1966 Eva
1834 1914 1988 1966 terra
2033 1926 2167 1965 can-

523 2001 685 2069 tavit,
713 2001 984 2057 meretrix
1015 2001 1073 2055 in
1106 2000 1320 2073 populo
1352 2000 1675 2056 nationum.
1724 1999 1851 2054 Haec
1900 1999 2173 2055 meretrix

523 2089 811 2163 plurimas
841 2090 974 2145 fecit
1004 2090 1186 2145 bonas
1221 2090 1574 2157 meretrices,
1608 2090 1679 2143 de
1707 2088 1922 2160 quibus
1949 2088 2169 2144 dictum

521 2184 611 2236 est
638 2196 672 2235 a
702 2179 948 2236 Domino
983 2180 1125 2235 Jesu
1158 2180 1229 2234 ad
1279 2178 1446 2234 illum
1495 2178 1744 2234 electum
1776 2181 1831 2233 et
1883 2178 2169 2234 seniorem

521 2268 804 2342 populum
841 2286 854 2323 :
889 2291 917 2319 «
948 2267 1253 2324 Publicani
1281 2271 1340 2323 et
1361 2267 1692 2323 meretrices
1714 2268 2049 2339 praecedunt
2069 2283 2170 2322 vos

520 2357 583 2414 in
613 2373 860 2431 regnum
891 2357 993 2414 Dei
1023 2357 1231 2429 (Matth.
1262 2373 1379 2425 xx1,
1413 2356 1526 2429 31).
1575 2379 1601 2406 ››
2138 2420 2147 2423 _

590 2448 681 2503 75.
707 2448 852 2520 Ergo
883 2447 1163 2520 quoniam
1212 2449 1331 2502 tam
1389 2444 1826 2502 misericordem
1885 2445 2172 2503 habemus

522 2536 862 2604 Dominum,
894 2537 1197 2609 quietiam
1246 2535 1406 2609 gravi
1466 2536 1731 2608 ignoscat
1775 2534 1976 2603 errori,
2035 2551 2169 2591 con-

522 2630 823 2684 vertamur
851 2643 885 2682 a
911 2624 1087 2693 vitiis,
1124 2642 1240 2681 non
1288 2626 1631 2681 recedamus
1690 2643 1724 2680 a
1762 2624 1906 2697 lege,
1966 2638 2173 2697 praece-

524 2720 692 2790 ptum
722 2714 953 2771 Domini
1011 2715 1177 2787 quasi
1214 2714 1428 2769 servuli
1479 2714 1697 2768 sedulis
1753 2714 1964 2769 studiis
2015 2729 2173 2769 exse-

523 2793 798 2879 quamur.
852 2804 1001 2869 Quid
1059 2802 1229 2859 nobis
1296 2818 1431 2857 cum
1483 2802 1923 2873 impuritatibus
1953 2806 2011 2857 et
2066 2802 2172 2857 im-

523 2890 884 2967 pudicitiis?
942 2892 1091 2957 Quid
1150 2907 1283 2946 cum
1344 2889 1623 2961 operibus
1692 2889 1964 2944 diaboli?
2017 2889 2169 2946 559

522 2979 785 3038 Audistis
813 2979 987 3035 hodie
1015 2980 1072 3034 in
1104 2979 1350 3035 lectione
1374 2980 1624 3033 decursa
1670 2977 1810 3050 quid
1870 2978 2019 3051 legio
2077 2979 2171 3033 di-

522 3069 675 3127 xerit
707 3087 720 3125 :
753 3091 783 3119 «
814 3069 963 3134 Quid
994 3068 1141 3123 mihi
1172 3072 1228 3123 et
1258 3068 1362 3122 tibi
1395 3071 1503 3131 est,
1559 3067 1700 3122 Jesu
1758 3066 1839 3121 ﬁli
1903 3068 1998 3122 Dei
2061 3069 2169 3140 (79)

525 3160 675 3231 (Luc.
708 3175 830 3226 vm,
858 3157 952 3229 28)
982 3157 1010 3213 ‘t
1044 3180 1071 3205 ››
1103 3158 1172 3212 Et
1200 3160 1263 3211 tu
1294 3155 1556 3221 dicito,si
1593 3156 1735 3211 forte
1756 3155 1913 3211 vides
1945 3173 2167 3229 pugna-

2278 589 2444 645 synu,
2478 574 2685 648 inquit,
2721 593 2755 631 a
2785 581 3020 649 peccato
3050 577 3261 634 liberat
3289 577 3437 650 (Tob.
3467 595 3558 647 ιιι,
3606 581 3672 652 8).
3724 604 3747 630 »
3791 585 3842 640 Et

2280 660 2419 716 alibi
2449 663 2590 719 dicit
2622 680 2634 719 :
2669 687 2695 714 ‹‹
2732 665 3052 738 Redempto
3095 665 3223 734 viri,
3285 666 3494 722 divitiae
3541 668 3654 739 ejus
3701 671 3840 738 (Prov.

2278 767 2400 817 xm,
2422 752 2497 824 8).
2531 754 2600 808 Et
2627 752 2685 808 in
2718 755 3026 827 Evangelio
3058 755 3345 812 Dominus
3390 755 3564 812 dicit:
3620 780 3644 807 «
3697 759 3845 815 Facite

2276 840 2441 896 vobis
2473 843 2693 899 amicos
2723 844 2794 899 de
2826 860 3164 901 mammona
3208 844 3529 917 iniquitatis
3580 846 3710 918 (Luc.
3760 864 3843 914 xu,

2277 930 2353 1001 9).
2391 952 2417 979 »
2449 930 2519 986 Et
2545 948 2763 989 veneno
2794 934 3128 1005 frequenter
3151 933 3479 991 antidotum
3528 938 3845 1007 temperatur,

2278 1017 2387 1075 hoc
2417 1024 2523 1088 est,
2552 1039 2840 1079 venenum
2868 1038 3087 1080 veneno
3118 1022 3467 1080 excluditur.
3499 1023 3705 1081 Veneno
3726 1042 3845 1080 mors

2278 1107 2596 1180 repellitur,
2629 1111 2748 1167 vita
2776 1116 3058 1180 servatur,
3120 1112 3232 1169 Fac
3263 1116 3321 1168 et
3379 1116 3441 1167 tu
3495 1114 3650 1184 quasi
3696 1114 3846 1168 bonus

2277 1196 2648 1269 dispensator
2703 1198 2773 1255 de
2828 1200 3218 1257 instrumento
3276 1201 3529 1257 avaritiae
3577 1201 3848 1257 subsidium

2279 1285 2714 1354 misericordiae,
2746 1287 3101 1345 sinceritatis
3132 1288 3382 1362 gratiam
3414 1290 3481 1346 de
3518 1290 3845 1361 corruptionis

2279 1373 2572 1431 illecebra.

2930 1510 3161 1577 CAPUT
3184 1521 3329 1578 XXI.

2280 1623 2563 1698 Prophetas
2590 1628 2760 1681 etiam
2786 1627 2981 1698 futura
3006 1630 3309 1698 praesentia
3344 1642 3458 1684 esse
3486 1645 3504 1682 :
3562 1630 3677 1683 item
3729 1645 3851 1683 mun-

2348 1695 2477 1773 dum
2510 1713 2580 1751 ea:
2609 1695 3058 1773 Isaim'vaticinio
3083 1715 3194 1773 non
3243 1701 3458 1773 injuria
3508 1698 3854 1773 destruendum,

2349 1766 2419 1821 ad
2432 1783 2608 1892 rquam
2654 1786 2773 1824 rem
2828 1769 3218 1825 illustrandum
3264 1766 3574 1842 perelegans
3624 1771 3858 1827 adhibetur

2349 1841 2428 1892 sta
2471 1840 2516 1892 ii
2538 1842 2889 1892 comparatio.
2923 1842 3094 1892 Huius
3121 1845 3398 1892 occasione
3426 1858 3521 1892 nos
3549 1842 3752 1892 athletas
3773 1857 3856 1892 esse

2471 1841 2516 1893 ii
2538 1842 2889 1914 comparatio.
2922 1842 3094 1914 Hujus
3121 1841 3398 1914 occasione
3426 1841 3521 1898 nos
3549 1842 3752 1898 athletas
3773 1857 3856 1897 esse

2353 1918 2517 1986 atque
2544 1910 2615 1966 ad
2640 1910 2897 1986 coronam
2924 1910 3171 1986 exerceri
3198 1913 3384 1971 sedulo
3414 1923 3646 1986 oportere
3684 1921 3854 1970 sanctus

2351 1980 2501 2036 docet
2526 1999 2547 2044 ;
2578 1998 2643 2038 ac
2671 1984 2888 2039 tandem
2911 1984 3192 2041 Christum
3216 1988 3275 2041 ut
3303 1980 3589 2043 advehtum
3612 2000 3751 2041 suum
3775 2001 3857 2039 ma-

2352 2054 2517 2121 turet,
2549 2064 2892 2126 apprecatur.

2351 2180 2442 2232 77.
2474 2178 2707 2234 Audisti
2737 2178 2877 2250 quid
2910 2179 3126 2237 lectum
3158 2180 3236 2237 sit
3265 2180 3441 2239 hodie
3472 2200 3483 2237 :
3518 2204 3545 2232 «
3580 2182 3705 2238 Ecce
3742 2179 3858 2236 venit

2283 2267 2568 2323 Dominus
2593 2268 2932 2341 disperdere
2961 2270 3164 2326 orbem
3188 2274 3477 2327 terrarum
3504 2272 3626 2343 (Isa.
3647 2286 3751 2338 xm,
3773 2270 3857 2339 5).»

2282 2355 2458 2421 Quasi
2490 2372 2670 2412 manu
2702 2362 2941 2414 sanctus
2971 2359 3256 2431 propheta
3312 2360 3679 2426 demonstret,
3730 2357 3857 2430 quasi

2283 2445 2469 2501 oculis
2498 2446 2903 2503 advenientem
2935 2447 3359 2520 videatjudicii
3399 2450 3572 2516 diem,
3604 2449 3676 2504 ita
3703 2447 3816 2502 dicit
3843 2464 3854 2500 :

2283 2535 2487 2590 «Ecce
2524 2535 2682 2590 venit
2745 2536 3028 2591 Dominus
3086 2536 3423 2610 disperdere
3478 2539 3666 2594 orbem
3718 2541 3861 2592 teria-

2282 2640 2435 2680 rum.
2472 2645 2501 2674 ››
2535 2625 2656 2680 Imo
2687 2624 2827 2697 quia
2855 2624 2914 2680 in
2946 2626 3159 2699 spiritu
3206 2628 3507 2700 prophetis
3561 2627 3719 2684 etiam
3766 2640 3863 2696 qua:

2278 2712 2481 2770 futura
2511 2718 2651 2769 sunt
2678 2718 2961 2787 tanquam
3014 2717 3326 2788 praesentia
3385 2717 3716 2787 revelantur,
3765 2714 3860 2768 ideo

2278 2818 2409 2874 quae
2440 2802 2693 2871 videbat,
2728 2804 2897 2860 nobis
2929 2821 3165 2878 quoque
3192 2806 3593 2864 demonstrare
3648 2803 3863 2877 cupiebat

2281 2895 2347 2946 ut
2374 2909 2481 2947 nos
2513 2892 2583 2947 ad
2615 2893 3053 2950 conversionem
3082 2895 3156 2950 ab
3186 2911 3383 2952 errore
3420 2900 3713 2953 revocaret.

2350 2983 2440 3035 78.
2473 2980 2586 3036 Nec
2618 2986 2811 3036 tamen
2843 2983 3163 3055 quisquam
3194 2984 3386 3058 frangi
3421 2986 3607 3052 debet,
3646 2998 3761 3039 cum
3785 2995 3863 3035 au-

2281 3069 2368 3125 dit
2398 3069 2537 3141 quia
2566 3071 2865 3142 disperdet
2896 3072 3188 3129 Dominus
3230 3075 3436 3131 orbem
3487 3080 3769 3130 terrarum.
3808 3066 3866 3123 Ne

2282 3159 2426 3214 forte
2448 3159 2604 3221 dicat
2626 3176 2639 3213 :
2665 3160 2822 3229 Esto,
2843 3178 2949 3216 nos
2996 3162 3196 3234 gravia
3217 3169 3456 3235 peccata
3500 3160 3865 3219 commisimus.

526 3220 590 3305 re
620 3220 943 3304 adversum,
959 3250 1015 3301 te
1048 3244 1261 3301 diaboli
1297 3220 1655 3300 tentamenta
1687 3260 1699 3298 :
1734 3244 1878 3310 Quid
1916 3220 2060 3300 mihi
2115 3252 2171 3302 et
2196 3220 2243 3289 Ἐ
2285 3247 2424 3319 quid
2449 3248 2695 3320 deliquit
2713 3220 2943 3316 coelum,
2965 3220 3108 3323 quid
3128 3220 3302 3320 terra,
3325 3253 3470 3325 quid
3492 3268 3662 3319 mare,
3685 3253 3741 3304 ut
3760 3254 3805 3303 et
3821 3245 3868 3300 il-

526 3337 635 3394 tibi
667 3340 775 3403 est,
808 3334 1034 3393 Belial?
1058 3336 1175 3406 Ego
1206 3334 1421 3389 Christi
1453 3350 1654 3388 servus
1684 3351 1839 3401 sum,
1872 3333 2033 3390 illius
2092 3352 2176 3391 re-

528 3427 806 3498 demptus
837 3423 1142 3496 sanguine,
1177 3422 1260 3477 illi
1296 3438 1385 3477 me
1416 3427 1603 3478 totum
1639 3423 1987 3495 mancipavi.
2024 3424 2172 3489 Quid

530 3514 675 3571 mihi
707 3518 765 3570 et
792 3514 898 3569 tibi
929 3516 1019 3569 est
1049 3513 1077 3568 ?
1106 3512 1229 3568 Non
1262 3512 1391 3567 novi
1425 3528 1600 3583 opera
1628 3516 1748 3581 tua,
1800 3507 1945 3567 nihil
2002 3517 2171 3569 tuum

528 3619 746 3677 quaero,
779 3601 924 3659 nihil
955 3606 1124 3657 tuum
1156 3600 1447 3673 possideo,
1492 3600 1636 3656 nihil
1666 3606 1836 3656 tuum
1886 3601 2170 3659 desidero.

525 3696 753 3760 Quanto
776 3691 965 3764 magis
994 3706 1100 3746 nos
1132 3695 1359 3761 oportet
1388 3689 1646 3762 separari
1678 3708 1712 3744 a
1735 3689 1985 3759 diabolo,
2020 3690 2070 3746 si
2113 3708 2175 3746 se

521 3780 621 3838 ille
649 3781 932 3838 discernit
960 3797 993 3835 a
1021 3779 1250 3836 Christo
1270 3779 1297 3835 ?
1328 3780 1395 3834 Et
1424 3779 1471 3836 si
1509 3778 1728 3834 fuimus
1759 3780 1810 3834 ei
1854 3780 1912 3834 in
1976 3780 2172 3852 aliquo

522 3870 774 3940 obnoxii,
802 3872 927 3944 jam
949 3887 1064 3926 non
1097 3887 1303 3925 sumus
1330 3887 1341 3925 :
1375 3867 1747 3941 confugimus
1774 3869 1845 3924 ad
1880 3868 2172 3926 medicum

520 3962 656 4034 (80),
689 3960 929 4016 vulnera
957 3958 1262 4031 superiora
1290 3957 1529 4014 curavit.
1561 3958 1629 4012 Et
1660 3957 1708 4012 si
1733 3958 1870 4028 quid
1907 3963 2175 4029 superest

520 4049 879 4117 acerbitatis,
912 4048 1141 4105 medela
1172 4064 1285 4103 non
1317 4046 1522 4102 deerit.
1559 4047 1626 4100 Et
1658 4046 1707 4101 si
1742 4045 1883 4118 quid
1942 4046 2169 4118 injuriae

518 4139 785 4207 fecimus,
820 4154 1046 4197 memor
1071 4153 1187 4192 non
1215 4135 1346 4205 erit,
1380 4134 1480 4208 qui
1511 4134 1691 4190 semel
1723 4135 1977 4190 donavit.
2022 4138 2090 4192 Et
2120 4138 2169 4193 si

517 4227 714 4300 gravia
741 4226 1123 4298 deliquimus,
1159 4241 1438 4298 magnum
1473 4222 1765 4278 medicum
1814 4223 2166 4291 invenimus,

516 4333 793 4389 magnam
826 4314 1179 4371 medicinam
1238 4312 1437 4387 gratiae
1494 4315 1622 4382 ejus
1680 4313 2013 4386 accepimus
2073 4318 2168 4384 (De

510 4407 705 4477 pwnit.
737 4404 873 4461 dist.
898 4405 952 4469 1,
984 4420 1111 4477 cap.
1145 4404 1456 4473 Medicina.)
1491 4403 1703 4475 Magna
1732 4402 1887 4459 enim
1922 4405 2161 4461 medici-

513 4510 591 4549 na
619 4492 769 4548 tollit
797 4497 1035 4565 peccata
1069 4508 1308 4564 magna.

2285 3335 2341 3392 la
2371 3337 2714 3410 disperdat?
2728 3340 2844 3394 Cur
2867 3338 3080 3410 peribit
3108 3344 3227 3396 tam
3250 3341 3497 3413 pulcher
3515 3343 3737 3396 ornatus
3752 3337 3869 3391 ‘?An-

2286 3426 2442 3498 gusti
2473 3431 2561 3482 est
2591 3426 2773 3481 animi
2804 3426 3139 3484 istiusmodi
3173 3429 3394 3502 Opinio.
3427 3431 3698 3486 Caeterum
3731 3425 3774 3482 si
3814 3421 3871 3478 al-

2284 3516 2402 3570 tius
2420 3519 2665 3587 spectes,
2688 3515 2948 3572 invenies
2968 3516 3079 3573 hoc
3096 3535 3224 3574 esse
3246 3535 3348 3592 pro
3370 3519 3560 3586 nobis,
3579 3517 3719 3590 quod
3738 3515 3870 3586 putas

2280 3620 2412 3659 esse
2442 3609 2644 3660 contra
2675 3621 2781 3660 nos
2814 3622 2827 3660 :
2854 3605 3152 3677 judicabis
3195 3607 3304 3663 hoc
3335 3625 3467 3666 esse
3522 3624 3622 3682 pro
3678 3601 3869 3665 mundo,

2286 3694 2440 3764 quod
2472 3693 2781 3750 adversum
2817 3696 3108 3752 mundum
3143 3696 3474 3754 arbitraris.
3534 3698 3653 3753 Non
3692 3706 3875 3762 semper

2284 3783 2542 3838 stadium
2601 3784 2878 3840 refertum
2938 3785 3092 3842 δυο
3147 3790 3238 3842 est
3300 3785 3734 3860 spectatoribus,
3785 3794 3871 3835 non

2284 3887 2515 3945 semper
2545 3873 2967 3930 certaminibus
2997 3875 3352 3946 inquietum,
3377 3872 3503 3932 non
3535 3888 3749 3944 semper
3771 3883 3872 3925 con-

2283 3966 2505 4016 cretum
2541 3960 2775 4033 pulvere
2807 3979 2820 4018 :
2854 3962 2955 4019 sed
2988 3963 3224 4036 quando
3254 3963 3591 4031 certamina,
3634 3966 3756 4017 tunc
3798 3970 3871 4028 p0-

2282 4049 2459 4122 pulus
2490 4051 2547 4105 in
2582 4049 2936 4121 spectaculo,
2970 4051 3224 4109 luctator
3251 4052 3308 4108 in
3342 4056 3678 4116 scammate,
3719 4042 3870 4120 pulvis

2281 4138 2341 4193 in
2374 4138 2584 4195 stadio.
2620 4139 2727 4195 Ubi
2760 4140 3005 4197 decursa
3035 4142 3379 4210 certamina,
3403 4145 3711 4198 conventus
3738 4130 3872 4191 solvi-

2282 4233 2392 4294 tur,
2427 4228 2675 4283 discedit
2707 4229 3113 4301 unusquisque
3145 4236 3247 4286 aut
3288 4230 3477 4287 victor
3516 4231 3588 4286 ad
3645 4224 3869 4301 gratiam.

2278 4322 2379 4372 aut
2408 4316 2595 4373 victus
2626 4318 2697 4372 ad
2731 4318 3107 4390 opprobrium
3136 4335 3148 4374 :
3173 4318 3365 4377 evehit
3385 4335 3603 4377 corona
3623 4317 3870 4371 victorem.

2274 4406 2494 4462 victum
2525 4405 2739 4478 premit
2770 4407 3139 4474 verecundia,
3188 4408 3346 4481 angit
3409 4406 3638 4480 injuria.
3669 4404 3720 4459 Si
3770 4396 3873 4471 quis

2274 4511 2411 4568 ergo
2456 4497 2658 4566 postea
2710 4495 3037 4566 ingreditur
3093 4496 3373 4563 stadium,
3432 4497 3619 4553 videat
3669 4501 3868 4547 vacuum

583 4582 677 4637 76.
707 4580 1004 4637 Habemus
1033 4581 1211 4636 etiam
1241 4580 1411 4652 plura
1440 4580 1724 4647 subsidia,
1761 4581 1977 4652 quibus
2027 4600 2157 4656 pec-
2186 4588 2235 4655 θ
2270 4584 2641 4652 celebritatis,
2676 4583 2832 4640 dicat
2861 4585 3222 4657 agonothetae
3256 4603 3269 4640 :
3298 4586 3417 4642 Cur
3445 4579 3868 4642 vacatstadium;

511 4675 643 4730 cata
673 4677 871 4726 nostra
900 4668 1280 4725 redimamus.
1315 4670 1629 4725 Pecuniam
1680 4670 1882 4741 habes,
1908 4729 1911 4732 ἠ
1942 4673 2162 4729 redime

511 4763 816 4835 peccatum
847 4762 1039 4814 tuum.
1072 4761 1196 4811 Non
1227 4757 1448 4813 venalis
1480 4763 1568 4813 est
1599 4758 1901 4826 Dominus,
1936 4761 2036 4816 sed
2097 4767 2161 4817 tu

508 4851 636 4924 ipse
664 4848 885 4905 venalis
918 4866 999 4905 es.
1037 4846 1288 4903 Peccatis
1322 4848 1437 4903 tuis
1466 4848 1834 4903 venundatus
1864 4865 1945 4916 es,
2006 4851 2163 4907 redi-

510 4943 691 4997 me'te
719 4938 994 5010 operibus
1023 4936 1161 5005 tuis,
1196 4936 1415 4992 redime
1445 4942 1500 4992 te
1533 4936 1781 5009 pecunia
1836 4943 1956 4996 tua.
2014 4939 2161 4996 Vilis

579 5100 691 5172 (77)
719 5097 1356 5172 Omnesgeditqeiderit
1379 5099 1478 5168 pia
1522 5096 1688 5172 uerba
1742 5103 1986 5172 cantare,
2012 5100 2159 5172 dicat

511 5168 631 5227 Duo
663 5168 831 5237 mss.,
860 5170 1081 5235 viderit,
1113 5169 1259 5224 dicat
1278 5170 1376 5241 pia
1432 5168 1599 5223 verba
1653 5171 1889 5224 cantari.
1951 5171 2158 5229 Melius

509 5241 610 5297 alii
642 5258 791 5313 quos
821 5242 1008 5298 secuti
1040 5256 1269 5295 sumus.

579 5310 691 5384 (78)
726 5313 810 5384 lta
838 5330 983 5368 mss.
1017 5316 1194 5384 atque
1222 5310 1361 5367 edit.
1395 5326 1619 5377 omnes,
1666 5315 1899 5383 excepta
1964 5313 2154 5380 Rom.,

510 5383 610 5438 ubi
645 5382 877 5454 legitur,
911 5392 962 5440 et
995 5382 1191 5454 vagare
1217 5385 1493 5437 civitatem
1520 5382 1998 5451 meretricJLXX,
2040 5386 2157 5450 ῥέμ-

507 5454 682 5527 deuo-av
710 5452 846 5527 πόλις
900 5452 1098 5527 atomi.
1176 5454 1450 5518 Quazdam
1524 5458 1719 5509 tamen
1804 5456 2157 5527 exemplaria

508 5524 726 5597 habent
754 5523 916 5595 πόλιν,
948 5529 1005 5579 et
1037 5524 1421 5597 Hieronymus
1478 5529 1790 5597 utramque
1846 5523 2153 5583 lectionem

506 5593 812 5668 amplexus
840 5593 948 5669 est.
975 5595 1194 5652 Ibidem
1230 5593 1372 5669 mss.
1407 5597 1543 5665 duo,
1578 5601 1643 5653 Et
1694 5593 1802 5653 erit
1850 5602 1969 5669 post
2025 5616 2155 5655 cen-

508 5667 992 5738 tumseptuaginta
1022 5683 1210 5724 annos.
1252 5667 1362 5723 Alii
1423 5673 1480 5725 et
1535 5669 1697 5736 cdit.,
1760 5667 1979 5726 Et'erit
2030 5680 2149 5743 post

2272 4689 2377 4728 cur
2432 4672 2607 4729 silent
2651 4673 3018 4742 certamina;
3069 4691 3175 4730 cur
3232 4674 3521 4731 solemnia
3581 4660 3869 4729 feriantur?

2273 4761 2666 4835 Respondebit
2695 4762 2796 4834 qui
2826 4763 2997 4836 agoni
3032 4768 3243 4836 prteest
3264 4781 3276 4820 :
3298 4764 3538 4837 Oportet
3559 4759 3866 4833 requiescere

2273 4850 2917 4923 uthletas,requiescere
2953 4854 3490 4924 spectatores.Quis
3512 4852 3661 4909 enim
3692 4840 3867 4902 laboris

2271 4945 2360 4996 est
2403 4940 2649 5009 fructus,
2668 4940 2781 4997 nisi
2809 4941 3040 5013 requies
3067 4946 3199 5015 post
3228 4941 3535 4999 laborem?
3557 4936 3804 4999 Similiter
3825 4932 3867 4983 et

2268 5102 2621 5174 septuaginta
2647 5117 2818 5158 annos
2845 5118 2867 5164 .‘
2895 5103 3058 5175 quod
3087 5119 3221 5160 cum
3251 5103 3410 5160 LXX.
3429 5103 3667 5175 Interpr.
3694 5111 3751 5152 ac
3766 5088 3863 5147 vul-

2270 5178 2406 5244 gata
2438 5178 2636 5229 nostra
2666 5173 2954 5242 congruit.
3587 5173 3598 5175 ⁷
3678 5239 3716 5244 γ,

2340 5244 2451 5313 (79)
2485 5244 2701 5318 Omnes
2732 5231 2876 5300 edit.
2907 5249 2965 5300 et
2995 5246 3164 5318 pauci
3190 5262 3357 5318 mss,
3414 5246 3504 5318 ﬁli
3556 5239 3733 5300 David.
3773 5231 3860 5290 Alii

2269 5314 2555 5393 plureset
2584 5316 2837 5389 potiores
2868 5314 3260 5393 cum'_Bibliis,
3287 5318 3373 5389 ﬁli
3681 5382 3715 5393 υ

2339 5388 2451 5458 (80)
2483 5387 2568 5442 Ita
2584 5383 2744 5442 'mss.
2778 5405 2880 5443 sex
2908 5389 3139 5459 optimae
3172 5383 3339 5445 notae.
3372 5388 3511 5457 Alii,
3544 5403 3607 5442 ac
3633 5383 3775 5459 edit,
3822 5388 3859 5459 ϐξ

2266 5455 2563 5531 aliquando
2618 5461 2864 5527 obnoxii,
2914 5455 3037 5531 jam
3065 5477 3173 5517 non
3225 5464 3399 5517 simus
3431 5478 3450 5514 :
3497 5455 3863 5531 confugiamus

2265 5531 2335 5585 ad
2360 5530 2634 5604 medicum
2663 5533 2776 5603 qui,
2810 5530 2925 5588 etc.
2954 5531 3065 5587 Sed
3098 5531 3209 5589 hoc
3240 5532 3439 5589 minus
3470 5530 3705 5604 quadrat
3754 5531 3859 5576 cum

2266 5602 2674 5674 sequentibus.
