4104 6156
283 352 401 417 ’ΐθί

1436 350 1675 414 LIBER
1716 351 1820 413 DE
1861 349 2042 414 ELIA
2091 355 2196 418 ET
2237 355 2584 421 JEJUNIO.

3628 356 3751 417 ’162

291 487 465 547 orbis
494 492 786 547 terrarum
817 486 1130 562 aliquando
1157 483 1472 545 solvendus
1502 489 1614 556 est,
1651 488 1717 543 ut
1746 485 1823 543 sit
1852 503 1947 544 re-
1979 490 2035 558 Α
2065 488 2168 546 illa
2232 495 2499 548 creatura
2568 488 2837 563 subjecta
2894 489 3007 557 est,
3070 487 3257 546 donec
3313 490 3749 565 multiplicetur

290 579 470 652 quies
501 579 783 652 fatigatis.

363 669 461 725 79.
497 669 737 725 Athletae
764 684 991 735 sumus,
1033 667 1092 723 in
1139 667 1396 740 quodam
1446 666 1639 722 stadio
1689 666 1949 723 decemi-

295 775 438 814 mus
497 756 763 831 spiritali.
817 756 1080 829 Denique
1122 758 1316 813 bonus
1363 754 1585 812 athleta
1650 755 1878 812 dicebat
1934 773 1948 811 :

296 870 325 898 ‹‹
361 847 522 903 Facti
553 863 756 903 sumus
813 845 1214 917 spectaculum
1257 845 1439 917 hujus
1495 844 1702 901 mundi
1734 846 1779 916 (I
1826 845 1949 902 Cor.

295 954 372 1004 Iv,
404 937 482 1007 9).
519 959 541 989 ι
578 936 645 991 Et
669 934 800 990 alibi
835 951 849 990 :
896 954 918 984 ι
954 935 1013 991 Si
1043 951 1213 991 curro
1243 951 1361 990 non
1393 939 1458 990 ut
1506 935 1565 990 in
1606 934 1899 991 incertum
1936 954 1949 993 :

288 1025 378 1082 sic
406 1024 617 1091 enitor,
650 1041 759 1080 non
792 1028 860 1079 ut
892 1040 1086 1080 aerem
1116 1025 1378 1093 cadens;
1413 1024 1515 1081 sed
1549 1024 1773 1097 castigo
1823 1041 1950 1082 cor-

292 1130 408 1186 pus
456 1129 654 1169 meum
685 1114 730 1185 (I
757 1112 887 1168 Cor.
943 1131 1020 1180 ix,
1051 1114 1142 1179 26,
1172 1114 1285 1184 27).
1322 1136 1350 1162 »
1380 1114 1451 1169 Et
1496 1113 1637 1169 alibi
1692 1131 1705 1170 :
1758 1137 1787 1164 «
1836 1116 1953 1171 Su-

293 1202 528 1276 periora
556 1200 934 1272 obliviscens,
967 1206 1024 1257 et
1053 1219 1181 1274 quae
1231 1206 1373 1258 sunt
1419 1202 1616 1275 priora
1647 1210 1952 1276 appetens,

294 1293 373 1348 ad
411 1291 768 1347 destinatum
816 1307 1039 1363 sequor
1087 1291 1352 1348 bravium
1383 1292 1613 1365 (Pilipp.
1656 1310 1737 1361 ιιι,
1778 1293 1893 1365 13.)
1925 1316 1953 1344 ››

295 1380 542 1436 Athletae
573 1396 707 1454 ergo
736 1379 1240 1452 sumus,legitime
1270 1381 1616 1437 certandum
1648 1382 1957 1439 est.Mu1ta

265 1455 617 1526 .luctamina
643 1473 825 1525 sunt:
861 1472 921 1524 et
961 1470 1061 1541 qui
1101 1469 1274 1526 hodie
1315 1469 1504 1526 victus
1550 1475 1663 1538 est,
1711 1489 1842 1529 cras
1892 1490 1956 1529 se

291 1562 546 1631 reparat.
577 1560 724 1613 Ante
756 1558 828 1613 ad
855 1557 1130 1613 bravium
1184 1558 1579 1626 contenditur,
1626 1564 1829 1632 postea
1881 1562 1955 1617 ad

292 1663 594 1704 coronam.
620 1645 921 1718 Numquid
955 1644 1174 1702 athleta
1206 1646 1326 1702 otio
1367 1651 1555 1715 vacat,
1589 1664 1726 1705 cum
1770 1649 1959 1706 semel

291 1736 520 1792 dederit
534 1736 845 1792 certamini
867 1751 1081 1791 nomen
1099 1735 1315 1792 suum?
1338 1734 1653 1793 Exercetur
1669 1740 1956 1811 quotidie,

294 1824 542 1899 ungitur
569 1825 856 1926 quotidie.
891 1825 1020 1898 ipse
1053 1823 1220 1924 cibus
1266 1824 1319 1925 ei
1363 1826 1726 1898 agonisticus
1760 1829 1956 1898 datur,
1997 1865 2042 1931 Β

295 1913 611 1987 disciplina
659 1913 933 1987 exigitur,
985 1913 1335 1970 castimonia
1377 1915 1728 1972 custoditur.
1772 1918 1844 1973 Et
1895 1922 1959 1973 tu

292 2004 514 2060 dedisti
544 2019 758 2059 nomen
788 2007 960 2059 tuum
990 2004 1063 2059 ad
1094 2019 1340 2075 agonem
1362 2003 1961 2078 Christi,subscripsi-

296 2093 380 2151 sti
410 2092 481 2148 ad
513 2091 987 2165 competitionem
1028 2108 1252 2148 coronae
1303 2109 1315 2145 :
1370 2092 1676 2162 meditare,
1724 2110 1962 2152 exerce-

294 2198 386 2248 re,
413 2197 626 2254 ungere
654 2180 783 2237 oleo
814 2179 1044 2250 laetitiae,
1075 2185 1372 2253 unguento
1411 2180 1726 2239 exinanito.
1781 2184 1961 2240 Cibus

293 2275 444 2327 tuus
471 2271 637 2326 cibus
666 2269 1003 2326 sobrietatis
1033 2268 1286 2336 sit,nihil
1316 2269 1529 2327 habeat
1558 2271 1958 2346 intemperan-

295 2360 419 2425 tiae,
472 2358 617 2414 nihil
664 2358 930 2414 luxuriae.
982 2359 1157 2414 Polus
1205 2362 1343 2415 tuus
1390 2360 1638 2431 parcior,
1691 2379 1765 2417 ne
1817 2361 1959 2434 quid

298 2447 602 2505 ebrietatis
634 2448 878 2520 obrepat
910 2464 922 2502 :
952 2446 1180 2502 custodi
1216 2447 1473 2519 corporis
1522 2449 1958 2519 castimoniam,

300 2542 373 2593 ut
401 2537 592 2609 possis
619 2553 749 2594 esse
777 2536 995 2591 habilis
1041 2536 1114 2591 ad
1163 2552 1461 2602 coronam,
1494 2555 1565 2594 ne
1604 2540 1961 2596 existimatio

298 2631 408 2682 tua
435 2626 690 2682 olfendat
715 2625 1062 2698 spectatoris
1093 2624 1383 2692 affectum,
1407 2642 1481 2681 ne
1510 2630 1565 2683 te
1591 2628 1847 2684 fautores
1873 2629 1961 2684 tui

298 2714 699 2788 negligentem
740 2713 977 2769 videant
1005 2716 1064 2768 et
1095 2713 1386 2769 deserant.
1431 2715 1709 2786 Spectant
1755 2721 1811 2773 te
1854 2719 1959 2773 Ar-

298 2803 661 2877 changeli,et
691 2804 1032 2873 Potestates,
1065 2806 1123 2858 et
1152 2802 1614 2875 Dominationes,
1633 2810 1691 2862 et
1717 2805 1823 2862 illa
1841 2810 1962 2862 An-

298 2893 571 2968 gelorum
597 2893 797 2947 decem
829 2890 1016 2946 millia
1065 2890 1263 2945 decem
1317 2891 1592 2949 millium.
1626 2895 1747 2951 Sub
1779 2895 1962 2951 tantis

298 2981 735 3056 spectatoribus
765 2980 1131 3046 erubescere,
1162 2979 1470 3038 considera
1515 2998 1696 3054 quam
1727 2984 1967 3040 dedeco-

288 3087 511 3131 rosum
563 3068 659 3125 sit.
712 3068 1022 3141 Ingressus
1079 3067 1359 3135 stadium,
1418 3069 1654 3141 pulvere
1707 3072 1963 3146 rigorem

299 3161 519 3217 anima
551 3162 662 3214 tuae
694 3156 879 3213 excita
907 3156 1045 3229 (81),
1076 3154 1322 3212 lacertos
1353 3162 1575 3216 excute.
1611 3160 1964 3234 Progressus

2067 579 2303 651 adoptio
2335 579 2678 649 ﬁliorum,et
2709 580 2894 635 totius
2928 577 3194 650 corporis
3225 582 3558 655 redemptio
3588 597 3754 637 com-

2066 666 2316 742 pleatur.
2347 668 2410 723 In
2443 669 2595 724 bono
2640 684 2782 740 ergo
2835 667 3137 739 disperdet
3191 671 3396 727 orbem
3428 675 3748 726 terrarum.

2066 757 2190 812 Erit
2219 758 2433 813 etenim
2466 757 2681 813 caelum
2730 771 2970 822 novum,
3017 760 3078 811 et
3127 775 3241 815 nox
3287 778 3411 817 non
3464 758 3576 816 erit
3625 776 3752 815 am-

2070 845 2247 918 plius.
2281 845 2543 918 Denique
2594 844 2898 911 revelabit,
2949 843 3166 916 inquit,
3217 844 3434 905 faciem
3486 849 3638 920 ejus,
3696 854 3761 905 ut

2066 933 2320 991 revelata
2371 934 2516 991 facie
2565 932 3211 1008 spectemusgloriam
3266 938 3491 995 Christi
3533 939 3606 1010 (II
3634 938 3759 996 Cor.

2072 1040 2160 1089 ιιι,
2198 1022 2315 1095 13).

2691 1110 2928 1167 CAPUT
2967 1110 3138 1169 XXII.

2067 1200 2375 1280 Fugiendas
2402 1202 2842 1280 comessationes,
2870 1217 2940 1256 ne
2987 1218 3043 1280 se
3093 1221 3129 1258 a
3165 1206 3336 1280 nobis
3387 1208 3595 1280 Moyses
3638 1228 3769 1270 cum

2144 1274 2340 1329 Levitis
2398 1281 2631 1355 separet,
2671 1276 2737 1355 et
2788 1274 3288 1355 quomodo‘adhuc
3350 1274 3562 1355 veniat.
3630 1288 3768 1343 Item

2141 1360 2402 1416 quosnam
2458 1344 2708 1400 rescindi
2751 1344 2975 1468 djubeat
3053 1348 3362 1418 Apostolus.
3446 1352 3573 1407 Post
3641 1356 3761 1416 hmo

2141 1415 2383 1468 nondum
2413 1416 2680 1468 bantimti
2710 1432 2745 1468 α
2817 1415 2958 1468 hanc
2984 1419 3196 1468 tantam
3225 1423 3487 1468 mminm
3510 1425 3755 1468 inuita”-

2139 1415 2388 1490 nondum
2413 1416 2680 1490 baptismi
2710 1415 2786 1469 ad
2817 1415 2958 1469 hanc
2984 1415 3196 1474 tantam
3223 1423 3487 1490 gratiam
3510 1415 3755 1485 invitané

2142 1490 2234 1612 tbur
2262 1487 2500 1558 emplosis
2533 1487 2603 1541 ad
2633 1490 2961 1542 extremum
2984 1487 3351 1560 quorumdam
3387 1501 3764 1561 excusationi-

2186 1574 2267 1612 us.

2186 1574 2267 1613 us.

2140 1648 2230 1701 81.
2261 1646 2649 1702 Advertamus
2684 1662 2828 1717 ergo
2860 1645 2921 1702 in
2953 1650 3144 1707 stadio
3176 1654 3490 1711 constituti
3522 1665 3760 1730 quantis

2072 1738 2176 1791 aut
2204 1732 2575 1790 delectationi
2607 1739 2713 1789 aut
2746 1734 2937 1791 dolori
2982 1739 3228 1806 erimus,
3261 1744 3368 1813 qui
3394 1761 3552 1803 nunc
3580 1749 3762 1810 fauto-

2072 1840 2165 1879 res
2195 1822 2366 1879 nobis
2396 1828 2554 1889 sunt,
2590 1839 2664 1879 ne
2692 1840 2801 1896 pro
2836 1825 3006 1881 nobis
3042 1827 3331 1900 incipiant
3386 1836 3754 1897 erubescere.

2072 1912 2238 1968 Sicut
2267 1911 2423 1968 enim
2460 1933 2489 1962 «
2520 1912 2628 1967 erit
2663 1912 2953 1984 gaudium
2987 1916 3046 1971 in
3078 1917 3222 1973 coelo
3254 1935 3441 1991 super
3472 1940 3589 1980 uno
3622 1944 3753 1999 pec-

2071 2005 2264 2057 catore
2310 2000 2717 2074 paenitentiam
2769 2008 2977 2075 agente
3006 2006 3154 2077 (Luc.
3187 2024 3283 2078 xv,
3316 2010 3431 2082 10),
3470 2034 3497 2062 ››
3531 2013 3612 2070 ita
3641 2017 3751 2073 erit

2071 2089 2350 2146 maestitia
2381 2105 2559 2161 super
2587 2106 2653 2145 eo
2686 2091 2812 2163 qui,
2839 2109 2956 2147 non
2988 2101 3224 2151 exorata
3252 2099 3426 2154 venia
3456 2102 3590 2174 (82),
3623 2121 3755 2160 cur-
3850 2136 3855 2137 ί

2071 2196 2208 2235 sum
2238 2178 2418 2250 hujus
2446 2178 2578 2233 vita:
2609 2180 3332 2257 confecerit.Castigemus
3364 2204 3502 2262 ergo
3534 2207 3749 2264 corpus

2071 2272 2339 2324 nostrum
2378 2266 2648 2338 jejuniis,
2683 2268 2984 2340 fugiamus
3013 2272 3324 2330 indecoras
3376 2281 3755 2337 comessatio-

2072 2374 2199 2413 nes.
2232 2357 2553 2412 Caveamus
2586 2373 2658 2412 ne
2691 2359 2863 2415 nobis
2910 2361 3142 2416 dicatur
3192 2380 3205 2418 :
3261 2364 3492 2423 Ululate
3522 2385 3556 2424 a
3584 2369 3742 2425 vino.

2071 2446 2155 2503 Ne
2186 2446 2378 2502 veniat
2414 2445 2731 2517 Moyses,et
2764 2448 2987 2505 Levites
3018 2452 3293 2508 advocet:
3319 2460 3378 2510 et
3407 2457 3747 2530 quicunque

2069 2539 2312 2608 paratus
2370 2534 2442 2591 ad
2494 2534 2814 2593 Dominum
2864 2544 3151 2595 armatam
3201 2541 3505 2600 dexteram
3558 2550 3741 2619 gerat,

2071 2627 2308 2695 separet
2339 2639 2399 2678 se
2430 2623 2502 2678 ab
2529 2622 2622 2678 bis
2654 2626 2759 2696 qui
2796 2628 3205 2684 manducando
3228 2635 3287 2684 et
3318 2632 3573 2689 bibendo
3616 2652 3748 2706 gra-

2069 2712 2166 2767 via
2194 2715 2552 2781 contraxere;
2568 2719 2825 2784 peccata.
2851 2716 2919 2770 Et
2948 2714 3122 2772 hodie
3156 2718 3386 2790 Moyses
3418 2721 3738 2791 venit,cum

2071 2800 2164 2856 lex
2193 2800 2531 2855 recensetur
2564 2816 2577 2855 :
2614 2801 2841 2875 Moyses
2868 2810 3051 2871 vocat,
3086 2821 3222 2860 cum
3253 2805 3345 2862 lex
3378 2809 3657 2881 praecipit.

2143 2891 2233 2944 82.
2266 2888 2579 2961 Apostolus
2629 2891 2799 2948 docet
2828 2893 2898 2960 (II
2948 2894 3124 2950 Thess.
3178 2912 3260 2961 ιιι,
3312 2898 3367 2969 6)
3400 2901 3465 2952 ut
3508 2914 3741 2971 separe-

2071 2994 2208 3036 mus
2238 2994 2345 3034 nos
2386 2980 2459 3034 ab
2492 2980 2652 3036 omni
2687 2982 2861 3038 fratre
2890 2981 3152 3053 inquiete
3186 2991 3414 3057 agente.
3448 2987 3736 3043 Percutia-

2072 3082 2208 3122 mus
2261 3083 2397 3122 eum
2448 3068 2639 3140 gladio
2689 3070 3005 3142 spirituali,
3055 3072 3158 3143 qui
3212 3078 3304 3129 est
3350 3075 3592 3131 verbum
3644 3075 3741 3131 Dei

2073 3155 2287 3227 (Ephes.
2331 3173 2408 3220 v1,
2452 3158 2560 3229 17).
2613 3159 2738 3216 Νοιι
2778 3160 3006 3231 fratris,
3059 3178 3176 3217 non
3230 3163 3542 3236 propinqui
3595 3164 3743 3219 acci-

298 3251 369 3307 in
398 3264 686 3315 scamma,
720 3261 959 3303 necesse
988 3248 1079 3301 est
1110 3248 1174 3300 ut
1202 3244 1478 3318 excipias,
1498 3233 1963 3320 pulverem,sub-
1995 3233 2040 3299 C
2079 3243 2312 3316 piamus
2342 3261 2655 3316 personam
2681 3266 2693 3304 :
2716 3249 2819 3307 sed
2851 3265 3086 3305 omnem
3118 3233 3495 3307 immundum
3524 3252 3736 3308 aChri'

297 3356 407 3397 eas
437 3336 621 3393 aestivi
652 3334 791 3391 solis
826 3334 1215 3408 ﬂagrantiam.
1249 3333 1451 3391 Gravis
1482 3340 1787 3406 zestus,sed
1831 3338 1962 3396 dul-

300 3428 395 3485 cis
422 3423 667 3482 victoria
699 3441 712 3479 :
748 3423 996 3481 molesta
1026 3420 1214 3496 caligo
1245 3421 1524 3495 pulveris,
1556 3428 1659 3483 sed
1700 3429 1967 3500 speciosa

298 3513 822 3574 tolerantia.Nemo
851 3512 1114 3569 stadium
1142 3509 1584 3583 pulverulentus
1614 3514 1963 3590 ingreditur,

299 3605 410 3663 sed
444 3601 913 3676 pulverulentum
945 3600 1202 3657 reddunt
1230 3601 1571 3658 certamina.
1610 3604 1693 3659 Ibi
1742 3605 1964 3679 colligi-

299 3701 407 3751 tur
436 3692 649 3766 pulvis,
684 3691 783 3746 ubi
811 3690 1010 3764 palma
1036 3688 1594 3762 proponitur.Nemo
1623 3691 1838 3751 iterum
1868 3694 1964 3750 ni-

298 3784 473 3841 tidus
500 3784 829 3846 coronatur,
863 3777 1337 3852 pulverulentum
1367 3778 1532 3836 decet
1560 3780 1817 3840 victoria.

381 3873 472 3926 80.
505 3868 649 3925 Veni
688 3885 845 3943 ergo,
880 3867 1126 3925 Domine
1174 3866 1339 3936 Jesu,
1370 3871 1535 3923 exeat
1584 3884 1799 3928 corona
1840 3876 1964 3940 tua,

306 3959 557 4019 admitte
582 3958 826 4014 victores
860 3957 919 4013 in
944 3955 1230 4029 requiem,
1258 3954 1443 4011 victos
1474 3957 1547 4013 ad
1570 3960 1967 4032 compunctio-

305 4066 470 4106 nem.
502 4048 572 4103 Et
601 4047 647 4102 si
677 4046 969 4119 disperdis
1008 4045 1209 4101 orbem
1261 4048 1573 4117 terrarum,
1605 4048 1778 4121 plura
1824 4053 1970 4107 sunt

302 4135 629 4195 invisibilia
655 4152 830 4208 opera
856 4139 959 4191 tua
1004 4150 1185 4206 quam
1234 4148 1361 4205 quae
1409 4134 1688 4194 vidimus.
1721 4139 1831 4204 Qui
1861 4156 1965 4196 an-

300 4224 589 4301 gustioris
619 4228 709 4281 est
737 4222 941 4291 animi,
973 4222 1076 4278 illa
1104 4239 1222 4279 non
1253 4223 1627 4289 cernit,dolet
1656 4229 1813 4299 quod
1843 4229 1965 4285 dis-

298 4315 519 4389 perdas
548 4313 747 4371 orbem
779 4317 1069 4369 terrarum
1123 4327 1137 4366 :
1185 4312 1287 4368 sed
1338 4312 1440 4384 qui
1497 4314 1657 4371 novit
1699 4322 1967 4390 spectare

302 4421 436 4479 quae
468 4402 785 4459 invisibilia
815 4406 975 4471 sunt,
1007 4400 1224 4475 gaudet
1255 4404 1320 4456 ut
1347 4400 1633 4468 venias,et
1661 4421 1866 4463 omnes
1888 4406 1963 4461 li-

299 4496 497 4550 beres.
531 4492 795 4548 Gaudent
824 4488 1056 4546 athletae
1102 4488 1204 4561 qui
1253 4493 1502 4561 possunt
1533 4491 1679 4549 561
1721 4494 1913 4552 dicere
1948 4512 1960 4550 :

305 4603 337 4634 α
371 4581 581 4638 Veniat
610 4597 855 4654 regnum
883 4584 1076 4645 tuum,
1107 4578 1211 4634 ﬁat
1241 4577 1529 4669 voluntas?
1562 4584 1664 4636 tua
1709 4582 1864 4640 sicut
1905 4585 1964 4640 in
1997 4605 2044 4669 Β

280 4670 453 4728 ~coelo
485 4668 542 4726 et
567 4670 625 4725 in
654 4674 812 4726 terra
841 4669 1049 4742 (Matth.
1081 4684 1160 4734 v1,
1200 4667 1307 4740 l9.)
1342 4667 1665 4726 nGaudebit
1698 4677 1968 4729 creatura

308 4759 542 4827 mundi,
575 4763 639 4815 ut
668 4776 703 4815 a
731 4757 988 4815 vanitate
1038 4756 1245 4813 mundi
1295 4755 1469 4813 istius
1501 4755 1802 4829 liberetur,
1835 4779 1963 4835 quea

308 4864 471 4904 nunc
497 4847 880 4921 congemiscit
909 4850 966 4902 et
994 4844 1247 4919 parturit
1288 4862 1302 4901 :
1335 4847 1474 4919 quia
1519 4847 1761 4905 vanitati
1786 4851 1965 4907 etiam

380 4966 495 5044 (81)
534 4973 701 5041 Mss.,
747 4972 1007 5054 stadium,
1047 4973 1292 5054 vigorem
1342 4974 1549 5054 enim;
1598 4981 1710 5054 tu}
1755 4979 1953 5054 excita.

305 5046 508 5102 Bonus
539 5060 781 5113 sensus;
823 5049 1021 5100 tamen
1071 5044 1302 5099 videtur
1347 5047 1588 5100 sanctus
1632 5045 1844 5104 Doctor
1888 5049 1962 5104 ad

306 5116 714 5188 ea_respicere,
748 5131 876 5188 quae
906 5115 967 5170 in
1006 5114 1426 5171 certaminibus
1473 5132 1586 5188 usu
1630 5118 1959 5176 veniebant.

305 5186 586 5243 Solebant
615 5186 811 5243 autem
841 5186 1158 5243 luctatores
1189 5189 1501 5259 postquam
1540 5187 1764 5259 inuncti
1814 5189 1960 5247 fuis-

306 5262 463 5327 sent,
495 5274 568 5315 ne
598 5259 864 5330 membra
916 5256 1209 5314 ceromate
1254 5256 1481 5313 lubrica
1522 5257 1803 5330 prehendi
1843 5278 1959 5318 non

303 5335 571 5404 possent,
602 5329 712 5404 sibi
741 5330 1040 5404 pulverem
1073 5345 1411 5404 aspergere,
1432 5329 1587 5404 quod
1636 5331 1827 5404 aphen
1877 5333 1958 5389 fa-

304 5400 442 5458 cere
485 5400 849 5457 dictitabant.
904 5401 1067 5457 Unde
1124 5400 1218 5456 hic
1252 5400 1632 5472 praeferendas
1673 5400 1961 5461 "videntur

2076 3334 2150 3389 sti
2182 3349 2558 3393 secernamus
2589 3337 2907 3406 altaribus;
2942 3342 3007 3394 ut
3050 3342 3331 3398 emundet
3377 3347 3434 3397 et
3481 3342 3739 3414 corrigat

2076 3419 2278 3494 lapsus
2309 3439 2471 3494 suos,
2496 3442 2614 3497 quo
2647 3427 2719 3482 ad
2751 3432 3124 3485 sacramenta
3151 3430 3370 3486 Christi
3399 3430 3586 3486 redire
3618 3447 3737 3486 me-

2077 3514 2297 3566 reatur.

2148 3599 2237 3653 83.
2271 3599 2330 3655 Si
2363 3602 2498 3672 quis
2530 3608 2728 3659 autem
2781 3620 2897 3659 non
2951 3610 3041 3661 est
3088 3606 3443 3681 baptizatus,
3477 3608 3739 3666 securior

2078 3691 2449 3745 convertatur
2479 3690 2886 3748 remissionem
2917 3693 3214 3767 accipiens
3246 3698 3734 3769 peccatorumSi-

2080 3777 2315 3850 quidem
2351 3777 2683 3851 baptismus
2715 3780 2870 3836 velut
2898 3779 3055 3855 ignis
3085 3784 3325 3854 quidam
3351 3790 3588 3856 peccato.
3609 3803 3739 3841 con-

2077 3865 2295 3934 sumit;
2332 3867 2473 3939 quia
2519 3870 2786 3927 Christus
2816 3870 2876 3925 in
2907 3870 3041 3942 igne
3088 3877 3146 3928 et
3195 3875 3405 3946 spiritu
3454 3876 3735 3945 baptizat.

2076 3956 2336 4028 Denique
2367 3956 2525 4014 hunc
2558 3963 2763 4032 typum
2794 3958 2940 4031 legis
2972 3959 3031 4016 in
3069 3962 3397 4034 Regnorum
3429 3961 3732 4031 libris(83),

2075 4044 2176 4101 ubi
2199 4043 2350 4101 Elias
2398 4062 2578 4119 super
2624 4046 2809 4103 altare
2854 4046 3017 4121 ligna
3062 4049 3364 4122 imposuit,
3397 4055 3453 4106 et
3483 4049 3629 4105 dixit
3675 4054 3739 4105 ut

2076 4133 2377 4191 mitterent
2405 4151 2585 4208 super
2613 4138 2685 4193 de
2715 4136 2939 4211 hydriis
2971 4155 3211 4211 aquam,
3243 4144 3300 4195 et
3331 4139 3541 4195 dixitm
3568 4139 3738 4195 Itera-

2075 4228 2151 4291 te,
2182 4227 2240 4278 et
2284 4222 2644 4282 iteraverunt
2675 4227 2770 4297 (III
2798 4228 2925 4299 Reg.
2959 4245 3118 4297 xvm,
3165 4230 3289 4299 31s);
3344 4250 3372 4278 »
3420 4232 3475 4284 et
3523 4227 3672 4283 dixit
3719 4247 3732 4284 :

2077 4337 2104 4364 ς(
2137 4313 2344 4369 Iterate
2374 4314 2630 4380 tertio,et
2662 4314 3019 4371 iteraverunt
3049 4316 3452 4389 tertio(Ibid.);
3490 4320 3579 4372 net
3600 4333 3735 4387 cum

2075 4405 2337 4458 manaret
2368 4418 2543 4473 aqua,
2577 4407 2847 4475 precatus
2878 4408 2967 4459 est
2998 4405 3173 4475 Elias,
3207 4409 3265 4461 et
3291 4406 3444 4479 ignis
3488 4406 3732 4462 descen-

2073 4492 2159 4547 dit
2188 4492 2260 4546 de
2290 4489 2455 4546 caelo.
2487 4491 2574 4545 Tu
2626 4508 2688 4547 es
2739 4492 2891 4549 562
2942 4493 3117 4550 homo
3161 4512 3339 4568 super
3385 4496 3586 4565 altare,
3630 4497 3769 4567 qui‘
3858 4552 3865 4553 ,

2074 4579 2329 4637 ablueris
2361 4595 2534 4650 aqua,
2569 4581 2737 4651 cuius
2767 4582 3032 4639 exuritur
3062 4584 3255 4658 culpa,
3291 4591 3354 4640 ut
3404 4584 3518 4640 vita
3570 4601 3733 4640 reno-

2075 4674 2259 4726 vetur.
2296 4668 2547 4741 Lignum
2593 4669 2750 4725 enim
2782 4673 2840 4725 et
2877 4671 3157 4743 stipulam
3206 4674 3507 4728 consumit
3552 4673 3728 4744 ignis.

2074 4757 2201 4814 Noli
2233 4757 2438 4813 timere
2468 4756 2665 4828 ignem
2695 4775 2802 4831 per
2829 4776 3003 4832 quem
3037 4761 3412 4821 illuminaris.
3450 4761 3584 4815 Ideo
3622 4760 3729 4814 tibi

2075 4847 2288 4904 dicitur
2321 4862 2334 4899 :
2372 4866 2400 4893 ‹‹
2432 4845 2703 4903 Accedite
2734 4849 2807 4903 ad
2841 4865 2998 4919 eum,
3031 4856 3089 4907 et
3119 4847 3535 4906 illuminamini
3558 4848 3726 4917 (Psat.

2074 4975 2276 5038 venia,
2308 4973 2416 5026 etc.
2448 4968 2573 5042 Non
2605 4973 2776 5028 male.
2811 4979 3083 5030 Attamen
3120 4992 3261 5031 mss.
3285 4971 3462 5027 verba
3491 4977 3557 5026 eo
3590 4986 3731 5042 pree-

2072 5045 2338 5109 tulimus,
2369 5041 2527 5113 quod
2577 5049 2819 5123 sanctus
2861 5046 2970 5113 vir,
3022 5047 3081 5101 in
3132 5045 3401 5103 instituta
3450 5041 3729 5123 allegoria

2071 5129 2489 5190 persevera_n_s,_
2506 5130 2620 5170 non
2673 5116 2918 5190 obscure
2964 5134 3132 5173 voces
3182 5135 3251 5174 ex
3299 5130 3478 5190 arena
3514 5116 3728 5185 petitas

2072 5184 2336 5257 usurpet.
2378 5184 2731 5257 Hujusmodi
2782 5192 2978 5242 autem
3029 5192 3153 5244 erat
3194 5188 3440 5243 verbum
3470 5184 3727 5254 exorare,

2070 5266 2136 5317 ut
2165 5257 2459 5331 advertere
2490 5262 2580 5311 est
2606 5275 2673 5313 ex
2703 5257 2804 5313 illo
2834 5258 3031 5331 Horat.
3063 5258 3165 5314 lib.
3199 5276 3241 5324 ι,
3272 5275 3362 5331 ep.
3398 5260 3420 5316 1
3463 5274 3480 5309 :

2164 5332 2237 5381 Ne
2270 5325 2532 5394 populum
2578 5333 2818 5378 extrema
2851 5329 3006 5377 toties
3034 5335 3216 5380 exoret
3245 5325 3428 5382 arena.

2138 5403 2252 5472 (83)
2282 5402 2483 5476 (omnes
2511 5401 2648 5476 edit.
2700 5415 2945 5476 εις-ωδε.
2975 5399 3221 5476 aliquot,
3253 5403 3388 5472 legis
3418 5406 3479 5460 in
3510 5407 3724 5476 Regna-

306 5472 451 5529 edit.
478 5472 657 5551 idque
688 5473 963 5540 maxime,
1014 5472 1169 5551 quod
1221 5470 1471 5551 proclive
1523 5471 1714 5551 fuerit,
1742 5475 1883 5551 _r‘in
1926 5494 1958 5532 υ
2066 5470 2192 5531 rum
2227 5470 2384 5551 libris
2428 5473 2689 5551 invenies.
2743 5470 2882 5524 Mss.
2916 5487 3048 5551 vero
3074 5470 3319 5545 'plures'
3348 5470 3723 5551 potioresque

304 5542 681 5625 commutari,
714 5562 781 5601 ac
809 5561 1006 5602 vocem
1033 5542 1259 5616 pulvere
1286 5542 1651 5617 praetermitti
1708 5545 1778 5600 ab
1799 5544 1959 5619 igno-

306 5619 689 5760 “igneam.
740 5703 964 5757 omnes,
998 5701 1162 5759 super
1206 5701 1319 5743 imo
1356 5689 1656 5759 peccatore,
1686 5689 1737 5743 si
1768 5704 1955 5748 exsors

2066 5562 2265 5603 vocem
2296 5546 2534 5601 invenies
2567 5558 2680 5617 non
2715 5547 3067 5617 agnoscunt;
3101 5562 3228 5617 quae
3260 5563 3400 5603 sane
3433 5548 3564 5606 ideo
3590 5546 3719 5605 tan-

2064 5622 2192 5674 tum
2222 5617 2282 5673 in
2310 5619 2532 5672 textum
2571 5613 2800 5668 videtur
2846 5613 3273 5689 inducta,fquia
3320 5618 3457 5689 legis
3506 5638 3721 5678 nomen

2067 5706 2197 5748 esse
2230 5689 2603 5761 putaverunt,
2637 5699 2772 5740 cum
2801 5685 3044 5743 verbum
3077 5685 3171 5744 sit'.
