  <div class='ocr_page' id='page_1' title='image "/cluster/home/n/w/nwhite01/storage/ocr_20150623/14/hvd.32044048207138/387.png"; bbox 0 0 4104 6156; ppageno 0'>
   <div class='ocr_carea' id='block_1_1' title="bbox 497 307 620 370">
    <p class='ocr_par' dir='ltr' id='par_1_1' title="bbox 497 307 620 370">
     <span class='ocr_line' id='line_1_1' title="bbox 497 307 620 370; baseline 0.016 -2"><span class='ocrx_word' id='word_1_1' title='bbox 497 307 620 370; x_wconf 85' lang='lat'>763</span> 
     </span>
    </p>
   </div>
   <div class='ocr_carea' id='block_1_2' title="bbox 1970 302 3826 381">
    <p class='ocr_par' dir='ltr' id='par_1_2' title="bbox 1970 302 3826 381">
     <span class='ocr_line' id='line_1_2' title="bbox 1970 302 3826 381; baseline 0.007 -14"><span class='ocrx_word' id='word_1_2' title='bbox 1970 302 2036 367; x_wconf 89' lang='lat' dir='ltr'>S.</span> <span class='ocrx_word' id='word_1_3' title='bbox 2082 302 2461 372; x_wconf 80' lang='lat' dir='ltr'>AMBROSII</span> <span class='ocrx_word' id='word_1_4' title='bbox 3734 315 3826 381; x_wconf 70' lang='lat' dir='ltr'>7M</span> 
     </span>
    </p>
   </div>
   <div class='ocr_carea' id='block_1_3' title="bbox 491 430 3829 511">
    <p class='ocr_par' dir='ltr' id='par_1_3' title="bbox 491 430 3829 511">
     <span class='ocr_line' id='line_1_3' title="bbox 491 430 3829 511; baseline 0.003 -12"><span class='ocrx_word' id='word_1_5' title='bbox 491 457 686 505; x_wconf 82' lang='grc' dir='ltr'><strong>χχχιιι,</strong></span> <span class='ocrx_word' id='word_1_6' title='bbox 720 438 793 509; x_wconf 87' lang='lat'>6).</span> <span class='ocrx_word' id='word_1_7' title='bbox 831 459 858 487; x_wconf 67' lang='grc' dir='ltr'><strong>η</strong></span> <span class='ocrx_word' id='word_1_8' title='bbox 894 430 1188 510; x_wconf 81' lang='lat' dir='ltr'>Suscipite</span> <span class='ocrx_word' id='word_1_9' title='bbox 1209 431 1425 511; x_wconf 85' lang='lat' dir='ltr'>jugum</span> <span class='ocrx_word' id='word_1_10' title='bbox 1457 432 1694 493; x_wconf 78' lang='lat' dir='ltr'>Christi.</span> <span class='ocrx_word' id='word_1_11' title='bbox 1730 433 1917 495; x_wconf 82' lang='lat' dir='ltr'>Nolite</span> <span class='ocrx_word' id='word_1_12' title='bbox 1946 434 2152 496; x_wconf 89' lang='lat' dir='ltr'>timere</span> <span class='ocrx_word' id='word_1_13' title='bbox 2182 441 2236 509; x_wconf 84' lang='grc' dir='ltr'>Α</span> <span class='ocrx_word' id='word_1_14' title='bbox 2337 440 2427 497; x_wconf 87' lang='grc'>85.</span> <span class='ocrx_word' id='word_1_15' title='bbox 2461 435 2700 497; x_wconf 83' lang='lat' dir='ltr'>Patebat</span> <span class='ocrx_word' id='word_1_16' title='bbox 2727 440 2785 496; x_wconf 89' lang='lat' dir='ltr'>et</span> <span class='ocrx_word' id='word_1_17' title='bbox 2814 438 2947 497; x_wconf 76' lang='lat' dir='ltr'>ante</span> <span class='ocrx_word' id='word_1_18' title='bbox 2975 432 3085 495; x_wconf 88' lang='lat' dir='ltr'>hoc</span> <span class='ocrx_word' id='word_1_19' title='bbox 3114 433 3320 496; x_wconf 73' lang='lat' dir='ltr'>emtum</span> <span class='ocrx_word' id='word_1_20' title='bbox 3351 435 3675 502; x_wconf 83' lang='lat' dir='ltr'>hominibus.</span> <span class='ocrx_word' id='word_1_21' title='bbox 3700 446 3829 508; x_wconf 82' lang='lat' dir='ltr'>Deni-</span> 
     </span>
    </p>
   </div>
   <div class='ocr_carea' id='block_1_4' title="bbox 490 525 2147 603">
    <p class='ocr_par' dir='ltr' id='par_1_4' title="bbox 490 525 2147 603">
     <span class='ocr_line' id='line_1_4' title="bbox 490 525 2147 603; baseline -0.001 -18"><span class='ocrx_word' id='word_1_22' title='bbox 490 532 629 603; x_wconf 88' lang='lat' dir='ltr'>quia</span> <span class='ocrx_word' id='word_1_23' title='bbox 650 530 861 599; x_wconf 81' lang='lat' dir='ltr'>jugum</span> <span class='ocrx_word' id='word_1_24' title='bbox 895 531 1019 582; x_wconf 89' lang='lat' dir='ltr'>est:</span> <span class='ocrx_word' id='word_1_25' title='bbox 1046 526 1335 592; x_wconf 81' lang='lat' dir='ltr'>festinate,</span> <span class='ocrx_word' id='word_1_26' title='bbox 1368 527 1507 599; x_wconf 84' lang='lat' dir='ltr'>quia</span> <span class='ocrx_word' id='word_1_27' title='bbox 1534 525 1657 583; x_wconf 88' lang='lat' dir='ltr'>leve</span> <span class='ocrx_word' id='word_1_28' title='bbox 1687 527 1926 586; x_wconf 88' lang='lat' dir='ltr'>est.Non</span> <span class='ocrx_word' id='word_1_29' title='bbox 1950 533 2147 584; x_wconf 89' lang='lat' dir='ltr'>conte-</span> 
     </span>
    </p>
   </div>
   <div class='ocr_carea' id='block_1_5' title="bbox 488 615 2141 690">
    <p class='ocr_par' dir='ltr' id='par_1_5' title="bbox 488 615 2141 690">
     <span class='ocr_line' id='line_1_5' title="bbox 488 615 2141 690; baseline -0.001 -16"><span class='ocrx_word' id='word_1_30' title='bbox 488 619 564 674; x_wconf 88' lang='lat' dir='ltr'>rit</span> <span class='ocrx_word' id='word_1_31' title='bbox 592 616 756 683; x_wconf 90' lang='lat' dir='ltr'>colla,</span> <span class='ocrx_word' id='word_1_32' title='bbox 792 617 891 671; x_wconf 90' lang='lat' dir='ltr'>sed</span> <span class='ocrx_word' id='word_1_33' title='bbox 939 615 1228 671; x_wconf 77' lang='lat' dir='ltr'>honestat.</span> <span class='ocrx_word' id='word_1_34' title='bbox 1280 616 1429 681; x_wconf 84' lang='lat' dir='ltr'>Quid</span> <span class='ocrx_word' id='word_1_35' title='bbox 1478 616 1802 672; x_wconf 80' lang='lat' dir='ltr'>dubitatis?</span> <span class='ocrx_word' id='word_1_36' title='bbox 1835 618 1975 689; x_wconf 87' lang='lat' dir='ltr'>quid</span> <span class='ocrx_word' id='word_1_37' title='bbox 2011 635 2141 690; x_wconf 88' lang='lat' dir='ltr'>pro-</span> 
     </span>
    </p>
   </div>
   <div class='ocr_carea' id='block_1_6' title="bbox 487 704 2141 777">
    <p class='ocr_par' dir='ltr' id='par_1_6' title="bbox 487 704 2141 777">
     <span class='ocr_line' id='line_1_6' title="bbox 487 704 2141 777; baseline -0.001 -14"><span class='ocrx_word' id='word_1_38' title='bbox 487 705 863 763; x_wconf 84' lang='lat' dir='ltr'>crastinatis?</span> <span class='ocrx_word' id='word_1_39' title='bbox 920 704 1043 759; x_wconf 82' lang='lat' dir='ltr'>Non</span> <span class='ocrx_word' id='word_1_40' title='bbox 1098 704 1298 777; x_wconf 74' lang='lat' dir='ltr'>alligat</span> <span class='ocrx_word' id='word_1_41' title='bbox 1362 704 1643 761; x_wconf 77' lang='lat' dir='ltr'>cervicem</span> <span class='ocrx_word' id='word_1_42' title='bbox 1707 706 1980 770; x_wconf 83' lang='lat' dir='ltr'>vinculis,</span> <span class='ocrx_word' id='word_1_43' title='bbox 2041 707 2141 761; x_wconf 90' lang='lat' dir='ltr'>scd</span> 
     </span>
    </p>
   </div>
   <div class='ocr_carea' id='block_1_7' title="bbox 486 794 2137 867">
    <p class='ocr_par' dir='ltr' id='par_1_7' title="bbox 486 794 2137 867">
     <span class='ocr_line' id='line_1_7' title="bbox 486 794 2137 867; baseline -0.002 -14"><span class='ocrx_word' id='word_1_44' title='bbox 486 802 741 853; x_wconf 79' lang='lat' dir='ltr'>mentem</span> <span class='ocrx_word' id='word_1_45' title='bbox 772 794 959 867; x_wconf 84' lang='lat' dir='ltr'>gratia</span> <span class='ocrx_word' id='word_1_46' title='bbox 990 794 1223 865; x_wconf 84' lang='lat' dir='ltr'>copulat</span> <span class='ocrx_word' id='word_1_47' title='bbox 1256 810 1267 847; x_wconf 91' lang='lat'><strong>:</strong></span> <span class='ocrx_word' id='word_1_48' title='bbox 1303 811 1415 848; x_wconf 90' lang='lat' dir='ltr'>non</span> <span class='ocrx_word' id='word_1_49' title='bbox 1452 794 1798 850; x_wconf 75' lang='lat' dir='ltr'>necessitate</span> <span class='ocrx_word' id='word_1_50' title='bbox 1848 795 2137 851; x_wconf 84' lang='lat' dir='ltr'>constrin-</span> 
     </span>
    </p>
   </div>
   <div class='ocr_carea' id='block_1_8' title="bbox 488 883 1885 960">
    <p class='ocr_par' dir='ltr' id='par_1_8' title="bbox 488 883 1885 960">
     <span class='ocr_line' id='line_1_8' title="bbox 488 883 1885 960; baseline -0.001 -20"><span class='ocrx_word' id='word_1_51' title='bbox 488 887 591 960; x_wconf 89' lang='lat' dir='ltr'>git,</span> <span class='ocrx_word' id='word_1_52' title='bbox 615 886 712 942; x_wconf 84' lang='lat' dir='ltr'>sed</span> <span class='ocrx_word' id='word_1_53' title='bbox 746 884 1106 939; x_wconf 83' lang='lat' dir='ltr'>voluntatem</span> <span class='ocrx_word' id='word_1_54' title='bbox 1131 883 1265 937; x_wconf 82' lang='lat' dir='ltr'>boni</span> <span class='ocrx_word' id='word_1_55' title='bbox 1299 883 1491 954; x_wconf 89' lang='lat' dir='ltr'>operis</span> <span class='ocrx_word' id='word_1_56' title='bbox 1522 884 1723 955; x_wconf 78' lang='lat' dir='ltr'>dirigit</span> <span class='ocrx_word' id='word_1_57' title='bbox 1754 884 1885 955; x_wconf 77' lang='grc'>(84).</span> 
     </span>
    </p>
   </div>
   <div class='ocr_carea' id='block_1_9' title="bbox 557 972 2135 1045">
    <p class='ocr_par' dir='ltr' id='par_1_9' title="bbox 557 972 2135 1045">
     <span class='ocr_line' id='line_1_9' title="bbox 557 972 2135 1045; baseline -0.001 -16"><span class='ocrx_word' id='word_1_58' title='bbox 557 973 797 1038; x_wconf 73' lang='grc' dir='ltr'>84.οιιὶ(1</span> <span class='ocrx_word' id='word_1_59' title='bbox 832 989 1007 1043; x_wconf 79' lang='lat' dir='ltr'>negas</span> <span class='ocrx_word' id='word_1_60' title='bbox 1040 972 1229 1027; x_wconf 86' lang='lat' dir='ltr'>adhuc</span> <span class='ocrx_word' id='word_1_61' title='bbox 1262 988 1388 1027; x_wconf 84' lang='lat' dir='ltr'>esse</span> <span class='ocrx_word' id='word_1_62' title='bbox 1420 972 1742 1045; x_wconf 85' lang='lat' dir='ltr'>temporis?</span> <span class='ocrx_word' id='word_1_63' title='bbox 1773 973 1959 1028; x_wconf 88' lang='lat' dir='ltr'>Omne</span> <span class='ocrx_word' id='word_1_64' title='bbox 1984 978 2135 1029; x_wconf 80' lang='lat' dir='ltr'>tern-</span> 
     </span>
    </p>
   </div>
   <div class='ocr_carea' id='block_1_10' title="bbox 487 1060 2134 1135">
    <p class='ocr_par' dir='ltr' id='par_1_10' title="bbox 487 1060 2134 1135">
     <span class='ocr_line' id='line_1_10' title="bbox 487 1060 2134 1135; baseline -0.001 -20"><span class='ocrx_word' id='word_1_65' title='bbox 487 1080 597 1135; x_wconf 86' lang='lat' dir='ltr'>pus</span> <span class='ocrx_word' id='word_1_66' title='bbox 626 1064 1029 1134; x_wconf 83' lang='lat' dir='ltr'>opportunum</span> <span class='ocrx_word' id='word_1_67' title='bbox 1077 1062 1148 1115; x_wconf 79' lang='lat' dir='ltr'>ad</span> <span class='ocrx_word' id='word_1_68' title='bbox 1197 1060 1644 1133; x_wconf 79' lang='lat' dir='ltr'>indulgentiam.</span> <span class='ocrx_word' id='word_1_69' title='bbox 1678 1064 1729 1116; x_wconf 88' lang='lat' dir='ltr'>Si</span> <span class='ocrx_word' id='word_1_70' title='bbox 1778 1078 1987 1116; x_wconf 86' lang='lat' dir='ltr'>aurum</span> <span class='ocrx_word' id='word_1_71' title='bbox 2028 1062 2134 1116; x_wconf 85' lang='lat' dir='ltr'>tibi</span> 
     </span>
    </p>
   </div>
   <div class='ocr_carea' id='block_1_11' title="bbox 485 1149 2136 1220">
    <p class='ocr_par' dir='ltr' id='par_1_11' title="bbox 485 1149 2136 1220">
     <span class='ocr_line' id='line_1_11' title="bbox 485 1149 2136 1220; baseline -0.001 -13"><span class='ocrx_word' id='word_1_72' title='bbox 485 1152 745 1215; x_wconf 82' lang='lat' dir='ltr'>offeram,</span> <span class='ocrx_word' id='word_1_73' title='bbox 785 1167 900 1204; x_wconf 86' lang='lat' dir='ltr'>non</span> <span class='ocrx_word' id='word_1_74' title='bbox 953 1149 1097 1205; x_wconf 89' lang='lat' dir='ltr'>mihi</span> <span class='ocrx_word' id='word_1_75' title='bbox 1148 1150 1292 1204; x_wconf 86' lang='lat' dir='ltr'>dicis</span> <span class='ocrx_word' id='word_1_76' title='bbox 1330 1166 1341 1204; x_wconf 87' lang='lat'>:</span> <span class='ocrx_word' id='word_1_77' title='bbox 1377 1151 1516 1205; x_wconf 88' lang='lat' dir='ltr'>Cras</span> <span class='ocrx_word' id='word_1_78' title='bbox 1565 1151 1814 1213; x_wconf 84' lang='lat' dir='ltr'>veniam,</span> <span class='ocrx_word' id='word_1_79' title='bbox 1867 1152 1966 1206; x_wconf 36' lang='lat' dir='ltr'>se‘l</span> <span class='ocrx_word' id='word_1_80' title='bbox 2012 1152 2136 1220; x_wconf 79' lang='lat' dir='ltr'>jam</span> 
     </span>
    </p>
   </div>
   <div class='ocr_carea' id='block_1_12' title="bbox 484 1239 2135 1312">
    <p class='ocr_par' dir='ltr' id='par_1_12' title="bbox 484 1239 2135 1312">
     <span class='ocr_line' id='line_1_12' title="bbox 484 1239 2135 1312; baseline -0.001 -17"><span class='ocrx_word' id='word_1_81' title='bbox 484 1240 686 1312; x_wconf 78' lang='lat' dir='ltr'>exigis.</span> <span class='ocrx_word' id='word_1_82' title='bbox 721 1240 941 1294; x_wconf 81' lang='lat' dir='ltr'>Aurum</span> <span class='ocrx_word' id='word_1_83' title='bbox 976 1239 1235 1310; x_wconf 82' lang='lat' dir='ltr'>accipere</span> <span class='ocrx_word' id='word_1_84' title='bbox 1270 1256 1437 1294; x_wconf 76' lang='lat' dir='ltr'>nemo</span> <span class='ocrx_word' id='word_1_85' title='bbox 1473 1240 1682 1307; x_wconf 75' lang='lat' dir='ltr'>differt,</span> <span class='ocrx_word' id='word_1_86' title='bbox 1719 1239 1918 1295; x_wconf 88' lang='lat' dir='ltr'>nullus</span> <span class='ocrx_word' id='word_1_87' title='bbox 1964 1256 2135 1294; x_wconf 79' lang='lat' dir='ltr'>excu-</span> 
     </span>
    </p>
   </div>
   <div class='ocr_carea' id='block_1_13' title="bbox 486 1327 2135 1399">
    <p class='ocr_par' dir='ltr' id='par_1_13' title="bbox 486 1327 2135 1399">
     <span class='ocr_line' id='line_1_13' title="bbox 486 1327 2135 1399; baseline -0.001 -17"><span class='ocrx_word' id='word_1_88' title='bbox 486 1333 578 1382; x_wconf 78' lang='lat' dir='ltr'>sat</span> <span class='ocrx_word' id='word_1_89' title='bbox 611 1345 624 1384; x_wconf 88' lang='lat'><strong>:</strong></span> <span class='ocrx_word' id='word_1_90' title='bbox 658 1328 978 1399; x_wconf 80' lang='lat' dir='ltr'>redemptio</span> <span class='ocrx_word' id='word_1_91' title='bbox 1009 1327 1216 1383; x_wconf 66' lang='lat' dir='ltr'>animae</span> <span class='ocrx_word' id='word_1_92' title='bbox 1248 1328 1630 1399; x_wconf 86' lang='lat' dir='ltr'>promittitur,</span> <span class='ocrx_word' id='word_1_93' title='bbox 1664 1333 1719 1382; x_wconf 92' lang='lat' dir='ltr'>et</span> <span class='ocrx_word' id='word_1_94' title='bbox 1756 1345 1927 1382; x_wconf 90' lang='lat' dir='ltr'>nemo</span> <span class='ocrx_word' id='word_1_95' title='bbox 1975 1328 2135 1383; x_wconf 87' lang='lat' dir='ltr'>festi-</span> 
     </span>
    </p>
   </div>
   <div class='ocr_carea' id='block_1_14' title="bbox 486 1416 2136 1489">
    <p class='ocr_par' dir='ltr' id='par_1_14' title="bbox 486 1416 2136 1489">
     <span class='ocr_line' id='line_1_14' title="bbox 486 1416 2136 1489; baseline 0.001 -17"><span class='ocrx_word' id='word_1_96' title='bbox 486 1422 604 1473; x_wconf 84' lang='lat' dir='ltr'>nat.</span> <span class='ocrx_word' id='word_1_97' title='bbox 637 1418 890 1473; x_wconf 84' lang='lat' dir='ltr'>Joannes</span> <span class='ocrx_word' id='word_1_98' title='bbox 922 1417 977 1471; x_wconf 90' lang='lat' dir='ltr'>in</span> <span class='ocrx_word' id='word_1_99' title='bbox 1012 1416 1413 1489; x_wconf 77' lang='lat' dir='ltr'>pmuitentiam</span> <span class='ocrx_word' id='word_1_100' title='bbox 1455 1418 1809 1489; x_wconf 84' lang='lat' dir='ltr'>baptizabat,</span> <span class='ocrx_word' id='word_1_101' title='bbox 1844 1423 1899 1472; x_wconf 86' lang='lat' dir='ltr'>et</span> <span class='ocrx_word' id='word_1_102' title='bbox 1943 1418 2136 1474; x_wconf 75' lang='lat' dir='ltr'>omnis</span> 
     </span>
    </p>
   </div>
   <div class='ocr_carea' id='block_1_15' title="bbox 482 1505 2134 1579">
    <p class='ocr_par' dir='ltr' id='par_1_15' title="bbox 482 1505 2134 1579">
     <span class='ocr_line' id='line_1_15' title="bbox 482 1505 2134 1579; baseline 0.001 -17"><span class='ocrx_word' id='word_1_103' title='bbox 482 1507 686 1563; x_wconf 66' lang='lat' dir='ltr'>Judzca</span> <span class='ocrx_word' id='word_1_104' title='bbox 714 1506 1094 1561; x_wconf 78' lang='lat' dir='ltr'>conveniebat</span> <span class='ocrx_word' id='word_1_105' title='bbox 1127 1524 1138 1560; x_wconf 88' lang='lat'>:</span> <span class='ocrx_word' id='word_1_106' title='bbox 1174 1505 1445 1561; x_wconf 84' lang='lat' dir='ltr'>Christus</span> <span class='ocrx_word' id='word_1_107' title='bbox 1490 1506 1745 1577; x_wconf 8' lang='lat' dir='ltr'>baptizata</span> <span class='ocrx_word' id='word_1_108' title='bbox 1776 1508 1831 1561; x_wconf 88' lang='lat' dir='ltr'>in</span> <span class='ocrx_word' id='word_1_109' title='bbox 1866 1508 2083 1579; x_wconf 84' lang='lat' dir='ltr'>Spiritu</span> <span class='ocrx_word' id='word_1_110' title='bbox 2122 1526 2134 1563; x_wconf 92' lang='lat'>:</span> 
     </span>
    </p>
   </div>
   <div class='ocr_carea' id='block_1_16' title="bbox 483 1594 2140 1668">
    <p class='ocr_par' dir='ltr' id='par_1_16' title="bbox 483 1594 2140 1668">
     <span class='ocr_line' id='line_1_16' title="bbox 483 1594 2140 1668; baseline 0.001 -17"><span class='ocrx_word' id='word_1_111' title='bbox 483 1597 751 1651; x_wconf 80' lang='lat' dir='ltr'>Christus</span> <span class='ocrx_word' id='word_1_112' title='bbox 781 1594 1030 1668; x_wconf 84' lang='lat' dir='ltr'>gratiam</span> <span class='ocrx_word' id='word_1_113' title='bbox 1064 1595 1387 1666; x_wconf 88' lang='lat' dir='ltr'>dispensat,</span> <span class='ocrx_word' id='word_1_114' title='bbox 1407 1598 1463 1650; x_wconf 89' lang='lat' dir='ltr'>et</span> <span class='ocrx_word' id='word_1_115' title='bbox 1494 1612 1628 1651; x_wconf 92' lang='lat' dir='ltr'>cum</span> <span class='ocrx_word' id='word_1_116' title='bbox 1663 1596 1895 1652; x_wconf 87' lang='lat' dir='ltr'>fastidio</span> <span class='ocrx_word' id='word_1_117' title='bbox 1927 1614 2140 1652; x_wconf 88' lang='lat' dir='ltr'>conve-</span> 
     </span>
    </p>
   </div>
   <div class='ocr_carea' id='block_1_17' title="bbox 482 1684 2137 1757">
    <p class='ocr_par' dir='ltr' id='par_1_17' title="bbox 482 1684 2137 1757">
     <span class='ocr_line' id='line_1_17' title="bbox 482 1684 2137 1757; baseline 0.001 -17"><span class='ocrx_word' id='word_1_118' title='bbox 482 1685 663 1740; x_wconf 85' lang='lat' dir='ltr'>nitur.</span> <span class='ocrx_word' id='word_1_119' title='bbox 697 1686 925 1757; x_wconf 80' lang='lat' dir='ltr'>Typum</span> <span class='ocrx_word' id='word_1_120' title='bbox 967 1684 1339 1757; x_wconf 73' lang='lat' dir='ltr'>baptismatis</span> <span class='ocrx_word' id='word_1_121' title='bbox 1383 1684 1805 1739; x_wconf 82' lang='lat' dir='ltr'>demonstravit</span> <span class='ocrx_word' id='word_1_122' title='bbox 1852 1685 2009 1741; x_wconf 82' lang='lat' dir='ltr'>Elius</span> <span class='ocrx_word' id='word_1_123' title='bbox 2041 1686 2137 1757; x_wconf 85' lang='lat' dir='ltr'>(II!</span> 
     </span>
    </p>
   </div>
   <div class='ocr_carea' id='block_1_18' title="bbox 485 1771 2139 1846">
    <p class='ocr_par' dir='ltr' id='par_1_18' title="bbox 485 1771 2139 1846">
     <span class='ocr_line' id='line_1_18' title="bbox 485 1771 2139 1846; baseline -0.001 -16"><span class='ocrx_word' id='word_1_124' title='bbox 485 1777 802 1846; x_wconf 81' lang='lat' dir='ltr'>Reg.xv1n,</span> <span class='ocrx_word' id='word_1_125' title='bbox 836 1775 1126 1845; x_wconf 55' lang='lat'>3453117.),</span> <span class='ocrx_word' id='word_1_126' title='bbox 1178 1778 1235 1827; x_wconf 90' lang='lat' dir='ltr'>et</span> <span class='ocrx_word' id='word_1_127' title='bbox 1284 1771 1493 1828; x_wconf 76' lang='lat' dir='ltr'>coelum</span> <span class='ocrx_word' id='word_1_128' title='bbox 1545 1773 1775 1844; x_wconf 82' lang='lat' dir='ltr'>aperuit</span> <span class='ocrx_word' id='word_1_129' title='bbox 1819 1775 1972 1845; x_wconf 77' lang='lat' dir='ltr'>quod</span> <span class='ocrx_word' id='word_1_130' title='bbox 2029 1774 2139 1829; x_wconf 87' lang='lat' dir='ltr'>fuit</span> 
     </span>
    </p>
   </div>
   <div class='ocr_carea' id='block_1_19' title="bbox 484 1860 2140 1927">
    <p class='ocr_par' dir='ltr' id='par_1_19' title="bbox 484 1860 2140 1927">
     <span class='ocr_line' id='line_1_19' title="bbox 484 1860 2140 1927; baseline 0 -9"><span class='ocrx_word' id='word_1_131' title='bbox 484 1862 751 1918; x_wconf 88' lang='lat' dir='ltr'>clausum</span> <span class='ocrx_word' id='word_1_132' title='bbox 785 1862 974 1917; x_wconf 89' lang='lat' dir='ltr'>tribus</span> <span class='ocrx_word' id='word_1_133' title='bbox 1006 1861 1179 1916; x_wconf 86' lang='lat' dir='ltr'>annis</span> <span class='ocrx_word' id='word_1_134' title='bbox 1212 1864 1267 1915; x_wconf 91' lang='lat' dir='ltr'>et</span> <span class='ocrx_word' id='word_1_135' title='bbox 1297 1878 1397 1915; x_wconf 80' lang='lat' dir='ltr'>sex</span> <span class='ocrx_word' id='word_1_136' title='bbox 1430 1860 1752 1916; x_wconf 85' lang='lat' dir='ltr'>mensibus.</span> <span class='ocrx_word' id='word_1_137' title='bbox 1775 1864 2001 1927; x_wconf 81' lang='lat' dir='ltr'>Quanto</span> <span class='ocrx_word' id='word_1_138' title='bbox 2027 1879 2140 1918; x_wconf 77' lang='lat' dir='ltr'>ma~</span> 
     </span>
    </p>
   </div>
   <div class='ocr_carea' id='block_1_20' title="bbox 2258 526 3830 602">
    <p class='ocr_par' dir='ltr' id='par_1_20' title="bbox 2258 526 3830 602">
     <span class='ocr_line' id='line_1_20' title="bbox 2258 526 3830 602; baseline 0.007 -18"><span class='ocrx_word' id='word_1_139' title='bbox 2258 547 2373 602; x_wconf 89' lang='lat' dir='ltr'>que</span> <span class='ocrx_word' id='word_1_140' title='bbox 2404 529 2597 585; x_wconf 85' lang='lat' dir='ltr'>Enoch</span> <span class='ocrx_word' id='word_1_141' title='bbox 2634 532 2837 601; x_wconf 88' lang='lat' dir='ltr'>raptus</span> <span class='ocrx_word' id='word_1_142' title='bbox 2882 527 2955 584; x_wconf 90' lang='lat' dir='ltr'>ad</span> <span class='ocrx_word' id='word_1_143' title='bbox 3006 526 3215 584; x_wconf 78' lang='lat' dir='ltr'>coelum</span> <span class='ocrx_word' id='word_1_144' title='bbox 3256 532 3361 585; x_wconf 90' lang='lat' dir='ltr'>est.</span> <span class='ocrx_word' id='word_1_145' title='bbox 3397 530 3593 587; x_wconf 87' lang='lat' dir='ltr'>lterum</span> <span class='ocrx_word' id='word_1_146' title='bbox 3621 532 3830 595; x_wconf 87' lang='lat' dir='ltr'>clausum</span> 
     </span>
    </p>
   </div>
   <div class='ocr_carea' id='block_1_21' title="bbox 2254 616 3830 697">
    <p class='ocr_par' dir='ltr' id='par_1_21' title="bbox 2254 616 3830 697">
     <span class='ocr_line' id='line_1_21' title="bbox 2254 616 3830 697; baseline 0.003 -22"><span class='ocrx_word' id='word_1_147' title='bbox 2254 624 2346 675; x_wconf 88' lang='lat' dir='ltr'>est</span> <span class='ocrx_word' id='word_1_148' title='bbox 2380 637 2391 674; x_wconf 93' lang='lat'>:</span> <span class='ocrx_word' id='word_1_149' title='bbox 2427 620 2527 675; x_wconf 88' lang='lat' dir='ltr'>sed</span> <span class='ocrx_word' id='word_1_150' title='bbox 2568 618 2798 692; x_wconf 89' lang='lat' dir='ltr'>aperuit</span> <span class='ocrx_word' id='word_1_151' title='bbox 2827 617 3004 687; x_wconf 88' lang='lat' dir='ltr'>Elias,</span> <span class='ocrx_word' id='word_1_152' title='bbox 3039 616 3140 689; x_wconf 89' lang='lat' dir='ltr'>qui</span> <span class='ocrx_word' id='word_1_153' title='bbox 3174 621 3373 687; x_wconf 87' lang='lat' dir='ltr'>raptus</span> <span class='ocrx_word' id='word_1_154' title='bbox 3406 623 3490 675; x_wconf 88' lang='lat' dir='ltr'>est</span> <span class='ocrx_word' id='word_1_155' title='bbox 3517 637 3673 678; x_wconf 90' lang='lat' dir='ltr'>curru</span> <span class='ocrx_word' id='word_1_156' title='bbox 3701 625 3830 697; x_wconf 85' lang='lat' dir='ltr'>igneo</span> 
     </span>
    </p>
   </div>
   <div class='ocr_carea' id='block_1_22' title="bbox 2255 707 3832 780">
    <p class='ocr_par' dir='ltr' id='par_1_22' title="bbox 2255 707 3832 780">
     <span class='ocr_line' id='line_1_22' title="bbox 2255 707 3832 780; baseline 0.004 -16"><span class='ocrx_word' id='word_1_157' title='bbox 2255 710 2352 777; x_wconf 88' lang='lat' dir='ltr'>(IV</span> <span class='ocrx_word' id='word_1_158' title='bbox 2377 712 2503 780; x_wconf 76' lang='lat' dir='ltr'>Reg.</span> <span class='ocrx_word' id='word_1_159' title='bbox 2539 724 2599 776; x_wconf 86' lang='lat' dir='ltr'>II,</span> <span class='ocrx_word' id='word_1_160' title='bbox 2643 708 2745 779; x_wconf 85' lang='grc' dir='ltr'>Η).</span> <span class='ocrx_word' id='word_1_161' title='bbox 2796 708 2866 763; x_wconf 86' lang='lat' dir='ltr'>Et</span> <span class='ocrx_word' id='word_1_162' title='bbox 2913 724 3013 763; x_wconf 91' lang='lat' dir='ltr'>vos</span> <span class='ocrx_word' id='word_1_163' title='bbox 3062 707 3303 780; x_wconf 85' lang='lat' dir='ltr'>potestis</span> <span class='ocrx_word' id='word_1_164' title='bbox 3351 709 3661 780; x_wconf 88' lang='lat' dir='ltr'>ascendere,</span> <span class='ocrx_word' id='word_1_165' title='bbox 3685 713 3725 767; x_wconf 90' lang='lat' dir='ltr'>si</span> <span class='ocrx_word' id='word_1_166' title='bbox 3763 732 3832 771; x_wconf 84' lang='lat' dir='ltr'>sa-</span> 
     </span>
    </p>
   </div>
   <div class='ocr_carea' id='block_1_23' title="bbox 2253 794 3827 871">
    <p class='ocr_par' dir='ltr' id='par_1_23' title="bbox 2253 794 3827 871">
     <span class='ocr_line' id='line_1_23' title="bbox 2253 794 3827 871; baseline 0.003 -18"><span class='ocrx_word' id='word_1_167' title='bbox 2253 798 2537 853; x_wconf 87' lang='lat' dir='ltr'>cramenti</span> <span class='ocrx_word' id='word_1_168' title='bbox 2586 795 2834 870; x_wconf 82' lang='lat' dir='ltr'>gratiam</span> <span class='ocrx_word' id='word_1_169' title='bbox 2879 794 3341 868; x_wconf 87' lang='lat' dir='ltr'>consequamini.</span> <span class='ocrx_word' id='word_1_170' title='bbox 3378 797 3666 871; x_wconf 79' lang='lat' dir='ltr'>Quousque</span> <span class='ocrx_word' id='word_1_171' title='bbox 3707 802 3827 858; x_wconf 85' lang='lat' dir='ltr'>dele-</span> 
     </span>
    </p>
   </div>
   <div class='ocr_carea' id='block_1_24' title="bbox 2253 884 3830 960">
    <p class='ocr_par' dir='ltr' id='par_1_24' title="bbox 2253 884 3830 960">
     <span class='ocr_line' id='line_1_24' title="bbox 2253 884 3830 960; baseline 0.002 -18"><span class='ocrx_word' id='word_1_172' title='bbox 2253 887 2872 958; x_wconf 88' lang='lat' dir='ltr'>ctationes,quousque</span> <span class='ocrx_word' id='word_1_173' title='bbox 2901 884 3464 941; x_wconf 84' lang='lat' dir='ltr'>commessationes?</span> <span class='ocrx_word' id='word_1_174' title='bbox 3497 887 3656 943; x_wconf 88' lang='lat' dir='ltr'>Instat</span> <span class='ocrx_word' id='word_1_175' title='bbox 3668 890 3830 960; x_wconf 71' lang='lat' dir='ltr'>jllllli‘ll</span> 
     </span>
    </p>
   </div>
   <div class='ocr_carea' id='block_1_25' title="bbox 2253 973 3832 1049">
    <p class='ocr_par' dir='ltr' id='par_1_25' title="bbox 2253 973 3832 1049">
     <span class='ocr_line' id='line_1_25' title="bbox 2253 973 3832 1049; baseline 0.003 -19"><span class='ocrx_word' id='word_1_176' title='bbox 2253 976 2377 1031; x_wconf 88' lang='lat' dir='ltr'>dies</span> <span class='ocrx_word' id='word_1_177' title='bbox 2424 975 2613 1031; x_wconf 89' lang='lat' dir='ltr'>:dum</span> <span class='ocrx_word' id='word_1_178' title='bbox 2667 974 2865 1030; x_wconf 82' lang='lat' dir='ltr'>differs</span> <span class='ocrx_word' id='word_1_179' title='bbox 2909 973 3182 1047; x_wconf 84' lang='lat' dir='ltr'>gratiam,</span> <span class='ocrx_word' id='word_1_180' title='bbox 3236 989 3391 1029; x_wconf 86' lang='lat' dir='ltr'>mors</span> <span class='ocrx_word' id='word_1_181' title='bbox 3448 976 3832 1049; x_wconf 64' lang='lat' dir='ltr'>appropinquat.</span> 
     </span>
    </p>
   </div>
   <div class='ocr_carea' id='block_1_26' title="bbox 2250 1062 3831 1136">
    <p class='ocr_par' dir='ltr' id='par_1_26' title="bbox 2250 1062 3831 1136">
     <span class='ocr_line' id='line_1_26' title="bbox 2250 1062 3831 1136; baseline 0.002 -16"><span class='ocrx_word' id='word_1_182' title='bbox 2250 1064 2391 1131; x_wconf 87' lang='lat' dir='ltr'>Quis</span> <span class='ocrx_word' id='word_1_183' title='bbox 2417 1063 2571 1119; x_wconf 76' lang='lat' dir='ltr'>dic-1t</span> <span class='ocrx_word' id='word_1_184' title='bbox 2606 1081 2617 1119; x_wconf 92' lang='lat'><strong>:</strong></span> <span class='ocrx_word' id='word_1_185' title='bbox 2652 1063 2819 1120; x_wconf 88' lang='lat' dir='ltr'>Nunc</span> <span class='ocrx_word' id='word_1_186' title='bbox 2851 1062 2997 1119; x_wconf 91' lang='lat' dir='ltr'>mihi</span> <span class='ocrx_word' id='word_1_187' title='bbox 3030 1079 3146 1118; x_wconf 91' lang='lat' dir='ltr'>non</span> <span class='ocrx_word' id='word_1_188' title='bbox 3179 1066 3359 1129; x_wconf 87' lang='lat' dir='ltr'>vacat,</span> <span class='ocrx_word' id='word_1_189' title='bbox 3393 1070 3685 1135; x_wconf 87' lang='lat' dir='ltr'>occupatus</span> <span class='ocrx_word' id='word_1_190' title='bbox 3712 1084 3831 1136; x_wconf 87' lang='lat' dir='ltr'>sum,</span> 
     </span>
    </p>
   </div>
   <div class='ocr_carea' id='block_1_27' title="bbox 2252 1150 3837 1216">
    <p class='ocr_par' dir='ltr' id='par_1_27' title="bbox 2252 1150 3837 1216">
     <span class='ocr_line' id='line_1_27' title="bbox 2252 1150 3837 1216; baseline 0.001 -8"><span class='ocrx_word' id='word_1_191' title='bbox 2252 1170 2366 1208; x_wconf 90' lang='lat' dir='ltr'>non</span> <span class='ocrx_word' id='word_1_192' title='bbox 2401 1153 2543 1209; x_wconf 85' lang='lat' dir='ltr'>mihi</span> <span class='ocrx_word' id='word_1_193' title='bbox 2575 1153 2941 1209; x_wconf 77' lang='lat' dir='ltr'>demonstres</span> <span class='ocrx_word' id='word_1_194' title='bbox 2974 1151 3195 1216; x_wconf 89' lang='lat' dir='ltr'>lumen,</span> <span class='ocrx_word' id='word_1_195' title='bbox 3229 1150 3360 1206; x_wconf 86' lang='lat' dir='ltr'>nolo</span> <span class='ocrx_word' id='word_1_196' title='bbox 3392 1155 3506 1207; x_wconf 85' lang='lat' dir='ltr'>tam</span> <span class='ocrx_word' id='word_1_197' title='bbox 3536 1153 3637 1208; x_wconf 92' lang='lat' dir='ltr'>cito</span> <span class='ocrx_word' id='word_1_198' title='bbox 3666 1170 3743 1208; x_wconf 78' lang='lat' dir='ltr'>me</span> <span class='ocrx_word' id='word_1_199' title='bbox 3771 1173 3837 1211; x_wconf 86' lang='lat' dir='ltr'>re-</span> 
     </span>
    </p>
   </div>
   <div class='ocr_carea' id='block_1_28' title="bbox 2248 1240 3837 1314">
    <p class='ocr_par' dir='ltr' id='par_1_28' title="bbox 2248 1240 3837 1314">
     <span class='ocr_line' id='line_1_28' title="bbox 2248 1240 3837 1314; baseline 0.001 -17"><span class='ocrx_word' id='word_1_200' title='bbox 2248 1242 2460 1309; x_wconf 88' lang='lat' dir='ltr'>dimas,</span> <span class='ocrx_word' id='word_1_201' title='bbox 2497 1259 2613 1296; x_wconf 84' lang='lat' dir='ltr'>non</span> <span class='ocrx_word' id='word_1_202' title='bbox 2648 1240 2790 1297; x_wconf 87' lang='lat' dir='ltr'>mihi</span> <span class='ocrx_word' id='word_1_203' title='bbox 2822 1240 3016 1296; x_wconf 89' lang='lat' dir='ltr'>adhuc</span> <span class='ocrx_word' id='word_1_204' title='bbox 3047 1257 3196 1314; x_wconf 91' lang='lat' dir='ltr'>opus</span> <span class='ocrx_word' id='word_1_205' title='bbox 3228 1246 3318 1295; x_wconf 87' lang='lat' dir='ltr'>est</span> <span class='ocrx_word' id='word_1_206' title='bbox 3349 1258 3582 1313; x_wconf 78' lang='lat' dir='ltr'>regnum</span> <span class='ocrx_word' id='word_1_207' title='bbox 3609 1242 3837 1298; x_wconf 74' lang='lat' dir='ltr'>sceleste?</span> 
     </span>
    </p>
   </div>
   <div class='ocr_carea' id='block_1_29' title="bbox 2249 1329 3839 1402">
    <p class='ocr_par' dir='ltr' id='par_1_29' title="bbox 2249 1329 3839 1402">
     <span class='ocr_line' id='line_1_29' title="bbox 2249 1329 3839 1402; baseline 0.001 -17"><span class='ocrx_word' id='word_1_208' title='bbox 2249 1331 2451 1386; x_wconf 85' lang='lat' dir='ltr'>Nonne</span> <span class='ocrx_word' id='word_1_209' title='bbox 2493 1329 2601 1385; x_wconf 90' lang='lat' dir='ltr'>hoc</span> <span class='ocrx_word' id='word_1_210' title='bbox 2648 1330 2790 1385; x_wconf 90' lang='lat' dir='ltr'>dicit</span> <span class='ocrx_word' id='word_1_211' title='bbox 2821 1329 2921 1402; x_wconf 91' lang='lat' dir='ltr'>qui</span> <span class='ocrx_word' id='word_1_212' title='bbox 2953 1333 3193 1385; x_wconf 76' lang='lat' dir='ltr'>excusat</span> <span class='ocrx_word' id='word_1_213' title='bbox 3235 1346 3294 1385; x_wconf 87' lang='lat' dir='ltr'>se</span> <span class='ocrx_word' id='word_1_214' title='bbox 3344 1347 3379 1383; x_wconf 90' lang='lat' dir='ltr'>a</span> <span class='ocrx_word' id='word_1_215' title='bbox 3420 1329 3839 1401; x_wconf 75' lang='lat' dir='ltr'>haptisxnateiEt</span> 
     </span>
    </p>
   </div>
   <div class='ocr_carea' id='block_1_30' title="bbox 2250 1418 3830 1492">
    <p class='ocr_par' dir='ltr' id='par_1_30' title="bbox 2250 1418 3830 1492">
     <span class='ocr_line' id='line_1_30' title="bbox 2250 1418 3830 1492; baseline 0.001 -19"><span class='ocrx_word' id='word_1_216' title='bbox 2250 1422 2468 1491; x_wconf 86' lang='lat' dir='ltr'>quanta</span> <span class='ocrx_word' id='word_1_217' title='bbox 2508 1419 2698 1492; x_wconf 87' lang='lat' dir='ltr'>gratia</span> <span class='ocrx_word' id='word_1_218' title='bbox 2750 1418 3048 1474; x_wconf 86' lang='lat' dir='ltr'>reuovaris</span> <span class='ocrx_word' id='word_1_219' title='bbox 3082 1418 3216 1489; x_wconf 81' lang='lat'>(85),</span> <span class='ocrx_word' id='word_1_220' title='bbox 3250 1435 3282 1473; x_wconf 81' lang='grc' dir='ltr'>ο</span> <span class='ocrx_word' id='word_1_221' title='bbox 3340 1419 3535 1473; x_wconf 83' lang='lat' dir='ltr'>homo!</span> <span class='ocrx_word' id='word_1_222' title='bbox 3589 1420 3830 1492; x_wconf 83' lang='lat' dir='ltr'>Purgaris,</span> 
     </span>
    </p>
   </div>
   <div class='ocr_carea' id='block_1_31' title="bbox 2249 1507 3840 1573">
    <p class='ocr_par' dir='ltr' id='par_1_31' title="bbox 2249 1507 3840 1573">
     <span class='ocr_line' id='line_1_31' title="bbox 2249 1507 3840 1573; baseline 0 -10"><span class='ocrx_word' id='word_1_223' title='bbox 2249 1514 2305 1564; x_wconf 86' lang='lat' dir='ltr'>et</span> <span class='ocrx_word' id='word_1_224' title='bbox 2337 1525 2449 1562; x_wconf 87' lang='lat' dir='ltr'>non</span> <span class='ocrx_word' id='word_1_225' title='bbox 2484 1507 2744 1563; x_wconf 83' lang='lat' dir='ltr'>exureris</span> <span class='ocrx_word' id='word_1_226' title='bbox 2778 1525 2790 1561; x_wconf 91' lang='lat'><strong>:</strong></span> <span class='ocrx_word' id='word_1_227' title='bbox 2824 1507 3072 1573; x_wconf 86' lang='lat' dir='ltr'>sanaris,</span> <span class='ocrx_word' id='word_1_228' title='bbox 3108 1510 3164 1561; x_wconf 83' lang='lat' dir='ltr'>et</span> <span class='ocrx_word' id='word_1_229' title='bbox 3196 1524 3309 1562; x_wconf 88' lang='lat' dir='ltr'>non</span> <span class='ocrx_word' id='word_1_230' title='bbox 3368 1507 3524 1563; x_wconf 80' lang='lat' dir='ltr'>doles</span> <span class='ocrx_word' id='word_1_231' title='bbox 3553 1525 3565 1562; x_wconf 89' lang='lat'><strong>:</strong></span> <span class='ocrx_word' id='word_1_232' title='bbox 3615 1509 3840 1563; x_wconf 70' lang='lat' dir='ltr'>reforma-</span> 
     </span>
    </p>
   </div>
   <div class='ocr_carea' id='block_1_32' title="bbox 2250 1595 3837 1668">
    <p class='ocr_par' dir='ltr' id='par_1_32' title="bbox 2250 1595 3837 1668">
     <span class='ocr_line' id='line_1_32' title="bbox 2250 1595 3837 1668; baseline 0 -16"><span class='ocrx_word' id='word_1_233' title='bbox 2250 1598 2351 1665; x_wconf 89' lang='lat' dir='ltr'>ris,</span> <span class='ocrx_word' id='word_1_234' title='bbox 2382 1602 2440 1652; x_wconf 91' lang='lat' dir='ltr'>ct</span> <span class='ocrx_word' id='word_1_235' title='bbox 2473 1614 2584 1652; x_wconf 90' lang='lat' dir='ltr'>non</span> <span class='ocrx_word' id='word_1_236' title='bbox 2617 1595 2957 1652; x_wconf 85' lang='lat' dir='ltr'>dissolveris</span> <span class='ocrx_word' id='word_1_237' title='bbox 3010 1614 3023 1650; x_wconf 93' lang='lat'>:</span> <span class='ocrx_word' id='word_1_238' title='bbox 3077 1595 3258 1650; x_wconf 89' lang='lat' dir='ltr'>ictum</span> <span class='ocrx_word' id='word_1_239' title='bbox 3288 1596 3489 1651; x_wconf 88' lang='lat' dir='ltr'>mortis</span> <span class='ocrx_word' id='word_1_240' title='bbox 3520 1613 3624 1650; x_wconf 91' lang='lat' dir='ltr'>non</span> <span class='ocrx_word' id='word_1_241' title='bbox 3648 1596 3837 1668; x_wconf 85' lang='lat' dir='ltr'>excipis,</span> 
     </span>
    </p>
   </div>
   <div class='ocr_carea' id='block_1_33' title="bbox 2248 1684 3840 1758">
    <p class='ocr_par' dir='ltr' id='par_1_33' title="bbox 2248 1684 3840 1758">
     <span class='ocr_line' id='line_1_33' title="bbox 2248 1684 3840 1758; baseline -0.001 -16"><span class='ocrx_word' id='word_1_242' title='bbox 2248 1690 2304 1742; x_wconf 91' lang='lat' dir='ltr'>et</span> <span class='ocrx_word' id='word_1_243' title='bbox 2337 1685 2615 1758; x_wconf 85' lang='lat' dir='ltr'>rcsurgis.</span> <span class='ocrx_word' id='word_1_244' title='bbox 2647 1686 2716 1741; x_wconf 88' lang='lat' dir='ltr'>Et</span> <span class='ocrx_word' id='word_1_245' title='bbox 2743 1684 2939 1741; x_wconf 90' lang='lat' dir='ltr'>adhuc</span> <span class='ocrx_word' id='word_1_246' title='bbox 2969 1684 3345 1754; x_wconf 86' lang='lat' dir='ltr'>dissimulas;</span> <span class='ocrx_word' id='word_1_247' title='bbox 3380 1685 3568 1740; x_wconf 86' lang='lat' dir='ltr'>adhuc</span> <span class='ocrx_word' id='word_1_248' title='bbox 3594 1690 3840 1757; x_wconf 75' lang='lat' dir='ltr'>exspectas</span> 
     </span>
    </p>
   </div>
   <div class='ocr_carea' id='block_1_34' title="bbox 2250 1773 3839 1847">
    <p class='ocr_par' dir='ltr' id='par_1_34' title="bbox 2250 1773 3839 1847">
     <span class='ocr_line' id='line_1_34' title="bbox 2250 1773 3839 1847; baseline -0.001 -17"><span class='ocrx_word' id='word_1_249' title='bbox 2250 1781 2314 1831; x_wconf 91' lang='lat' dir='ltr'>ut</span> <span class='ocrx_word' id='word_1_250' title='bbox 2341 1774 2500 1829; x_wconf 88' lang='lat' dir='ltr'>vivas</span> <span class='ocrx_word' id='word_1_251' title='bbox 2549 1773 2783 1841; x_wconf 66' lang='lat' dir='ltr'>saeculo,</span> <span class='ocrx_word' id='word_1_252' title='bbox 2816 1778 3022 1846; x_wconf 89' lang='lat' dir='ltr'>postea</span> <span class='ocrx_word' id='word_1_253' title='bbox 3064 1778 3122 1829; x_wconf 88' lang='lat' dir='ltr'>te</span> <span class='ocrx_word' id='word_1_254' title='bbox 3170 1789 3431 1830; x_wconf 88' lang='lat' dir='ltr'>reservas</span> <span class='ocrx_word' id='word_1_255' title='bbox 3479 1774 3607 1830; x_wconf 90' lang='lat' dir='ltr'>Deo.</span> <span class='ocrx_word' id='word_1_256' title='bbox 3651 1774 3839 1847; x_wconf 87' lang='lat' dir='ltr'>Ignoras</span> 
     </span>
    </p>
   </div>
   <div class='ocr_carea' id='block_1_35' title="bbox 2250 1861 3836 1937">
    <p class='ocr_par' dir='ltr' id='par_1_35' title="bbox 2250 1861 3836 1937">
     <span class='ocr_line' id='line_1_35' title="bbox 2250 1861 3836 1937; baseline -0.002 -18"><span class='ocrx_word' id='word_1_257' title='bbox 2250 1865 2403 1937; x_wconf 83' lang='lat' dir='ltr'>quod</span> <span class='ocrx_word' id='word_1_258' title='bbox 2432 1864 2571 1919; x_wconf 84' lang='lat' dir='ltr'>Cain</span> <span class='ocrx_word' id='word_1_259' title='bbox 2605 1869 2910 1936; x_wconf 85' lang='lat' dir='ltr'>propterea</span> <span class='ocrx_word' id='word_1_260' title='bbox 2936 1861 3305 1935; x_wconf 85' lang='lat' dir='ltr'>displicuerit</span> <span class='ocrx_word' id='word_1_261' title='bbox 3344 1862 3699 1927; x_wconf 78' lang='lat' dir='ltr'>sacrificium,</span> <span class='ocrx_word' id='word_1_262' title='bbox 3727 1879 3836 1934; x_wconf 83' lang='lat' dir='ltr'>quo-</span> 
     </span>
    </p>
   </div>
   <div class='ocr_carea' id='block_1_36' title="bbox 2255 1949 3840 2024">
    <p class='ocr_par' dir='ltr' id='par_1_36' title="bbox 2255 1949 3840 2024">
     <span class='ocr_line' id='line_1_36' title="bbox 2255 1949 3840 2024; baseline -0.002 -16"><span class='ocrx_word' id='word_1_263' title='bbox 2255 1952 2410 2008; x_wconf 83' lang='lat' dir='ltr'>niam</span> <span class='ocrx_word' id='word_1_264' title='bbox 2454 1969 2567 2007; x_wconf 89' lang='lat' dir='ltr'>non</span> <span class='ocrx_word' id='word_1_265' title='bbox 2618 1950 2916 2024; x_wconf 87' lang='lat' dir='ltr'>primitiva</span> <span class='ocrx_word' id='word_1_266' title='bbox 2965 1949 3197 2020; x_wconf 90' lang='lat' dir='ltr'>obtulit,</span> <span class='ocrx_word' id='word_1_267' title='bbox 3262 1952 3363 2007; x_wconf 90' lang='lat' dir='ltr'>sed</span> <span class='ocrx_word' id='word_1_268' title='bbox 3417 1950 3704 2023; x_wconf 83' lang='lat' dir='ltr'>primitivis</span> <span class='ocrx_word' id='word_1_269' title='bbox 3744 1950 3840 2022; x_wconf 89' lang='lat' dir='ltr'>ipse</span> 
     </span>
    </p>
   </div>
   <div class='ocr_carea' id='block_1_37' title="bbox 2252 2038 3840 2113">
    <p class='ocr_par' dir='ltr' id='par_1_37' title="bbox 2252 2038 3840 2113">
     <span class='ocr_line' id='line_1_37' title="bbox 2252 2038 3840 2113; baseline -0.003 -16"><span class='ocrx_word' id='word_1_270' title='bbox 2252 2042 2594 2113; x_wconf 85' lang='lat' dir='ltr'>perfunctus</span> <span class='ocrx_word' id='word_1_271' title='bbox 2625 2044 2732 2109; x_wconf 89' lang='lat' dir='ltr'>est,</span> <span class='ocrx_word' id='word_1_272' title='bbox 2766 2040 2837 2095; x_wconf 90' lang='lat' dir='ltr'>de</span> <span class='ocrx_word' id='word_1_273' title='bbox 2867 2038 3253 2112; x_wconf 86' lang='lat' dir='ltr'>sequentibus</span> <span class='ocrx_word' id='word_1_274' title='bbox 3285 2057 3504 2096; x_wconf 90' lang='lat' dir='ltr'>munus</span> <span class='ocrx_word' id='word_1_275' title='bbox 3547 2039 3653 2095; x_wconf 88' lang='lat' dir='ltr'>Deo</span> <span class='ocrx_word' id='word_1_276' title='bbox 3696 2041 3840 2093; x_wconf 49' lang='lat' dir='ltr'>tenta.</span> 
     </span>
    </p>
   </div>
   <div class='ocr_carea' id='block_1_38' title="bbox 2249 2126 3845 2201">
    <p class='ocr_par' dir='ltr' id='par_1_38' title="bbox 2249 2126 3845 2201">
     <span class='ocr_line' id='line_1_38' title="bbox 2249 2126 3845 2201; baseline -0.003 -16"><span class='ocrx_word' id='word_1_277' title='bbox 2249 2131 2333 2185; x_wconf 87' lang='lat' dir='ltr'>vit</span> <span class='ocrx_word' id='word_1_278' title='bbox 2360 2130 2567 2187; x_wconf 79' lang='lat' dir='ltr'>otferre</span> <span class='ocrx_word' id='word_1_279' title='bbox 2600 2147 2612 2185; x_wconf 90' lang='lat'><strong>:</strong></span> <span class='ocrx_word' id='word_1_280' title='bbox 2646 2128 2785 2185; x_wconf 87' lang='lat' dir='ltr'>Abel</span> <span class='ocrx_word' id='word_1_281' title='bbox 2818 2132 3014 2185; x_wconf 86' lang='lat' dir='ltr'>autem</span> <span class='ocrx_word' id='word_1_282' title='bbox 3047 2129 3447 2201; x_wconf 88' lang='lat' dir='ltr'>primitiarum</span> <span class='ocrx_word' id='word_1_283' title='bbox 3476 2145 3700 2184; x_wconf 88' lang='lat' dir='ltr'>suarum</span> <span class='ocrx_word' id='word_1_284' title='bbox 3727 2126 3845 2183; x_wconf 86' lang='lat' dir='ltr'>obla-</span> 
     </span>
    </p>
   </div>
   <div class='ocr_carea' id='block_1_39' title="bbox 2252 2214 3842 2292">
    <p class='ocr_par' dir='ltr' id='par_1_39' title="bbox 2252 2214 3842 2292">
     <span class='ocr_line' id='line_1_39' title="bbox 2252 2214 3842 2292; baseline -0.003 -18"><span class='ocrx_word' id='word_1_285' title='bbox 2252 2219 2410 2275; x_wconf 87' lang='lat' dir='ltr'>tione</span> <span class='ocrx_word' id='word_1_286' title='bbox 2439 2217 2736 2292; x_wconf 67' lang='lat' dir='ltr'>preclatus,</span> <span class='ocrx_word' id='word_1_287' title='bbox 2769 2217 2984 2274; x_wconf 90' lang='lat' dir='ltr'>meruit</span> <span class='ocrx_word' id='word_1_288' title='bbox 3016 2217 3233 2291; x_wconf 85' lang='lat' dir='ltr'>insigni</span> <span class='ocrx_word' id='word_1_289' title='bbox 3267 2217 3503 2291; x_wconf 87' lang='lat' dir='ltr'>pietatis</span> <span class='ocrx_word' id='word_1_290' title='bbox 3533 2218 3637 2289; x_wconf 82' lang='lat'>(86)</span> <span class='ocrx_word' id='word_1_291' title='bbox 3663 2214 3842 2270; x_wconf 83' lang='lat' dir='ltr'>laudari</span> 
     </span>
    </p>
   </div>
   <div class='ocr_carea' id='block_1_40' title="bbox 2254 2306 2519 2364">
    <p class='ocr_par' dir='ltr' id='par_1_40' title="bbox 2254 2306 2519 2364">
     <span class='ocr_line' id='line_1_40' title="bbox 2254 2306 2519 2364; baseline -0.004 -1"><span class='ocrx_word' id='word_1_292' title='bbox 2254 2306 2519 2364; x_wconf 89' lang='lat' dir='ltr'>oraculo.</span> 
     </span>
    </p>
   </div>
   <div class='ocr_carea' id='block_1_41' title="bbox 477 1950 2140 2024">
    <p class='ocr_par' dir='ltr' id='par_1_41' title="bbox 477 1950 2140 2024">
     <span class='ocr_line' id='line_1_41' title="bbox 477 1950 2140 2024; baseline -0.001 -16"><span class='ocrx_word' id='word_1_293' title='bbox 477 1954 611 2024; x_wconf 86' lang='lat' dir='ltr'>jora</span> <span class='ocrx_word' id='word_1_294' title='bbox 642 1968 887 2007; x_wconf 89' lang='lat' dir='ltr'>munera</span> <span class='ocrx_word' id='word_1_295' title='bbox 914 1950 1172 2005; x_wconf 82' lang='lat' dir='ltr'>veritatis</span> <span class='ocrx_word' id='word_1_296' title='bbox 1204 1952 1367 2005; x_wconf 87' lang='lat' dir='ltr'>sunt!</span> <span class='ocrx_word' id='word_1_297' title='bbox 1405 1950 1644 2021; x_wconf 80' lang='lat' dir='ltr'>Aperuit</span> <span class='ocrx_word' id='word_1_298' title='bbox 1687 1951 1887 2022; x_wconf 79' lang='lat' dir='ltr'>utique</span> <span class='ocrx_word' id='word_1_299' title='bbox 1931 1951 2140 2008; x_wconf 86' lang='lat' dir='ltr'>coelum</span> 
     </span>
    </p>
   </div>
   <div class='ocr_carea' id='block_1_42' title="bbox 483 2039 2138 2113">
    <p class='ocr_par' dir='ltr' id='par_1_42' title="bbox 483 2039 2138 2113">
     <span class='ocr_line' id='line_1_42' title="bbox 483 2039 2138 2113; baseline 0 -17"><span class='ocrx_word' id='word_1_300' title='bbox 483 2057 601 2096; x_wconf 89' lang='lat' dir='ltr'>non</span> <span class='ocrx_word' id='word_1_301' title='bbox 632 2040 831 2113; x_wconf 86' lang='lat' dir='ltr'>pluvia</span> <span class='ocrx_word' id='word_1_302' title='bbox 860 2040 1242 2103; x_wconf 77' lang='lat' dir='ltr'>descendens,</span> <span class='ocrx_word' id='word_1_303' title='bbox 1275 2039 1374 2094; x_wconf 87' lang='lat' dir='ltr'>sed</span> <span class='ocrx_word' id='word_1_304' title='bbox 1404 2040 1727 2094; x_wconf 56' lang='lat' dir='ltr'>aecen&#39;lens</span> <span class='ocrx_word' id='word_1_305' title='bbox 1776 2040 1981 2112; x_wconf 87' lang='lat' dir='ltr'>gratia.</span> <span class='ocrx_word' id='word_1_306' title='bbox 2021 2041 2138 2096; x_wconf 79' lang='lat' dir='ltr'>Ne-</span> 
     </span>
    </p>
   </div>
   <div class='ocr_carea' id='block_1_43' title="bbox 486 2128 2140 2201">
    <p class='ocr_par' dir='ltr' id='par_1_43' title="bbox 486 2128 2140 2201">
     <span class='ocr_line' id='line_1_43' title="bbox 486 2128 2140 2201; baseline -0.002 -14"><span class='ocrx_word' id='word_1_307' title='bbox 486 2146 581 2187; x_wconf 88' lang='lat' dir='ltr'>mo</span> <span class='ocrx_word' id='word_1_308' title='bbox 610 2129 766 2184; x_wconf 90' lang='lat' dir='ltr'>enim</span> <span class='ocrx_word' id='word_1_309' title='bbox 804 2128 917 2184; x_wconf 87' lang='lat' dir='ltr'>nisi</span> <span class='ocrx_word' id='word_1_310' title='bbox 951 2146 1053 2201; x_wconf 90' lang='lat' dir='ltr'>per</span> <span class='ocrx_word' id='word_1_311' title='bbox 1082 2144 1296 2199; x_wconf 90' lang='lat' dir='ltr'>aquam</span> <span class='ocrx_word' id='word_1_312' title='bbox 1346 2131 1402 2182; x_wconf 90' lang='lat' dir='ltr'>et</span> <span class='ocrx_word' id='word_1_313' title='bbox 1453 2128 1736 2199; x_wconf 86' lang='lat' dir='ltr'>Spiritum</span> <span class='ocrx_word' id='word_1_314' title='bbox 1787 2130 2050 2184; x_wconf 87' lang='lat' dir='ltr'>ascendit</span> <span class='ocrx_word' id='word_1_315' title='bbox 2080 2128 2140 2184; x_wconf 93' lang='lat' dir='ltr'>in</span> 
     </span>
    </p>
   </div>
   <div class='ocr_carea' id='block_1_44' title="bbox 485 2217 2138 2291">
    <p class='ocr_par' dir='ltr' id='par_1_44' title="bbox 485 2217 2138 2291">
     <span class='ocr_line' id='line_1_44' title="bbox 485 2217 2138 2291; baseline 0.001 -17"><span class='ocrx_word' id='word_1_316' title='bbox 485 2234 731 2291; x_wconf 81' lang='lat' dir='ltr'>regnum</span> <span class='ocrx_word' id='word_1_317' title='bbox 759 2217 1367 2273; x_wconf 82' lang='lat' dir='ltr'>ccelorum.Clauserat</span> <span class='ocrx_word' id='word_1_318' title='bbox 1397 2217 1605 2273; x_wconf 73' lang='lat' dir='ltr'>coelum</span> <span class='ocrx_word' id='word_1_319' title='bbox 1641 2217 1982 2274; x_wconf 89' lang='lat' dir='ltr'>hominibus</span> <span class='ocrx_word' id='word_1_320' title='bbox 2018 2235 2138 2291; x_wconf 84' lang='lat' dir='ltr'>per-</span> 
     </span>
    </p>
   </div>
   <div class='ocr_carea' id='block_1_45' title="bbox 487 2305 1240 2379">
    <p class='ocr_par' dir='ltr' id='par_1_45' title="bbox 487 2305 1240 2379">
     <span class='ocr_line' id='line_1_45' title="bbox 487 2305 1240 2379; baseline -0.004 -16"><span class='ocrx_word' id='word_1_321' title='bbox 487 2308 648 2377; x_wconf 83' lang='lat' dir='ltr'>fidia,</span> <span class='ocrx_word' id='word_1_322' title='bbox 682 2307 781 2362; x_wconf 89' lang='lat' dir='ltr'>sed</span> <span class='ocrx_word' id='word_1_323' title='bbox 816 2305 1041 2379; x_wconf 88' lang='lat' dir='ltr'>aperuit</span> <span class='ocrx_word' id='word_1_324' title='bbox 1076 2307 1240 2361; x_wconf 83' lang='lat' dir='ltr'>ﬁdes.</span> 
     </span>
    </p>
   </div>
   <div class='ocr_carea' id='block_1_46' title="bbox 556 2448 3041 2522">
    <p class='ocr_par' dir='ltr' id='par_1_46' title="bbox 556 2448 3041 2522">
     <span class='ocr_line' id='line_1_46' title="bbox 556 2448 3041 2522; baseline -0.001 -17"><span class='ocrx_word' id='word_1_325' title='bbox 556 2451 669 2522; x_wconf 72' lang='grc'>(84)</span> <span class='ocrx_word' id='word_1_326' title='bbox 704 2451 788 2505; x_wconf 88' lang='lat' dir='ltr'>Ita</span> <span class='ocrx_word' id='word_1_327' title='bbox 852 2449 1015 2522; x_wconf 55' lang='grc' dir='ltr'>δαίμ,</span> <span class='ocrx_word' id='word_1_328' title='bbox 1047 2466 1281 2515; x_wconf 84' lang='lat' dir='ltr'>omnes;</span> <span class='ocrx_word' id='word_1_329' title='bbox 1335 2466 1476 2504; x_wconf 87' lang='lat' dir='ltr'>mss.</span> <span class='ocrx_word' id='word_1_330' title='bbox 1535 2466 1667 2522; x_wconf 80' lang='lat' dir='ltr'>vero</span> <span class='ocrx_word' id='word_1_331' title='bbox 1721 2448 1997 2522; x_wconf 10' lang='lat' dir='ltr'>plerique,</span> <span class='ocrx_word' id='word_1_332' title='bbox 2022 2448 2143 2505; x_wconf 73' lang='lat' dir='ltr'>haec</span> <span class='ocrx_word' id='word_1_333' title='bbox 2253 2449 2456 2505; x_wconf 89' lang='lat' dir='ltr'>Cuncti</span> <span class='ocrx_word' id='word_1_334' title='bbox 2492 2466 2634 2505; x_wconf 89' lang='lat' dir='ltr'>mss.</span> <span class='ocrx_word' id='word_1_335' title='bbox 2672 2454 2736 2504; x_wconf 91' lang='lat' dir='ltr'>ut</span> <span class='ocrx_word' id='word_1_336' title='bbox 2766 2450 2825 2504; x_wconf 92' lang='lat' dir='ltr'>in</span> <span class='ocrx_word' id='word_1_337' title='bbox 2855 2451 3041 2504; x_wconf 84' lang='lat' dir='ltr'>textu.</span> 
     </span>
    </p>
   </div>
   <div class='ocr_carea' id='block_1_47' title="bbox 485 2518 3845 2593">
    <p class='ocr_par' dir='ltr' id='par_1_47' title="bbox 485 2518 3845 2593">
     <span class='ocr_line' id='line_1_47' title="bbox 485 2518 3845 2593; baseline -0.001 -19"><span class='ocrx_word' id='word_1_338' title='bbox 485 2518 677 2593; x_wconf 17' lang='lat' dir='ltr'>verba,</span> <span class='ocrx_word' id='word_1_339' title='bbox 721 2520 1506 2593; x_wconf 34' lang='lat' dir='ltr'>praatermittuntsquorum</span> <span class='ocrx_word' id='word_1_340' title='bbox 1563 2521 1689 2576; x_wconf 91' lang='lat' dir='ltr'>loco</span> <span class='ocrx_word' id='word_1_341' title='bbox 1723 2518 1807 2575; x_wconf 45' lang='lat' dir='ltr'>_in</span> <span class='ocrx_word' id='word_1_342' title='bbox 1872 2518 2044 2576; x_wconf 89' lang='lat' dir='ltr'>Mich.</span> <span class='ocrx_word' id='word_1_343' title='bbox 2087 2526 2144 2576; x_wconf 90' lang='lat' dir='ltr'>et</span> <span class='ocrx_word' id='word_1_344' title='bbox 2258 2591 2272 2593; x_wconf 94' lang='lat'>_</span> <span class='ocrx_word' id='word_1_345' title='bbox 2320 2523 2434 2592; x_wconf 84' lang='lat'>(86)</span> <span class='ocrx_word' id='word_1_346' title='bbox 2465 2522 2559 2593; x_wconf 89' lang='lat' dir='ltr'>Sic</span> <span class='ocrx_word' id='word_1_347' title='bbox 2588 2521 2869 2593; x_wconf 77' lang='lat' dir='ltr'>desinunt</span> <span class='ocrx_word' id='word_1_348' title='bbox 2893 2536 3099 2593; x_wconf 75' lang='lat' dir='ltr'>omnes</span> <span class='ocrx_word' id='word_1_349' title='bbox 3125 2521 3265 2593; x_wconf 86' lang='lat' dir='ltr'>edit.</span> <span class='ocrx_word' id='word_1_350' title='bbox 3288 2518 3441 2593; x_wconf 77' lang='lat' dir='ltr'>Mss.</span> <span class='ocrx_word' id='word_1_351' title='bbox 3477 2536 3602 2593; x_wconf 85' lang='lat' dir='ltr'>vero</span> <span class='ocrx_word' id='word_1_352' title='bbox 3641 2520 3845 2593; x_wconf 71' lang='lat' dir='ltr'>Thele,</span> 
     </span>
    </p>
   </div>
   <div class='ocr_carea' id='block_1_48' title="bbox 485 2589 3845 2666">
    <p class='ocr_par' dir='ltr' id='par_1_48' title="bbox 485 2589 3845 2666">
     <span class='ocr_line' id='line_1_48' title="bbox 485 2589 3845 2666; baseline -0.002 -18"><span class='ocrx_word' id='word_1_353' title='bbox 485 2592 633 2648; x_wconf 91' lang='lat' dir='ltr'>Vall.</span> <span class='ocrx_word' id='word_1_354' title='bbox 665 2589 944 2666; x_wconf 78' lang='lat' dir='ltr'>leguntur</span> <span class='ocrx_word' id='word_1_355' title='bbox 994 2592 1110 2660; x_wconf 85' lang='lat' dir='ltr'>illa,</span> <span class='ocrx_word' id='word_1_356' title='bbox 1143 2592 1234 2647; x_wconf 59' lang='lat' dir='ltr'>sal</span> <span class='ocrx_word' id='word_1_357' title='bbox 1274 2589 1554 2664; x_wconf 69' lang='grc' dir='ltr'>ὐοἰιιρίαιε</span> <span class='ocrx_word' id='word_1_358' title='bbox 1604 2593 1732 2647; x_wconf 82' lang='lat' dir='ltr'>boni</span> <span class='ocrx_word' id='word_1_359' title='bbox 1781 2595 1960 2664; x_wconf 71' lang='lat' dir='ltr'>operis</span> <span class='ocrx_word' id='word_1_360' title='bbox 2011 2593 2138 2647; x_wconf 76' lang='lat' dir='ltr'>ulli-</span> <span class='ocrx_word' id='word_1_361' title='bbox 2254 2589 2460 2666; x_wconf 62' lang='lat' dir='ltr'>Laud},</span> <span class='ocrx_word' id='word_1_362' title='bbox 2491 2592 2688 2657; x_wconf 90' lang='lat' dir='ltr'>Torn.,</span> <span class='ocrx_word' id='word_1_363' title='bbox 2721 2591 2914 2666; x_wconf 76' lang='lat' dir='ltr'>Dion.,</span> <span class='ocrx_word' id='word_1_364' title='bbox 2946 2591 3095 2648; x_wconf 89' lang='lat' dir='ltr'>Vict.</span> <span class='ocrx_word' id='word_1_365' title='bbox 3123 2596 3181 2666; x_wconf 79' lang='lat' dir='ltr'>et</span> <span class='ocrx_word' id='word_1_366' title='bbox 3210 2591 3398 2666; x_wconf 83' lang='lat' dir='ltr'>Colb.,</span> <span class='ocrx_word' id='word_1_367' title='bbox 3430 2589 3726 2666; x_wconf 70' lang='lat' dir='ltr'>hisvcrbis</span> <span class='ocrx_word' id='word_1_368' title='bbox 3747 2595 3845 2666; x_wconf 43' lang='lat' dir='ltr'>ter-7</span> 
     </span>
    </p>
   </div>
   <div class='ocr_carea' id='block_1_49' title="bbox 492 2660 3845 2736">
    <p class='ocr_par' dir='ltr' id='par_1_49' title="bbox 492 2660 3845 2736">
     <span class='ocr_line' id='line_1_49' title="bbox 492 2660 3845 2736; baseline -0.002 -17"><span class='ocrx_word' id='word_1_369' title='bbox 492 2666 587 2720; x_wconf 79' lang='lat' dir='ltr'>cit.</span> <span class='ocrx_word' id='word_1_370' title='bbox 724 2660 753 2666; x_wconf 61' lang='grc'><em>”</em></span> <span class='ocrx_word' id='word_1_371' title='bbox 1194 2735 1199 2736; x_wconf 14' lang='grc' dir='ltr'>ί</span> <span class='ocrx_word' id='word_1_372' title='bbox 1404 2660 1418 2664; x_wconf 78' lang='grc'><em>’</em></span> <span class='ocrx_word' id='word_1_373' title='bbox 1808 2660 1823 2664; x_wconf 71' lang='grc'><em>”</em></span> <span class='ocrx_word' id='word_1_374' title='bbox 1976 2735 1979 2736; x_wconf 16' lang='grc' dir='ltr'><em>ν</em></span> <span class='ocrx_word' id='word_1_375' title='bbox 2251 2660 2588 2736; x_wconf 68' lang='lat' dir='ltr'>minantur,</span> <span class='ocrx_word' id='word_1_376' title='bbox 2605 2666 2807 2736; x_wconf 70' lang='lat' dir='ltr'>meruit</span> <span class='ocrx_word' id='word_1_377' title='bbox 2854 2660 3077 2732; x_wconf 74' lang='lat' dir='ltr'>insigne</span> <span class='ocrx_word' id='word_1_378' title='bbox 3116 2664 3341 2736; x_wconf 76' lang='lat' dir='ltr'>pietatis</span> <span class='ocrx_word' id='word_1_379' title='bbox 3372 2681 3391 2720; x_wconf 90' lang='lat'><em>:</em></span> <span class='ocrx_word' id='word_1_380' title='bbox 3424 2663 3633 2734; x_wconf 85' lang='lat' dir='ltr'>quibus</span> <span class='ocrx_word' id='word_1_381' title='bbox 3671 2660 3845 2715; x_wconf 84' lang='lat' dir='ltr'>addunt</span> 
     </span>
    </p>
   </div>
   <div class='ocr_carea' id='block_1_50' title="bbox 555 2734 3048 2806">
    <p class='ocr_par' dir='ltr' id='par_1_50' title="bbox 555 2734 3048 2806">
     <span class='ocr_line' id='line_1_50' title="bbox 555 2734 3048 2806; baseline 0 -17"><span class='ocrx_word' id='word_1_382' title='bbox 555 2736 666 2806; x_wconf 83' lang='grc'>(85)</span> <span class='ocrx_word' id='word_1_383' title='bbox 702 2736 847 2790; x_wconf 79' lang='lat' dir='ltr'>Edit.</span> <span class='ocrx_word' id='word_1_384' title='bbox 877 2751 1101 2797; x_wconf 89' lang='lat' dir='ltr'>omnes,</span> <span class='ocrx_word' id='word_1_385' title='bbox 1132 2735 1201 2789; x_wconf 79' lang='lat' dir='ltr'>ad</span> <span class='ocrx_word' id='word_1_386' title='bbox 1232 2737 1493 2804; x_wconf 75' lang='lat' dir='ltr'>quantum</span> <span class='ocrx_word' id='word_1_387' title='bbox 1522 2738 1764 2804; x_wconf 73' lang='lat' dir='ltr'>gratiam</span> <span class='ocrx_word' id='word_1_388' title='bbox 1794 2735 2027 2789; x_wconf 77' lang='lat' dir='ltr'>vocaris.</span> <span class='ocrx_word' id='word_1_389' title='bbox 2250 2735 2422 2791; x_wconf 89' lang='lat' dir='ltr'>Mich.</span> <span class='ocrx_word' id='word_1_390' title='bbox 2456 2740 2513 2791; x_wconf 91' lang='lat' dir='ltr'>et</span> <span class='ocrx_word' id='word_1_391' title='bbox 2542 2734 2715 2801; x_wconf 90' lang='lat' dir='ltr'>Vall.,</span> <span class='ocrx_word' id='word_1_392' title='bbox 2740 2735 3048 2791; x_wconf 80' lang='lat' dir='ltr'>oraculum.</span> 
     </span>
    </p>
   </div>
   <div class='ocr_carea' id='block_1_51' title="bbox 2024 2854 3851 2887">
    <p class='ocr_par' dir='ltr' id='par_1_51' title="bbox 2050 2854 3851 2887">
     <span class='ocr_line' id='line_1_51' title="bbox 2050 2854 3851 2887; baseline -0.001 -2"><span class='ocrx_word' id='word_1_393' title='bbox 2050 2880 2507 2887; x_wconf 56' lang='lat' dir='ltr'>mw</span> <span class='ocrx_word' id='word_1_394' title='bbox 2522 2854 3851 2887; x_wconf 45' lang='lat' dir='ltr'>ﬂ—‘ﬁww</span> 
     </span>
    </p>
   </div>
   <div class='ocr_carea' id='block_1_52' title="bbox 1150 2975 3266 3065">
    <p class='ocr_par' dir='ltr' id='par_1_52' title="bbox 1150 2975 3266 3065">
     <span class='ocr_line' id='line_1_52' title="bbox 1150 2975 3266 3065; baseline 0.001 -7"><span class='ocrx_word' id='word_1_395' title='bbox 1150 2975 1261 3058; x_wconf 82' lang='grc' dir='ltr'>ΙΝ</span> <span class='ocrx_word' id='word_1_396' title='bbox 1326 2975 1760 3061; x_wconf 67' lang='lat' dir='ltr'>LIBRUM</span> <span class='ocrx_word' id='word_1_397' title='bbox 1820 2976 1961 3060; x_wconf 86' lang='lat' dir='ltr'><strong>DE</strong></span> <span class='ocrx_word' id='word_1_398' title='bbox 2024 2978 2555 3065; x_wconf 80' lang='lat' dir='ltr'>NABUTHE</span> <span class='ocrx_word' id='word_1_399' title='bbox 2615 2978 3266 3065; x_wconf 75' lang='lat' dir='ltr'>JEZRAELITA</span> 
     </span>
    </p>
   </div>
   <div class='ocr_carea' id='block_1_53' title="bbox 1988 3125 2411 3184">
    <p class='ocr_par' dir='ltr' id='par_1_53' title="bbox 1988 3125 2411 3184">
     <span class='ocr_line' id='line_1_53' title="bbox 1988 3125 2411 3184; baseline 0 -4"><span class='ocrx_word' id='word_1_400' title='bbox 1988 3125 2411 3184; x_wconf 81' lang='lat' dir='ltr'>ADMONITIO.</span> 
     </span>
    </p>
   </div>
   <div class='ocr_carea' id='block_1_54' title="bbox 2792 2879 3105 2886">
    <p class='ocr_par' dir='ltr' id='par_1_54' title="bbox 2792 2879 3105 2886">
     <span class='ocr_line' id='line_1_54' title="bbox 2792 2879 3105 2886; baseline -0.003 0"><span class='ocrx_word' id='word_1_401' title='bbox 2792 2879 3105 2886; x_wconf 58' lang='lat' dir='ltr'>—_-_.——.o—_——</span> 
     </span>
    </p>
   </div>
   <div class='ocr_carea' id='block_1_55' title="bbox 558 3334 3852 3413">
    <p class='ocr_par' dir='ltr' id='par_1_55' title="bbox 558 3334 3852 3413">
     <span class='ocr_line' id='line_1_55' title="bbox 558 3334 3852 3413; baseline -0.003 -17"><span class='ocrx_word' id='word_1_402' title='bbox 558 3340 804 3396; x_wconf 87' lang='lat' dir='ltr'>Videtur</span> <span class='ocrx_word' id='word_1_403' title='bbox 842 3339 936 3394; x_wconf 91' lang='lat' dir='ltr'>hic</span> <span class='ocrx_word' id='word_1_404' title='bbox 968 3336 1115 3392; x_wconf 89' lang='lat' dir='ltr'>liber</span> <span class='ocrx_word' id='word_1_405' title='bbox 1143 3336 1288 3391; x_wconf 88' lang='lat' dir='ltr'>nihil</span> <span class='ocrx_word' id='word_1_406' title='bbox 1321 3336 1479 3393; x_wconf 90' lang='lat' dir='ltr'>aliud</span> <span class='ocrx_word' id='word_1_407' title='bbox 1511 3337 1810 3394; x_wconf 88' lang='lat' dir='ltr'>continere</span> <span class='ocrx_word' id='word_1_408' title='bbox 1833 3337 1945 3394; x_wconf 89' lang='lat' dir='ltr'>nisi</span> <span class='ocrx_word' id='word_1_409' title='bbox 1978 3355 2161 3394; x_wconf 92' lang='lat' dir='ltr'>unum</span> <span class='ocrx_word' id='word_1_410' title='bbox 2192 3344 2295 3395; x_wconf 89' lang='lat' dir='ltr'>aut</span> <span class='ocrx_word' id='word_1_411' title='bbox 2323 3339 2574 3396; x_wconf 90' lang='lat' dir='ltr'>alterum</span> <span class='ocrx_word' id='word_1_412' title='bbox 2604 3356 2957 3404; x_wconf 88' lang='lat' dir='ltr'>sermonem,</span> <span class='ocrx_word' id='word_1_413' title='bbox 2981 3355 3127 3413; x_wconf 90' lang='lat' dir='ltr'>quos</span> <span class='ocrx_word' id='word_1_414' title='bbox 3159 3340 3509 3397; x_wconf 80' lang='lat' dir='ltr'>Ambrosius</span> <span class='ocrx_word' id='word_1_415' title='bbox 3536 3339 3593 3394; x_wconf 91' lang='lat' dir='ltr'>in</span> <span class='ocrx_word' id='word_1_416' title='bbox 3625 3334 3803 3392; x_wconf 80' lang='lat' dir='ltr'>divites</span> <span class='ocrx_word' id='word_1_417' title='bbox 3828 3347 3852 3385; x_wconf 83' lang='lat' dir='ltr'>a</span> 
     </span>
    </p>
   </div>
   <div class='ocr_carea' id='block_1_56' title="bbox 485 3421 3853 3502">
    <p class='ocr_par' dir='ltr' id='par_1_56' title="bbox 485 3421 3853 3502">
     <span class='ocr_line' id='line_1_56' title="bbox 485 3421 3853 3502; baseline -0.003 -18"><span class='ocrx_word' id='word_1_418' title='bbox 485 3430 702 3502; x_wconf 89' lang='lat' dir='ltr'>quibus</span> <span class='ocrx_word' id='word_1_419' title='bbox 730 3425 1160 3482; x_wconf 88' lang='lat' dir='ltr'>immanissime</span> <span class='ocrx_word' id='word_1_420' title='bbox 1192 3425 1484 3481; x_wconf 89' lang='lat' dir='ltr'>tenuiores</span> <span class='ocrx_word' id='word_1_421' title='bbox 1516 3426 1785 3483; x_wconf 85' lang='lat' dir='ltr'>homines</span> <span class='ocrx_word' id='word_1_422' title='bbox 1816 3426 2389 3498; x_wconf 89' lang='lat' dir='ltr'>diripiebantur,toto</span> <span class='ocrx_word' id='word_1_423' title='bbox 2423 3428 2638 3484; x_wconf 88' lang='lat' dir='ltr'>mentis</span> <span class='ocrx_word' id='word_1_424' title='bbox 2669 3429 2875 3485; x_wconf 89' lang='lat' dir='ltr'>ardore</span> <span class='ocrx_word' id='word_1_425' title='bbox 2905 3429 3495 3502; x_wconf 88' lang='lat' dir='ltr'>pronuntiavit.Haud</span> <span class='ocrx_word' id='word_1_426' title='bbox 3528 3426 3692 3482; x_wconf 89' lang='lat' dir='ltr'>dubie</span> <span class='ocrx_word' id='word_1_427' title='bbox 3708 3421 3853 3477; x_wconf 80' lang='lat' dir='ltr'>histo-</span> 
     </span>
    </p>
   </div>
   <div class='ocr_carea' id='block_1_57' title="bbox 482 3507 3850 3590">
    <p class='ocr_par' dir='ltr' id='par_1_57' title="bbox 482 3507 3850 3590">
     <span class='ocr_line' id='line_1_57' title="bbox 482 3507 3850 3590; baseline -0.003 -17"><span class='ocrx_word' id='word_1_428' title='bbox 482 3521 567 3573; x_wconf 88' lang='lat' dir='ltr'>ria</span> <span class='ocrx_word' id='word_1_429' title='bbox 600 3516 754 3587; x_wconf 89' lang='lat' dir='ltr'>regis</span> <span class='ocrx_word' id='word_1_430' title='bbox 787 3514 1004 3570; x_wconf 90' lang='lat' dir='ltr'>Achabi</span> <span class='ocrx_word' id='word_1_431' title='bbox 1036 3530 1102 3568; x_wconf 92' lang='lat' dir='ltr'>ac</span> <span class='ocrx_word' id='word_1_432' title='bbox 1135 3513 1406 3585; x_wconf 89' lang='lat' dir='ltr'>pauperis</span> <span class='ocrx_word' id='word_1_433' title='bbox 1438 3514 1719 3569; x_wconf 79' lang='lat' dir='ltr'>Nabuthae</span> <span class='ocrx_word' id='word_1_434' title='bbox 1750 3515 1811 3570; x_wconf 93' lang='lat' dir='ltr'>in</span> <span class='ocrx_word' id='word_1_435' title='bbox 1841 3514 2100 3571; x_wconf 88' lang='lat' dir='ltr'>Ecclesia</span> <span class='ocrx_word' id='word_1_436' title='bbox 2129 3519 2270 3571; x_wconf 90' lang='lat' dir='ltr'>tunc</span> <span class='ocrx_word' id='word_1_437' title='bbox 2312 3516 2596 3587; x_wconf 89' lang='lat' dir='ltr'>temporis</span> <span class='ocrx_word' id='word_1_438' title='bbox 2642 3518 2883 3573; x_wconf 86' lang='lat' dir='ltr'>recitata</span> <span class='ocrx_word' id='word_1_439' title='bbox 2928 3517 3041 3590; x_wconf 90' lang='lat' dir='ltr'>ipsi</span> <span class='ocrx_word' id='word_1_440' title='bbox 3091 3518 3458 3573; x_wconf 88' lang='lat' dir='ltr'>occasionem</span> <span class='ocrx_word' id='word_1_441' title='bbox 3505 3507 3850 3585; x_wconf 77' lang='lat' dir='ltr'>suppeditavit</span> 
     </span>
    </p>
   </div>
   <div class='ocr_carea' id='block_1_58' title="bbox 477 3595 3854 3678">
    <p class='ocr_par' dir='ltr' id='par_1_58' title="bbox 477 3595 3854 3678">
     <span class='ocr_line' id='line_1_58' title="bbox 477 3595 3854 3678; baseline -0.004 -17"><span class='ocrx_word' id='word_1_442' title='bbox 477 3610 631 3678; x_wconf 85' lang='lat' dir='ltr'>(cap.</span> <span class='ocrx_word' id='word_1_443' title='bbox 665 3608 715 3671; x_wconf 91' lang='grc'>1,</span> <span class='ocrx_word' id='word_1_444' title='bbox 749 3621 912 3659; x_wconf 85' lang='lat' dir='ltr'>num.</span> <span class='ocrx_word' id='word_1_445' title='bbox 948 3604 1021 3673; x_wconf 78' lang='lat' dir='ltr'>l),</span> <span class='ocrx_word' id='word_1_446' title='bbox 1059 3608 1120 3658; x_wconf 91' lang='lat' dir='ltr'>ut</span> <span class='ocrx_word' id='word_1_447' title='bbox 1167 3603 1224 3657; x_wconf 90' lang='lat' dir='ltr'>in</span> <span class='ocrx_word' id='word_1_448' title='bbox 1276 3603 1453 3658; x_wconf 91' lang='lat' dir='ltr'>altero</span> <span class='ocrx_word' id='word_1_449' title='bbox 1503 3603 1910 3660; x_wconf 85' lang='lat' dir='ltr'>crudelitatem</span> <span class='ocrx_word' id='word_1_450' title='bbox 1942 3604 2099 3660; x_wconf 78' lang='lat' dir='ltr'>avari</span> <span class='ocrx_word' id='word_1_451' title='bbox 2131 3603 2347 3670; x_wconf 90' lang='lat' dir='ltr'>divitis,</span> <span class='ocrx_word' id='word_1_452' title='bbox 2381 3603 2440 3659; x_wconf 88' lang='lat' dir='ltr'>in</span> <span class='ocrx_word' id='word_1_453' title='bbox 2473 3603 2656 3661; x_wconf 88' lang='lat' dir='ltr'>altero</span> <span class='ocrx_word' id='word_1_454' title='bbox 2686 3605 2960 3678; x_wconf 87' lang='lat' dir='ltr'>pauperis</span> <span class='ocrx_word' id='word_1_455' title='bbox 3007 3610 3264 3663; x_wconf 83' lang='lat' dir='ltr'>extrema</span> <span class='ocrx_word' id='word_1_456' title='bbox 3294 3606 3499 3661; x_wconf 88' lang='lat' dir='ltr'>omnia</span> <span class='ocrx_word' id='word_1_457' title='bbox 3523 3595 3854 3676; x_wconf 86' lang='lat' dir='ltr'>perpetientis</span> 
     </span>
    </p>
   </div>
   <div class='ocr_carea' id='block_1_59' title="bbox 478 3691 3849 3767">
    <p class='ocr_par' dir='ltr' id='par_1_59' title="bbox 478 3691 3849 3767">
     <span class='ocr_line' id='line_1_59' title="bbox 478 3691 3849 3767; baseline -0.002 -17"><span class='ocrx_word' id='word_1_458' title='bbox 478 3695 872 3750; x_wconf 87' lang='lat' dir='ltr'>calamitatem</span> <span class='ocrx_word' id='word_1_459' title='bbox 904 3693 976 3748; x_wconf 92' lang='lat' dir='ltr'>ob</span> <span class='ocrx_word' id='word_1_460' title='bbox 1009 3691 1209 3747; x_wconf 89' lang='lat' dir='ltr'>oculos</span> <span class='ocrx_word' id='word_1_461' title='bbox 1242 3696 1497 3762; x_wconf 88' lang='lat' dir='ltr'>poneret.</span> <span class='ocrx_word' id='word_1_462' title='bbox 1528 3695 1917 3757; x_wconf 87' lang='lat' dir='ltr'>Quamobrem</span> <span class='ocrx_word' id='word_1_463' title='bbox 1967 3693 2158 3765; x_wconf 90' lang='lat' dir='ltr'>primo</span> <span class='ocrx_word' id='word_1_464' title='bbox 2205 3693 2461 3749; x_wconf 88' lang='lat' dir='ltr'>ostendit</span> <span class='ocrx_word' id='word_1_465' title='bbox 2491 3694 2674 3765; x_wconf 81' lang='lat' dir='ltr'>(Ibid.)</span> <span class='ocrx_word' id='word_1_466' title='bbox 2705 3694 2852 3749; x_wconf 88' lang='lat' dir='ltr'>nulli</span> <span class='ocrx_word' id='word_1_467' title='bbox 2882 3695 3133 3767; x_wconf 88' lang='lat' dir='ltr'>tempori</span> <span class='ocrx_word' id='word_1_468' title='bbox 3185 3712 3325 3751; x_wconf 90' lang='lat' dir='ltr'>suos</span> <span class='ocrx_word' id='word_1_469' title='bbox 3373 3694 3655 3755; x_wconf 79' lang='lat' dir='ltr'>Achabas,</span> <span class='ocrx_word' id='word_1_470' title='bbox 3696 3700 3849 3757; x_wconf 80' lang='lat' dir='ltr'>neque</span> 
     </span>
    </p>
   </div>
   <div class='ocr_carea' id='block_1_60' title="bbox 477 3775 3851 3855">
    <p class='ocr_par' dir='ltr' id='par_1_60' title="bbox 477 3775 3851 3855">
     <span class='ocr_line' id='line_1_60' title="bbox 477 3775 3851 3855; baseline -0.002 -16"><span class='ocrx_word' id='word_1_471' title='bbox 477 3799 617 3839; x_wconf 88' lang='lat' dir='ltr'>suos</span> <span class='ocrx_word' id='word_1_472' title='bbox 649 3781 951 3838; x_wconf 77' lang='lat' dir='ltr'>Nabuthae</span> <span class='ocrx_word' id='word_1_473' title='bbox 1001 3781 1236 3848; x_wconf 84' lang='lat' dir='ltr'>deesse;</span> <span class='ocrx_word' id='word_1_474' title='bbox 1270 3797 1493 3835; x_wconf 88' lang='lat' dir='ltr'>necnon</span> <span class='ocrx_word' id='word_1_475' title='bbox 1543 3782 1721 3836; x_wconf 89' lang='lat' dir='ltr'>etiam</span> <span class='ocrx_word' id='word_1_476' title='bbox 1766 3782 1907 3836; x_wconf 87' lang='lat' dir='ltr'>dum</span> <span class='ocrx_word' id='word_1_477' title='bbox 1958 3782 2325 3853; x_wconf 88' lang='lat' dir='ltr'>loquebatur,</span> <span class='ocrx_word' id='word_1_478' title='bbox 2358 3781 2605 3837; x_wconf 88' lang='lat' dir='ltr'>inveniri</span> <span class='ocrx_word' id='word_1_479' title='bbox 2656 3798 2941 3855; x_wconf 87' lang='lat' dir='ltr'>pauperes</span> <span class='ocrx_word' id='word_1_480' title='bbox 2980 3786 3103 3838; x_wconf 90' lang='lat' dir='ltr'>tam</span> <span class='ocrx_word' id='word_1_481' title='bbox 3154 3783 3298 3839; x_wconf 84' lang='lat' dir='ltr'>diris</span> <span class='ocrx_word' id='word_1_482' title='bbox 3353 3782 3546 3838; x_wconf 90' lang='lat' dir='ltr'>modis</span> <span class='ocrx_word' id='word_1_483' title='bbox 3574 3775 3851 3851; x_wconf 74' lang='lat' dir='ltr'>exagitatos</span> 
     </span>
    </p>
   </div>
   <div class='ocr_carea' id='block_1_61' title="bbox 477 3869 3852 3945">
    <p class='ocr_par' dir='ltr' id='par_1_61' title="bbox 477 3869 3852 3945">
     <span class='ocr_line' id='line_1_61' title="bbox 477 3869 3852 3945; baseline -0.002 -18"><span class='ocrx_word' id='word_1_484' title='bbox 477 3873 914 3942; x_wconf 81' lang='lat' dir='ltr'>divexatosque,</span> <span class='ocrx_word' id='word_1_485' title='bbox 949 3872 1014 3925; x_wconf 90' lang='lat' dir='ltr'>ut</span> <span class='ocrx_word' id='word_1_486' title='bbox 1046 3869 1351 3941; x_wconf 84' lang='lat' dir='ltr'>profugere</span> <span class='ocrx_word' id='word_1_487' title='bbox 1375 3885 1443 3923; x_wconf 81' lang='lat' dir='ltr'>ex</span> <span class='ocrx_word' id='word_1_488' title='bbox 1466 3869 1655 3939; x_wconf 88' lang='lat' dir='ltr'>patria</span> <span class='ocrx_word' id='word_1_489' title='bbox 1687 3886 1757 3924; x_wconf 90' lang='lat' dir='ltr'>ne</span> <span class='ocrx_word' id='word_1_490' title='bbox 1788 3869 1906 3925; x_wconf 90' lang='lat' dir='ltr'>illic</span> <span class='ocrx_word' id='word_1_491' title='bbox 1939 3870 2090 3926; x_wconf 90' lang='lat' dir='ltr'>fame</span> <span class='ocrx_word' id='word_1_492' title='bbox 2117 3886 2183 3926; x_wconf 86' lang='lat' dir='ltr'>ac</span> <span class='ocrx_word' id='word_1_493' title='bbox 2216 3870 2455 3926; x_wconf 86' lang='lat' dir='ltr'>miseria</span> <span class='ocrx_word' id='word_1_494' title='bbox 2493 3870 2820 3936; x_wconf 85' lang='lat' dir='ltr'>interirent,</span> <span class='ocrx_word' id='word_1_495' title='bbox 2849 3874 3217 3945; x_wconf 87' lang='lat' dir='ltr'>cogerentur.</span> <span class='ocrx_word' id='word_1_496' title='bbox 3248 3871 3309 3925; x_wconf 92' lang='lat' dir='ltr'>Id</span> <span class='ocrx_word' id='word_1_497' title='bbox 3360 3885 3595 3927; x_wconf 85' lang='lat' dir='ltr'>summa</span> <span class='ocrx_word' id='word_1_498' title='bbox 3622 3880 3743 3922; x_wconf 89' lang='lat' dir='ltr'>cum</span> <span class='ocrx_word' id='word_1_499' title='bbox 3775 3876 3852 3914; x_wconf 80' lang='lat' dir='ltr'>ve-</span> 
     </span>
    </p>
   </div>
   <div class='ocr_carea' id='block_1_62' title="bbox 476 3950 3849 4032">
    <p class='ocr_par' dir='ltr' id='par_1_62' title="bbox 476 3950 3849 4032">
     <span class='ocr_line' id='line_1_62' title="bbox 476 3950 3849 4032; baseline -0 -19"><span class='ocrx_word' id='word_1_500' title='bbox 476 3959 772 4015; x_wconf 84' lang='lat' dir='ltr'>hementia</span> <span class='ocrx_word' id='word_1_501' title='bbox 801 3959 1112 4030; x_wconf 86' lang='lat' dir='ltr'>exprobrat</span> <span class='ocrx_word' id='word_1_502' title='bbox 1141 3957 1302 4012; x_wconf 90' lang='lat' dir='ltr'>hisce</span> <span class='ocrx_word' id='word_1_503' title='bbox 1332 3956 1631 4023; x_wconf 87' lang='lat' dir='ltr'>divitibus,</span> <span class='ocrx_word' id='word_1_504' title='bbox 1666 3956 1880 4029; x_wconf 89' lang='lat' dir='ltr'>quibus</span> <span class='ocrx_word' id='word_1_505' title='bbox 1912 3959 2086 4014; x_wconf 90' lang='lat' dir='ltr'>etiam</span> <span class='ocrx_word' id='word_1_506' title='bbox 2118 3975 2187 4015; x_wconf 81' lang='lat' dir='ltr'>ex</span> <span class='ocrx_word' id='word_1_507' title='bbox 2217 3964 2380 4031; x_wconf 91' lang='lat' dir='ltr'>parte</span> <span class='ocrx_word' id='word_1_508' title='bbox 2411 3958 2602 4031; x_wconf 88' lang='lat' dir='ltr'>prima</span> <span class='ocrx_word' id='word_1_509' title='bbox 2631 3960 2941 4032; x_wconf 61' lang='lat' dir='ltr'>propositae</span> <span class='ocrx_word' id='word_1_510' title='bbox 2972 3959 3227 4016; x_wconf 76' lang='lat' dir='ltr'>historiae</span> <span class='ocrx_word' id='word_1_511' title='bbox 3258 3959 3626 4015; x_wconf 85' lang='lat' dir='ltr'>demonstrat</span> <span class='ocrx_word' id='word_1_512' title='bbox 3652 3955 3783 4026; x_wconf 85' lang='lat' dir='ltr'>(cap.</span> <span class='ocrx_word' id='word_1_513' title='bbox 3805 3950 3849 4012; x_wconf 65' lang='lat'>2.</span> 
     </span>
    </p>
   </div>
   <div class='ocr_carea' id='block_1_63' title="bbox 477 4036 3855 4129">
    <p class='ocr_par' dir='ltr' id='par_1_63' title="bbox 477 4036 3855 4129">
     <span class='ocr_line' id='line_1_63' title="bbox 477 4036 3855 4129; baseline -0.003 -25"><span class='ocrx_word' id='word_1_514' title='bbox 477 4066 642 4104; x_wconf 90' lang='lat' dir='ltr'>num.</span> <span class='ocrx_word' id='word_1_515' title='bbox 676 4049 709 4102; x_wconf 85' lang='grc'>4</span> <span class='ocrx_word' id='word_1_516' title='bbox 740 4052 797 4103; x_wconf 89' lang='lat' dir='ltr'>et</span> <span class='ocrx_word' id='word_1_517' title='bbox 818 4047 965 4119; x_wconf 87' lang='lat' dir='ltr'>seq.)</span> <span class='ocrx_word' id='word_1_518' title='bbox 996 4047 1157 4119; x_wconf 89' lang='lat' dir='ltr'>ipsos</span> <span class='ocrx_word' id='word_1_519' title='bbox 1180 4045 1391 4101; x_wconf 89' lang='lat' dir='ltr'>mediis</span> <span class='ocrx_word' id='word_1_520' title='bbox 1424 4045 1481 4100; x_wconf 91' lang='lat' dir='ltr'>in</span> <span class='ocrx_word' id='word_1_521' title='bbox 1514 4045 1736 4102; x_wconf 89' lang='lat' dir='ltr'>divitiis</span> <span class='ocrx_word' id='word_1_522' title='bbox 1765 4062 1943 4119; x_wconf 89' lang='lat' dir='ltr'>quam</span> <span class='ocrx_word' id='word_1_523' title='bbox 1976 4064 2190 4119; x_wconf 89' lang='lat' dir='ltr'>egenos</span> <span class='ocrx_word' id='word_1_524' title='bbox 2221 4045 2517 4120; x_wconf 89' lang='lat' dir='ltr'>quoslibet</span> <span class='ocrx_word' id='word_1_525' title='bbox 2549 4048 2737 4121; x_wconf 88' lang='lat' dir='ltr'>magis</span> <span class='ocrx_word' id='word_1_526' title='bbox 2767 4065 2938 4129; x_wconf 76' lang='lat' dir='ltr'>egere</span> <span class='ocrx_word' id='word_1_527' title='bbox 2969 4066 2983 4104; x_wconf 90' lang='lat'><strong>:</strong></span> <span class='ocrx_word' id='word_1_528' title='bbox 3015 4048 3075 4104; x_wconf 91' lang='lat' dir='ltr'>in</span> <span class='ocrx_word' id='word_1_529' title='bbox 3108 4048 3333 4121; x_wconf 87' lang='lat' dir='ltr'>rapinis</span> <span class='ocrx_word' id='word_1_530' title='bbox 3364 4049 3515 4119; x_wconf 91' lang='lat' dir='ltr'>(cap.</span> <span class='ocrx_word' id='word_1_531' title='bbox 3548 4046 3601 4110; x_wconf 87' lang='lat'>3,</span> <span class='ocrx_word' id='word_1_532' title='bbox 3634 4056 3777 4098; x_wconf 72' lang='lat' dir='ltr'>alim.</span> <span class='ocrx_word' id='word_1_533' title='bbox 3811 4036 3855 4089; x_wconf 84' lang='grc'><strong>11</strong></span> 
     </span>
    </p>
   </div>
   <div class='ocr_carea' id='block_1_64' title="bbox 475 4129 3860 4210">
    <p class='ocr_par' dir='ltr' id='par_1_64' title="bbox 475 4129 3860 4210">
     <span class='ocr_line' id='line_1_64' title="bbox 475 4129 3860 4210; baseline -0.003 -17"><span class='ocrx_word' id='word_1_534' title='bbox 475 4143 533 4193; x_wconf 87' lang='lat' dir='ltr'>et</span> <span class='ocrx_word' id='word_1_535' title='bbox 555 4138 703 4209; x_wconf 88' lang='lat' dir='ltr'>seq.)</span> <span class='ocrx_word' id='word_1_536' title='bbox 726 4136 1071 4191; x_wconf 81' lang='lat' dir='ltr'>earumdem</span> <span class='ocrx_word' id='word_1_537' title='bbox 1103 4134 1521 4190; x_wconf 83' lang='lat' dir='ltr'>abstinentiam</span> <span class='ocrx_word' id='word_1_538' title='bbox 1553 4140 1728 4206; x_wconf 89' lang='lat' dir='ltr'>atque</span> <span class='ocrx_word' id='word_1_539' title='bbox 1758 4135 2017 4191; x_wconf 87' lang='lat' dir='ltr'>convivia</span> <span class='ocrx_word' id='word_1_540' title='bbox 2047 4154 2116 4192; x_wconf 79' lang='lat' dir='ltr'>ex</span> <span class='ocrx_word' id='word_1_541' title='bbox 2146 4152 2311 4208; x_wconf 71' lang='lat' dir='ltr'>aequo</span> <span class='ocrx_word' id='word_1_542' title='bbox 2342 4135 2459 4192; x_wconf 88' lang='lat' dir='ltr'>illis</span> <span class='ocrx_word' id='word_1_543' title='bbox 2479 4137 2714 4193; x_wconf 88' lang='lat' dir='ltr'>miseris</span> <span class='ocrx_word' id='word_1_544' title='bbox 2741 4136 3058 4210; x_wconf 88' lang='lat' dir='ltr'>perniciem</span> <span class='ocrx_word' id='word_1_545' title='bbox 3092 4138 3321 4193; x_wconf 86' lang='lat' dir='ltr'>adferre</span> <span class='ocrx_word' id='word_1_546' title='bbox 3342 4134 3699 4192; x_wconf 88' lang='lat' dir='ltr'>solere.&#39;l‘um</span> <span class='ocrx_word' id='word_1_547' title='bbox 3740 4129 3860 4199; x_wconf 74' lang='lat' dir='ltr'>(cap.</span> 
     </span>
    </p>
   </div>
   <div class='ocr_carea' id='block_1_65' title="bbox 480 4213 3855 4298">
    <p class='ocr_par' dir='ltr' id='par_1_65' title="bbox 480 4213 3855 4298">
     <span class='ocr_line' id='line_1_65' title="bbox 480 4213 3855 4298; baseline -0.002 -17"><span class='ocrx_word' id='word_1_548' title='bbox 480 4224 782 4298; x_wconf 88' lang='lat' dir='ltr'>propriam</span> <span class='ocrx_word' id='word_1_549' title='bbox 814 4224 1127 4279; x_wconf 88' lang='lat' dir='ltr'>utilitatem</span> <span class='ocrx_word' id='word_1_550' title='bbox 1179 4223 1373 4278; x_wconf 89' lang='lat' dir='ltr'>minus</span> <span class='ocrx_word' id='word_1_551' title='bbox 1422 4240 1681 4294; x_wconf 66' lang='lat' dir='ltr'>quaerere</span> <span class='ocrx_word' id='word_1_552' title='bbox 1728 4241 1906 4297; x_wconf 89' lang='lat' dir='ltr'>quam</span> <span class='ocrx_word' id='word_1_553' title='bbox 1957 4225 2199 4298; x_wconf 87' lang='lat' dir='ltr'>inopum</span> <span class='ocrx_word' id='word_1_554' title='bbox 2251 4224 2665 4296; x_wconf 89' lang='lat' dir='ltr'>spoliationem</span> <span class='ocrx_word' id='word_1_555' title='bbox 2713 4242 2726 4280; x_wconf 93' lang='lat'><strong>:</strong></span> <span class='ocrx_word' id='word_1_556' title='bbox 2776 4230 3073 4298; x_wconf 87' lang='lat' dir='ltr'>postremo</span> <span class='ocrx_word' id='word_1_557' title='bbox 3104 4226 3252 4298; x_wconf 88' lang='lat' dir='ltr'>(cap.</span> <span class='ocrx_word' id='word_1_558' title='bbox 3284 4225 3339 4289; x_wconf 84' lang='grc'>5,</span> <span class='ocrx_word' id='word_1_559' title='bbox 3378 4240 3544 4279; x_wconf 91' lang='lat' dir='ltr'>num.</span> <span class='ocrx_word' id='word_1_560' title='bbox 3577 4224 3693 4275; x_wconf 78' lang='lat' dir='ltr'>Qet</span> <span class='ocrx_word' id='word_1_561' title='bbox 3736 4213 3855 4283; x_wconf 82' lang='lat' dir='ltr'>seq-l</span> 
     </span>
    </p>
   </div>
   <div class='ocr_carea' id='block_1_66' title="bbox 476 4296 3860 4387">
    <p class='ocr_par' dir='ltr' id='par_1_66' title="bbox 476 4296 3860 4387">
     <span class='ocr_line' id='line_1_66' title="bbox 476 4296 3860 4387; baseline -0.005 -19"><span class='ocrx_word' id='word_1_562' title='bbox 476 4296 531 4380; x_wconf 74' lang='lat'>6,</span> <span class='ocrx_word' id='word_1_563' title='bbox 566 4296 730 4368; x_wconf 70' lang='lat' dir='ltr'>rium.</span> <span class='ocrx_word' id='word_1_564' title='bbox 762 4314 832 4368; x_wconf 86' lang='lat'>29</span> <span class='ocrx_word' id='word_1_565' title='bbox 863 4312 920 4367; x_wconf 86' lang='lat' dir='ltr'>et</span> <span class='ocrx_word' id='word_1_566' title='bbox 949 4312 1116 4384; x_wconf 82' lang='lat' dir='ltr'>seq.),</span> <span class='ocrx_word' id='word_1_567' title='bbox 1150 4312 1410 4382; x_wconf 85' lang='lat' dir='ltr'>exposito</span> <span class='ocrx_word' id='word_1_568' title='bbox 1441 4329 1508 4367; x_wconf 92' lang='lat' dir='ltr'>eo</span> <span class='ocrx_word' id='word_1_569' title='bbox 1539 4312 1664 4368; x_wconf 91' lang='lat' dir='ltr'>loco</span> <span class='ocrx_word' id='word_1_570' title='bbox 1696 4296 1987 4387; x_wconf 87' lang='lat' dir='ltr'>Evangelii</span> <span class='ocrx_word' id='word_1_571' title='bbox 2022 4296 2120 4369; x_wconf 86' lang='lat' dir='ltr'>ubi</span> <span class='ocrx_word' id='word_1_572' title='bbox 2152 4313 2469 4387; x_wconf 89' lang='lat' dir='ltr'>opulentus</span> <span class='ocrx_word' id='word_1_573' title='bbox 2500 4302 2740 4387; x_wconf 84' lang='lat' dir='ltr'>quidam</span> <span class='ocrx_word' id='word_1_574' title='bbox 2777 4296 3001 4372; x_wconf 72' lang='lat' dir='ltr'>horrea</span> <span class='ocrx_word' id='word_1_575' title='bbox 3047 4296 3213 4371; x_wconf 29' lang='lat' dir='ltr'>novav</span> <span class='ocrx_word' id='word_1_576' title='bbox 3239 4313 3540 4368; x_wconf 83' lang='lat' dir='ltr'>veteribus</span> <span class='ocrx_word' id='word_1_577' title='bbox 3583 4296 3860 4363; x_wconf 78' lang='lat' dir='ltr'>destructis</span> 
     </span>
    </p>
   </div>
   <div class='ocr_carea' id='block_1_67' title="bbox 476 4396 3855 4477">
    <p class='ocr_par' dir='ltr' id='par_1_67' title="bbox 476 4396 3855 4477">
     <span class='ocr_line' id='line_1_67' title="bbox 476 4396 3855 4477; baseline -0.004 -20"><span class='ocrx_word' id='word_1_578' title='bbox 476 4402 834 4457; x_wconf 78' lang='lat' dir='ltr'>exaedificare</span> <span class='ocrx_word' id='word_1_579' title='bbox 864 4401 1129 4471; x_wconf 83' lang='lat' dir='ltr'>cogitans</span> <span class='ocrx_word' id='word_1_580' title='bbox 1159 4400 1477 4465; x_wconf 88' lang='lat' dir='ltr'>inducitur,</span> <span class='ocrx_word' id='word_1_581' title='bbox 1512 4419 1691 4473; x_wconf 89' lang='lat' dir='ltr'>quam</span> <span class='ocrx_word' id='word_1_582' title='bbox 1724 4402 1801 4458; x_wconf 87' lang='lat' dir='ltr'>sit</span> <span class='ocrx_word' id='word_1_583' title='bbox 1833 4404 2031 4458; x_wconf 84' lang='lat' dir='ltr'>infelix</span> <span class='ocrx_word' id='word_1_584' title='bbox 2063 4402 2511 4476; x_wconf 88' lang='lat' dir='ltr'>locupletiorum</span> <span class='ocrx_word' id='word_1_585' title='bbox 2562 4403 2838 4470; x_wconf 91' lang='lat' dir='ltr'>conditio,</span> <span class='ocrx_word' id='word_1_586' title='bbox 2871 4404 3165 4477; x_wconf 83' lang='lat' dir='ltr'>patefacit.</span> <span class='ocrx_word' id='word_1_587' title='bbox 3201 4402 3331 4458; x_wconf 84' lang='lat' dir='ltr'>Mox</span> <span class='ocrx_word' id='word_1_588' title='bbox 3362 4402 3435 4456; x_wconf 87' lang='lat' dir='ltr'>ad</span> <span class='ocrx_word' id='word_1_589' title='bbox 3483 4396 3855 4470; x_wconf 84' lang='lat' dir='ltr'>argumentum</span> 
     </span>
    </p>
   </div>
   <div class='ocr_carea' id='block_1_68' title="bbox 476 4478 3857 4572">
    <p class='ocr_par' dir='ltr' id='par_1_68' title="bbox 476 4478 3857 4572">
     <span class='ocr_line' id='line_1_68' title="bbox 476 4478 3857 4572; baseline -0.004 -25"><span class='ocrx_word' id='word_1_590' title='bbox 476 4506 652 4547; x_wconf 87' lang='lat' dir='ltr'>suum</span> <span class='ocrx_word' id='word_1_591' title='bbox 684 4489 915 4545; x_wconf 85' lang='lat' dir='ltr'>rediens</span> <span class='ocrx_word' id='word_1_592' title='bbox 945 4488 1093 4560; x_wconf 87' lang='lat' dir='ltr'>(cap.</span> <span class='ocrx_word' id='word_1_593' title='bbox 1130 4489 1217 4555; x_wconf 85' lang='grc'>11,</span> <span class='ocrx_word' id='word_1_594' title='bbox 1241 4507 1409 4544; x_wconf 91' lang='lat' dir='ltr'>num.</span> <span class='ocrx_word' id='word_1_595' title='bbox 1444 4492 1511 4543; x_wconf 84' lang='grc'>46</span> <span class='ocrx_word' id='word_1_596' title='bbox 1543 4496 1600 4545; x_wconf 91' lang='lat' dir='ltr'>et</span> <span class='ocrx_word' id='word_1_597' title='bbox 1629 4491 2013 4564; x_wconf 85' lang='lat' dir='ltr'>seqq.)aperit</span> <span class='ocrx_word' id='word_1_598' title='bbox 2043 4509 2158 4564; x_wconf 88' lang='lat' dir='ltr'>qua</span> <span class='ocrx_word' id='word_1_599' title='bbox 2186 4493 2412 4548; x_wconf 88' lang='lat' dir='ltr'>ratione</span> <span class='ocrx_word' id='word_1_600' title='bbox 2440 4492 2673 4548; x_wconf 87' lang='lat' dir='ltr'>Jezabel</span> <span class='ocrx_word' id='word_1_601' title='bbox 2708 4496 2771 4547; x_wconf 92' lang='lat' dir='ltr'>ut</span> <span class='ocrx_word' id='word_1_602' title='bbox 2800 4494 3068 4565; x_wconf 88' lang='lat' dir='ltr'>conjugis</span> <span class='ocrx_word' id='word_1_603' title='bbox 3100 4493 3191 4547; x_wconf 88' lang='lat' dir='ltr'>sui</span> <span class='ocrx_word' id='word_1_604' title='bbox 3217 4490 3443 4546; x_wconf 86' lang='lat' dir='ltr'>Achabi</span> <span class='ocrx_word' id='word_1_605' title='bbox 3475 4478 3857 4572; x_wconf 59' lang='lat' dir='ltr'>obsecundarel</span> 
     </span>
    </p>
   </div>
   <div class='ocr_carea' id='block_1_69' title="bbox 484 4565 3865 4657">
    <p class='ocr_par' dir='ltr' id='par_1_69' title="bbox 484 4565 3865 4657">
     <span class='ocr_line' id='line_1_69' title="bbox 484 4565 3865 4657; baseline -0.004 -23"><span class='ocrx_word' id='word_1_606' title='bbox 484 4578 1236 4646; x_wconf 52' lang='lat' dir='ltr'>avaritiazﬁunestissimam</span> <span class='ocrx_word' id='word_1_607' title='bbox 1271 4594 1472 4634; x_wconf 89' lang='lat' dir='ltr'>necem</span> <span class='ocrx_word' id='word_1_608' title='bbox 1503 4579 1789 4635; x_wconf 85' lang='lat' dir='ltr'>Nabuthae</span> <span class='ocrx_word' id='word_1_609' title='bbox 1824 4579 2197 4636; x_wconf 88' lang='lat' dir='ltr'>intulerit.Ea</span> <span class='ocrx_word' id='word_1_610' title='bbox 2224 4580 2527 4637; x_wconf 88' lang='lat' dir='ltr'>occasione</span> <span class='ocrx_word' id='word_1_611' title='bbox 2558 4580 2870 4652; x_wconf 88' lang='lat' dir='ltr'>insurgens</span> <span class='ocrx_word' id='word_1_612' title='bbox 2899 4581 3180 4636; x_wconf 87' lang='lat' dir='ltr'>adversus</span> <span class='ocrx_word' id='word_1_613' title='bbox 3209 4578 3421 4634; x_wconf 87' lang='lat' dir='ltr'>divites</span> <span class='ocrx_word' id='word_1_614' title='bbox 3440 4574 3533 4632; x_wconf 88' lang='lat' dir='ltr'>sui</span> <span class='ocrx_word' id='word_1_615' title='bbox 3551 4565 3804 4643; x_wconf 86' lang='lat' dir='ltr'>temporis</span> <span class='ocrx_word' id='word_1_616' title='bbox 3821 4565 3865 4657; x_wconf 80' lang='lat' dir='ltr'>in</span> 
     </span>
    </p>
   </div>
   <div class='ocr_carea' id='block_1_70' title="bbox 476 4663 3860 4740">
    <p class='ocr_par' dir='ltr' id='par_1_70' title="bbox 476 4663 3860 4740">
     <span class='ocr_line' id='line_1_70' title="bbox 476 4663 3860 4740; baseline -0.006 -17"><span class='ocrx_word' id='word_1_617' title='bbox 476 4683 763 4740; x_wconf 89' lang='lat' dir='ltr'>pauperes</span> <span class='ocrx_word' id='word_1_618' title='bbox 781 4666 966 4722; x_wconf 90' lang='lat' dir='ltr'>nihilo</span> <span class='ocrx_word' id='word_1_619' title='bbox 984 4666 1387 4722; x_wconf 85' lang='lat' dir='ltr'>clementiores</span> <span class='ocrx_word' id='word_1_620' title='bbox 1411 4684 1589 4739; x_wconf 90' lang='lat' dir='ltr'>quam</span> <span class='ocrx_word' id='word_1_621' title='bbox 1612 4667 1808 4724; x_wconf 86' lang='lat' dir='ltr'>Achab</span> <span class='ocrx_word' id='word_1_622' title='bbox 1828 4671 1883 4724; x_wconf 91' lang='lat' dir='ltr'>et</span> <span class='ocrx_word' id='word_1_623' title='bbox 1900 4668 2259 4737; x_wconf 86' lang='lat' dir='ltr'>Jezabel,eos</span> <span class='ocrx_word' id='word_1_624' title='bbox 2281 4670 2459 4725; x_wconf 89' lang='lat' dir='ltr'>etiam</span> <span class='ocrx_word' id='word_1_625' title='bbox 2482 4673 2658 4739; x_wconf 90' lang='lat' dir='ltr'>atque</span> <span class='ocrx_word' id='word_1_626' title='bbox 2680 4669 2857 4725; x_wconf 88' lang='lat' dir='ltr'>etiam</span> <span class='ocrx_word' id='word_1_627' title='bbox 2879 4669 3158 4725; x_wconf 88' lang='lat' dir='ltr'>admonet</span> <span class='ocrx_word' id='word_1_628' title='bbox 3178 4673 3421 4724; x_wconf 88' lang='lat' dir='ltr'>caveant</span> <span class='ocrx_word' id='word_1_629' title='bbox 3440 4681 3512 4720; x_wconf 91' lang='lat' dir='ltr'>ne</span> <span class='ocrx_word' id='word_1_630' title='bbox 3528 4663 3756 4718; x_wconf 86' lang='lat' dir='ltr'>istorum</span> <span class='ocrx_word' id='word_1_631' title='bbox 3772 4667 3860 4706; x_wconf 83' lang='lat' dir='ltr'>cn-</span> 
     </span>
    </p>
   </div>
   <div class='ocr_carea' id='block_1_71' title="bbox 477 4745 3860 4830">
    <p class='ocr_par' dir='ltr' id='par_1_71' title="bbox 477 4745 3860 4830">
     <span class='ocr_line' id='line_1_71' title="bbox 477 4745 3860 4830; baseline -0.004 -18"><span class='ocrx_word' id='word_1_632' title='bbox 477 4756 638 4812; x_wconf 89' lang='lat' dir='ltr'>mina</span> <span class='ocrx_word' id='word_1_633' title='bbox 665 4755 949 4811; x_wconf 89' lang='lat' dir='ltr'>imitando</span> <span class='ocrx_word' id='word_1_634' title='bbox 970 4756 1173 4811; x_wconf 86' lang='lat' dir='ltr'>eadem</span> <span class='ocrx_word' id='word_1_635' title='bbox 1206 4771 1437 4827; x_wconf 88' lang='lat' dir='ltr'>quoque</span> <span class='ocrx_word' id='word_1_636' title='bbox 1464 4757 1767 4812; x_wconf 89' lang='lat' dir='ltr'>incurrant</span> <span class='ocrx_word' id='word_1_637' title='bbox 1787 4756 2343 4830; x_wconf 87' lang='lat' dir='ltr'>supplicia.Quoque</span> <span class='ocrx_word' id='word_1_638' title='bbox 2360 4758 2416 4814; x_wconf 91' lang='lat' dir='ltr'>id</span> <span class='ocrx_word' id='word_1_639' title='bbox 2438 4758 2750 4830; x_wconf 88' lang='lat' dir='ltr'>persuadet</span> <span class='ocrx_word' id='word_1_640' title='bbox 2764 4757 3223 4830; x_wconf 82' lang='lat' dir='ltr'>efﬁcacius,quis</span> <span class='ocrx_word' id='word_1_641' title='bbox 3239 4755 3547 4829; x_wconf 87' lang='lat' dir='ltr'>legitimus</span> <span class='ocrx_word' id='word_1_642' title='bbox 3566 4745 3860 4830; x_wconf 72' lang='lat' dir='ltr'>divitiarum</span> 
     </span>
    </p>
   </div>
   <div class='ocr_carea' id='block_1_72' title="bbox 475 4828 3861 4926">
    <p class='ocr_par' dir='ltr' id='par_1_72' title="bbox 475 4828 3861 4926">
     <span class='ocr_line' id='line_1_72' title="bbox 475 4828 3861 4926; baseline -0.002 -26"><span class='ocrx_word' id='word_1_643' title='bbox 475 4862 642 4911; x_wconf 88' lang='lat' dir='ltr'>usus,</span> <span class='ocrx_word' id='word_1_644' title='bbox 676 4844 773 4910; x_wconf 90' lang='lat' dir='ltr'>sit,</span> <span class='ocrx_word' id='word_1_645' title='bbox 805 4844 965 4900; x_wconf 87' lang='lat' dir='ltr'>docet</span> <span class='ocrx_word' id='word_1_646' title='bbox 992 4844 1140 4916; x_wconf 90' lang='lat' dir='ltr'>(cap.</span> <span class='ocrx_word' id='word_1_647' title='bbox 1178 4844 1264 4907; x_wconf 79' lang='lat'>12,</span> <span class='ocrx_word' id='word_1_648' title='bbox 1298 4860 1462 4898; x_wconf 91' lang='lat' dir='ltr'>num.</span> <span class='ocrx_word' id='word_1_649' title='bbox 1494 4846 1565 4899; x_wconf 86' lang='lat'>53</span> <span class='ocrx_word' id='word_1_650' title='bbox 1594 4849 1653 4900; x_wconf 91' lang='lat' dir='ltr'>et</span> <span class='ocrx_word' id='word_1_651' title='bbox 1682 4845 1831 4918; x_wconf 90' lang='lat' dir='ltr'>seq.)</span> <span class='ocrx_word' id='word_1_652' title='bbox 1851 4828 1877 4914; x_wconf 20' lang='lat'>;7</span> <span class='ocrx_word' id='word_1_653' title='bbox 1898 4828 1965 4902; x_wconf 80' lang='lat' dir='ltr'>ac</span> <span class='ocrx_word' id='word_1_654' title='bbox 1995 4847 2173 4902; x_wconf 90' lang='lat' dir='ltr'>simul</span> <span class='ocrx_word' id='word_1_655' title='bbox 2204 4828 2383 4919; x_wconf 81' lang='lat' dir='ltr'>quam</span> <span class='ocrx_word' id='word_1_656' title='bbox 2415 4828 2637 4902; x_wconf 79' lang='lat' dir='ltr'>nullius</span> <span class='ocrx_word' id='word_1_657' title='bbox 2662 4845 2978 4903; x_wconf 85' lang='lat' dir='ltr'>soliditatis</span> <span class='ocrx_word' id='word_1_658' title='bbox 3008 4828 3122 4901; x_wconf 57' lang='lat' dir='ltr'>illas</span> <span class='ocrx_word' id='word_1_659' title='bbox 3153 4828 3540 4916; x_wconf 15' lang='lat' dir='ltr'>sint,iprobat</span> <span class='ocrx_word' id='word_1_660' title='bbox 3568 4840 3707 4910; x_wconf 85' lang='lat' dir='ltr'>(cap.</span> <span class='ocrx_word' id='word_1_661' title='bbox 3736 4828 3861 4926; x_wconf 34' lang='lat' dir='ltr'>15.et</span> 
     </span>
    </p>
   </div>
   <div class='ocr_carea' id='block_1_73' title="bbox 477 4926 3857 5009">
    <p class='ocr_par' dir='ltr' id='par_1_73' title="bbox 477 4926 3857 5009">
     <span class='ocr_line' id='line_1_73' title="bbox 477 4926 3857 5009; baseline -0.003 -20"><span class='ocrx_word' id='word_1_662' title='bbox 477 4934 565 5004; x_wconf 83' lang='grc'>16)</span> <span class='ocrx_word' id='word_1_663' title='bbox 599 4934 819 4989; x_wconf 89' lang='lat' dir='ltr'>inserta</span> <span class='ocrx_word' id='word_1_664' title='bbox 847 4932 1111 5005; x_wconf 86' lang='lat' dir='ltr'>perbrevi</span> <span class='ocrx_word' id='word_1_665' title='bbox 1143 4932 1502 5004; x_wconf 87' lang='lat' dir='ltr'>expositione</span> <span class='ocrx_word' id='word_1_666' title='bbox 1533 4934 1712 4991; x_wconf 85' lang='lat' dir='ltr'>totius</span> <span class='ocrx_word' id='word_1_667' title='bbox 1744 4935 1955 5007; x_wconf 87' lang='lat' dir='ltr'>psalmi</span> <span class='ocrx_word' id='word_1_668' title='bbox 1995 4954 2156 5004; x_wconf 83' lang='lat' dir='ltr'>Lxxv,</span> <span class='ocrx_word' id='word_1_669' title='bbox 2190 4952 2365 5009; x_wconf 89' lang='lat' dir='ltr'>quem</span> <span class='ocrx_word' id='word_1_670' title='bbox 2415 4936 2559 4991; x_wconf 89' lang='lat' dir='ltr'>scite</span> <span class='ocrx_word' id='word_1_671' title='bbox 2610 4935 2931 4992; x_wconf 90' lang='lat' dir='ltr'>admodum</span> <span class='ocrx_word' id='word_1_672' title='bbox 2974 4935 3281 5008; x_wconf 69' lang='lat' dir='ltr'>propositas</span> <span class='ocrx_word' id='word_1_673' title='bbox 3328 4934 3566 5003; x_wconf 87' lang='lat' dir='ltr'>coaptat</span> <span class='ocrx_word' id='word_1_674' title='bbox 3613 4926 3857 5009; x_wconf 57' lang='lat' dir='ltr'>materia:</span> 
     </span>
    </p>
   </div>
   <div class='ocr_carea' id='block_1_74' title="bbox 476 5000 3857 5097">
    <p class='ocr_par' dir='ltr' id='par_1_74' title="bbox 476 5000 3857 5097">
     <span class='ocr_line' id='line_1_74' title="bbox 476 5000 3857 5097; baseline -0.002 -22"><span class='ocrx_word' id='word_1_675' title='bbox 476 5000 563 5076; x_wconf 86' lang='lat' dir='ltr'>Ad</span> <span class='ocrx_word' id='word_1_676' title='bbox 596 5000 920 5076; x_wconf 76' lang='lat' dir='ltr'>extremum</span> <span class='ocrx_word' id='word_1_677' title='bbox 954 5024 1102 5093; x_wconf 90' lang='lat' dir='ltr'>(cap.</span> <span class='ocrx_word' id='word_1_678' title='bbox 1140 5000 1232 5084; x_wconf 64' lang='lat' dir='ltr'>t7,</span> <span class='ocrx_word' id='word_1_679' title='bbox 1262 5037 1425 5077; x_wconf 90' lang='lat' dir='ltr'>num.</span> <span class='ocrx_word' id='word_1_680' title='bbox 1454 5000 1821 5096; x_wconf 85' lang='lat' dir='ltr'>70),repetito</span> <span class='ocrx_word' id='word_1_681' title='bbox 1848 5025 2115 5095; x_wconf 87' lang='lat' dir='ltr'>ejusdem</span> <span class='ocrx_word' id='word_1_682' title='bbox 2143 5000 2364 5080; x_wconf 53' lang='lat' dir='ltr'>aehabi</span> <span class='ocrx_word' id='word_1_683' title='bbox 2396 5022 2659 5093; x_wconf 84' lang='lat' dir='ltr'>exemplo</span> <span class='ocrx_word' id='word_1_684' title='bbox 2691 5022 2838 5078; x_wconf 86' lang='lat' dir='ltr'>nihil</span> <span class='ocrx_word' id='word_1_685' title='bbox 2868 5000 3062 5079; x_wconf 83' lang='lat' dir='ltr'>verius</span> <span class='ocrx_word' id='word_1_686' title='bbox 3084 5000 3219 5078; x_wconf 75' lang='lat' dir='ltr'>esse</span> <span class='ocrx_word' id='word_1_687' title='bbox 3247 5000 3508 5077; x_wconf 77' lang='lat' dir='ltr'>adstruit</span> <span class='ocrx_word' id='word_1_688' title='bbox 3536 5029 3705 5086; x_wconf 87' lang='lat' dir='ltr'>quam</span> <span class='ocrx_word' id='word_1_689' title='bbox 3729 5000 3857 5097; x_wconf 68' lang='lat' dir='ltr'>(1110fi</span> 
     </span>
    </p>
   </div>
   <div class='ocr_carea' id='block_1_75' title="bbox 476 5100 3859 5185">
    <p class='ocr_par' dir='ltr' id='par_1_75' title="bbox 476 5100 3859 5185">
     <span class='ocr_line' id='line_1_75' title="bbox 476 5100 3859 5185; baseline -0.002 -21"><span class='ocrx_word' id='word_1_690' title='bbox 476 5109 683 5165; x_wconf 89' lang='lat' dir='ltr'>ultimo</span> <span class='ocrx_word' id='word_1_691' title='bbox 714 5109 1021 5165; x_wconf 90' lang='lat' dir='ltr'>memorati</span> <span class='ocrx_word' id='word_1_692' title='bbox 1054 5108 1265 5182; x_wconf 90' lang='lat' dir='ltr'>psalmi</span> <span class='ocrx_word' id='word_1_693' title='bbox 1298 5109 1583 5166; x_wconf 89' lang='lat' dir='ltr'>versiculo</span> <span class='ocrx_word' id='word_1_694' title='bbox 1614 5111 1962 5178; x_wconf 88' lang='lat' dir='ltr'>declaratur,</span> <span class='ocrx_word' id='word_1_695' title='bbox 1995 5112 2181 5168; x_wconf 90' lang='lat' dir='ltr'>Deum</span> <span class='ocrx_word' id='word_1_696' title='bbox 2229 5111 2451 5166; x_wconf 88' lang='lat' dir='ltr'>scilicet</span> <span class='ocrx_word' id='word_1_697' title='bbox 2499 5110 2779 5167; x_wconf 80' lang='lat' dir='ltr'>adversus</span> <span class='ocrx_word' id='word_1_698' title='bbox 2830 5127 2993 5185; x_wconf 83' lang='lat' dir='ltr'>reges</span> <span class='ocrx_word' id='word_1_699' title='bbox 3045 5116 3211 5167; x_wconf 66' lang='lat' dir='ltr'>terra:</span> <span class='ocrx_word' id='word_1_700' title='bbox 3259 5125 3390 5165; x_wconf 83' lang='lat' dir='ltr'>sese</span> <span class='ocrx_word' id='word_1_701' title='bbox 3438 5106 3684 5179; x_wconf 66' lang='lat' dir='ltr'>praebere</span> <span class='ocrx_word' id='word_1_702' title='bbox 3726 5100 3859 5185; x_wconf 60' lang='lat' dir='ltr'>tem-</span> 
     </span>
    </p>
   </div>
   <div class='ocr_carea' id='block_1_76' title="bbox 474 5184 3856 5273">
    <p class='ocr_par' dir='ltr' id='par_1_76' title="bbox 474 5184 3856 5273">
     <span class='ocr_line' id='line_1_76' title="bbox 474 5184 3856 5273; baseline -0.004 -20"><span class='ocrx_word' id='word_1_703' title='bbox 474 5197 675 5269; x_wconf 88' lang='lat' dir='ltr'>bilem,</span> <span class='ocrx_word' id='word_1_704' title='bbox 704 5215 769 5253; x_wconf 90' lang='lat' dir='ltr'>ac</span> <span class='ocrx_word' id='word_1_705' title='bbox 798 5200 1073 5271; x_wconf 87' lang='lat' dir='ltr'>spiritum</span> <span class='ocrx_word' id='word_1_706' title='bbox 1105 5200 1332 5254; x_wconf 79' lang='lat' dir='ltr'>auferre</span> <span class='ocrx_word' id='word_1_707' title='bbox 1363 5198 1698 5271; x_wconf 87' lang='lat' dir='ltr'>principum</span> <span class='ocrx_word' id='word_1_708' title='bbox 1728 5217 1951 5268; x_wconf 87' lang='lat' dir='ltr'>eorum,</span> <span class='ocrx_word' id='word_1_709' title='bbox 1987 5220 2020 5258; x_wconf 90' lang='lat' dir='ltr'>a</span> <span class='ocrx_word' id='word_1_710' title='bbox 2051 5201 2267 5273; x_wconf 85' lang='lat' dir='ltr'>quibus</span> <span class='ocrx_word' id='word_1_711' title='bbox 2298 5204 2417 5256; x_wconf 87' lang='lat' dir='ltr'>tam</span> <span class='ocrx_word' id='word_1_712' title='bbox 2450 5200 2723 5255; x_wconf 90' lang='lat' dir='ltr'>atrociter</span> <span class='ocrx_word' id='word_1_713' title='bbox 2756 5184 2958 5256; x_wconf 84' lang='lat' dir='ltr'>tenues</span> <span class='ocrx_word' id='word_1_714' title='bbox 2989 5199 3232 5271; x_wconf 89' lang='lat' dir='ltr'>inopum</span> <span class='ocrx_word' id='word_1_715' title='bbox 3258 5196 3567 5253; x_wconf 84' lang='lat' dir='ltr'>facultates</span> <span class='ocrx_word' id='word_1_716' title='bbox 3607 5184 3856 5244; x_wconf 70' lang='lat' dir='ltr'>invadun-</span> 
     </span>
    </p>
   </div>
   <div class='ocr_carea' id='block_1_77' title="bbox 489 5289 605 5340">
    <p class='ocr_par' dir='ltr' id='par_1_77' title="bbox 489 5289 605 5340">
     <span class='ocr_line' id='line_1_77' title="bbox 489 5289 605 5340; baseline 0.009 -1"><span class='ocrx_word' id='word_1_717' title='bbox 489 5289 605 5340; x_wconf 84' lang='lat' dir='ltr'>tur.</span> 
     </span>
    </p>
   </div>
   <div class='ocr_carea' id='block_1_78' title="bbox 549 5365 3859 5451">
    <p class='ocr_par' dir='ltr' id='par_1_78' title="bbox 549 5365 3859 5451">
     <span class='ocr_line' id='line_1_78' title="bbox 549 5365 3859 5451; baseline -0.002 -22"><span class='ocrx_word' id='word_1_718' title='bbox 549 5374 696 5429; x_wconf 87' lang='lat' dir='ltr'>Cum</span> <span class='ocrx_word' id='word_1_719' title='bbox 726 5378 920 5431; x_wconf 75' lang='lat' dir='ltr'>autem</span> <span class='ocrx_word' id='word_1_720' title='bbox 953 5393 1022 5432; x_wconf 80' lang='lat' dir='ltr'>ex</span> <span class='ocrx_word' id='word_1_721' title='bbox 1054 5378 1125 5432; x_wconf 89' lang='lat' dir='ltr'>iis</span> <span class='ocrx_word' id='word_1_722' title='bbox 1155 5394 1282 5448; x_wconf 69' lang='lat' dir='ltr'>quae</span> <span class='ocrx_word' id='word_1_723' title='bbox 1313 5392 1494 5448; x_wconf 89' lang='lat' dir='ltr'>supra</span> <span class='ocrx_word' id='word_1_724' title='bbox 1523 5377 1800 5444; x_wconf 84' lang='lat' dir='ltr'>diximus,</span> <span class='ocrx_word' id='word_1_725' title='bbox 1832 5378 2158 5451; x_wconf 87' lang='lat' dir='ltr'>intelligere</span> <span class='ocrx_word' id='word_1_726' title='bbox 2186 5378 2265 5434; x_wconf 90' lang='lat' dir='ltr'>sit</span> <span class='ocrx_word' id='word_1_727' title='bbox 2296 5378 2405 5449; x_wconf 82' lang='lat' dir='ltr'>hac</span> <span class='ocrx_word' id='word_1_728' title='bbox 2433 5377 2495 5433; x_wconf 92' lang='lat' dir='ltr'>in</span> <span class='ocrx_word' id='word_1_729' title='bbox 2526 5376 2716 5450; x_wconf 86' lang='lat' dir='ltr'>cpella</span> <span class='ocrx_word' id='word_1_730' title='bbox 2747 5377 2929 5434; x_wconf 89' lang='lat' dir='ltr'>multo</span> <span class='ocrx_word' id='word_1_731' title='bbox 2961 5375 3417 5450; x_wconf 86' lang='lat' dir='ltr'>frequentiorem</span> <span class='ocrx_word' id='word_1_732' title='bbox 3448 5365 3662 5428; x_wconf 81' lang='lat' dir='ltr'>Achabi</span> <span class='ocrx_word' id='word_1_733' title='bbox 3713 5368 3859 5451; x_wconf 28' lang='grc' dir='ltr'>ᾳυαῇω</span> 
     </span>
    </p>
   </div>
   <div class='ocr_carea' id='block_1_79' title="bbox 487 5442 3853 5539">
    <p class='ocr_par' dir='ltr' id='par_1_79' title="bbox 487 5442 3853 5539">
     <span class='ocr_line' id='line_1_79' title="bbox 487 5442 3853 5539; baseline -0.004 -24"><span class='ocrx_word' id='word_1_734' title='bbox 487 5461 771 5516; x_wconf 67' lang='lat' dir='ltr'>Nabuthze</span> <span class='ocrx_word' id='word_1_735' title='bbox 802 5464 921 5518; x_wconf 84' lang='lat' dir='ltr'>ﬁeri</span> <span class='ocrx_word' id='word_1_736' title='bbox 960 5442 1315 5519; x_wconf 45' lang='lat' dir='ltr'>mentio-nem</span> <span class='ocrx_word' id='word_1_737' title='bbox 1351 5442 1495 5519; x_wconf 82' lang='lat' dir='ltr'>forte</span> <span class='ocrx_word' id='word_1_738' title='bbox 1525 5442 2263 5539; x_wconf 12' lang='lat' dir='ltr'>cuipiamvrogarevlubeat,</span> <span class='ocrx_word' id='word_1_739' title='bbox 2296 5442 2401 5523; x_wconf 81' lang='lat' dir='ltr'>cur</span> <span class='ocrx_word' id='word_1_740' title='bbox 2448 5466 2533 5521; x_wconf 88' lang='lat' dir='ltr'>illi</span> <span class='ocrx_word' id='word_1_741' title='bbox 2567 5442 2699 5523; x_wconf 50' lang='grc' dir='ltr'>ἰιοη</span> <span class='ocrx_word' id='word_1_742' title='bbox 2750 5467 2942 5538; x_wconf 89' lang='lat' dir='ltr'>potius</span> <span class='ocrx_word' id='word_1_743' title='bbox 2996 5442 3185 5520; x_wconf 80' lang='lat' dir='ltr'>indita</span> <span class='ocrx_word' id='word_1_744' title='bbox 3233 5462 3412 5519; x_wconf 84' lang='lat' dir='ltr'>fuerit</span> <span class='ocrx_word' id='word_1_745' title='bbox 3459 5452 3765 5526; x_wconf 87' lang='lat' dir='ltr'>inscriptio,</span> <span class='ocrx_word' id='word_1_746' title='bbox 3796 5442 3853 5539; x_wconf 12' lang='lat' dir='ltr'>D‘t’r</span> 
     </span>
    </p>
   </div>
   <div class='ocr_carea' id='block_1_80' title="bbox 486 5536 3859 5628">
    <p class='ocr_par' dir='ltr' id='par_1_80' title="bbox 486 5536 3859 5628">
     <span class='ocr_line' id='line_1_80' title="bbox 486 5536 3859 5628; baseline -0.004 -25"><span class='ocrx_word' id='word_1_747' title='bbox 486 5547 666 5604; x_wconf 83' lang='lat' dir='ltr'>Achab</span> <span class='ocrx_word' id='word_1_748' title='bbox 698 5566 842 5617; x_wconf 65' lang='lat' dir='ltr'>rege.</span> <span class='ocrx_word' id='word_1_749' title='bbox 878 5568 1052 5621; x_wconf 80' lang='lat' dir='ltr'>quam</span> <span class='ocrx_word' id='word_1_750' title='bbox 1090 5554 1159 5606; x_wconf 71' lang='lat' dir='ltr'>De</span> <span class='ocrx_word' id='word_1_751' title='bbox 1203 5554 1449 5608; x_wconf 67' lang='lat' dir='ltr'>Nubat/ie</span> <span class='ocrx_word' id='word_1_752' title='bbox 1488 5536 1777 5619; x_wconf 66' lang='lat' dir='ltr'>Jeraelita,</span> <span class='ocrx_word' id='word_1_753' title='bbox 1827 5536 1914 5611; x_wconf 81' lang='lat' dir='ltr'>vel</span> <span class='ocrx_word' id='word_1_754' title='bbox 1964 5557 2037 5611; x_wconf 81' lang='lat' dir='ltr'>De</span> <span class='ocrx_word' id='word_1_755' title='bbox 2083 5556 2333 5612; x_wconf 82' lang='lat' dir='ltr'>Nabuthe</span> <span class='ocrx_word' id='word_1_756' title='bbox 2372 5570 2630 5628; x_wconf 80' lang='lat' dir='ltr'>paupere,</span> <span class='ocrx_word' id='word_1_757' title='bbox 2660 5560 2725 5610; x_wconf 90' lang='lat' dir='ltr'>ut</span> <span class='ocrx_word' id='word_1_758' title='bbox 2751 5536 3155 5612; x_wconf 32' lang='lat' dir='ltr'>vvetustissimi</span> <span class='ocrx_word' id='word_1_759' title='bbox 3203 5568 3345 5609; x_wconf 89' lang='lat' dir='ltr'>mss.</span> <span class='ocrx_word' id='word_1_760' title='bbox 3401 5566 3517 5623; x_wconf 62' lang='lat' dir='ltr'>prie</span> <span class='ocrx_word' id='word_1_761' title='bbox 3565 5561 3627 5601; x_wconf 90' lang='lat' dir='ltr'>se</span> <span class='ocrx_word' id='word_1_762' title='bbox 3670 5536 3859 5596; x_wconf 73' lang='lat' dir='ltr'>ferunt-</span> 
     </span>
    </p>
   </div>
   <div class='ocr_carea' id='block_1_81' title="bbox 482 5635 3858 5717">
    <p class='ocr_par' dir='ltr' id='par_1_81' title="bbox 482 5635 3858 5717">
     <span class='ocr_line' id='line_1_81' title="bbox 482 5635 3858 5717; baseline 0.001 -24"><span class='ocrx_word' id='word_1_763' title='bbox 482 5639 843 5711; x_wconf 81' lang='lat' dir='ltr'>Responderi</span> <span class='ocrx_word' id='word_1_764' title='bbox 876 5658 990 5695; x_wconf 89' lang='lat' dir='ltr'>non</span> <span class='ocrx_word' id='word_1_765' title='bbox 1021 5641 1387 5698; x_wconf 84' lang='lat' dir='ltr'>incommode</span> <span class='ocrx_word' id='word_1_766' title='bbox 1418 5646 1627 5716; x_wconf 86' lang='lat' dir='ltr'>potest,</span> <span class='ocrx_word' id='word_1_767' title='bbox 1663 5644 1769 5700; x_wconf 89' lang='lat' dir='ltr'>hoc</span> <span class='ocrx_word' id='word_1_768' title='bbox 1800 5645 2183 5702; x_wconf 89' lang='lat' dir='ltr'>tribuendum</span> <span class='ocrx_word' id='word_1_769' title='bbox 2214 5647 2401 5703; x_wconf 89' lang='lat' dir='ltr'>sancti</span> <span class='ocrx_word' id='word_1_770' title='bbox 2452 5643 2684 5703; x_wconf 85' lang='lat' dir='ltr'>antistis</span> <span class='ocrx_word' id='word_1_771' title='bbox 2732 5645 2919 5703; x_wconf 83' lang='lat' dir='ltr'>amori</span> <span class='ocrx_word' id='word_1_772' title='bbox 2962 5660 3101 5717; x_wconf 85' lang='lat' dir='ltr'>erga</span> <span class='ocrx_word' id='word_1_773' title='bbox 3144 5657 3456 5717; x_wconf 83' lang='lat' dir='ltr'>pauperes,</span> <span class='ocrx_word' id='word_1_774' title='bbox 3489 5644 3724 5710; x_wconf 88' lang='lat' dir='ltr'>quorum</span> <span class='ocrx_word' id='word_1_775' title='bbox 3749 5635 3858 5697; x_wconf 70' lang='grc' dir='ltr'>ετα-</span> 
     </span>
    </p>
   </div>
  </div>
