4104 6156
195 321 319 387 765
1266 317 1497 384 LIBER
1540 320 1641 383 DE
1684 319 2064 385 NABUTHE
2108 318 2627 387 JEZRAELITA.
3558 329 3675 395 766

199 459 318 519 ctia
345 457 411 516 in
445 474 517 516 eo
548 459 812 516 tractatu
843 473 957 514 non
992 472 1175 531 pauca
1204 456 1439 513 disserit
1466 473 1595 530 quae
1624 456 1694 512 ad
1729 454 2195 517 consolationem
2245 472 2456 514 eorum
2508 455 2851 525 conferant;
2903 464 2963 517 et
3010 476 3156 535 quos
3206 461 3355 537 (cap,
3391 466 3445 531 4,
3479 483 3538 521 η,
3571 463 3672 521 46;

197 570 250 608 e.
282 553 344 621 6,
379 569 441 607 n.
476 551 582 617 29;
617 566 669 605 c.
703 549 794 616 Η,
830 565 885 603 n.
917 548 1020 615 60;
1054 564 1102 603 c.
1136 548 1225 614 46,
1259 565 1317 603 n.
1351 548 1422 601 67
1451 552 1507 602 et
1538 547 1685 618 seq.)
1718 545 1936 601 ibidem
1968 546 2464 619 locupletioribus
2517 562 2632 599 non
2683 550 2917 605 tantum
2951 556 3161 623 aequat,
3213 554 3312 609 sed
3354 554 3533 609 etiam
3566 569 3670 607 an-

198 642 456 717 teponit,
493 644 700 714 utpote
734 637 1019 694 feliciores
1050 637 1107 692 in
1142 655 1251 693 sua
1281 637 1582 701 tenuitate,
1617 652 1683 690 ac
1715 634 1832 690 Deo
1865 634 1977 706 ipsi
2011 638 2395 708 acceptiores.
2431 632 2717 689 Caeterum
2753 639 3090 711 exemplum
3122 640 3231 698 hoc
3263 641 3542 715 pauperis
3588 656 3676 695 re-

198 735 314 808 giae
347 730 661 804 cupiditati
694 745 810 783 non
847 727 1227 798 obsequentis
1258 727 1575 781 admodum
1612 724 1905 796 placuisse
1938 722 2080 780 huic
2112 730 2313 781 nostro
2344 721 2575 777 doctori
2616 740 2728 778 non
2764 728 2955 784 solum
2988 746 3111 801 qua:
3143 730 3236 785 hic
3282 731 3567 805 leguntur
3596 729 3683 782 in-

196 822 362 879 dicio
393 825 556 886 sunt,
585 834 791 874 verum
825 815 1005 871 etiam
1037 816 1191 887 quod
1220 817 1340 884 jam
1373 816 1578 871 eodem
1607 814 1708 869 illo
1739 812 2007 884 exemplo
2042 831 2190 871 usus
2222 815 2442 877 fuerat,
2481 817 2544 865 ut
2576 828 2638 866 se
2671 813 2797 885 ipse
2828 819 3199 875 conﬁrmaret
3222 820 3680 890 stimularetque

200 913 279 967 ad
315 909 716 967 resistendum
750 903 1109 976 imperatori,
1145 921 1178 959 a
1209 921 1325 975 quo
1356 904 1602 959 Justinre
1634 901 1920 957 instinctu
1954 902 2404 958 Catholicorum
2457 899 2703 957 ecclesia
2755 907 2985 962 tradere
3033 908 3261 964 Arianis
3296 909 3630 981 jubebatur
3665 924 3679 963 :

194 1000 461 1057 Nabal/ie
491 1001 626 1053 vites
654 1012 807 1063 suas,
843 992 1036 1065 inquit
1066 992 1302 1063 (Contra
1333 998 1477 1050 Aux.
1512 992 1592 1046 De
1622 990 1820 1059 basil.)
1854 992 1938 1045 vet
1964 995 2196 1064 praprio
2226 1006 2428 1046 cruore
2459 988 2721 1060 defendit.
2755 996 2819 1050 Si
2871 998 2969 1052 ille
3017 999 3229 1053 vineam
3272 1015 3390 1054 non
3449 996 3684 1051 tradidit

194 1107 383 1157 suam,
416 1104 518 1142 nos
549 1086 826 1142 trademus
858 1083 1159 1138 Ecclesium
1192 1081 1499 1137 Christi?...
1524 1081 1586 1135 Si
1623 1082 1718 1134 ille
1742 1084 1971 1151 patrum
2001 1082 2389 1138 hzereditatem
2422 1095 2536 1133 non
2565 1081 2813 1147 tradidit,
2843 1100 2935 1155 ego
2962 1086 3177 1142 tradam
3199 1088 3411 1143 Christi
3441 1085 3681 1141 haeredi-

194 1182 403 1236 tatem?
433 1178 582 1232 Absit
620 1183 681 1230 ut
711 1173 936 1229 tradam
969 1170 1350 1226 hmreditatem
1378 1169 1725 1240 patrum,’ioc
1752 1176 1832 1223 est
1859 1169 2247 1225 [nereditatem
2288 1172 2435 1224 Dion
2452 1170 2584 1239 ysii.
2614 1175 2723 1225 etc.

274 1270 398 1324 Hoc
429 1266 554 1321 loco
586 1260 1094 1319 dissimulandum
1139 1276 1255 1314 non
1305 1264 1393 1314 est
1440 1258 1818 1313 Ambrosium
1869 1275 1879 1308 ε

1992 1259 2306 1314 Basilianis
2372 1256 2656 1325 homiliis,
2710 1262 2783 1317 De
2838 1266 3092 1330 avaritia,
3127 1272 3182 1320 et
3233 1268 3293 1321 In
3348 1264 3685 1322 dilescentes

197 1356 495 1416 nonnulla
526 1358 861 1410 mutuatum
885 1366 1034 1406 esse.
1067 1348 1221 1404 Illud
1255 1348 1468 1403 evincit
1496 1347 1581 1403 vel
1617 1347 1743 1402 sola
1773 1347 2039 1403 affinitas
2062 1348 2285 1416 (Basil.,
2321 1349 2479 1402 "om.
2514 1346 2579 1401 de
2610 1350 2796 1416 Acan,
2825 1354 3047 1417 Ambr.,
3100 1371 3226 1425 cap.
3277 1357 3334 1421 5,
3387 1369 3558 1407 num.
3611 1357 3674 1411 2t

194 1455 257 1505 et
290 1448 444 1520 seq.)
476 1440 1051 1517 elegantissimarum
1087 1454 1292 1493 earum
1326 1438 1793 1507 descriptionum
1826 1437 2051 1508 quibus
2084 1438 2238 1508 apud
2269 1442 2615 1507 utrumque.
2647 1440 2832 1509 patris
2864 1443 3171 1511 cujusdam
3209 1460 3400 1496 unum
3440 1461 3471 1495 ο,
3514 1442 3682 1501 libris

196 1540 272 1595 ad
308 1536 559 1592 alendos
590 1530 1013 1599 alios,vendere
1044 1526 1427 1593 eoacti,dolor
1446 1529 1622 1604 atque
1653 1531 1832 1581 aestus
1862 1530 1991 1581 tam
2024 1526 2314 1581 concitato
2340 1526 2575 1581 dicendi
2598 1542 2807 1598 genere
2836 1533 3071 1601 tamque
3098 1532 3167 1585 ad
3197 1532 3530 1587 movendos
3553 1537 3677 1591 ani-

197 1644 339 1684 mos
390 1626 602 1681 idoneo
632 1621 1061 1693 exprimuntur.
1097 1616 1158 1672 Si
1207 1616 1346 1688 quid
1372 1619 1651 1687 praeterea
1689 1630 1758 1669 ex
1788 1613 2013 1669 Basilio
2046 1615 2433 1685 desumptum
2469 1614 2564 1668 hic
2599 1616 2901 1686 reperitur,
2931 1617 2986 1672 id
3034 1618 3270 1689 quidem
3305 1620 3500 1676 ferme
3532 1622 3677 1682 nihil

197 1715 371 1772 aliud
402 1717 494 1769 est
524 1711 633 1767 nisi
665 1726 862 1782 paucae
892 1705 1218 1771 sententiae,
1252 1721 1400 1776 quas
1431 1703 1568 1758 hinc
1598 1704 1735 1758 inde
1762 1706 2073 1775 excerptas
2101 1707 2342 1756 sanctus
2393 1707 2599 1757 noster
2629 1720 2746 1757 suae
2793 1705 3045 1759 materiae
3079 1709 3573 1766 accommodavit.
3607 1715 3678 1771 Et

196 1806 316 1861 hoc
350 1818 588 1859 omnem
621 1804 783 1855 extra
810 1793 1267 1852 controversiam
1299 1810 1426 1848 esse
1448 1809 1564 1848 non
1598 1792 1704 1846 ibit
1735 1789 2101 1861 inﬁcias,qui
2133 1790 2595 1845 consideraverit
2627 1793 2861 1847 beatum
2896 1792 3175 1850 Basiliam
3200 1814 3316 1851 non
3341 1798 3460 1852 nisi
3493 1800 3680 1858 obiter

197 1895 279 1950 de
309 1890 515 1947 Achab
547 1894 603 1944 et
630 1886 899 1943 Nabuthe
927 1882 1109 1953 loqui,
1145 1882 1215 1936 de
1248 1881 1474 1952 psalmo
1507 1885 1703 1935 autem
1737 1896 1884 1935 Lxxv
1918 1895 2166 1951 prorsus
2197 1883 2407 1947 tacere,
2444 1879 2504 1933 in
2535 1882 2752 1951 quibus
2786 1886 2982 1937 tamen
3016 1884 3325 1955 potissima
3360 1903 3500 1959 pars
3537 1892 3676 1946 Am-
3720 1913 3733 1919 ο

196 1981 505 2038 brosiansa
534 1971 1046 2033 commentationis
1078 1971 1269 2042 posita
1300 1975 1408 2024 est.

277 2068 531 2127 Nullum
562 2082 732 2139 porro
763 2080 829 2119 ex
861 2062 1041 2131 hujus
1072 2059 1265 2131 eperis
1297 2057 1547 2113 lectione
1576 2059 2002 2127 argumentum
2028 2071 2230 2110 eruere
2262 2057 2478 2127 possis,
2514 2058 2668 2113 unde
2699 2057 2923 2132 liquido
2967 2061 3233 2131 ejusdem
3267 2067 3413 2120 aetas
3456 2082 3671 2139 cogno-

205 2164 439 2219 scatur.
476 2159 744 2212 Attamen
776 2168 893 2207 non
926 2147 1070 2204 nihil
1104 2147 1173 2202 ad
1208 2146 1357 2201 hanc
1386 2163 1509 2201 rem
1562 2145 2041 2217 investigandam
2090 2144 2319 2198 videtur
2368 2145 2705 2216 praelucere,
2734 2150 2888 2221 quod
2924 2148 3040 2205 illic
3070 2151 3220 2223 (cap.
3256 2154 3343 2221 14,
3379 2172 3544 2210 num.
3576 2156 3669 2221 6|,

206 2256 269 2307 et
303 2267 358 2305 c.
391 2249 448 2312 5,
483 2261 648 2301 num.
678 2244 749 2296 20
778 2244 833 2296 et
874 2237 1022 2310 seq.)
1054 2240 1325 2291 narratur
1354 2236 1425 2290 de
1457 2235 1812 2307 potentium,
1843 2232 2184 2296 consulum,
2217 2232 2557 2305 principum
2606 2241 2780 2308 atque
2828 2238 3179 2310 optimatum
3211 2243 3459 2298 avaritia
3490 2260 3502 2297 :
3537 2260 3668 2314 quas

206 2338 462 2412 quidem
494 2352 560 2389 eo
592 2330 838 2387 feritatis
865 2343 968 2400 per
997 2326 1116 2380 haec
1144 2329 1409 2396 tempora
1440 2323 1771 2389 devenerat,
1808 2327 1874 2377 ut
1907 2337 2193 2393 pauperes
2226 2322 2297 2376 ad
2321 2324 2672 2381 vertendum
2706 2326 2920 2392 solum,
2956 2328 3313 2386 deserendas
3358 2332 3665 2402 conjuges,

205 2429 440 2485 liberos
468 2439 543 2479 ne
573 2423 726 2476 tame
755 2419 817 2473 in
850 2415 1035 2490 patria
1065 2431 1172 2469 sua
1201 2412 1471 2485 perirent,
1507 2412 1889 2467 abducendos
1921 2414 2288 2482 cogerentur.
2324 2412 2635 2469 Enimvero
2665 2416 2966 2487 Paulinus,
3001 2435 3033 2471 a
3063 2434 3179 2488 quo
3212 2421 3384 2476 nobis
3418 2419 3673 2474 Ambro-

208 2517 289 2574 sii
323 2514 458 2569 Vita
490 2509 839 2567 transmissa
868 2510 975 2573 est,
1008 2504 1149 2559 dum
1184 2506 1508 2574 postremas
1543 2502 1694 2557 beati
1730 2499 2004 2573 prazsulis
2036 2498 2292 2553 actiones
2328 2508 2639 2571 memorat,
2674 2505 2754 2560 ita
2785 2505 3047 2577 loquitur
3083 2524 3096 2560 :
3131 2507 3532 2579 Ingemiscebat
3580 2521 3674 2560 ve-

208 2606 502 2661 hementer
531 2616 655 2655 cum
684 2595 888 2652 videret
914 2592 1153 2647 radicem
1178 2592 1447 2646 malorum
1474 2592 1726 2645 omnium
1755 2589 2057 2645 avaritiam
2080 2587 2381 2657 pullulare,
2410 2605 2539 2660 qua:
2584 2609 2756 2664 neque
2801 2594 2978 2664 copia,
3011 2610 3187 2665 neque
3239 2598 3428 2669 inopia
3480 2594 3671 2650 minui

199 2695 418 2768 potest,
444 2690 621 2760 magis
648 2686 933 2755 magisque
962 2696 1195 2737 crescere
1226 2681 1283 2735 in
1312 2680 1646 2746 hominibus,
1677 2685 1728 2735 et
1758 2679 2008 2733 macime
2049 2679 2108 2730 in
2155 2677 2226 2730 iis
2272 2678 2369 2746 qui
2415 2679 2477 2731 in
2522 2683 2874 2750 potestatibus
2915 2690 3072 2736 erant
3119 2688 3443 2747 constituti;
3475 2686 3562 2739 ita
3614 2688 3677 2740 ut

204 2765 627 2839 interveniendi
653 2773 801 2846 apud
831 2773 968 2827 illos-
984 2772 1341 2840 gravissimus
1370 2769 1525 2823 labor
1553 2777 1703 2835 esset,
1738 2770 1836 2840 qui
1867 2767 2056 2821 omnia
2080 2767 2258 2836 pretio
2287 2765 2687 2826 distrahebmt.
2720 2773 2857 2841 Quie
2904 2787 2990 2826 res
3035 2772 3218 2839 primo
3262 2789 3431 2829 omne
3459 2778 3679 2834 malum

204 2870 436 2927 invexit
461 2866 665 2928 Italiae,
697 2867 749 2917 et
777 2859 976 2917 exinde
1004 2860 1193 2914 omnia
1226 2860 1452 2926 vergunt
1478 2860 1541 2912 in
1567 2859 1742 2929 pejus,
1774 2861 1877 2913 etc.
1910 2854 2162 2925 (Paulin.
2198 2853 2256 2909 in
2296 2856 2411 2911 Vita
2451 2858 2506 2913 S.
2542 2860 2856 2931 Ambrosii).
2908 2858 3112 2915 Totius
3161 2867 3364 2919 autem
3418 2862 3670 2935 hujusce

204 2958 329 3017 loci
364 2972 498 3012 cum
533 2954 604 3009 iis
635 2969 763 3024 quas
792 2950 853 3004 in
886 2951 1134 3003 tractatu
1168 2947 1238 3000 de
1269 2962 1384 3017 quo
1416 2945 1670 3018 agimus,
1703 2946 2007 3009 dicuntur,
2038 2944 2227 3012 major
2257 2946 2343 2997 est
2386 2949 2719 3019 consensio,
2754 2965 2932 3021 quam
2983 2952 3048 3002 ut
3096 2950 3167 3004 ad
3221 2968 3290 3007 ea
3343 2957 3677 3025 respexisse

204 3046 505 3106 Paulinus
530 3059 647 3098 non
669 3041 956 3095 videatur.
991 3039 1059 3092 Et
1089 3034 1356 3107 quamvis
1388 3034 1541 3089 idem
1577 3034 1673 3091 ille
1704 3038 1911 3090 auctor
1941 3032 2001 3086 in
2034 3030 2360 3087 scribendis
2391 3033 2688 3093 Ambrosii
2720 3037 2906 3110 gestis
2938 3035 3184 3093 minime
3216 3044 3456 3098 secutus
3488 3043 3669 3105 fuerit

206 3137 560 3194 accuratam
589 3136 923 3201 temporum
958 3125 1263 3187 rationem,
1288 3122 1430 3179 satis
1458 3127 1655 3179 tamen
1687 3120 2076 3193 intelligimus
2107 3120 2230 3176 hmo
2260 3136 2324 3175 eo
2356 3120 2468 3179 loci
2502 3127 2575 3181 ab
2605 3126 2733 3198 ipso
2766 3142 2895 3181 esse
2927 3131 3434 3202 memorata,quod
3462 3148 3664 3194 revera

206 3226 463 3283 illorum
494 3234 799 3294 procerum
831 3215 1123 3288 cupiditas
1153 3228 1457 3284 nunquam
1487 3213 1769 3268 exarserit
1798 3209 2199 3283 impotentius,
2230 3226 2411 3282 quam
2445 3216 2558 3270 sub
2588 3221 2914 3272 extremum
2944 3214 3254 3273 Theodosii
3292 3220 3487 3292 Magni
3548 3225 3657 3282 im-
3718 3266 3729 3275 ,

212 3314 460 3389 perium
495 3327 506 3365 :
541 3325 678 3365 cum
709 3305 975 3361 videlicet
1005 3303 1303 3369 Rufinum,
1337 3302 1704 3374 Eutropium,
1750 3300 2013 3371 aliosque
2064 3300 2364 3371 praefectos
2414 3302 2705 3362 Caasareos
2750 3304 2810 3359 in
2864 3308 3096 3361 tantum
3146 3307 3427 3365 invidiam
3478 3317 3655 3385 atque

212 3387 433 3461 bdium
466 3416 573 3455 sua
600 3397 845 3453 adduxit
873 3392 1182 3466 rapacitas,
1214 3396 1279 3447 ut
1307 3391 1506 3446 Patres
1536 3389 1765 3446 concilii
1796 3387 2273 3459 Carthaginensis
2297 3390 2368 3444 ab
2402 3391 2857 3465 imperatoribus
2880 3398 3106 3465 propter
3126 3399 3494 3468 afﬂictionem
3510 3418 3656 3473 pa“-

210 3481 446 3566 perum,
479 3489 825 3560 cogerentur
854 3487 1047 3556 petere
1077 3484 1135 3535 at
1164 3482 1471 3550 defensores
1514 3482 1593 3535 eis
1639 3479 1898 3533 adversus
1941 3479 2205 3549 potentias
2230 3478 2467 3535 divitum
2494 3498 2616 3537 cuni
2645 3484 3019 3562 episcOporum
3059 3488 3369 3555 provisione
3406 3489 3656 3561 detegen-

210 3586 318 3637 tur
351 3579 548 3648 (Cone.
581 3575 881 3645 Cartharg.
914 3590 999 3638 III,
1032 3570 1358 3643 quibusdam
1388 3586 1441 3635 v,
1472 3585 1595 3623 cari.
1627 3569 1703 3637 0).
1739 3567 1861 3622 Non
1894 3570 1983 3622 est
2012 3566 2258 3621 dubium
2290 3568 2433 3637 quin
2466 3575 2599 3625 ante
2629 3570 2790 3641 ipsos
2819 3571 3163 3627 Ambrosius
3196 3592 3430 3649 quoque
3476 3596 3646 3634 suam

210 3671 282 3726 in
316 3684 501 3724 causa
530 3671 648 3721 tam
682 3665 778 3736 pia
804 3661 1147 3717 charitatem
1181 3657 1603 3724 nobilitaverit;
1636 3656 1791 3711 unde
1822 3654 1968 3709 nihil
2000 3656 2256 3726 profecto
2287 3657 2556 3713 videmus
2586 3660 2814 3725 obesse,
2849 3660 3170 3728 quominus
3203 3663 3310 3717 hoc
3344 3665 3470 3737 ipso
3507 3669 3650 3723 torte

210 3755 476 3817 consilio
505 3754 780 3810 eumde'n
810 3751 1025 3806 librum
1058 3766 1210 3804 anno
1239 3748 1363 3813 395,
1398 3750 1501 3801 aut
1530 3746 1643 3801 alio
1676 3744 1958 3817 proximo,
1990 3742 2277 3816 scriptum
2310 3746 2578 3804 dicamus
2612 3765 2625 3802 :
2661 3749 2801 3802 adeo
2834 3747 2981 3802 belle
3014 3749 3071 3802 in
3106 3750 3159 3803 id
3194 3754 3392 3809 omnia
3432 3772 3643 3811 convc-

214 3848 328 3904 niu
340 3848 426 3900 nt.

496 3973 827 3983 ——_—-__.__—.—
844 3968 1879 3980 Μ-η-ρ---ομ--ύ--ρ-α,

510 3991 849 3995 ΑΑ-ψ..
866 3987 1435 3995 --ρ-..υ--ν-ν-.-ᾐ-
1452 3985 1867 3992 -έ---μ--ψ

1990 3967 2235 3976 -,,ν-,ν
2342 3974 2393 3978 ui
2408 3974 2441 3979 ᾔ-
2474 3975 2491 3979 _
2552 3973 2667 3979 *‘n
2704 3973 2769 3978 ﬁ-
2790 3972 2953 3977 _____r_
2974 3972 3105 3978 m‘-
3124 3972 3321 3980 --_.k‘
3390 3976 3428 3981 --

400 3973 827 3985 _.—_——__—-__.———-—
844 3972 1807 3980 Μ-η--νὴκ-ρῤ--γκᾴκ
1822 3972 1867 3973 7,

400 3991 849 4001 WW-
866 3987 1435 3997 ——--——.—u._——'—_———o—---
1452 3985 1867 3992 "——_————4

1998 3972 2235 3976 ηκὴῄη
2342 3974 2441 3979 _,,.,
2474 3975 2491 3979 _
2552 3973 2667 3979 ηρ-..
2704 3972 2917 3978 ._-__._

894 4150 1707 4310 SANCTI
1830 4150 2986 4309 ‘AMBROSH

1476 4421 2046 4478 MEDIOLANENSIS
2087 4425 2405 4481 EPISCOPI

1110 4582 1920 4714 NABUTHE
2042 4583 3119 4713 JEZRAELITA

1529 4819 1838 4903 LIBER
1904 4817 2214 4905 UNUS
2254 4809 2360 4905 (ί).

216 3977 483 3991 _____.___

216 3995 391 4006 ...α-..ι--ρ-

765 4591 863 4715 D
896 4588 978 4714 Ε

671 5072 820 5127 565
863 5069 1093 5125 CAPUT
1136 5067 1355 5123 PRIMU
1369 5069 1442 5122 M.

216 5143 505 5218 Quomodo
534 5144 779 5218 exemplo
805 5142 1053 5218 Nabuthe
1082 5144 1132 5194 et
1168 5140 1349 5193 Achab
1391 5156 1657 5218 pauperes
1700 5140 1877 5209 quoti-

296 5218 394 5271 rlie
440 5233 474 5269 α
520 5215 784 5270 divitibus
830 5215 1242 5283 opprimantur:
1277 5227 1398 5264 cum
1446 5215 1631 5265 tanien.
1676 5220 1882 5283 natura

1991 5066 2500 5139 quotidiauaﬂuis
2526 5068 2680 5121 enim
2715 5068 2960 5123 divitum
2997 5083 3109 5121 non
3145 5065 3404 5136 quotidie
3429 5082 3640 5120 concu-

1992 5155 2161 5227 piscit
2190 5156 2415 5210 aliena?
2466 5156 2606 5217 Quis
2657 5155 3244 5225 opulentissimorum
3300 5169 3414 5208 non
3447 5159 3639 5208 extur-

1990 5244 2127 5299 bare
2159 5244 2455 5300 contendit
2485 5242 2732 5316 agellulo
2766 5261 2871 5298 suo
2919 5258 3256 5315 pauperem,
3291 5246 3466 5314 atque
3516 5242 3644 5299 ino-.

297 5303 490 5344 omnes
537 5288 779 5359 aequales
823 5281 1164 5359 produxerit,
1193 5285 1243 5335 et
1273 5283 1596 5359 sepulcrum
1643 5281 1879 5359 mortales

300 5360 542 5430 accipiat
570 5352 727 5430 {qua
745 5356 811 5411 de
823 5352 890 5410 re
919 5355 1230 5409 Ambrosius
1258 5352 1462 5422 fastum
1494 5369 1558 5407 ac
1584 5352 1882 5406 stultitiam

300 5431 541 5485 divitum
572 5431 887 5483 insectatur.

300 5523 359 5575 1.
417 5517 683 5572 Nabuthe
748 5514 991 5571 historia
1050 5517 1307 5585 tempore
1376 5515 1539 5566 vetus
1597 5516 1704 5576 est,
1769 5527 1877 5565 usu

329 5665 386 5731 1)
417 5660 681 5733 Scriptus
713 5660 857 5715 forte
888 5659 1023 5713 circ.
1057 5674 1153 5714 an.
1185 5654 1312 5712 395.

1990 5350 2121 5405 pem
2147 5333 2283 5387 aviti
2334 5332 2486 5386 ruris
2532 5331 2834 5386 eliminare
2876 5330 3128 5386 finibus?
3160 5330 3300 5396 Quis
3331 5334 3640 5387 contentus

1989 5426 2079 5476 est
2108 5424 2253 5477 suo?
2283 5422 2461 5492 Cujus
2487 5436 2600 5472 non
2632 5419 2959 5473 inflammet
2996 5419 3192 5475 divitis
3241 5420 3506 5476 animum
3555 5420 3638 5475 vi-

1990 5511 2119 5566 cina
2143 5506 2474 5583 possessio?
2502 5506 2625 5561 Non
2662 5506 2840 5577 igitur
2871 5525 3026 5564 unus
3059 5508 3254 5566 Achab
3304 5516 3475 5566 natus
3526 5516 3636 5579 est,
