4104 6156
505 289 622 355 767

1972 290 2037 352 S.
2082 287 2467 355 AMBROSII
3736 304 3831 368 168

506 426 628 492 sed,
678 420 835 496 quod
868 421 1035 495 pejus
1083 425 1192 491 est,
1226 419 1439 495 quodie
1487 418 1685 478 Achab
1743 418 2030 492 nascitur,
2104 425 2161 480 et
2188 425 2241 494 Α
2275 421 2590 483 omnibus?
2618 422 2663 482 0
2691 420 2876 496 dives,
2900 420 3093 483 nescis
3138 439 3315 499 quam
3364 440 3566 501 pauper
3589 429 3677 502 eis,
3698 449 3831 507 quam

505 529 808 585 nunquam
861 511 1000 567 huic
1046 511 1257 568 saeculo
1307 512 1571 568 moritur.
1609 511 1668 568 Si
1718 529 1873 569 unus
1919 513 2152 581 occidit,

502 606 824 675 assurgunt
855 600 1091 673 plurimi
1131 619 1143 657 :
1180 601 1377 673 plures
1405 603 1505 673 qui
1540 602 1789 674 rapiant,
1824 618 2001 674 quam
2052 602 2153 674 qui

503 693 799 748 amittant.
834 692 959 747 Non
1013 707 1166 746 unus
1211 691 1479 747 Nabuthe
1511 708 1733 763 pauper
1756 692 1984 748 occisus
2015 696 2103 747 est
2135 709 2148 747 :

505 781 767 855 quotidie
797 780 1064 836 Nabuthe
1102 780 1400 848 sternitur,
1436 781 1693 853 quotidie
1742 796 1963 854 pauper
2002 780 2152 837 occi-

504 871 683 926 ditur.
717 870 833 924 Hoc
864 874 1022 924 metu
1056 870 1340 941 percitum
1394 869 1719 925 humanum
1762 885 1950 942 genus
2000 869 2154 925 cedit

496 962 623 1031 jam
654 960 777 1014 suis
811 959 1002 1025 terris,
1035 959 1251 1032 migrat
1282 975 1416 1014 eum
1449 958 1707 1030 parvulis
1739 976 1958 1031 pauper
2005 975 2150 1014 onu-

506 1053 633 1104 stus
660 1047 899 1119 pignore
926 1064 1032 1103 suo
1067 1064 1079 1101 :
1116 1048 1383 1119 sequitur
1412 1065 1558 1102 uxor
1586 1047 1983 1120 illacrymans,
2017 1052 2153 1103 tan-

505 1153 683 1209 quam
733 1137 804 1192 ad
836 1137 1080 1192 bustum
1152 1143 1543 1208 prosequatur
1597 1138 1898 1193 maritum.
1959 1136 2155 1193 Minus

500 1231 697 1281 tamen
738 1225 1006 1298 deplorat
1053 1225 1173 1293 illa,
1209 1242 1334 1297 qua:
1383 1227 1555 1281 deflet
1599 1243 1841 1281 suorum
1891 1226 2095 1282 funera
2138 1245 2151 1281 :

504 1316 641 1388 quia
687 1316 797 1370 etsi
855 1315 1053 1370 amisit
1100 1316 1370 1388 conjugis
1418 1315 1776 1387 prresidium,
1820 1315 2150 1388 sepulcrum

502 1409 708 1462 tenet:
743 1405 876 1460 etsi
920 1403 1070 1459 ﬁlios
1118 1420 1231 1460 non
1283 1409 1458 1471 tenet,
1512 1409 1709 1460 tamen
1760 1404 1989 1461 exsules
2038 1422 2154 1461 non

502 1494 799 1561 dolet,non
833 1493 1075 1567 ingemit
1103 1493 1368 1566 graviora
1400 1493 1704 1550 funeribus
1734 1498 1943 1550 tenerae
1974 1494 2156 1566 prolis

498 1585 744 1656 jejunia.

564 1679 621 1730 2.
658 1675 971 1746 Quousque
1000 1673 1330 1739 extenditis,
1365 1673 1594 1739 divites,
1648 1673 1890 1729 insanas
1924 1672 2151 1745 cupidi-

498 1764 687 1820 tates?
718 1763 1018 1835 Numquid
1050 1761 1158 1818 soli
1199 1762 1607 1817 inhabitabitis
1660 1778 1836 1834 super
1884 1766 2099 1818 terram
2123 1761 2152 1816 ?

498 1854 615 1910 Cur
644 1852 854 1924 ejicitis
886 1856 1213 1907 consortem
1249 1852 1512 1907 naturae?
1541 1854 1597 1906 et
1633 1851 1945 1907 vindicatis
1988 1851 2153 1907 vobis

498 1942 932 2015 possessionem
965 1941 1228 1996 naturae?
1258 1945 1323 1995 In
1356 1956 1667 1995 commune
1697 1939 2151 2009 omnibus,divi-

500 2031 660 2087 tibus
692 2036 865 2103 atque
897 2028 1438 2102 pauperibus,terra
1453 2028 1697 2084 fundata
1711 2032 1831 2095 est;
1863 2044 1969 2084 cur
1986 2028 2151 2085 vobis

490 2123 594 2194 jus
624 2120 927 2193 proprium
959 2119 1089 2185 soli,
1120 2119 1351 2187 divites,
1368 2117 1692 2190 arrogatis?
1719 2117 1915 2173 Nescit
1942 2122 2150 2173 natura

498 2211 729 2280 divites,
761 2227 888 2283 quae
920 2225 1124 2265 omnes
1155 2224 1439 2281 pauperes
1473 2209 1624 2264 566
1661 2211 1918 2279 generat.
1953 2206 2150 2279 Neque

498 2301 655 2357 enim
705 2316 836 2355 cum
888 2297 1250 2353 vestimentis
1300 2297 1620 2359 nascimur,
1670 2312 1773 2351 nec
1821 2312 1952 2351 cum
2005 2312 2148 2352 auro

495 2393 851 2462 argentoque
915 2403 1284 2459 generamur.
1346 2386 1545 2441 Nudos
1603 2384 1753 2440 fudit
1812 2385 1870 2440 in
1930 2384 2143 2452 lucem,

496 2484 732 2553 egentes
762 2479 910 2546 cibo,
944 2477 1185 2540 amictu,
1223 2475 1430 2547 poculo
1464 2491 1477 2530 :
1513 2475 1706 2530 nudos
1756 2473 1964 2546 recipit
1994 2478 2149 2528 terra

498 2582 647 2642 qUos
695 2567 877 2624 edidit
930 2565 1115 2621 nescit
1171 2564 1317 2620 ﬁnes
1379 2563 1820 2636 possessionum
1879 2562 2146 2634 sepulcro

497 2658 813 2715 includere.
848 2657 1060 2728 Cespes
1092 2658 1379 2725 angustus
1410 2669 1572 2724 aeque
1601 2656 1658 2707 et
1687 2650 1926 2723 pauperi
1951 2651 2146 2723 ;abun-

496 2749 599 2803 dat
629 2750 685 2801 et
716 2744 877 2800 diviti
911 2761 923 2800 :
952 2748 1010 2799 et
1039 2749 1195 2800 terra
1235 2758 1360 2814 quae
1407 2740 1654 2796 viventis
1698 2758 1811 2795 non
1865 2741 2015 2811 cepit
2063 2740 2148 2796 af-

496 2837 734 2901 fectum,
766 2839 952 2890 totum
994 2834 1121 2904 jam
1171 2830 1405 2886 divitem
1438 2828 1610 2901 capit.
1645 2828 1841 2884 Nescit
1869 2832 2012 2902 ergo'
2046 2846 2148 2884 na-

496 2931 630 2981 tura
674 2924 1004 2979 discernere
1052 2920 1284 2993 quando
1329 2917 1651 2984 nascimur,
1684 2918 1871 2974 nescit
1914 2920 2149 2990 quando

497 3014 824 3071 deficimus.
876 3012 1094 3068 Omnes
1143 3006 1367 3064 similes
1425 3011 1603 3072 creat,
1662 3022 1889 3062 omnes
1924 3007 2150 3064 similes

495 3102 718 3178 gremio
776 3100 995 3157 claudit
1050 3095 1324 3169 sepulcri.
1375 3096 1514 3160 Quis
1571 3095 1870 3151 discernat
1926 3096 2148 3169 species

2182 1806 2230 1871 B

2269 513 2443 586 inops
2498 514 2602 572 tibi
2662 514 2789 588 ipse
2836 514 3108 585 videaris,
3168 515 3270 588 qui
3324 520 3378 572 te
3433 517 3646 577 divitem
3695 524 3830 583 dicis!

2269 603 2500 667 Quanto
2556 603 2690 677 plus
2738 603 3032 674 habueris,
3093 603 3230 677 plus
3288 605 3527 676 requiris
3574 624 3586 663 :
3632 610 3750 669 501
3797 622 3837 672 et

2269 692 2555 765 quidquid
2609 692 2974 767 acquisieris,
3024 697 3221 750 tamen
3270 694 3377 749 tibi
3423 695 3601 753 adhuc
3643 699 3836 775 indiges.

2268 781 2677 838 Inﬂammatur
2749 780 2910 837 luero
2986 781 3247 849 avaritia,
3317 798 3429 838 non
3505 787 3836 861 restinguitur.

2267 870 2443 935 Quasi
2473 871 2693 944 gradus
2735 870 3023 944 quosdam
3056 871 3347 944 cupiditas
3394 872 3559 930 habet
3585 892 3598 930 :
3628 892 3726 947 quo
3751 878 3841 951 plu-

2266 975 2359 1016 res
2389 960 2735 1030 ascenderit,
2767 975 2835 1016 eo
2860 959 2934 1016 ad
2964 959 3174 1017 altiora
3198 961 3449 1028 festinat,
3481 964 3624 1019 unde
3648 965 3712 1020 sit
3743 984 3840 1039 gra-

2265 1048 2389 1104 vior
2440 1048 2611 1104 ruina
2656 1047 2914 1121 lapsura.
2968 1048 3354 1107 Tolerabilior
3399 1055 3583 1107 tamen
3623 1054 3718 1110 iste
3740 1073 3840 1111 cum

2267 1138 2464 1195 minus
2494 1137 2736 1194 haberet
2785 1155 2798 1193 :
2848 1153 3065 1195 census
3124 1137 3216 1195 sui
3274 1140 3729 1212 contemplatione
3754 1160 3843 1201 me

2265 1226 2486 1283 diocria
2514 1227 2847 1300 requirebat
2879 1244 2893 1284 :
2928 1227 3261 1285 accessione
3298 1229 3618 1301 patrimonii
3653 1233 3843 1289 accessit

2264 1315 2603 1389 cupiditatis
2660 1320 3064 1389 augmentum.
3118 1318 3242 1373 Non
3297 1317 3425 1373 vult
3478 1333 3599 1375 esse
3648 1320 3846 1393 degener

2262 1405 2433 1472 votis,
2474 1420 2698 1478 pauper
2748 1405 2807 1460 in
2857 1404 3185 1461 desideriis.
3230 1406 3316 1461 Ita
3362 1406 3475 1462 duo
3521 1407 3844 1464 intolerabilia

2264 1492 2439 1549 simul
2463 1492 2686 1566 jungit,
2719 1496 2785 1549 ut
2815 1492 3191 1550 ambitiosam
3220 1510 3386 1567 spem
3436 1494 3622 1551 divitis
3667 1502 3847 1570 augeat,

2263 1587 2322 1639 et
2350 1599 2466 1639 non
2496 1583 2753 1650 deponat
2781 1582 3179 1639 mendicitatis
3204 1583 3496 1640 affectum.
3530 1586 3756 1658 Denique
3779 1587 3849 1641 do.

2262 1675 2351 1727 cet
2381 1688 2489 1728 nos
2517 1671 2822 1744 Scriptura
2849 1670 3049 1728 divina
3077 1687 3255 1745 quam
3286 1671 3501 1729 misere
3528 1678 3696 1747 egeat,
3722 1674 3849 1730 men-

2262 1761 2416 1817 dicet
2445 1760 2695 1833 abjecte.
3182 1780 3183 1783 η

2332 1851 2388 1905 5.
2422 1849 2542 1905 Rex
2570 1849 2769 1905 Achab
2797 1848 2856 1905 in
2885 1847 3065 1905 Israel
3089 1853 3236 1919 erat,
3264 1853 3322 1906 et
3357 1866 3576 1923 pauper
3615 1850 3849 1907 Nabuthe.

2261 1938 2368 1996 llle
2422 1939 2587 2013 regni
2636 1938 2845 2012 opibus
2895 1939 3202 2009 attinebat;
3234 1939 3350 1996 iste
3388 1940 3613 2014 angusti
3642 1941 3733 1996 soli
3759 1956 3852 1996 ces-

2261 2028 2440 2101 pitem
2473 2027 2813 2100 possidebat
2840 2029 2916 2100 (3)
2947 2027 3104 2084 Nihil
3145 2045 3369 2102 pauper
3411 2031 3482 2086 de
3528 2028 3851 2102 possessioni-

2258 2115 2373 2172 bus
2412 2115 2609 2171 divitis
2656 2114 2986 2189 concupivit
3017 2133 3031 2172 :
3064 2132 3166 2173 rex
3212 2116 3328 2174 sibi
3384 2134 3550 2190 egere
3589 2118 3735 2174 visus
3770 2123 3850 2184 est,

2260 2203 2399 2277 quia
2426 2204 2657 2260 vineam
2711 2204 2967 2261 habebat
3012 2221 3236 2279 pauper
3280 2207 3530 2264 vicinus.
3562 2208 3692 2271 Quis
3716 2205 3854 2279 igitur

2258 2292 2367 2349 tibi
2397 2308 2622 2365 pauper
2657 2293 2888 2350 videtur
2914 2309 2928 2349 :
2963 2293 3064 2366 qui
3092 2299 3405 2351 contentus
3438 2300 3528 2352 est
3557 2311 3675 2363 suo,
3695 2312 3756 2350 an
3782 2294 3853 2367 qui

2259 2378 2624 2455 concupiscit
2651 2381 2955 2439 alienum?
2980 2382 3142 2440 Alter
3169 2388 3328 2440 certe
3355 2401 3578 2458 pauper
3621 2401 3772 2442 censu
3794 2384 3853 2436 vi-

2258 2471 2448 2540 detur,
2509 2470 2655 2528 alter
2705 2476 2795 2528 est
2841 2488 3065 2545 pauper
3121 2473 3353 2529 affectu.
3426 2475 3681 2532 Atl‘ectus
3735 2473 3856 2528 dives
3910 2514 3913 2517 η

2257 2576 2426 2634 egere
2475 2577 2591 2617 non
2643 2560 2798 2617 novit
2846 2576 2862 2615 :
2912 2577 3126 2618 census
3173 2562 3489 2620 abundans
3522 2563 3707 2636 nequit
3737 2561 3855 2618 avari

2258 2654 2462 2722 pectus
2506 2649 2746 2723 replere.
2780 2649 3032 2722 Ideoque
3079 2650 3240 2709 dives
3286 2652 3547 2726 cupidus
3591 2652 3645 2709 in
3689 2650 3858 2706 invidia

2260 2738 2673 2813 possessionis,
2704 2742 2761 2795 et
2806 2740 3173 2813 paupertatis
3228 2742 3475 2815 querela
3521 2746 3623 2798 est.
3650 2742 3745 2797 Sed
3760 2740 3854 2811 jam

2256 2828 2565 2902 Scriptura
2593 2826 2770 2885 verba
2796 2829 3256 2888 consideremus.

2325 2919 2380 2974 6.
2417 2940 2447 2969 ι(
2480 2917 2548 2975 Et
2576 2918 2797 2975 factum
2854 2923 2965 2988 est,
2997 2919 3211 2993 inquit,
3244 2926 3384 2994 post
3413 2921 3534 2977 haec
3559 2916 3719 2977 verba
3746 2920 3856 2984 erat,

2257 3007 2427 3065 vinea
2478 3006 2749 3064 Nabuthe
2802 3006 3087 3065 Jeraelitaa
3145 3007 3208 3065 in
3264 3008 3455 3067 Israel
3475 3011 3640 3083 juxta
3665 3008 3860 3064 domum

2256 3095 2455 3153 Achab
2511 3097 2667 3170 regis
2717 3097 3013 3154 Samaria.
3045 3098 3117 3155 Et
3174 3098 3411 3157 locutus
3468 3105 3557 3157 est
3598 3097 3772 3154 Achab
3806 3095 3859 3149 ad

480 3170 902 3249 {nortuorum‘l
928 3186 1209 3258 Redoperi
1243 3188 1481 3253 terram,
1515 3188 1572 3240 et
1609 3183 1656 3239 si
1691 3188 1874 3257 potes,
1908 3184 2146 3241 divitem
2178 3170 2220 3237 C
2259 3184 2529 3241 Nabutbe
2559 3185 2796 3242 dicens:
2822 3186 2907 3243 Da
2936 3186 3080 3243 mihi
3113 3186 3344 3245 vineam
3364 3193 3612 3257 tuam,et
3637 3183 3861 3244 eritmihi

494 3280 884 3355 deprehende.
919 3276 1236 3331 Eruderato
1263 3272 1435 3346 paulo
1480 3277 1614 3345 post
1657 3274 1980 3342 tumulum,
2011 3278 2067 3330 et
2095 3275 2145 3329 si

495 3368 801 3443 cognoscis
831 3368 1117 3439 egentem,
1150 3379 1357 3435 argue;
1393 3362 1504 3419 nisi
1536 3363 1682 3419 forte
1712 3363 1821 3419 hoc
1842 3363 1967 3419 solo
1990 3364 2144 3434 quod

494 3474 628 3514 eum
661 3456 838 3512 divite
868 3453 1038 3526 plura
1067 3456 1327 3524 pereunt.

563 3549 617 3602 3.
655 3544 861 3601 Serica
893 3544 1102 3609 vestes,
1132 3545 1188 3596 et
1219 3558 1358 3597 auro
1407 3541 1626 3597 intexta
1671 3540 1981 3609 velamina,
2015 3541 2144 3614 qui-

492 3636 607 3691 bus
639 3632 834 3690 divitis
864 3647 1075 3702 corpus
1106 3630 1384 3697 ambitur,
1412 3631 1629 3686 damna
1658 3630 1996 3698 viventium,
2029 3647 2144 3688 non

493 3722 760 3779 subsidia
816 3720 1225 3776 defunctorum
1274 3723 1434 3775 sunt.
1474 3719 1850 3792 Unguentum
1905 3720 2142 3792 accipis,

494 3812 675 3881 dives,
708 3816 766 3867 et
807 3809 1022 3865 fetidus
1070 3824 1131 3864 es
1162 3808 1238 3879 ('2)
1276 3827 1289 3865 :
1323 3809 1519 3880 perdis
1568 3808 1819 3863 alienam
1870 3808 2144 3881 gratiam,

493 3918 597 3956 nec
629 3898 887 3971 acquiris
918 3902 1101 3952 tuam.
1135 3897 1403 3952 Haeredes
1435 3895 1719 3968 relinquis
1764 3894 1864 3967 qui
1896 3894 2140 3968 litigent.

491 3989 832 4046 Haeredibus
876 3985 1163 4056 relinquis
1213 3985 1545 4057 depositum
1595 3985 1784 4057 magis
1842 3984 2143 4040 haeredita-

493 4078 669 4144 rium,
703 4093 881 4149 quam
916 4074 1292 4129 commodum
1322 4072 1741 4141 voluntarium,
1767 4072 1867 4145 qui
1897 4072 1956 4129 id
1990 4074 2144 4146 quod

492 4167 759 4223 relictum
792 4167 881 4220 est
911 4163 1174 4218 minuere
1206 4178 1272 4216 ac
1299 4161 1515 4217 violare
1546 4162 1878 4219 formident.
1900 4161 1960 4219 Si
1992 4162 2143 4236 frugi

492 4255 750 4311 hreredes
781 4250 1287 4320 sunt,eustodiunt
1320 4268 1332 4305 :
1367 4249 1415 4305 si
1448 4249 2140 4317 luxuriosi,exbauriunt.

490 4344 692 4413 Itaque
723 4346 823 4397 aut
852 4342 1035 4395 bonos
1061 4339 1320 4395 haeredes
1349 4343 1628 4412 perpetua
1648 4340 2007 4395 condemnas
2028 4339 2142 4395 sol-

491 4430 795 4486 licitudine
830 4448 841 4485 :
877 4433 978 4483 aut
1010 4428 1193 4485 malos
1225 4428 1493 4494 dimittis,
1529 4444 1645 4500 quo
1676 4432 1776 4484 tua
1807 4429 1961 4484 facta
2005 4445 2141 4484 con-

494 4520 790 4576 damnent.

1145 4632 1372 4687 CAPUT
1414 4631 1480 4687 Il.

489 4742 694 4797 Divites
744 4744 944 4813 quanto
992 4741 1168 4810 magis
1206 4738 1487 4813 abundarit
1522 4746 2141 4813 icensuktantapaupe-

560 4810 765 4869 riores'
793 4828 901 4868 esse
967 4813 1180 4881 affectu.
1242 4810 1304 4865 Id
1368 4811 1545 4865 Achab
1610 4819 1662 4865 et
1720 4811 1969 4866 Nabuthe
2021 4826 2144 4865 con-

561 4884 799 4940 tentione
871 4883 1102 4954 planum
1144 4881 1238 4954 ﬁt.
1314 4885 1443 4954 diem
1508 4884 1782 4953 proposito
1848 4881 2145 4953 Scriptura:

561 4958 735 5080 lexidia2
762 4951 949 5025 petitio
982 4955 1106 5021 illa,
1142 4953 1225 5008 Da
1256 4951 1421 5019 mihi,
1454 4951 1622 5024 quani
1650 4953 1859 5025 objecta
1896 4951 1987 5021 sit,
2015 4969 2143 5025 per-

561 5043 656 5080 ner
695 5044 712 5080 ι
740 5041 824 5080 ur.

556 5028 824 5099 perditur.

561 5145 612 5199 4.
648 5142 759 5198 Sed
794 5142 933 5215 quid
966 5140 1272 5197 arbitraris
1304 5140 1456 5211 quod
1488 5140 1630 5195 dum
1676 5139 1843 5209 vivis,
1877 5141 2143 5199 abundas

560 5266 639 5339 (2)
670 5266 820 5322 Edit.
853 5267 982 5339 Am.
1017 5266 1274 5339 etiEra.,
1325 5265 1491 5333 dives,
1519 5269 1641 5339 post
1685 5275 1935 5323 mortuus
1977 5284 2049 5335 es,
2093 5271 2144 5324 et

487 5336 694 5410 fetidus
741 5355 825 5407 es;
860 5336 1016 5403 Gill.,
1068 5338 1214 5394 dives
1255 5336 1545 5410 postquam
1589 5346 1837 5393 mortuus
1884 5356 1961 5408 es,
2005 5343 2139 5407 etc.,

490 5409 684 5477 Rom.,
717 5410 886 5477 dives,
935 5413 1202 5476 mortuus,
1249 5413 1301 5464 et
1347 5409 1549 5478 fetidus
1595 5424 1667 5465 es.
1719 5410 1923 5465 Cuncti
1969 5426 2140 5475 mss.,

486 5482 657 5545 dives,
690 5489 740 5533 ct
762 5481 1065 5552 liuidus“.
1100 5481 1375 5552 Sequenti
1429 5496 1560 5535 vero
1610 5480 1900 5536 sententia
1937 5498 2142 5538 omnes

489 5552 627 5608 edit.
653 5555 719 5625 ‘et
751 5567 891 5625 mss.
930 5551 1170 5625 aliquot,
1198 5551 1446 5625 llzeifedes
1472 5552 1763 5625 relinquis,
1795 5554 1900 5625 qui,
1929 5554 2143 5625 litigent

489 5638 615 5678 cum
645 5621 968 5688 heredibus,
999 5623 1265 5694 relinquis
1295 5624 1617 5695 depositum,
1632 5621 1759 5679 etc.
1793 5621 1905 5679 Alii
1949 5621 2142 5696 majo-

2254 3273 2314 3330 in
2371 3274 2609 3330 hortum
2667 3275 2921 3345 olerum;
2980 3276 3261 3350 quoniam
3315 3279 3670 3350 propinquat
3702 3273 3863 3353 domui

2255 3378 2396 3418 mea;
2429 3379 2443 3418 :
2476 3366 2534 3419 et
2562 3362 2848 3420 dabo'tibi
2894 3380 2999 3437 pro
3048 3380 3116 3421 ea
3159 3364 3342 3423 aliam
3383 3366 3611 3423 vineam
3641 3381 3654 3419 :
3684 3362 3729 3420 si
3760 3375 3864 3416 vero

2255 3450 2539 3523 placuerit
2566 3452 2692 3521 tibi,
2725 3453 2876 3510 dabo
2904 3454 3011 3510 tibi
3043 3455 3355 3528 pecuniam
3390 3471 3496 3527 pro
3528 3453 3685 3511 vinea
3710 3452 3863 3515 ista,et

2255 3541 2366 3597 erit
2395 3541 2541 3597 mihi
2589 3541 2649 3598 in
2697 3541 2937 3599 hortum
2968 3542 3214 3600 olerum.
3245 3544 3317 3599 Et
3357 3544 3510 3599 dixit
3544 3541 3787 3599 Nabuthe
3811 3536 3863 3593 ad

2254 3630 2457 3688 Achab
2491 3647 2504 3686 :
2538 3630 2661 3687 Non
2690 3631 2793 3687 ﬂat
2820 3631 2931 3688 hoc
2959 3649 2993 3688 a
3016 3633 3153 3699 Deo,
3183 3636 3250 3688 ut
3298 3633 3441 3689 dem
3472 3634 3578 3689 tibi
3610 3628 3866 3687 haeredita-

2255 3725 2371 3776 tem
2400 3724 2635 3794 patrum
2662 3722 3024 3777 meorum.Et
3052 3722 3332 3778 turbatus
3364 3728 3459 3779 est
3488 3723 3721 3796 spiritus
3745 3719 3864 3787 ejus.

2254 3813 2313 3864 et
2342 3808 2615 3865 dormivit
2644 3809 2704 3865 in
2737 3808 2885 3866 lecto
2918 3813 3131 3878 suo,'et
3158 3810 3375 3868 velavit
3406 3813 3613 3868 faciem
3643 3824 3807 3869 suam,
3826 3808 3867 3878 ᾳ

2256 3914 2371 3989 non
2403 3898 2780 3989 manducavit
2806 3915 3018 3972 panem
3032 3873 3142 3973 ⁷(111
3174 3873 3949 3989 Reggggiiﬁlﬂ;

2326 3988 2381 4042 7.
2428 3987 2791 4060 Exposuerat
2838 4005 3019 4061 supra
3070 3989 3386 4063 Scriptura
3433 3990 3629 4046 divina
3655 3989 3743 4059 (III
3767 3987 3866 4050 Reg.

2254 4093 2372 4148 κίκι
2403 4077 2518 4147 21),
2549 4076 2689 4149 quia
2716 4076 2980 4147 Elisaaus,
3013 4094 3148 4135 cum
3196 4083 3359 4137 esset
3404 4095 3645 4153 pauper,
3675 4072 3869 4145 reliquit

2252 4164 2430 4222 boves
2458 4182 2618 4235 suos,
2648 4170 2707 4221 et
2735 4167 2995 4227 cucurrit
3039 4167 3112 4223 ad
3168 4166 3385 4238 Eliam,
3431 4174 3490 4225 et
3537 4166 3736 4224 occidit
3776 4176 3871 4223 eos,

2255 4258 2312 4311 et
2341 4254 2598 4328 erogavit
2625 4254 2861 4328 populo,
2893 4260 2950 4311 et
2993 4255 3237 4313 adhaesit
3287 4258 3614 4331 prOphetze.
3646 4255 3726 4310 Ad
3763 4266 3870 4307 con-

2254 4343 2688 4413 demnationem
2718 4343 2898 4416 igitur
2923 4345 3228 4416 praemissa
3257 4352 3409 4403 sunt
3456 4347 3671 4412 divitis,
3703 4342 3789 4416 qui
3826 4339 3870 4393 in

2255 4432 2367 4488 isto
2395 4448 2529 4505 rege
2561 4432 3006 4500 describitur,eo
3036 4435 3461 4506 quod,babens
3482 4434 3749 4493 beneficia
3773 4429 3867 4485 Dei.

2173 4541 2221 4606 Ι)
2255 4520 2411 4577 sicut
2438 4520 2552 4578 ista
2578 4521 2777 4580 Achab
2807 4522 2899 4578 cui
2932 4523 3216 4580 Dominus
3266 4531 3330 4582 et
3381 4543 3631 4599 regnum
3660 4519 3869 4581 donavit,

2255 4613 2312 4665 et
2345 4608 2603 4683 pluviam
2654 4610 2788 4669 Elim
2839 4612 2990 4669 vatis
3036 4614 3306 4670 oratione
3358 4614 3670 4679 concessit,
3714 4609 3871 4667 divina

2256 4699 2537 4755 mandata
2562 4699 2879 4757 violaverit.

2324 4790 2377 4844 8.
2409 4787 2735 4844 Audiamus
2764 4804 2901 4863 ergo
2930 4790 3073 4863 quid
3104 4790 3265 4849 dicat
3302 4811 3316 4850 :
3345 4794 3467 4851 «Da
3497 4786 3867 4862 mihi,»inquit.

2255 4877 2389 4942 Quae
2447 4875 2563 4933 alia
2610 4893 2718 4933 vox
2764 4879 2988 4951 egentis
3036 4884 3164 4938 est?
3192 4881 3337 4946 Quae
3392 4901 3504 4941 vox
3549 4881 3660 4939 alia
3700 4877 3869 4950 stipem

2254 4964 2550 5038 publicam
2581 4964 2958 5038 postulantis,
2989 4968 3102 5026 nisi
3134 4992 3162 5020 ‹‹
3196 4970 3289 5028 Da
3320 4973 3493 5041 mihi,
3532 4994 3559 5021 n
3591 4972 3692 5027 hoc
3718 4964 3871 5032 est,da

2254 5054 2400 5111 mihi
2431 5054 2571 5128 quia
2598 5071 2738 5130 egeo
2772 5072 2786 5112 :
2819 5056 2896 5113 da
2924 5057 3090 5128 mihi,
3123 5058 3269 5133 quia
3300 5059 3465 5118 aliud
3507 5057 3721 5118 vivendi
3760 5052 3871 5112 sub-

2255 5143 2475 5202 sidium
2505 5143 2719 5202 habere
2750 5162 2865 5202 non
2898 5163 3139 5221 possum
3173 5165 3185 5204 :
3222 5150 3305 5206 da
3340 5150 3651 5223 mihi,quia
3678 5162 3779 5203 non
3803 5144 3868 5198 est

2253 5268 2299 5323 ri
2319 5284 2597 5352 _numero_.
2634 5269 2874 5352 Heredes
2903 5271 3175 5352 relinquis
3202 5276 3310 5346 qui
3343 5267 3868 5349 Iitigentﬂzratibas

2252 5340 2520 5428 relligqu‘is
2548 5340 3014 5428 dfposituni‘,netc.
3057 5340 3078 5347 ⁷
3209 5340 3229 5346 “
3440 5340 3463 5349 ⁷
3511 5417 3544 5428 η
3600 5415 3605 5421 η

2324 5412 2404 5537 ‘3)
2437 5412 2522 5468 Ita
2571 5412 2761 5496 Roma
2788 5415 2928 5470 edit.
2972 5431 3107 5471 cum
3152 5432 3306 5498 mss.
3360 5415 3671 5500 omnibus,
3700 5413 3867 5486 prater

2252 5484 2329 5567 ('39
2436 5501 2632 5567 unum
2663 5485 2763 5567 ubi
2794 5484 2955 5567 legas
2991 5504 3004 5555 ;
3036 5495 3298 5561 cespitem
3325 5492 3589 5567 pauperis
3615 5488 3750 5543 divos
3772 5497 3865 5567 am:

2600 5560 2798 5614 autem
2826 5554 2998 5632 edit,
3018 5567 3071 5617 et
3117 5554 3613 5633 iamen'cespitem
3650 5554 3864 5630 ραυρῖνίεε
