4104 6156
231 296 373 367 ’ἔδει

1338 290 1569 364 mana
1615 304 1714 363 DE
1760 291 2138 364 NABUTHE
2182 300 2681 367 JEZRAELITA.

3571 306 3691 367 “770

236 441 389 498 mihi
413 441 594 515 panis
626 440 701 497 ad
733 435 975 505 victum,
1005 450 1285 494 nummus
1314 436 1387 492 ad
1432 439 1660 508 potum,
1707 450 1919 506 sump-
1948 435 2001 501 Α
2033 436 2398 507 adiungitur,
2432 439 2622 509 pisces
2650 440 2950 512 piscibus:
2987 456 3092 498 nec
3125 440 3408 499 damnum
3443 445 3692 507 ducunt,

237 536 341 589 tus
374 533 451 589 ad
485 531 867 599 alimentum,
902 528 976 584 ad
1005 527 1418 583 indumentum
1438 524 1774 583 substantia
1805 524 1920 581 :da

243 623 425 691 mihi,
464 621 608 694 quia
630 618 744 677 tibi
775 615 1068 674 Dominus
1087 615 1250 672 dedit
1269 615 1424 671 unde
1448 611 1650 686 largiri
1679 614 1918 681 debeas,

251 712 403 768 mihi
432 728 554 768 non
606 709 817 766 dedit:
853 708 932 763 da
962 704 1131 775 mihi,
1175 705 1336 777 quia,
1386 702 1503 759 nisi
1549 706 1615 758 tu
1663 702 1918 770 dederis,

250 801 471 859 habere
499 817 615 856 non
664 801 869 870 potem
898 813 911 852 :
944 795 1019 851 da
1068 793 1234 860 mihi,
1266 792 1406 868 quia
1449 793 1737 865 scriptum
1780 794 1871 849 est
1902 807 1917 846 :

252 892 400 948 Date
443 889 880 960 eleemosynam
922 886 1188 954 (Luc.,x1,
1219 883 1334 955 41).
1361 903 1389 933 ››
1421 879 1552 938 Haec
1595 897 1773 954 quam
1817 881 1919 937 ab-

243 983 428 1051 jecta,
462 994 640 1049 quam
684 974 1024 1031 vilialNon
1074 972 1296 1028 habent
1350 971 1511 1028 enim
1567 969 1920 1026 humilitatis

252 1069 549 1131 affectum,
585 1066 686 1121 sed
709 1056 1059 1137 cupiditatis
1082 1060 1446 1118 incendium.
1472 1060 1543 1116 ‘ln
1575 1059 1704 1132 ipsa
1723 1063 1919 1115 autem

252 1155 577 1229 dejectione
606 1156 832 1227 quanta
864 1149 1241 1224 impudentia
1269 1150 1282 1205 l
1319 1172 1349 1202 ‹‹
1381 1150 1465 1206 Da
1495 1149 1662 1218 mihi,
1704 1148 1918 1222 inquit,

249 1247 485 1301 vineam
512 1249 697 1300 tuam.
732 1265 761 1293 ››
787 1241 1117 1298 Conﬁtetur
1164 1239 1442 1306 alienam,
1484 1242 1550 1295 ut
1591 1242 1794 1312 poscat
1830 1237 1920 1293 in-

255 1333 536 1391 debitam.

336 1422 483 1478 568
511 1422 633 1476 9.4:
674 1421 744 1476 Et
793 1420 971 1487 dabo,
1030 1418 1247 1491 inquit,
1306 1416 1414 1474 tibi
1466 1434 1570 1490 pro
1624 1433 1693 1473 ea
1748 1415 1922 1471 aliam

257 1512 512 1567 vineam.
548 1530 577 1560 »
608 1509 782 1566 Dives
815 1507 973 1581 quod
1006 1523 1182 1563 suum
1213 1510 1307 1563 est
1335 1507 1504 1578 quasi
1535 1505 1648 1561 vile
1676 1504 1923 1571 fastidit;

259 1601 418 1673 quod
449 1600 605 1655 enim
637 1597 901 1654 alienum
933 1600 1043 1665 est,
1069 1595 1238 1668 quasi
1268 1594 1765 1667 pretiosissimum
1797 1610 1931 1649 con-

258 1688 530 1762 cupiscit.

341 1782 429 1835 10.
459 1801 485 1829 ‹‹
513 1777 571 1833 Si
596 1793 727 1833 vero
760 1775 1047 1849 placuerit
1076 1774 1202 1842 tibi,
1236 1774 1392 1830 dabo
1422 1772 1528 1828 tibi
1560 1773 1928 1846 pecuniam.»

260 1870 394 1926 Cito
427 1865 1068 1940 reprehenditerrorem
1086 1861 1613 1936 suum,peeuniam
1636 1862 1930 1919 olferendo

260 1976 375 2033 pro
405 1957 586 2013 vinea.
614 1954 774 2011 Nihil
822 1954 980 2010 enim
1031 1951 1157 2009 vult
1201 1951 1460 2008 alterum
1494 1952 1797 2025 possidere
1828 1951 1928 2023 (ἆ),

264 2048 375 2121 qui
417 2050 603 2103 totum
653 2043 949 2100 desiderat
980 2041 1106 2099 suis
1143 2040 1627 2114 possessionibus
1676 2055 1930 2112 occupa-

264 2154 354 2193 re.

911 2219 1141 2276 CAPUT
1184 2219 1279 2275 ΙΙΙ.

266 2318 389 2372 Non
420 2322 529 2369 tam
555 2317 778 2385 propter
818 2312 1121 2385 utilitatem
1165 2308 1366 2385 dipites
1407 2308 1604 2385 aliena
1648 2310 1933 2385 concupis-

343 2402 484 2453 cere,
542 2379 710 2456 quain
781 2391 841 2456 at
873 2383 1036 2456 alios
1080 2381 1331 2456 homines
1377 2379 1724 2456 excludant,
1757 2379 1936 2456 Qaam

349 2460 516 2512 inane
542 2452 617 2511 sit
666 2454 805 2512 illud
851 2453 1208 2519 desiderium,
1255 2452 1397 2522 quod
1435 2468 1527 2510 eos
1575 2453 1751 2509 brutis
1799 2453 1934 2524 ipsis

346 2530 642 2600 inferiores
698 2543 813 2583 esse
859 2525 1192 2600 convincit:_
1222 2539 1387 2600 quam
1439 2525 1818 2600 etiamiurpe
1862 2525 1933 2578 sit

340 2594 633 2672 paternam
689 2599 1081 2672 possessionem
1136 2594 1205 2649 ob
1238 2595 1578 2672 _lu.ruriam_
1607 2594 1931 2672 diveadere:

340 2664 613 2743 postremo
637 2664 810 2742 quam
840 2670 1195 2738 impatienter
1215 2664 1407 2721 divites
1420 2668 1698 2738 repulsam
1726 2670 1932 2739 ferant.

348 2762 441 2816 11.
473 2760 573 2814 «Et
602 2759 731 2823 erit,
783 2756 993 2829 inquit,
1042 2754 1101 2810 in
1153 2752 1393 2809 hortum
1438 2754 1753 2812 olerum.»
1804 2755 1935 2811 Haec

269 2852 403 2905 erat
432 2847 612 2920 igitur
641 2845 835 2902 omnis
864 2843 1116 2911 insania,
1149 2841 1245 2897 hic
1275 2842 1468 2899 omnis
1497 2842 1680 2912 furor,
1700 2849 1764 2901 ut
1793 2860 1934 2916 spa-

271 2939 429 2993 tium
464 2934 679 2992 vilibus
701 2933 961 3001 oleribus
988 2929 1642 3004 quaarereturNon'tam
1660 2949 1797 3007 ergo
1820 2931 1935 3006 ipsi

269 3024 497 3098 cupitis
526 3024 693 3097 quasi
725 3023 867 3079 utile
888 3020 1185 3095 possidere
1214 3019 1349 3090 ;sed
1372 3018 1521 3078 alios
1540 3021 1935 3080 vultis‘exclu-

270 3117 436 3173 dere.
467 3113 652 3184 Major
678 3111 845 3168 vobis
875 3127 1014 3166 cura
1044 3110 1115 3166 de
1144 3123 1473 3182 pauperum
1504 3111 1730 3183 spoliis,
1751 3127 1933 3184 quam

2033 527 2135 579 sed
2150 526 2569 583 commercium
2594 529 2983 598 vivendi,oum
2999 532 3323 603 plurimum
3339 533 3695 589 comitatum

2030 619 2370 686 capessunt,
2403 610 2796 689 et’quoddam
2846 621 3282 677 munimentum
3332 621 3549 678 solatio
3580 619 3697 673 fre-

2033 703 2360 774 quentioris
2423 706 2723 763 societatis
2772 709 3066 765 affectant.
3128 711 3303 767 Solus
3352 715 3441 776 tu,
3497 709 3698 775 homo,

2033 797 2362 847 consortem
2397 793 2695 851 excludis:
2728 795 2982 852 includis
3013 799 3201 865 feras;
3245 797 3432 854 struis
3463 794 3702 850 habita-

2034 880 2165 936 cula
2195 882 2542 952 bestiarum,
2575 885 2833 941 destruis
2860 886 3194 943 hominum.
3250 886 3500 943 Inducis
3541 900 3705 941 mare

2032 970 2190 1026 intra
2220 969 2437 1043 praedia
2468 975 2590 1041 tua,
2624 989 2697 1029 ne
2720 973 2912 1030 desint
2942 975 3152 1032 bellum
3178 995 3190 1032 :
3237 974 3526 1050 producis
3558 974 3705 1032 ﬁnes

2032 1063 2221 1127 terrae,
2256 1075 2329 1113 ne
2360 1060 2551 1130 possis
2584 1062 2797 1119 habere
2828 1064 3168 1119 ﬁnitimum.

2109 1149 2195 1202 13.
2230 1147 2583 1204 Audivimus
2623 1168 2823 1208 vocem
2870 1154 3067 1208 divitis
3115 1154 3309 1209 aliena
3356 1154 3705 1224 quaerentis,

2034 1236 2355 1290 audiamus
2403 1252 2601 1294 vocem
2659 1243 2933 1312 pauperis
3005 1243 3238 1315 propria
3300 1241 3707 1303 vindicantis:

2043 1343 2067 1372 ι
2101 1324 2225 1379 Non
2258 1324 2381 1390 ﬁat,
2417 1324 2629 1398 inquit,
2664 1328 2773 1385 hoc
2804 1346 2837 1385 a
2867 1331 3002 1398 Deo,
3043 1337 3104 1386 ut
3132 1332 3267 1386 dem
3316 1330 3431 1385 tibi
3465 1330 3709 1391 haeredi-

2035 1416 2217 1468 tatem
2240 1416 2475 1483 patrum
2503 1432 2790 1472 meorum.
2810 1439 2837 1467 ››
2865 1418 3380 1490 Quasiquamdam
3405 1423 3707 1496 contagio-

2038 1518 2173 1556 nem
2202 1501 2295 1556 sui
2349 1504 2661 1571 pecuniam
2717 1522 2845 1561 esse
2896 1507 3091 1561 divitis
3134 1508 3485 1577 arbitratur,
3539 1516 3710 1584 quasi

2037 1590 2233 1645 dicat:
2290 1611 2319 1670 «ς
2351 1589 2602 1647 Pecunia
2656 1598 2760 1650 tua
2815 1600 3007 1650 tecum
3064 1596 3139 1651 sit
3193 1595 3254 1652 in
3313 1598 3708 1670 perditionem

2039 1680 2178 1749 (Act.
2231 1669 2355 1746 vui,
2400 1680 2586 1751 20):»
2638 1699 2745 1755 ego
2780 1688 2978 1739 autem
3030 1669 3435 1742 hereditatem
3476 1695 3707 1762 patrum

2042 1783 2313 1823 meorum
2345 1784 2461 1823 non
2494 1786 2739 1841 possum
2770 1774 3041 1828 vendere.
3075 1774 3268 1831 Habes
3301 1778 3466 1848 quod
3498 1796 3707 1852 sequa-

2042 1856 2146 1920 ris,
2174 1855 2358 1925 dives,
2391 1856 2440 1912 si
2469 1859 2666 1930 sapias
2700 1878 2713 1916 :
2757 1866 2824 1915 ut
2873 1877 2987 1916 non
3036 1864 3255 1920 vendas
3288 1880 3506 1937 agrum
3538 1873 3708 1925 tuum

2042 1961 2146 2017 pro
2179 1947 2348 2000 nocte
2396 1948 2759 2006 meretricis:
2819 1949 2972 2005 569
3020 1968 3133 2007 non
3183 1956 3575 2014 transfundas
3607 1959 3709 2029 jus

2043 2038 2214 2089 tuum
2273 2049 2377 2104 pro
2410 2040 2652 2107 sumptu
2713 2039 3176 2109 comessationis,
3237 2043 3710 2119 deliciarumque

2046 2121 2373 2193 impensis:
2410 2138 2524 2177 non
2557 2124 2866 2195 adjudices
2896 2127 3134 2186 domum
3174 2136 3342 2191 tuam
3395 2137 3466 2192 ad
3502 2136 3707 2193 ludum

2046 2210 2205 2276 aleae,
2237 2227 2310 2265 ne
2330 2212 2433 2282 jus
2464 2211 2853 2271 haereditarize
2885 2218 3111 2290 pietatis
3142 2222 3402 2283 amittas.

2121 2299 2333 2392 t4._His
2363 2300 2609 2392 auditis,
2636 2305 2917 2363 turbatus
2948 2315 3034 2365 est
3064 2311 3309 2384 spiritus
3342 2317 3498 2372 avari
3525 2318 3707 2392 regis:

2048 2411 2075 2438 ‹‹
2110 2388 2178 2443 Et
2207 2388 2479 2445 dormivit
2508 2390 2566 2445 in
2599 2391 2765 2449 lecto
2796 2412 2921 2466 suo,
2953 2405 3008 2455 et
3035 2401 3246 2459 velavit
3279 2406 3486 2463 faciem
3520 2388 3710 2477 suam,

2047 2483 2103 2533 et
2134 2494 2247 2533 non
2281 2480 2659 2536 manducavit
2695 2500 2908 2555 panem
2943 2505 3138 2546 suum.
3168 2514 3194 2540 ››
3219 2493 3452 2568 Lugent
3482 2497 3709 2567 divites,

2048 2568 2097 2623 si
2129 2584 2241 2622 non
2276 2569 2569 2640 potuerint
2618 2571 2820 2630 aliena
2867 2577 3156 2649 diripere:
3208 2582 3259 2637 si
3321 2587 3446 2642 suis
3492 2572 3714 2661 pauper

2049 2674 2163 2712 non
2191 2658 2431 2714 cesserit
2457 2659 2863 2730 facultatibus,
2896 2666 3010 2721 vim
3055 2673 3325 2730 maeroris
3371 2658 3562 2749 tegere
3595 2658 3711 2734 non

2048 2751 2315 2819 possunt.
2351 2747 2612 2805 Dormire
2645 2752 3003 2821 desiderant,
3037 2757 3236 2815 velant
3268 2747 3472 2821 faciem
3507 2784 3707 2835 suam;

2048 2852 2120 2891 ne
2153 2835 2477 2908 quidquam
2507 2837 2567 2893 in
2608 2842 2747 2897 orbe
2794 2848 3085 2899 terrarum
3138 2848 3400 2909 alienum
3452 2855 3706 2926 videant,

2049 2940 2121 2979 ne
2151 2925 2472 2997 quidquam
2504 2928 2562 2982 in
2597 2928 2704 2985 hoc
2736 2931 2958 2987 mundo
2991 2949 3105 2989 non
3138 2953 3297 2996 esse.
3322 2960 3500 3000 suum
3534 2925 3708 3002 nove?

2048 3013 2186 3082 rint,
2221 3030 2290 3070 ne
2320 3016 2564 3073 audiant
2593 3018 2850 3075 vicinum
2875 3020 3046 3090 juxta
3073 3041 3135 3080 se
3167 3028 3393 3102 aliquid
3445 3036 3707 3106 posside-

2048 3119 2129 3173 re,
2163 3120 2236 3161 ne
2267 3106 2510 3164 audiant
2538 3126 2852 3181 pauperem
2886 3111 2996 3165 sibi
3037 3121 3566 3179 contradicentem.
3600 3126 3709 3181 Ho-

270 3208 347 3261 de
373 3174 586 3259 vestris
615 3199 1031 3258 emolumentis
1062 3174 1171 3256 est:
1203 3174 1487 3270 Injuriam
1535 3174 1793 3258 vestram
1824 3218 1937 3274 pu-
1967 3174 2013 3242 θ
2052 3210 2180 3248 rum
2214 3200 2352 3250 sunt
2383 3174 2591 3252 animae
2622 3174 2838 3271 quibus
2860 3198 3001 3255 dicit
3030 3174 3706 3277 proplietaizviliil—ulieres

274 3293 445 3359 tatis,
478 3291 526 3347 si
552 3290 693 3363 quid
725 3304 951 3362 pauper
976 3288 1207 3358 habeat,
1243 3285 1398 3360 quod
1431 3287 1679 3361 dignum
1709 3304 1938 3364 posses-

269 3384 444 3439 sione
474 3378 670 3436 divitis
702 3378 1044 3434 aestimetur.
1080 3376 1377 3434 Damnum
1410 3376 1486 3448 (5)
1514 3381 1775 3435 vestrum
1807 3395 1937 3435 cre-

270 3472 440 3539 (litis,
487 3467 775 3542 quidquid
825 3466 1082 3523 alienum
1123 3469 1241 3523 est.
1292 3464 1442 3530 Quid
1488 3478 1591 3523 vos
1642 3468 1939 3524 delectant

270 3565 502 3617 naturae
533 3556 842 3630 dispendia
865 3556 893 3610 ?
924 3555 1221 3612 Universis
1271 3556 1502 3610 creatus
1533 3560 1623 3612 est
1652 3558 1937 3624 mundus,

272 3664 456 3722 quem
487 3645 658 3719 pauci
689 3645 897 3700 divites
925 3644 1092 3700 vobis
1114 3642 1425 3700 defendere
1459 3645 1775 3702 conamini.
1808 3645 1935 3701 Non

271 3738 439 3795 enim
470 3741 701 3791 terrena
732 3739 961 3789 tantum
994 3730 1310 3806 possessio,
1344 3732 1443 3787 sed
1462 3731 1680 3789 celum
1711 3734 1936 3807 ipsum,

273 3844 401 3893 aer,
428 3840 612 3890 mare,
641 3824 703 3878 in
737 3839 908 3878 usum
942 3834 1264 3895 paucorum
1296 3819 1544 3877 divitum
1577 3822 1932 3880 vindicatur.

273 3917 385 3972 Hic
417 3931 539 3983 aer,
565 3913 663 3984 (6),
695 3929 869 3984 quem
898 3916 961 3967 tu
993 3910 1225 3967 diﬂ'usis
1254 3908 1512 3966 includis
1544 3912 1935 3983 possessioni-

274 4007 417 4070 bus,
453 4006 704 4075 quautos
729 4001 883 4057 alere
911 3998 1160 4073 populos
1189 3998 1428 4071 potest?
1476 3999 1776 4075 Numquid
1810 4006 1935 4057 An-

274 4092 396 4167 geli
428 4091 615 4146 divisa
645 4089 769 4146 coeli
802 4088 991 4161 spatia
1020 4087 1259 4156 habent,
1287 4091 1354 4143 ut
1380 4091 1447 4143 tu
1479 4091 1695 4145 terram
1726 4090 1935 4163 positis

268 4181 615 4252 distinguas
646 4176 915 4235 terminis
934 4177 962 4232 ?

351 4270 442 4325 l2.
476 4268 701 4325 Clamat
729 4266 1048 4340 propheta:
1093 4285 1115 4314 α
1146 4264 1242 4320 Vae
1290 4263 1364 4320 iis
1397 4264 1499 4337 qui
1523 4265 1791 4340 jungunt
1830 4269 1931 4324 do-

275 4375 448 4416 mum
480 4357 550 4414 ad
582 4358 845 4421 domum,
879 4359 936 4412 et
962 4353 1162 4411 villam
1193 4353 1266 4409 ad
1298 4352 1496 4409 villam
1526 4354 1658 4426 (Isa,
1691 4373 1747 4427 v,
1779 4359 1871 4426 8)!
1903 4379 1932 4407 ››

269 4451 345 4505 Et
381 4446 577 4519 arguit
623 4461 721 4501 eos
764 4442 1083 4500 inefﬁcacia
1136 4441 1408 4499 avaritiae.
1469 4442 1727 4515 Fugiunt
1774 4446 1931 4502 enim

2048 3282 2279 3349 divites,
2311 3286 2604 3358 exsurgite
2635 3288 2763 3357 (Isa.
2797 3304 2975 3356 xxxn,
3008 3290 3087 3362 9).
3119 3314 3147 3343 »

2050 3488 2163 3571 Cur.
2179 3486 2401 3571 iiii-appr
2430 3489 2608 3571 ᾼριξςιὺ
2634 3506 2835 3561 panem
2862 3507 3023 3548 suum
3052 3513 3162 3552 non
3207 3502 3697 3561 manducasse.Ab-

2118 3560 2386 3645 .s‘tineatias
2403 3560 2663 3645 udiuitnia
2682 3578 2747 3645 ae
2769 3579 3079 3645 pauperum
3100 3571 3322 3645 elegans
3338 3580 3693 3645 comparatio.

2119 3631 2344 3719 Quanta.
2362 3633 2434 3686 sit
2460 3633 2697 3719 stultitia
2727 3631 3038 3719 luereitibus
3067 3631 3697 3719 opesisollicile‘compa-

2116 3718 2280 3769 rare;
2309 3702 2479 3774 deque
2508 3704 2695 3759 divitis
2725 3705 3012 3776 cujusdam
3039 3702 3310 3767 sordibus.

2120 3820 2205 3874 15.
2240 3840 2268 3869 «
2303 3819 2369 3873 Et
2401 3836 2516 3875 non
2566 3821 2959 3888 manducavit,
3012 3822 3225 3896 inquit,
3281 3845 3488 3897 panem
3520 3847 3696 3887 suum

2045 3907 2144 3979 (III
2176 3908 2300 3978 Reg.
2333 3924 2448 3976 xxr,
2480 3909 2572 3981 4);
2607 3909 2921 3982 nqnoniam
2961 3915 3256 3982 quaerebat
3282 3916 3559 3969 alienum.
3594 3923 3696 3973 Et-

2012 3997 2201 4051 enim
2233 3997 2441 4053 divites
2472 3997 2663 4071 magis
2692 3999 2949 4054 alienum
3002 4017 3234 4072 panem,
3284 4020 3461 4074 quam
3495 4021 3693 4074 suum,

2043 4085 2420 4152 manducent,
2453 4087 2553 4158 qui
2587 4092 2751 4159 mpto
2780 4088 3003 4156 vivunt,
3035 4094 3093 4145 et
3122 4091 3343 4163 rapinis
3391 4098 3695 4165 sumptum

2044 4178 2311 4230 exercent
2339 4191 2537 4230 suum.
2571 4177 2684 4230 Aut
2728 4182 2881 4232 certe
2932 4194 3045 4233 non
3078 4179 3454 4236 manducavit
3482 4197 3694 4252 panem

2044 4280 2239 4331 suum,
2271 4261 2474 4345 volens
2505 4282 2566 4320 se
2599 4270 2788 4321 morte
2845 4266 3151 4331 mulctare,
3200 4270 3356 4339 quod
3386 4269 3439 4325 ei
3469 4269 3689 4344 aliquid

2043 4358 2373 4425 negaretur.

2115 4442 2202 4496 l6.
2235 4443 2514 4513 Compara
2552 4459 2708 4497 nunc
2746 4444 3019 4500 all‘ectum
3072 4447 3368 4517 pauperis.
3402 4447 3560 4504 Nihil
3583 4450 3694 4506 ha-

272 4536 616 4595 ccbabitare
647 4533 1011 4601 hominibus,
1036 4537 1100 4589 et
1128 4531 1259 4606 ideo
1284 4529 1611 4605 excludunt
1657 4532 1880 4591 vicinos
1914 4552 1943 4597 ε,
1963 4548 2008 4613 D
2041 4532 2156 4599 bet,
2191 4534 2247 4586 et
2260 4530 2532 4602 jejunare
2551 4531 2917 4590 voluntarius
2939 4534 3052 4589 nisi
3077 4534 3192 4590 Deo
3218 4537 3694 4610 nescit,jejunare

272 4627 381 4684 sed
410 4626 611 4697 fugere
638 4640 753 4680 non
775 4626 1062 4695 possunt;
1088 4620 1229 4693 quia
1257 4636 1392 4675 cum
1413 4618 1520 4675 hos
1551 4619 1925 4691 excluserint,

274 4715 429 4771 alios
461 4728 695 4768 rursum
727 4711 1032 4767 inveniunt
1063 4713 1167 4767 :et
1197 4725 1332 4765 cum
1391 4707 1525 4765 illos
1555 4709 1930 4783 propulsave-

270 4802 503 4873 rint,ad
532 4800 782 4859 aliorum
796 4815 1034 4857 necesse
1063 4803 1155 4857 est
1182 4815 1283 4856 eos
1306 4797 1579 4855 viciniam
1602 4801 1929 4872 pervenire.

273 4893 400 4953 Soli
451 4889 607 4950 enim
656 4905 833 4964 super
877 4894 1098 4947 terram
1144 4887 1424 4944 habitare
1488 4905 1603 4945 non
1655 4895 1924 4962 possunt.

272 4990 433 5040 Aves
464 4982 670 5039 avibus
693 4997 755 5037 se
785 4976 1375 5051 associant,'denique
1393 4976 1649 5051 ingentis
1669 4978 1927 5051 plerum-

272 5089 393 5148 que
423 5070 678 5145 agminis
708 5068 901 5126 volatu
937 5067 1148 5125 coelum
1178 5067 1466 5125 obtexitur
1488 5084 1502 5123 :
1525 5082 1704 5141 pecus
1734 5068 1931 5141 pecori

352 5217 429 5287 (4)
461 5213 675 5269 Omnes
708 5213 871 5287 edit.,
892 5211 1044 5287 Nihil
1072 5211 1222 5287 εηὺῃ
1248 5209 1365 5287 ruit
1385 5210 1631 5266 alienum
1654 5211 1929 5287 possidere

279 5255 505 5345 Omnes
534 5302 704 5351 mss.,
765 5255 920 5342 Νἰῆίὶ
950 5284 1097 5339 enim
1126 5282 1239 5338 vui:
1269 5283 1507 5338 alterum
1528 5255 1817 5353 possidere.

350 5360 450 5430 (4)⁸
482 5357 635 5430 inter
674 5357 851 5430 verba
909 5355 1021 5411 ista
1063 5356 1383 5430 aestimetur.
1420 5354 1728 5430 Daganum,
1778 5370 1923 5430 mss.

277 5424 455 5487 multi
486 5428 739 5499 bonique
774 5428 1042 5483 inserunt
1088 5425 1428 5497 sequentia:
1478 5424 1657 5480 Nolite
1702 5426 1800 5480 hoc
1838 5429 1925 5552 ga-

277 5518 417 5552 rere.
449 5501 580 5552 auia
614 5505 758 5552 Deus
814 5514 1106 5552 pauperem
1139 5511 1248 5551 non
1291 5496 1521 5552 spernit.
1572 5493 1737 5552 Unus
1764 5495 1833 5550 Al
1883 5539 1924 5552 ..

269 5518 417 5567 cere,
449 5501 580 5571 quia
614 5493 758 5555 Deus
811 5514 1106 5571 pauperem
1139 5493 1248 5551 rion
1291 5496 1528 5571 spernit:
1572 5493 1737 5571 Unus
1764 5493 1924 5571 All)”

266 5564 582 5648 pauperem
610 5564 1103 5648 inspicit.__Verum
1129 5584 1264 5624 cum
1296 5564 1484 5648 neque
1512 5564 1737 5648 in_aliis
1766 5564 1923 5648 cedi;

2039 4620 2152 4675 nisi
2184 4637 2251 4674 ex
2281 4620 2628 4676 necessitate
2658 4638 2773 4676 non
2808 4624 2982 4679 novit.
3018 4623 3259 4690 Divites,
3285 4625 3512 4697 eripitis
3560 4628 3691 4699 qui-

2044 4710 2173 4765 dem
2201 4708 2553 4781 pauperibus
2577 4710 3119 4779 universa,aul‘ertis
3140 4713 3509 4781 omnia,nibil
3525 4714 3693 4769 relin-

2042 4798 2225 4871 quitis
2248 4814 2509 4870 :pcenam
2539 4803 2735 4855 tamen
2765 4817 3089 4874 pauperum
3106 4819 3208 4856 vos
3233 4802 3689 4873 potius,divites,

2041 4886 2367 4943 sustinetis.
2402 4886 2487 4942 Illi
2511 4888 2809 4960 jejunant,
2845 4891 2893 4946 si
2929 4908 3042 4946 non
3074 4890 3365 4957 habeant;
3398 4906 3520 4956 vos,
3552 4906 3687 4945 cum

2040 4975 2288 5032 habetis.
2312 4977 2358 5031 A
2378 4976 2539 5032 vobis
2568 4977 2749 5050 igitur
2774 4980 2941 5050 prius
2962 4995 3190 5051 poenam
3223 4977 3474 5049 exigitis,
3507 4994 3687 5048 quam

2039 5065 2396 5140 pauperibus
2428 5057 2699 5138 irrogati's
2731 5068 2831 5137 (7).
2867 5072 2984 5123 Vos
3028 5066 3208 5137 igitur
3250 5070 3441 5121 vestro
3474 5066 3684 5121 all‘ectu

2039 5208 2240 5267 religio
2267 5209 2401 5267 fuit.

2111 5279 2186 5354 (6)
2227 5282 2376 5339 Edit.
2426 5298 2560 5354 cum
2612 5285 2774 5354 parte
2831 5297 2999 5349 mss.,
3050 5280 3161 5354 Hic,
3194 5296 3341 5352 ager.
3395 5279 3507 5338 Alii
3551 5282 3680 5339 cod.

2040 5352 2224 5410 multo
2259 5353 2466 5425 majori
2497 5352 2874 5421 nunieroJIic
2900 5370 3017 5425 aer.
3054 5353 3119 5407 Et
3148 5352 3296 5407 hanc
3327 5371 3519 5409 veram
3554 5372 3684 5412 esse

2036 5424 2633 5498 lectionem’patetex
2664 5424 3067 5498 superioribus
3096 5425 3228 5498 :Segt
3256 5426 3460 5498 mlum"
3479 5428 3680 5498 ipsum,

2036 5515 2149 5566 aer,
2176 5512 2357 5571 mare,
2379 5494 2500 5551 'etc.
2530 5496 2642 5550 Nec
2676 5494 3006 5571 impropria
3033 5495 3246 5571 locutio
3277 5504 3384 5552 est.
3417 5494 3683 5571 Namque

2036 5570 2191 5641 apud
2222 5569 2497 5643 probatos
2527 5567 2797 5623 auctores
2824 5567 3134 5641 reperitur,
3164 5568 3410 5624 homines
3446 5586 3569 5625 aere
3590 5567 3680 5627 ὐἰ-

271 5638 470 5722 cibus,
498 5638 776 5722 neque'in
806 5641 944 5700 edit.
960 5640 1095 5722 ullis
1127 5638 1509 5722 reperiantur,
1542 5641 1718 5722 atque
1746 5639 1924 5722 etiam
2032 5638 2179 5722 vere.

271 5710 790 5787 videantur'paulo
821 5712 1127 5786 coaetiora,
1159 5710 1218 5771 in
1277 5713 1435 5771 textu
1475 5725 1542 5771 ea
1588 5710 1923 5788 imprimere

2106 5714 2185 5789 (7)
2239 5712 2330 5770 Sic
2381 5727 2524 5769 mss.
2577 5727 2799 5785 omnes,
2852 5730 2916 5771 ac
2948 5717 3056 5771 vet.
3108 5712 3284 5772 edit.:
3337 5712 3506 5772 Rom.
3547 5728 3681 5783 vero
