4104 6156
606 310 715 371 771

605 440 766 496 luitis
799 437 1023 491 miserae
1073 433 1431 507 paupertatis
1478 450 1807 490 aerumnas:
1859 437 1915 489 et
1959 452 2245 506 pauperes

603 527 841 602 quidem
874 542 990 580 non
1020 524 1238 580 habent
1269 540 1383 596 quo
1436 527 1717 591 utantur;
1768 540 1870 578 vos
1919 527 2112 579 autem
2148 540 2253 579 nec

604 616 717 690 ipsi
746 613 1005 682 utimini,
1041 630 1147 670 nec
1177 612 1321 668 alios
1374 613 1452 667 uti
1506 612 1723 669 sinitis.
1782 611 2000 668 Eruitis
2040 630 2252 669 aurum

601 708 675 764 de
719 702 941 762 metalli
987 703 1169 769 venis,
1229 701 1332 758 sed
1385 719 1623 757 rursum
1677 701 2038 758 absconditis
2082 701 2249 757 illud.

602 798 961 863 Quantorum
993 794 1141 848 vitas
1171 791 1229 846 in
1262 791 1360 846 illo
1392 790 1655 847 intoditis
1685 808 1828 847 auro
1856 791 1869 845 Ξ

674 887 757 941 17.
805 883 906 940 Cui
956 881 1057 937 illa
1104 884 1427 947 servantur,
1479 897 1612 936 cum
1665 879 1927 951 legeritis
1971 881 2042 937 de
2073 897 2247 937 avaro

600 974 808 1031 divite:
847 993 875 1020 «
904 969 1234 1025 Thcsauros
1266 969 1484 1035 condit,
1512 972 1569 1023 et
1601 968 1829 1041 ignorat
1870 968 1962 1023 cui
2011 985 2252 1040 congre-

597 1070 695 1136 gat
723 1078 822 1117 eos
853 1061 1025 1132 (Psul.
1057 1074 1292 1122 xxxvm,
1325 1058 1425 1127 7)?
1457 1081 1483 1107 ››
1516 1058 1708 1113 Haeres
1738 1056 1963 1112 otiosus
2008 1074 2246 1129 exspec-

600 1156 702 1220 tat,
725 1150 908 1206 hzeres
931 1149 1269 1204 fastidiosus
1301 1148 1579 1219 increpat,
1605 1146 1760 1218 quod
1794 1163 1922 1202 sero
1946 1146 2245 1200 moriemi-

597 1242 676 1297 ni.
727 1240 861 1296 Odit
926 1240 1283 1293 incrcmenta
1329 1236 1683 1291 haereditatis
1724 1252 1863 1302 sure,
1915 1235 1988 1290 ad
2031 1235 2248 1290 damna

595 1330 848 1386 festinat.
902 1328 1049 1391 Quid
1100 1326 1277 1398 igitur
1326 1325 1619 1391 miserius,
1674 1324 1907 1395 quando
1955 1340 2057 1378 nec
2089 1324 2243 1394 apud

597 1420 761 1475 illum
796 1417 887 1473 cui
918 1414 1479 1487 laboratis,gratiam
1514 1411 1962 1485 derclinquitis?
2006 1412 2246 1484 Propter

594 1510 757 1565 illum
788 1506 922 1563 totis
957 1512 1222 1561 moestam
1256 1505 1460 1559 diebus
1494 1503 1752 1559 toleratis
1786 1503 2021 1567 famem,
2054 1503 2242 1573 quoti-

591 1600 768 1655 diana
802 1613 1017 1652 mensre
1066 1600 1268 1649 vestrae
1322 1593 1540 1647 damna
1589 1595 1953 1646 metuentes:
2007 1594 2245 1662 propter

590 1687 758 1743 illum
791 1686 1003 1741 diurna
1031 1680 1330 1739 adornatis
1353 1681 1601 1752 jejunia.
1633 1683 1728 1751 (Βῇ.
1998 1675 2007 1679 ’

663 1779 745 1831 13.
781 1774 920 1829 Novi
968 1790 1072 1844 ego
1104 1770 1338 1825 divitem
1394 1770 1450 1824 iu
1494 1786 1702 1840 agrum
1752 1768 2238 1841 proficiscentem,

589 1881 769 1937 panes
804 1860 1093 1917 breviores
1123 1859 1263 1913 urbe
1293 1856 1515 1913 delatos
1551 1872 1859 1912 numerare
1893 1855 2117 1921 solere;
2176 1858 2240 1909 ut

588 1971 690 2025 pro
722 1968 964 2017 numero
998 1950 1164 2022 panis
1191 1948 1582 2004 mstimaretur
1628 1951 1769 2018 quot
1817 1945 1939 2000 dies
1992 1944 2049 1999 in
2098 1960 2236 2015 agro

587 2044 819 2098 futurus
851 2043 1023 2096 esset.
1082 2037 1323 2094 Nolebat
1379 2037 1755 2107 obsignatum
1815 2033 2039 2106 aperire
2099 2032 2233 2087 hor—

587 2149 773 2199 reum,
807 2147 878 2186 ne
908 2129 1047 2201 quid
1082 2128 1152 2182 de
1183 2126 1412 2182 condito
1448 2126 1826 2179 minueretur.
1878 2123 2030 2179 570
2060 2122 2233 2177 Panis

587 2239 741 2276 unus
773 2218 1023 2292 singulis
1054 2217 1260 2272 diebus
1291 2214 1809 2287 deputabatur,qui
1849 2218 2108 2267 tenacem
2141 2212 2232 2265 vix

586 2311 798 2365 satiare
829 2311 1045 2381 posset.
1078 2305 1339 2377 Comperi
1374 2304 1548 2359 etiam:
1580 2305 1695 2357 veri
1716 2303 1827 2357 fide
1858 2302 2017 2373 (0),si
2054 2317 2232 2372 quau-

584 2400 656 2454 do
688 2398 738 2453 ei
770 2413 943 2454 ovum
976 2399 1127 2451 esset
1158 2392 1692 2465 appositum,queri
1726 2392 1877 2463 quod
1913 2389 2108 2461 pullus
2138 2407 2227 2443 es-

582 2490 671 2544 set
697 2487 945 2543 occisus.
979 2484 1096 2539 Hoc
1128 2483 1254 2537 ideo
1286 2483 1501 2549 scribo,
1529 2486 1592 2535 ut
1624 2478 1989 2552 cognoscatis
2041 2478 2226 2532 vindi-

581 2593 705 2632 cem
736 2592 863 2632 esse
895 2573 994 2630 Dei
1019 2572 1335 2644 justitiam,
1388 2588 1514 2642 qua:
1565 2568 1853 2641 lacrymas
1898 2583 2223 2640 pauperum

578 2669 767 2722 vestro
799 2663 1119 2720 ulciscatur
1141 2659 1384 2731 jejunio.

1228 2748 1457 2804 CAPUT
1496 2747 1561 2801 V.

578 2845 869 2900 Multorum
894 2855 1204 2912 pauperum
1232 2838 1501 2912 sanguine
1530 2853 1593 2890 ac
1636 2838 1745 2890 vita
1788 2838 2033 2912 mustum
2077 2832 2219 2912 diui-

649 2923 763 2969 tum
792 2906 1046 2977 mensas;
1077 2914 1239 2978 atque
1263 2909 1410 2962 inibi
1438 2908 1503 2961 de
1528 2915 1685 2978 putre
1723 2906 1974 2978 qundam,
2007 2906 2159 2974 cujus
2188 2920 2221 2957 α

649 2924 763 2969 tum
792 2927 1007 2967 mensas
1033 2929 1046 2977 ;
1077 2924 1239 2978 atque
1263 2924 1407 2962 2mm
1438 2924 1503 2961 (te
1568 2924 1685 2961 utre
1723 2924 1974 2977 qunuum,
2007 2924 2159 2974 cujus
2188 2924 2219 2957 η

646 2986 814 3039 diuite
840 2983 1013 3037 coacti
1041 2980 1110 3034 ml
1142 2978 1477 3033 vendendum
1506 2924 1707 3047 pllium,
1738 2977 1892 3031 dolor
1938 2992 2004 3031 ac
2053 2978 2219 3032 wstus

646 3056 825 3110 animi
865 3052 1223 3124 pulcherrimi
1270 3050 1693 3105 describuntur:
1746 3051 1875 3102 ilem
1922 3049 2219 3124 immunem

646 3143 757 3184 esse
798 3120 1028 3181 diuitum
1078 3123 1553 3203 duritiam-quam
1597 3124 1816 3191 sumptu
1861 3136 1958 3174 suo
2000 3128 2050 3175 et
2080 3120 2217 3173 luxu

647 3201 781 3270 ipsa?
812 3212 1016 3267 quoque
1040 3197 1238 3264 augent
1271 3192 1548 3248 "mlieres.

648 3287 733 3343 l9.
767 3287 949 3350 Quam
984 3281 1319 3353 religiosum
1342 3284 1496 3335 esset
1517 3280 1891 3352 jejunium,si
1915 3282 2217 3351 sumptum

574 3374 821 3431 convivii
874 3373 958 3427 tui
1005 3372 1313 3442 deputares
1381 3370 1771 3443 pauperibus!
1840 3367 2222 3424 Tolerabilior

566 3465 695 3535 jam
728 3462 889 3517 dives
923 3460 1036 3525 ille,
1069 3460 1238 3531 cujus
1270 3459 1339 3514 de
1386 3476 1588 3514 mensa
1640 3444 1708 3514 ea
1757 3476 1880 3530 qua:
1914 3459 2215 3525 cadebant,

572 3569 798 3625 pauper
844 3551 1095 3605 Lazarus
1144 3548 1453 3621 colligebat
1502 3548 1752 3603 saturari
1803 3547 2215 3619 cupiens;st

570 3640 747 3696 etiam
780 3638 966 3710 ipsius
991 3654 1193 3693 mensa
1226 3636 1541 3692 multorum
1565 3653 1887 3708 pauperum
1913 3636 2219 3691 constabat

570 3728 898 3801 sanguine;
931 3732 987 3783 et
1029 3726 1216 3799 ipsius
1245 3724 1471 3797 pocula,
1506 3724 1829 3781 multorum
1862 3742 2007 3798 quos
2039 3725 2109 3779 ad
2133 3724 2214 3781 la-

570 3832 786 3889 queum
820 3820 1103 3889 coegerat,
1138 3816 1411 3871 rorabant
1442 3831 1728 3870 cruorem.

638 3908 726 3962 20.
760 3906 972 3970 Quanti
1006 3908 1311 3970 necantur,
1344 3909 1408 3959 ut
1438 3904 1599 3960 vobis
1631 3904 1785 3976 quod
1818 3904 2085 3975 delectat,
2118 3921 2215 3976 pa-

567 3994 773 4050 retur?
832 3994 1083 4050 Funesta
1144 3993 1326 4049 fames
1383 3997 1594 4060 vestra,
1646 3993 1877 4047 funesta
1933 3991 2209 4047 luxuries.

568 4082 669 4140 Ille
697 4084 768 4139 de
799 4083 1053 4139 summis
1082 4080 1441 4138 culminibus
1470 4080 1608 4148 ruit,
1663 4084 1725 4136 ut
1757 4081 2065 4137 frumentis
2096 4099 2215 4137 am-

566 4171 661 4244 pla
701 4172 908 4228 vestris
956 4170 1323 4242 receptacula
1365 4174 1734 4242 praepararet.
1788 4170 1889 4226 Ille
1925 4171 1996 4225 de
2028 4168 2209 4226 subli-

566 4262 645 4317 mi
700 4262 1006 4318 cacumine
1053 4262 1181 4317 altac
1233 4258 1456 4316 arboris
1505 4259 1738 4327 decidit,
1808 4260 1950 4314 dum
1999 4276 2211 4332 genera

566 4367 807 4405 uvarum
840 4348 1120 4422 explorat,
1156 4366 1303 4421 quas
1334 4349 1575 4419 deferat,
1610 4349 1826 4421 quibus
1856 4349 2034 4422 digna
2072 4366 2209 4405 con-

563 4437 710 4494 vivio
743 4445 841 4494 tuo
872 4438 1006 4494 vina
1028 4437 1475 4495 fundantur.llle
1507 4438 1652 4494 mari
1687 4456 1913 4494 mersus
1935 4443 2040 4506 est,
2066 4440 2207 4494 dum

566 4532 798 4583 veretur
856 4546 926 4583 ne
975 4529 1153 4600 piscis
1206 4545 1418 4583 mensae
1469 4531 1579 4582 tua:
1637 4528 1807 4595 desit,
1845 4532 1946 4583 aut
1995 4534 2203 4584 ostrea.

566 4614 664 4672 Ille
693 4616 945 4672 brumali
976 4617 1189 4689 frigore
1237 4618 1377 4672 dum
1430 4615 1653 4688 lepores
1701 4616 2073 4689 investigare,
2106 4622 2208 4673 aut

560 4704 788 4777 laqueis
815 4705 1016 4762 studet
1060 4722 1191 4761 aves
1240 4710 1496 4776 captare,
1544 4703 1804 4776 diriguit.
1852 4704 1951 4760 Ille
1982 4711 2115 4762 ante
2143 4723 2205 4762 o-

558 4865 723 4920 quam
748 4848 1081 4920 pauperibus
1114 4848 1357 4916 negetis.
1407 4844 1573 4911 Male,
1624 4863 1738 4900 non
1790 4848 1943 4902 enim
1977 4847 2033 4903 id
2083 4848 2206 4903 vult

556 4919 905 4975 AmbrOsius
953 4919 1190 4992 divitem
1241 4922 1411 4992 potus
1463 4934 1690 4987 prunam
1729 4920 1832 4992 abs
1864 4936 1925 4975 se
1954 4920 2201 4992 exigere,

557 5008 733 5061 quam
766 4997 984 5062 eroget,
1023 4990 1128 5044 hoc
1153 4987 1261 5063 est,
1290 4987 2204 5063 eleeinosynnmimpertiatpau-

557 5060 832 5134 perihus;
872 5060 1123 5134 fatgvero
1172 5060 1229 5115 id
1279 5060 1569 5131 significat
1619 5060 1854 5134 divitem
1905 5060 2077 5134 prius'
2098 5065 2204 5119 abs

558 5131 617 5205 se
649 5150 876 5205 poenam
915 5133 1069 5189 illam
1106 5148 1426 5203 reposcere,
1461 5148 1636 5205 quam
1669 5131 1920 5203 irrogat,
1950 5133 2057 5188 hoc
2089 5140 2200 5199 est,

554 5203 1212 5330 Epponi‘tfl)atliperibus,
1245 5219 1395 5275 quos
1425 5203 1494 5258 ad
1529 5208 1843 5275 egestatem
1877 5210 2052 5276 atque
2082 5207 2202 5261 ine-

599 5293 712 5330 iam
744 5293 777 5329 a
822 5294 897 5330 ιρι
936 5319 949 5330 .

599 5278 712 5331 iam
744 5278 949 5347 adigit.

627 5347 704 5419 (ὅ)
736 5348 800 5402 lu
833 5345 937 5404 hac
965 5364 1100 5405 voce
1131 5348 1280 5403 mira
1308 5346 1575 5403 varietas.
1620 5345 1769 5400 Edit.
1800 5352 1951 5419 Avet.,
1994 5348 2205 5404 diurna

555 5416 827 5473 adamans
846 5421 1088 5493 jejum'u.
1125 5420 1311 5474 ltnm..
1348 5419 1763 5493 gtggeratis
1786 5417 2044 5493 icjzuzia._
2070 5420 2202 5493 Plu-

556 5504 648 5562 res
681 5505 710 5562 e
743 5489 911 5560 mss;
940 5492 1234 5559 diuturna,
1281 5489 1365 5545 vel
1412 5489 1638 5562 diurna,
1689 5489 1949 5545 toleratis.
1983 5490 2199 5562 Aliqui,

555 5559 824 5634 uti/libatis
840 5559 1102 5634 jejum'a._
1120 5563 1227 5618 Alii
1278 5562 1564 5634 tandemt
1591 5561 1857 5634 diuturno
1912 5559 2203 5634 adlia’Ifrtz's

544 5632 780 5709 jejunio.
834 5630 1039 5693 verum
1090 5631 1399 5696 lectionem
1472 5631 1693 5693 habent
1744 5630 1996 5708 Thuan.,
2057 5633 2203 5693 alter

2066 305 2129 363 S.
2178 304 2551 365 AMBROSII

3810 315 3896 377 7’12

2282 444 2332 503 Α
2364 436 2525 492 culos
2560 440 2708 501 tuos,
2742 435 2789 491 si
2824 436 2963 507 quid
2995 434 3135 491 forte
3174 434 3485 508 displicuit,
3539 440 3813 498 verberatur
3847 448 3895 500 ad

2370 530 2636 595 mortem,
2671 530 2845 596 atque
2879 524 3036 597 ipsas
3065 523 3266 597 epulas
3298 525 3424 581 fuso
3466 531 3711 601 respergit
3736 548 3898 590 cruore.

2364 614 2622 687 Denique
2654 614 2814 669 dives
2844 617 2969 669 erat
2999 613 3097 686 qui
3128 613 3237 669 sibi
3270 615 3339 669 ad
3373 631 3619 672 mensam
3645 625 3786 691 caput
3808 638 3899 692 pro-

2362 702 2546 774 pheta:
2580 702 2855 775 pauperis
2885 702 3069 773 jussit
3098 704 3287 758 afferri
3321 720 3334 759 :
3367 709 3423 759 et
3450 704 3594 760 aliud
3616 708 3745 763 unde
3780 710 3899 765 salta-

2360 791 2487 847 trici
2520 791 2827 865 prtemium
2858 790 3121 857 solveret,
3155 809 3270 848 non
3302 792 3603 863 invenerat,
3624 795 3722 852 nisi
3746 802 3900 870 utpau-

2360 896 2556 951 perem
2578 880 2815 952 juberet
2844 880 3050 936 occidi.

2429 972 2517 1025 2t.
2550 969 2682 1025 Vidi
2716 986 2820 1043 ego
2852 986 3166 1041 pauperem
3198 971 3354 1038 duci,
3383 971 3517 1027 dum
3547 976 3802 1046 cogeretur
3824 975 3901 1030 sol-

2357 1075 2488 1115 vere
2519 1060 2674 1131 quod
2707 1076 2821 1115 non
2853 1059 3127 1125 habebat,
3159 1059 3309 1115 trahi
3341 1060 3412 1115 ad
3443 1063 3833 1134 carcerem,quia
3854 1065 3903 1118 vi-

2357 1164 2499 1202 num
2532 1150 2760 1204 deesset
2790 1148 2860 1202 ad
2894 1165 3161 1205 mensam
3195 1149 3479 1221 potentis;
3511 1150 3813 1206 deducerein
3834 1169 3904 1206 au-

2355 1237 2603 1292 ctionem
2624 1238 2771 1292 filios
2793 1241 3026 1302 suos,ut
3044 1238 3117 1292 ad
3131 1242 3590 1309 tempuspaanam
3611 1238 3803 1293 differre
3818 1255 3905 1311 pos-

2357 1331 2461 1381 set.
2517 1327 2753 1381 lnvento
2803 1326 2949 1379 forte
3007 1325 3210 1397 aliquo
3260 1326 3357 1396 qui
3409 1326 3467 1381 in
3514 1325 3608 1382 illa
3645 1327 3908 1383 necessitate

2354 1416 2708 1480 subveniret,
2743 1415 2892 1469 redit
2924 1416 2991 1469 ad
3046 1414 3364 1487 hospitium
3399 1432 3530 1470 cum
3574 1415 3685 1471 suis
3731 1432 3904 1488 pauper,

2355 1504 2582 1575 direpta
2614 1509 2885 1576 spectans
2917 1504 3134 1569 omnia,
3177 1502 3323 1558 nihil
3375 1504 3482 1559 sibi
3528 1504 3595 1559 ad
3631 1503 3794 1558 cibum
3816 1503 3904 1559 reli-

2355 1593 2934 1664 ctum,ingemiscens
2966 1592 3218 1647 filiorum
3255 1592 3685 1661 famem,dolens
3704 1592 3906 1664 quodeos

2326 1674 2467 1736 inon
2503 1682 2698 1754 potius
2729 1681 2777 1735 ei
2812 1682 2909 1754 qui
2946 1685 3142 1752 posset
3172 1698 3431 1753 pascere,
3476 1680 3804 1737 vendidisset.
3830 1680 3904 1734 lle-

2354 1770 2440 1824 dit
2472 1772 2539 1825 ad
2572 1769 2905 1836 consilium,
2938 1770 3224 1825 vendendi
3258 1769 3439 1825 sumit
3469 1770 3763 1825 arbitrium.
3796 1769 3907 1824 Com-

2351 1859 2693 1931 pugnabant
2722 1864 2914 1914 tamen
2947 1858 3153 1930 inopiae
3184 1858 3422 1929 injuria,
3447 1862 3501 1914 et
3530 1863 3751 1931 paterna:
3778 1856 3904 1929 pieta-

2346 1948 2422 2002 tis
2453 1948 2678 2020 gratia:
2714 1948 2894 2004 fames
2927 1944 3170 2019 urgebat
3226 1949 3296 2002 ad
3349 1947 3614 2021 pretium,
3663 1953 3829 2001 natura
3858 1945 3903 1998 ad

2339 2037 2604 2110 'officium
2633 2055 2644 2091 :
2679 2037 2957 2092 commori
2978 2034 3115 2090 ﬁliis
3145 2042 3584 2110 paratus,quam
3605 2053 3636 2091 a
3658 2034 3771 2089 filiis
3788 2050 3903 2105 sepa-

2347 2127 2484 2191 rari,
2517 2142 2668 2197 saepe
2708 2127 2953 2197 gradum
3006 2124 3265 2197 protulit,
3309 2142 3463 2198 saepe
3511 2124 3779 2180 revocavit.
3809 2121 3905 2175 Vicit

2346 2219 2543 2269 tamen
2580 2216 2637 2270 in
2671 2231 2736 2269 eo
2769 2214 3109 2281 necessitas,
3150 2231 3263 2269 non
3297 2213 3585 2281 voluntas,
3614 2217 3666 2268 et
3692 2212 3793 2284 ipsa
3812 2226 3903 2263 con-

2340 2304 2519 2360 cessit
2552 2305 2738 2375 pietas
2759 2302 3125 2359 necessitati.

2410 2396 2497 2446 22.
2531 2392 2979 2448 Considercmus
3012 2408 3167 2446 nunc
3200 2392 3399 2464 patriae
3452 2390 3656 2446 mentis
3696 2384 3905 2460 procellas

2338 2485 2743 2548 cxszstuantes,
2777 2498 2948 2553 quem
2982 2481 3269 2536 deliberis
3304 2481 3469 2552 prius
3499 2477 3901 2541 traderet.Quem.
3973 2500 3977 2505 ~

2337 2569 2547 2642 inquit,
2584 2571 2829 2625 vendam
2873 2569 3174 2642 priorem?
3230 2570 3358 2625 Scio
3413 2570 3564 2625 enim
3614 2566 3748 2639 quod
3796 2564 3898 2618 Ml

2336 2674 2448 2712 non
2465 2658 2896 2715 satisestunius
2921 2657 3174 2730 pretium
3199 2658 3268 2712 ad
3303 2662 3543 2729 pastum
3593 2655 3901 2725 reliquorum.

2333 2747 2449 2803 Hoc
2496 2746 2686 2802 solum
2732 2748 2892 2803 dives
2942 2747 3265 2803 fecunditas
3312 2748 3386 2801 ad
3420 2760 3740 2802 arumnam.
3767 2741 3899 2803 Quem

2331 2837 2566 2891 offeram
2589 2836 2616 2891 ?
2648 2837 2827 2900 Quem
2863 2836 3139 2891 frumenti
3161 2835 3527 2891 auctionator
3554 2834 3772 2889 libenter
3788 2825 3902 2899 aspi-

2329 2925 2441 2979 ciet
2463 2924 3347 2999 ?Primogenitumolt‘eram?Sed
3371 2925 3597 2998 primus
3627 2938 3709 2977 me
3735 2922 3903 2991 patrem

2328 3013 2567 3069 vocavit.
2598 3014 2700 3069 Hic
2733 3020 2819 3070 cst
2850 3016 3035 3084 major
3065 3032 3133 3069 ex
3166 3012 3322 3084 filiis,
3359 3030 3534 3086 quem
3584 3022 3803 3082 congrue
3827 3004 3900 3060 bo-

2328 3120 2467 3158 noro
2498 3103 2809 3160 seniorem.
2845 3104 2953 3159 Sed
2979 3103 3275 3175 juniorem
3310 3103 3583 3159 dabo?At
3606 3101 3769 3169 istum
3794 3099 3906 3148 tene-

2249 3190 2293 3253 C
2334 3191 2481 3247 riore
2512 3209 2708 3248 amore
2739 3192 3111 3265 complector.
3149 3191 3318 3247 Illum
3353 3187 3803 3256 erubesco,hujus
3827 3179 3906 3235 mi-

2331 3296 2562 3337 sereor:
2595 3279 2755 3336 illius
2786 3281 3057 3353 gradium
3085 3281 3339 3352 suspiro,
3373 3281 3555 3352 hujus
3584 3281 3816 3333 aetatem:
3842 3267 3907 3324 ille

2321 3371 2444 3441 jam
2479 3372 2656 3426 sentit
2685 3387 3027 3436 aerumnam,
3062 3370 3173 3425 istc
3196 3370 3463 3443 ignorat:
3494 3366 3665 3424 ﬂectit
3692 3378 3770 3420 me
3788 3358 3903 3415 illius

2328 3459 2513 3527 dolor,
2546 3459 2726 3531 hujus
2757 3459 3008 3515 inscitia.
3051 3460 3135 3513 Ad
3180 3458 3328 3514 alios
3378 3476 3473 3514 me
3503 3443 3907 3513 conferamﬂlle

2330 3548 2474 3602 mihi
2508 3548 2639 3621 plus
2669 3548 2988 3615 blanditur,
3038 3548 3148 3603 iste
3197 3547 3329 3620 plus
3362 3545 3798 3603 verecundatur:
3840 3531 3905 3587 ille

2326 3638 2549 3709 parenti
2613 3637 2877 3705 similior,
2938 3637 3031 3692 hic
3084 3636 3318 3692 utilior:
3380 3637 3441 3691 in
3499 3635 3596 3690 illo
3654 3626 3905 3701 imaginem

2327 3743 2516 3781 meam
2548 3728 2754 3795 vendo,
2798 3727 2855 3781 in
2897 3727 3007 3782 isto
3056 3743 3219 3798 spem
3272 3728 3477 3799 prodo.
3531 3725 3617 3781 Me
3647 3709 3902 3775 miseruml

2325 3816 2449 3871 Non
2483 3816 2711 3871 invenio
2747 3815 2886 3887 quid
2921 3815 3151 3884 faciam,
3185 3832 3297 3870 non
3352 3815 3540 3870 habeo
3571 3809 3701 3884 quid
3728 3804 3905 3876 eligam.

2324 3904 2776 3960 Circumvallant
2804 3921 2898 3959 me
2930 3904 3107 3961 facies
3139 3903 3906 3970 calamitatumarumnarum

2323 3992 2555 4048 chorus.

2392 4084 2479 4137 23.
2515 4081 2722 4138 Ferina
2750 4082 2871 4137 hmo
2905 4082 3094 4138 rabies
3123 4087 3232 4149 est,
3263 4082 3481 4156 eligere
3530 4093 3697 4152 quem
3741 4069 3907 4127 tradas.

2320 4170 2624 4244 Ferreipsa:
2657 4189 2789 4227 cum
2823 4170 3080 4244 pericula
3109 4172 3422 4227 imminere
3453 4168 3598 4243 proli
3620 4183 3679 4223 ac
3708 4160 3908 4220 sibisen-

2320 4260 2491 4327 tiunt,
2526 4260 2718 4317 solent
2749 4260 2963 4333 eligere
2995 4278 3141 4333 quos
3173 4261 3444 4327 liberant,
3488 4276 3601 4315 non
3649 4266 3779 4329 quos
3810 4245 3910 4333 olle:

2320 4354 2467 4404 rant.
2504 4350 2801 4415 Quomodo
2836 4349 3015 4422 igitur
3044 4349 3373 4406 discernam
3408 4348 3675 4403 affectum
3704 4328 3910 4396 natura?

2318 4438 2617 4502 Quomodo
2649 4437 2982 4504 obliviscar,
3028 4438 3321 4511 quomodo
3359 4454 3570 4494 exuam
3605 4430 3768 4505 patris
3790 4436 3909 4480 men-

2320 4531 2434 4583 tem
2460 4528 2486 4581 ?
2543 4528 2843 4593 Quomodo
2897 4526 3000 4582 filii
3046 4528 3381 4585 auctionem
3413 4512 3908 4582 constituam?0“°

2318 4633 2586 4673 sermone
2609 4616 2869 4690 paciscar
2890 4617 3141 4691 pretium
3165 4618 3192 4673 ?
3207 4618 3437 4685 Quibus
3450 4615 3674 4673 tradam
3689 4602 3909 4665 manibus

2317 4705 2373 4761 in
2405 4706 2744 4763 servitutem
2775 4706 3006 4763 ﬁlium?
3037 4708 3259 4774 Quibus
3290 4706 3485 4763 oculis
3535 4699 3792 4775 aspiciam
3816 4703 3904 4746 δεῖ·

2277 1816 2318 1880 Β

2239 4553 2284 4617 D

2316 4850 2475 4928 Pent.
2514 4854 2570 4905 et
2600 4850 2727 4928 ᾼιὶ).
2758 4852 2932 4928 etiam
2955 4851 3284 4928 alter,quos
3308 4838 3901 4928 sequimuqﬁstpglgﬂ

2312 4922 2525 4977 diurna
2557 4923 2845 4995 adornare
2885 4912 3132 4994 jejunia',
3154 4912 3244 4977 ‘in
3277 4912 3547 4995 singulos
3594 4914 3709 4995 dies
3727 4912 3907 4995 jeisll‘ﬁ

2313 4975 2518 5119 paﬁare
2550 4975 3005 5074 acdisponeg;
3021 4975 3644 5067 qiu‘odlcumrohistoria
3691 4975 3906 5052 sequenti

2354 5082 2381 5119 e
2433 5082 2460 5119 e
2491 5071 2778 5119 congruit.
3831 5116 3838 5119 _

2354 5065 2460 5120 elle
2491 5065 2778 5137 congruit.
3046 5065 3061 5067 “
3520 5131 3545 5137 Α
3730 5124 3739 5134 ,
3786 5116 3838 5137 _‘_.

2383 5138 2457 5207 (tl)
2486 5121 2697 5191 Omiics
2725 5137 2864 5191 edit.
2900 5154 3033 5193 cum
3067 5137 3256 5192 tribus
3294 5152 3469 5207 mss,
3500 5124 3746 5207 Compar},

2314 5198 2421 5281 piri
2439 5198 2627 5278 ﬁdem.
2662 5207 2771 5262 Alii
2804 5225 2949 5281 mss.
2984 5208 3261 5281 partim...
3294 5208 3409 5261 viri
3436 5205 3576 5281 ﬁde:
3610 5198 3905 5281 ﬁﬂﬁllﬂ‘l‘:

2313 5269 2573 5352 hiscum,
2598 5282 2712 5334 υσνί
2741 5279 2875 5352 ﬁde.
2900 5269 3220 5352 Utrumque
3243 5269 3551 5352 commode
3572 5269 3905 5352 capti"???

2312 5355 2455 5405 test:
2491 5338 2751 5422 primum
2781 5351 3018 5422 quidem
3047 5338 3237 5419 ut‘sit,
3285 5345 3546 5421 comperi
3580 5338 3683 5422 fide
3726 5338 3904 5422 etilli"

2310 5413 2647 5494 bitatrfejus
2678 5440 2711 5478 a
2741 5413 2855 5494 quo
2907 5422 3048 5477 mihi
3100 5413 3232 5478 hoc.
3260 5413 3564 5494 narratum
3596 5417 3713 5469 est:
3739 5413 3903 5494 ξςςυξῖς

2310 5478 2784 5568 θυωμευοῐηρεδίί
2837 5511 2901 5550 ea
2944 5496 3056 5552 fide
3108 5511 3281 5567 quam
3335 5492 3550 5548 veritas
3591 5483 3815 5541 meretur
3854 5478 3902 5522 ac

2310 5563 2588 5639 postulat.
