4104 6156
234 333 353 399 7'73

1281 330 1513 395 LIBER
1560 317 1663 395 DE
1709 326 2097 393 NABUTHE
2141 326 2648 398 JEZRAELl'l‘A.

3553 341 3669 404 ⁸174

231 470 530 527 viantem?
587 471 813 536 Quibus
867 468 1077 527 osculis
1140 467 1470 524 discedenti
1525 466 1850 523 valedicam
1872 463 1900 517 ?
1932 464 1985 531 Α
2017 469 2340 536 quemdam
2374 469 2633 542 lapidum
2664 471 2911 527 istorum
2942 488 3068 528 esse
3098 473 3401 547 fulgorem,
3435 477 3535 531 sed
3587 481 3672 531 ta-

231 559 462 624 Quihus
495 560 717 615 factum
748 576 1012 617 excusem
1053 556 1470 615 sermonibus?
1520 556 1647 624 Fili,
1697 571 1805 627 ego
1844 556 1901 609 te

228 664 333 720 pro
367 664 501 703 meo
534 648 669 705 cibo
698 645 1271 705 vendidi.Funestior
1303 661 1444 719 ergo
1467 646 1589 718 jam
1622 642 1901 717 pauperis

226 753 655 809 mensa,quam
687 737 903 795 divitis.
934 737 1035 793 Ille
1063 734 1282 794 addicit
1312 734 1670 808 alienos,ego
1703 748 1902 789 meum

221 825 416 881 vendo
450 841 466 881 :
501 824 607 881 ille
657 826 1066 883 necessitatem
1111 824 1389 897 imponit,
1422 840 1527 898 ego
1576 823 1756 880 affero
1803 838 1902 877 vo-

220 913 545 971 luntatem.
571 915 652 970 Ut
683 915 762 971 sit
789 913 1171 972 excusabilior
1199 913 1686 985 causa,adjiciam
1724 929 1737 967 :
1771 909 1902 981 Fili,

214 1020 328 1076 pro
382 1003 687 1060 fratribus
735 1004 857 1059 tuis
904 1003 1136 1073 servies,
1166 1006 1233 1058 ut
1261 1001 1385 1059 illis
1416 1006 1759 1075 quaerantur
1801 1000 1909 1056 ali-

214 1095 449 1148 menta.
484 1093 561 1147 Et
601 1093 827 1165 Joseph
876 1110 910 1147 a
960 1092 1236 1148 fratribus
1280 1092 1409 1148 suis
1456 1090 1516 1147 in
1565 1091 1906 1148 servitutem

214 1180 620 1237 venundatus
654 1186 766 1251 est,
801 1186 1013 1254 postea
1050 1184 1106 1237 et
1148 1179 1310 1253 ipsos
1365 1184 1421 1237 ct
1468 1184 1693 1252 patrem
1726 1181 1905 1254 pavit.

226 1270 649 1344 Respondebit
679 1275 738 1326 et
766 1270 861 1327 ille
895 1288 907 1326 ε
940 1271 1049 1327 Sed
1082 1287 1195 1325 non
1244 1286 1380 1327 eum
1433 1270 1693 1326 vendidit
1723 1276 1907 1343 pater,

233 1367 292 1418 at
323 1361 486 1417 tlevit
519 1360 867 1416 amissum:
908 1360 1009 1416 sed
1056 1362 1257 1433 postea
1304 1359 1480 1415 etiam
1526 1358 1655 1432 ipse
1698 1360 1758 1415 in
1807 1376 1910 1432 po-

237 1454 514 1508 testatem
549 1448 759 1504 divitis
788 1448 962 1515 venit,
998 1453 1055 1504 et
1084 1449 1174 1503 vix
1205 1447 1395 1521 poluit
1422 1446 1676 1503 liberari.
1705 1448 1910 1504 Postea

242 1557 428 1615 genus
482 1539 621 1611 ejus
675 1537 893 1594 divitiis
946 1538 1166 1611 Egypti
1217 1536 1405 1592 multa
1455 1541 1621 1594 mtate
1651 1538 1907 1594 servivit.

244 1629 439 1685 Vende
472 1644 572 1684 me
605 1631 924 1701 postremo,
958 1631 1140 1699 pater,
1182 1642 1250 1682 ea
1282 1626 1631 1694 conditione,
1668 1643 1737 1682 ne
1768 1627 1914 1682 divi-

243 1722 330 1775 tes
363 1719 596 1773 emant.

2017 571 2155 610 men
2190 558 2473 630 lapidum.
2507 561 2574 615 Et
2621 559 2734 633 ipsi
2779 562 3096 617 admonent
3143 566 3343 618 contra
3392 570 3664 621 naturam

2017 644 2279 716 expoliti,
2314 652 2379 702 ut
2409 663 2682 704 saxorum
2715 649 3067 722 deponerent
3099 652 3478 724 aspiritatem,
3512 654 3666 725 rigo-

2022 750 2147 789 rem
2180 736 2369 809 magis
2400 738 2614 793 mentis
2671 755 2799 797 esse
2847 740 3253 812 expoliendum
3305 758 3482 813 quam
3525 742 3675 815 lapi-

2024 822 2189 878 dum.

2028 984 2203 1052 Quam
2224 985 2383 1039 nulla
2414 986 2486 1040 sit
2510 1002 2671 1055 opum
2700 988 2945 1057 efﬁcacia
2975 994 3024 1043 rt
3052 1006 3151 1043 cur
3182 991 3300 1046 illm
3327 990 3534 1045 divitiae
3574 1003 3674 1045 av-

2094 1056 2400 1132 pellentur.
2418 1056 2759 1132 Miseriorem
2785 1074 2898 1132 esse
2921 1060 3154 1132 divitum
3181 1078 3344 1132 quam
3369 1061 3675 1132 mancipio-

2096 1144 2221 1199 rum
2253 1129 2564 1183 servitutem
2597 1148 2614 1183 :
2646 1131 2745 1184 ubi
2776 1131 2918 1183 locus
2950 1130 3037 1183 Im:
3073 1129 3375 1199 Evangelii.
3410 1129 3565 1197 Quid
3589 1130 3675 1184 fa-

2098 1198 2319 1275 ciam...
2349 1199 2645 1275 destruam
2681 1201 2887 1255 horrea
2922 1220 3069 1269 mea,
3102 1207 3232 1271 etc.,
3261 1206 3355 1274 pic
3381 1220 3444 1256 uc
3480 1203 3676 1275 fecun-

2099 1269 2164 1323 de
2194 1270 2538 1340 arpcmlitur.

2097 1360 2188 1412 27.
2223 1359 2362 1423 Quis
2394 1360 2593 1415 artifex
2627 1377 2810 1415 unum
2839 1360 2991 1415 diem
3024 1361 3151 1415 vitae
3186 1360 3439 1417 hominis
3491 1359 3681 1432 potuit

2026 1447 2383 1519 adjungere?
2413 1448 2591 1511 Quem
2624 1448 2834 1503 divitiae
2885 1451 3010 1519 ejus
3055 1449 3124 1503 ab
3177 1449 3374 1505 inferis
3411 1451 3678 1506 redeme—

2026 1535 2199 1590 runt?
2231 1535 2411 1607 Cujus
2443 1536 2844 1609 zegritudinem
2876 1538 3117 1611 pecunia
3149 1538 3513 1612 mitigavit?«
3548 1538 3677 1593 Non

2028 1626 2088 1680 in
2131 1624 2491 1681 abundantia
2538 1625 2892 1693 divitiarum,
2941 1626 3148 1699 inquit,
3200 1628 3316 1683 vita
3365 1627 3492 1698 ejus
3523 1628 3675 1697 (Luc.

2028 1731 2129 1780 xu,
2165 1714 2309 1784 15).»
2341 1714 2407 1768 Et
2438 1714 2574 1769 alibi
2609 1714 2815 1769 :«Nihil
2852 1721 3096 1788 prosunt
3124 1716 3382 1771 thesauri
3408 1716 3675 1787 injustis;

310 1809 400 1863 24.
438 1805 622 1873 Haesi,
659 1806 840 1860 fateor
873 1822 884 1860 :
917 1820 1118 1860 verum
1173 1804 1312 1877 quid
1373 1804 1630 1860 faciam?
1669 1805 1909 1860 Nullum
1947 1835 1996 1898 Β
2024 1800 2258 1871 justitia
2290 1805 2482 1856 autem
2515 1801 2722 1857 liberat
2752 1820 2786 1857 a
2816 1809 2998 1858 morte
3033 1807 3212 1875 (Prov.
3246 1822 3299 1871 χ,
3333 1804 3445 1874 2).»
3471 1803 3680 1859 Merito

242 1893 540 1951 vendam?
580 1893 690 1950 Sed
725 1893 862 1949 dum
896 1910 1081 1949 unum
1113 1893 1441 1963 considero,
1473 1910 1676 1951 omnes
1706 1893 1914 1950 videbo

245 1987 397 2041 fame
430 1987 770 2058 pereuntes.
813 1982 871 2039 Si
925 1999 1108 2038 unum
1155 1982 1408 2051 tradam,
1462 1983 1677 2056 quibus
1725 1982 1915 2040 oculis

238 2074 451 2130 videbo
484 2076 731 2129 caeteros
757 2073 827 2127 de
860 2088 989 2128 mea
1018 2072 1319 2145 impietate
1340 2078 1744 2145 suspectos,ne
1765 2072 1914 2129 alios

244 2179 483 2236 quoque
535 2161 832 2217 vendam?
861 2178 975 2231 quo
1021 2161 1244 2233 pudore
1291 2162 1590 2235 regrediar
1619 2164 1862 2218 domum
1886 2161 1915 2215 ?

247 2252 558 2317 Quomodo
590 2250 864 2306 intrabo?
894 2252 1017 2316 Quo
1048 2249 1327 2307 habitabo
1358 2250 1587 2319 affectu,
1621 2252 1721 2324 qui
1764 2250 1915 2306 mihi

251 2341 537 2415 abnegavi
572 2338 896 2412 filium(10),
930 2356 1105 2411 quem
1137 2357 1250 2397 non
1284 2339 1526 2397 morbus
1556 2340 1912 2414 absumpsit,

252 2448 373 2487 non
417 2446 580 2486 mors
629 2427 912 2485 abstulit?
958 2430 1083 2494 Qua
1129 2427 1485 2485 conscientia
1531 2429 1914 2485 considerabo

252 2537 522 2575 mensam
555 2534 769 2585 meam,
802 2534 979 2589 quam
1025 2518 1179 2573 sicut
1227 2516 1465 2573 novellae
1512 2517 1797 2573 olivarum
1855 2519 1914 2572 in

249 2607 504 2665 circuitu
537 2611 625 2662 tot
653 2605 757 2660 filii
786 2605 1149 2661 vestiebant?
1459 2681 1462 2684 ῃ

326 2698 419 2753 25.
452 2696 581 2751 Haec
610 2710 831 2768 pauper
859 2699 914 2751 te
944 2700 1227 2767 praesente
1256 2694 1606 2768 deplorat,et
1637 2697 1745 2752 tibi
1776 2712 1913 2751 ava-

246 2785 393 2844 ritia
424 2801 623 2841 aurern
651 2783 1033 2852 obstruit,nec
1057 2801 1224 2841 mens
1255 2789 1357 2841 tua
1388 2785 1523 2841 facti
1556 2785 1915 2843 miserabilis

246 2876 497 2931 horrore
527 2871 807 2929 mollitur.
840 2873 1022 2928 Totus
1054 2872 1306 2946 populus
1340 2873 1690 2947 ingemiscit,
1723 2879 1782 2931 et
1823 2890 1915 2929 so-

244 2966 350 3021 lus
400 2963 561 3019 dives
612 2978 727 3017 non
782 2961 1050 3028 ﬂecteris,
1086 2979 1190 3019 nec
1219 2962 1391 3019 audis
1420 2963 1782 3035 Scripturam
1823 2963 1912 3019 di-

248 3056 487 3110 centem
541 3068 552 3106 :
609 3072 637 3099 «
698 3049 876 3105 Perde
933 3050 1237 3122 pecuniam
1297 3055 1533 3123 propter
1587 3053 1822 3108 fratrem
1858 3054 1916 3106 et

248 3141 603 3207 amicum,et
621 3155 730 3194 non
748 3138 1071 3195 abscondas
1091 3156 1218 3196 eam
1237 3140 1347 3196 sub
1369 3139 1562 3219 lapide
1583 3141 1643 3197 in
1662 3144 1914 3197 mortem

2030 1889 2241 1947 clamat
2272 1890 2555 1963 propheta
2589 1908 2601 1945 :
2641 1913 2667 1939 ‹‹
2696 1890 2912 1947 Divitiae
2962 1893 3009 1948 si
3061 1892 3325 1962 affluant,
3357 1892 3533 1948 nolite
3583 1909 3683 1947 cor

2030 1995 2320 2051 apponere
2370 1980 2539 2049 (Psal.
2594 1997 2705 2044 LXI,
2759 1982 2869 2051 11).
2899 2004 2924 2030 ι)
2958 1980 3101 2045 Quid
3150 1980 3307 2036 enim
3354 1980 3493 2035 mihi
3545 1996 3681 2052 pro-

2030 2071 2190 2135 sunt,
2224 2068 2273 2122 si
2325 2085 2417 2123 me
2447 2086 2479 2124 a
2523 2072 2710 2123 morte
2756 2067 3001 2126 liberare
3050 2086 3163 2125 non
3215 2068 3502 2141 possunt?
3531 2068 3680 2134 Quid

2031 2155 2176 2211 mihi
2227 2161 2495 2228 prosunt,
2539 2157 2586 2213 si
2636 2173 2863 2213 mecum
2913 2164 3045 2231 post
3091 2161 3337 2214 mortem
3387 2172 3513 2212 esse
3563 2175 3681 2215 non

2030 2246 2321 2318 possunt?
2347 2246 2448 2302 Hic
2479 2246 2882 2318 acquiruntnr,
2916 2248 3009 2305 hic
3042 2248 3476 2320 relinquuntur.
3511 2247 3681 2305 Som-

1982 2391 1985 2394 ,
2030 2334 2195 2390 nium
2254 2334 2435 2406 igitur
2478 2335 2796 2408 loquimur,
2850 2355 2964 2393 non
3017 2337 3460 2411 patrimonium.
3520 2337 3684 2395 Unde

2028 2424 2176 2479 bene
2227 2425 2306 2479 ait
2353 2424 2506 2480 idem
2537 2424 2824 2495 PrOpheta
2873 2427 2944 2481 de
2993 2427 3319 2483 divitibus:
3362 2446 3381 2472 (ί
3417 2426 3682 2483 Dormie-

1995 2517 2167 2567 'runt
2215 2529 2486 2568 somnum
2538 2529 2736 2577 suum,
2769 2519 2826 2569 et
2874 2515 3018 2570 nihil
3074 2517 3422 2571 invenerunt
3477 2532 3683 2574 omnes

2027 2602 2134 2657 viri
2166 2601 2500 2657 divitiarum
2553 2602 2611 2656 in
2662 2602 2934 2659 manibus
2983 2605 3108 2659 suis
3135 2605 3305 2674 (Psal.
3341 2620 3502 2670 Lxxv,
3531 2606 3619 2676 6);
3655 2631 3682 2657 υ

2028 2692 2137 2746 hoc
2168 2697 2255 2746 est
2287 2690 2476 2747 dicere
2505 2710 2516 2746 :
2550 2689 2703 2746 Nihil
2740 2690 3084 2748 invenerunt
3135 2692 3193 2747 in
3243 2690 3517 2763 operibus
3558 2695 3685 2753 suis

2028 2779 2259 2846 divites,
2286 2780 2382 2852 qui
2419 2778 2563 2834 nihil
2598 2781 2955 2853 pauperibus
3004 2779 3375 2836 contulerunt
3410 2796 3422 2835 :
3459 2780 3682 2840 nullius

2023 2869 2304 2941 juverunt
2333 2869 2612 2941 inopiam,
2647 2869 2793 2924 nihil
2825 2871 2894 2926 ad
2928 2871 3242 2927 utilitatem
3296 2885 3463 2924 suam
3514 2872 3686 2942 proti-

2028 2959 2187 3014 ciens
2222 2958 2471 3031 reperire
2503 2962 2835 3031 potuerunt.

2100 3050 2186 3103 28.
2224 3049 2422 3121 Ipsum
2455 3065 2665 3103 nomen
2699 3049 3022 3106 considera.
3056 3050 3244 3105 Ditem
3295 3049 3495 3104 dicunt
3543 3067 3681 3123 gen-

2028 3136 2161 3193 tiles
2192 3138 2512 3194 inferorum
2564 3138 2900 3209 przesulem,
2931 3139 3213 3195 arbitrum
3268 3139 3472 3193 mortis
3502 3139 3683 3196 ditem

250 3231 447 3304 (Ecclz'.
479 3204 629 3293 xm,
660 3228 747 3295 13)
801 3250 827 3277 ››
861 3228 929 3282 Et
958 3228 1096 3300 quia
1142 3246 1258 3285 non
1308 3204 1501 3295 audis,
1528 3204 1671 3285 [ideo
1720 3228 1911 3287 excla-
1946 3204 1989 3270 C
2030 3226 2326 3299 appellant
2356 3230 2412 3283 et
2442 3204 2703 3290 divitem,
2738 3204 2895 3300 quod
2943 3228 3055 3283 nisi
3108 3232 3354 3283 mortem
3400 3228 3559 3283 dives
3594 3230 3680 3284 in-

250 3323 386 3375 mat
436 3315 812 3373 Ecclesiastes
867 3315 1067 3372 dicens
1104 3335 1116 3374 :
1151 3341 1179 3369 «
1231 3318 1335 3373 Est
1389 3317 1638 3390 languor
1693 3318 1910 3385 malus,

258 3424 446 3481 quem
475 3404 593 3461 vidi
642 3404 752 3459 sub
802 3402 941 3472 sole,
988 3405 1221 3463 divitias
1269 3405 1549 3462 custodiri
1580 3406 1637 3462 in
1687 3406 1913 3462 malum

253 3494 618 3570 possidentis
649 3509 748 3548 eas
779 3493 969 3565 (Eccle.
1004 3511 1057 3558 v,
1100 3495 1204 3566 t2).
1234 3519 1254 3545 ιο
1291 3495 1400 3551 Sed
1434 3493 1679 3552 fortasse
1710 3496 1915 3551 redeas

255 3587 507 3641 domum
557 3587 613 3639 et
666 3598 796 3638 cum
847 3599 1023 3638 uxore
1061 3584 1324 3640 conferas
1359 3601 1371 3638 :
1406 3582 1506 3638 illa
1546 3588 1601 3640 te
1648 3584 1917 3640 hortetur

256 3679 327 3729 ut
358 3672 613 3728 redimas
641 3673 1060 3728 venundatum.
1097 3673 1217 3729 Imo
1249 3671 1439 3745 magis
1475 3672 1808 3730 hortabitur
1853 3676 1917 3727 ut

253 3762 553 3820 mundum
583 3759 930 3816 muliebrem
963 3761 1251 3831 conferas,
1285 3761 1441 3817 unde
1471 3764 1636 3832 potes
1667 3761 1754 3817 vel
1787 3777 1917 3832 par-

251 3869 331 3909 vo
366 3866 681 3925 pauperem
714 3847 962 3905 liberare
991 3849 1124 3921 (ll).
1144 3849 1247 3905 Illa
1276 3848 1380 3905 tibi
1415 3848 1677 3920 imponet
1707 3866 1914 3921 sump-

250 3946 435 3998 tuum
464 3938 902 4006 necessitatem;
933 3942 995 3993 ut
1025 3954 1260 4011 gemma
1288 3937 1630 4004 bibam”?!
1662 3938 1722 3994 in
1755 3944 1915 3995 ostro

257 4028 539 4096 dormiat,
571 4028 629 4082 in
661 4031 934 4100 argentea
964 4028 1190 4099 sponda
1213 4027 1685 4099 recumbat,auro
1717 4030 1918 4084 oneret

260 4134 501 4184 manus,
533 4116 813 4172 cervicem
845 4114 1183 4172 monilibus.

335 4207 428 4261 26.
486 4204 798 4260 Dectantur
856 4209 913 4258 et
955 4205 1337 4278 compedibus
1392 4205 1690 4275 mulieres,
1750 4207 1919 4262 dum-

259 4295 443 4353 modo
500 4310 639 4349 auro
696 4293 970 4365 ligentur.
1004 4294 1129 4349 Non
1188 4298 1397 4366 putant
1453 4312 1630 4352 onera
1684 4311 1833 4363 esse,
1869 4294 1917 4350 si

260 4383 524 4460 pretiosa
553 4382 671 4438 sint
702 4400 715 4437 :
750 4399 864 4438 non
917 4382 1253 4438 existimant
1300 4383 1534 4440 vincula
1575 4400 1724 4451 esse,
1758 4384 1809 4440 si
1858 4383 1918 4439 in

257 4475 361 4532 his
404 4471 663 4529 thesauri
715 4475 1041 4528 coruscent.
1076 4471 1378 4528 Delectant
1424 4477 1482 4527 et
1526 4472 1796 4543 vulnera;
1855 4476 1920 4528 ut

2028 3317 2177 3372 ferre
2208 3334 2321 3372 non
2355 3316 2597 3380 noverit,
2632 3316 2725 3370 cui
2772 3333 3014 3391 regnum
3049 3318 3118 3372 de
3151 3316 3420 3384 mortuis,
3454 3316 3547 3371 cui
3593 3334 3681 3374 se-

2027 3405 2130 3460 des
2161 3404 2329 3462 inferi
2361 3410 2516 3461 sunt.
2552 3404 2697 3469 Quid
2750 3412 2839 3462 est
2881 3406 3036 3462 enim
3083 3406 3265 3469 dives,
3298 3405 3411 3461 nisi
3443 3406 3682 3477 quidam

2028 3492 2395 3565 inexplebilis
2427 3509 2637 3567 gurges
2660 3494 3018 3560 divitiarum,
3051 3492 3418 3566 inexplebilis
3449 3480 3685 3549 auri-fa-

2029 3598 2153 3637 mes
2186 3599 2251 3637 ac
2276 3582 2441 3637 sitis?
2473 3585 2594 3648 Quo
2625 3580 2756 3654 plus
2789 3583 3209 3655 hauserit,plus
3240 3583 3679 3639 inardescit.Sic

2028 3670 2310 3742 propheta
2342 3671 2616 3725 admonet
2650 3686 2706 3724 :«
2742 3671 2849 3735 Qui
2882 3670 3074 3741 diligit
3104 3669 3318 3742 inquit,
3349 3676 3683 3743 argentum,

2030 3775 2146 3814 non
2206 3759 2515 3814 satiabitur
2571 3764 2810 3830 argento
2865 3760 3060 3814 (Eccle.
3104 3776 3160 3826 v,
3208 3759 3286 3826 9).
3334 3782 3362 3809 n
3414 3760 3483 3815 Et
3532 3760 3686 3816 intra

2027 3848 2226 3903 idem:
2265 3871 2292 3900 «
2324 3849 2391 3904 Et
2423 3846 2661 3919 quidem
2710 3846 2821 3903 hoc
2871 3846 3164 3920 pessimus
3213 3846 3478 3919 languor.
3520 3848 3686 3904 Sicut

2028 3938 2186 3994 enim
2221 3938 2351 4006 fuit,
2384 3938 2464 3992 ita
2490 3943 2549 3992 et
2580 3936 2743 4004 abiit,
2776 3941 2832 3992 et
2875 3935 3236 3992 abundantia
3284 3938 3412 4007 ejus
3459 3935 3686 3992 laborat

2028 4029 2086 4084 in
2118 4029 2452 4084 ventum.Et
2483 4026 2719 4099 quidem
2752 4042 2956 4082 omnes
2989 4026 3113 4081 dies
3143 4027 3272 4097 ejus
3307 4026 3363 4080 in
3404 4025 3682 4091 tenebris,

2029 4122 2086 4174 et
2116 4117 2299 4185 luctu,
2352 4121 2409 4173 et
2456 4116 2759 4181 iracundia
2808 4115 3014 4177 multa,
3069 4119 3125 4170 et
3168 4113 3470 4187 languore,
3503 4118 3560 4169 et
3598 4113 3686 4169 ira

2030 4206 2188 4280 (Ibid.
2226 4208 2311 4274 15,
2350 4208 2435 4276 16)
2471 4224 2483 4273 ;
2519 4209 2584 4261 ut
2612 4204 2969 4261 tolerabilior
3000 4204 3076 4260 sit
3116 4204 3369 4259 conditio
3422 4201 3680 4259 servulo~

2031 4312 2181 4351 rum.
2228 4294 2313 4350 llli
2362 4295 2518 4350 enim
2568 4294 2908 4349 hominibus
2958 4292 3238 4360 serviunt,
3270 4293 3381 4348 iste
3424 4295 3679 4364 peccato.

2030 4386 2122 4442 Sic
2154 4385 2347 4458 inquit
2375 4382 2685 4456 Apostolus
2716 4384 2889 4454 (Rom.
2923 4400 3000 4445 vx,
3035 4383 3121 4453 16)
3156 4399 3168 4437 :
3205 4405 3231 4431 «
3266 4382 3373 4448 Qui
3404 4380 3560 4437 enim
3591 4380 3687 4436 fa-

2029 4475 2108 4530 cit
2157 4478 2458 4546 peccatum
2504 4489 2704 4528 servus
2752 4476 2841 4527 est
2890 4471 3130 4543 peccati.
3168 4493 3194 4520 ››
3228 4471 3469 4543 Semper
3506 4470 3567 4525 in
3599 4472 3682 4525 la-

260 4578 481 4619 aurum
510 4561 750 4619 auribus
779 4560 1076 4616 inseratur
1097 4568 1151 4616 et
1174 4560 1503 4634 margaritae
1534 4561 1917 4632 dependeant.
1954 4578 1998 4642 ι)
2032 4564 2458 4636 queis,semper
2489 4561 2548 4616 in
2580 4559 2829 4616 vinculis
2861 4565 3277 4633 estznunquam
3312 4560 3459 4617 liber
3480 4576 3513 4615 a
3535 4574 3686 4615 com-

255 4652 494 4707 Habent
522 4654 579 4706 et
608 4666 852 4722 gemmae
897 4649 1157 4722 pondera
1204 4666 1333 4718 sua,
1382 4649 1603 4704 habent
1649 4652 1705 4704 et
1752 4650 1922 4705 vesti-

259 4742 469 4796 menta
498 4737 712 4811 frigora
745 4755 874 4794 sua.
910 4738 1167 4793 Sudatur
1214 4736 1274 4793 in
1303 4737 1577 4811 gemmis,
1611 4736 1837 4810 algetur
1862 4738 1920 4794 in

259 4827 502 4898 sericis;
538 4829 731 4883 tamen
770 4828 954 4900 pretia
976 4828 1191 4899 juvant
1224 4844 1237 4882 :
1271 4831 1326 4883 et
1357 4844 1483 4899 qua:
1515 4830 1724 4882 natura
1763 4845 1920 4884 aver-

262 4922 451 4987 satur,
486 4917 857 4975 commendat
884 4914 1146 4973 avaritia.
1176 4915 1550 4989 Smaragdos,
1586 4919 1642 4971 et
1688 4915 1922 4989 hyacin-

263 5008 426 5073 thos,
477 5006 765 5079 beryllum
826 5006 1115 5074 achatem,
1165 5004 1455 5078 topazion,
1505 5003 1918 5076 amethystum,

255 5094 487 5169 jaspin,
555 5096 812 5163 sardion,
878 5113 1111 5152 summo
1152 5100 1420 5168 quaerunt
1469 5094 1664 5151 furore
1697 5110 1711 5150 :
1751 5093 1840 5149 vel
1872 5094 1922 5152 si

266 5183 585 5240 dimidium
618 5183 954 5257 patrimonii
986 5188 1235 5258 petatur,
1266 5201 1379 5239 non
1410 5186 1657 5257 parcunt
1686 5181 1919 5254 dispen-

264 5273 389 5342 dio,
433 5273 572 5329 dum
614 5273 919 5347 indulgent
957 5273 1280 5346 cupiditati.
1306 5274 1430 5329 Non
1463 5272 1656 5329 abnuo
1686 5276 1921 5344 gratum

344 5398 457 5471 (10)
489 5398 702 5454 Omnes
733 5398 1001 5469 edit.,qui
1028 5399 1165 5453 mihi
1185 5398 1432 5470 ablegavi
1459 5397 1658 5466 ﬁlium.
1686 5395 1921 5469 Elegan-

264 5470 390 5527 tius
423 5485 592 5536 mss.,
612 5471 908 5538 abenegavz
937 5471 1138 5541 ﬁlium.

343 5541 459 5614 (11)
510 5541 657 5597 Edit.
716 5546 861 5606 ant.,
916 5539 998 5596 vri
1040 5556 1253 5613 pauper
1304 5555 1603 5614 pauperem
1659 5539 1951 5614 liberare“

266 5609 467 5680 Romi,
502 5614 584 5668 vel
610 5609 1673 5685 parvoptempore'pauperehtliberare:
1705 5609 1920 5685 Melius

266 5702 419 5747 mss.
452 5681 677 5754 omnes,
708 5683 799 5745 vel
823 5681 994 5761 parva
1022 5681 1317 5763 pauperem
1347 5682 1601 5742 liberare.
1637 5681 1719 5741 Ibi
1757 5683 1915 5742 enim

2033 4653 2301 4725 pedibus,
2335 4650 2471 4722 quia
2504 4666 2735 4722 semper
2782 4650 2838 4703 in
2890 4648 3257 4705 criminibus.
3292 4652 3478 4716 Quum
3530 4646 3680 4703 578

2032 4743 2246 4798 misera
2274 4738 2542 4807 servitus,
2577 4738 2790 4793 servire
2822 4739 3106 4810 peccatis!

2100 4830 2187 4885 29.
2218 4830 2446 4885 Natura:
2472 4826 2658 4899 ipsius
2690 4827 2875 4882 nescit
2904 4828 3238 4892 munia,nec
3269 4824 3457 4880 somni
3494 4820 3681 4894 ipsius

2032 4919 2190 4974 navit
2216 4917 2390 4982 vices,
2427 4921 2530 4971 aut
2559 4914 2668 4971 cibi
2704 4916 2965 4988 fungitur
2992 4915 3292 4980 suavitate,
3326 4913 3497 4982 cujus
3550 4907 3678 4963 nul-

2032 5007 2151 5063 lum
2185 5020 2271 5064 est
2304 5007 2565 5061 immune
2606 5004 2933 5060 servitium.
2986 5002 3181 5058 Dulcis
3227 5000 3382 5055 enim
3436 5013 3679 5052 somnus

2032 5095 2200 5161 servi,
2233 5094 2340 5150 etsi
2383 5093 2676 5148 modicum
2727 5089 2811 5145 vel
2863 5089 3111 5145 multum
3145 5087 3278 5143 edat
3329 5103 3340 5140 :
3385 5104 3418 5141 a
3467 5085 3676 5140 satiato

2033 5183 2143 5256 (12)
2164 5182 2525 5247 divitiis,non
2557 5186 2645 5237 est
2675 5180 2773 5251 qui
2807 5195 2938 5235 eum
2972 5179 3127 5234 sinat
3159 5174 3431 5231 dormire.
3458 5173 3682 5231 Excitat

2032 5290 2165 5331 eum
2206 5271 2518 5344 cupiditas,
2553 5268 2803 5339 eiagitat
2850 5283 2991 5322 cura
3042 5264 3281 5337 pervigil
3333 5262 3523 5320 aliena
3582 5279 3677 5318 ra-

2031 5396 2389 5469 subintelligi
2424 5397 2633 5466 potest,
2667 5390 2876 5463 pretio,
2911 5389 3237 5460 dispendio,
3266 5387 3352 5443 vel
3386 5388 3526 5461 quid
3568 5387 3677 5444 hu-

2022 5469 2306 5542 jusmodi.

2101 5544 2213 5613 (12)
2244 5540 2357 5613 Sic.
2392 5536 2528 5591 edit.
2564 5537 2685 5613 ant.
2720 5533 2909 5613 Rom.
2940 5535 2998 5589 et
3043 5549 3245 5613 omnes
3296 5548 3439 5588 mss.
3472 5537 3679 5613 praeter

2028 5604 2214 5669 unum
2247 5611 2305 5684 in
2336 5624 2480 5684 quo,
2508 5606 2788 5684 satiatus;
2814 5604 3087 5684 alterum
3129 5605 3217 5684 in_
3238 5605 3677 5684 quo,_‘satietu_r,

2028 5690 2085 5742 et
2138 5675 2377 5745 tertium
2424 5677 2520 5737 ubi
2571 5693 2704 5736 cum
2765 5676 2902 5736 edit.
2968 5675 3320 5755 quibusdam
3375 5675 3557 5750 Paris,
3615 5675 3679 5743 in
