4104 6156
492 240 613 302 775

1941 232 2003 290 ς.
2053 216 2431 292 AMBaosiI
3729 230 3817 301 776'

490 370 709 443 piendi,
744 370 976 438 torquet
1003 364 1239 434 invidia,
1276 382 1440 420 mora
1468 368 1652 428 vexat,
1698 362 1977 419 sterilitas
2010 380 2139 435 pro-
2172 370 2226 431 Α
2259 365 2401 436 (ἰυίά
2432 380 2535 436 380
2565 363 3051 432 abscondam,cui
3084 364 3236 421 Deus
3264 365 3402 421 facit
3428 366 3688 426 abundare
3704 377 3820 443 quod

486 464 764 514 ventuum
796 455 1111 510 infecunda
1162 455 1486 527 perturbat,
1520 450 1797 508 sollicitat
1838 452 2143 507 abundan-

485 546 587 603 tia.
619 545 782 602 Unde
812 543 898 599 illi
930 544 1116 611 diviti,
1142 544 1311 615 cujus
1342 541 1635 615 possessio
1665 542 1873 598 uberes
1921 542 2146 595 fructus

485 634 704 701 attulit,
735 633 1152 706 qui<icogilavit
1178 633 1332 687 intra
1363 648 1425 687 se
1453 631 1656 687 dicens
1688 647 1737 686 :«
1762 630 1906 694 Quid
1932 629 2143 685 faciam

487 725 645 797 quod
678 740 794 779 non
826 723 1012 778 habeo
1060 738 1177 794 quo
1221 737 1566 794 congregem
1597 720 1820 775 fructus
1852 717 2056 774 meos?
2086 720 2145 773 et

488 814 634 870 dixit
666 831 679 869 :
717 814 831 867 Hoc
862 811 1409 878 faciam,destruam
1441 809 1649 865 horrea
1681 811 1890 889 mea,et
1918 807 2143 878 majora

488 904 695 958 faciam
721 900 840 969 ;illo
871 900 1235 973 congregabo
1259 899 1458 954 omnia
1487 915 1612 971 quae
1644 902 1781 953 nata
1809 900 1951 953 sunt
1972 894 2138 963 mihi,

489 996 545 1047 ct
568 991 757 1046 dicam
790 988 997 1044 animae
1033 1006 1174 1044 meas
1209 1006 1223 1043 :
1257 989 1490 1055 Anima,
1524 987 1709 1044 habes
1754 985 1941 1041 multa
1987 985 2143 1040 bona

487 1081 546 1135 in
578 1095 763 1135 annos
797 1077 1014 1134 multos
1048 1078 1257 1151 posita,
1284 1078 1601 1149 requiesce,
1639 1075 1950 1139 manduca,
1985 1073 2139 1141 bibe,

484 1168 720 1241 epulare
753 1169 901 1239 (Luc.
936 1185 1034 1236 x11,
1072 1167 1289 1238 17-19);
1328 1189 1348 1215 ι
1369 1164 1667 1238 respondit
1696 1165 1851 1221 Deus
1874 1161 2138 1232 :«Stulte,

484 1259 593 1314 hac
624 1262 791 1313 nocte
822 1256 1081 1311 animam
1111 1260 1275 1311 tuam
1306 1259 1627 1327 repetunta
1648 1257 1704 1310 te
1737 1272 1750 1310 :
1784 1270 1911 1324 quas
1943 1256 2138 1308 autem

483 1346 727 1419 parasti,
758 1347 929 1417 cujus
963 1349 1134 1400 erunt
1163 1345 1323 1414 (Ibid.
1375 1344 1509 1415 20)?
1541 1365 1571 1393 »
1601 1344 1684 1400 Ne
1726 1344 1852 1415 ipse
1901 1341 2137 1414 quidem

481 1437 635 1492 Deus
664 1452 799 1491 cum
833 1433 1086 1490 dormire
1134 1433 1437 1504 permittit.
1490 1430 1837 1505 Interpellat
1879 1429 2137 1503 cogitan-

485 1530 627 1593 tem,
657 1524 871 1580 excitat
901 1523 1311 1579 dormientem.

548 1616 638 1671 30.
671 1614 781 1670 Sed
811 1630 919 1669 nec
950 1611 1076 1683 ipse
1106 1628 1167 1667 se
1200 1612 1463 1684 quietum
1493 1627 1621 1666 esse
1681 1609 2036 1681 patitur,qui
2064 1609 2135 1665 de

480 1703 841 1760 abundantia
884 1701 1222 1756 divitiarum
1275 1717 1515 1756 suarum
1565 1698 1937 1764 sollicitatur,
1970 1702 2027 1754 et
2073 1697 2130 1752 in

481 1793 746 1848 ubertate
786 1791 1084 1846 lructuum
1135 1805 1334 1845 vorem
1384 1787 1608 1861 egentis
1654 1787 1889 1844 emittit.
1927 1808 1954 1837 ‹‹
1985 1786 2133 1850 Quid

480 1881 689 1936 faciam
708 1880 736 1935 ?
766 1901 794 1931 ››
825 1879 1036 1951 inquit.
1070 1878 1273 1934 Nonne
1302 1878 1424 1934 haec
1452 1877 1728 1950 pauperis
1756 1892 1865 1932 vox
1902 1880 2133 1941 est,non

481 1970 756 2027 habentis
787 1967 1055 2024 subsidia
1081 1967 1350 2023 vivendi?
1376 1968 1564 2039 Egens
1594 1965 1858 2022 omnium
1890 1965 2006 2021 huc
2047 1968 2132 2020 at-

479 2076 592 2134 que
623 2058 760 2114 illuc
792 2057 1048 2129 respicit,
1074 2061 1369 2113 scrutatur
1398 2054 1892 2129 hospitium,nihil
1914 2052 2135 2110 invenit

479 2150 545 2205 ad
577 2164 749 2203 usum
782 2146 1047 2201 alimenti
1086 2163 1098 2201 :
1132 2144 1464 2201 considerat
1489 2143 1633 2200 nihil
1656 2143 1932 2200 miserius
1952 2159 2130 2215 quam

481 2238 629 2292 fame
661 2235 889 2302 conﬁci,
914 2239 971 2290 et
1000 2234 1112 2289 cibi
1147 2234 1469 2303 indigentia
1500 2232 1893 2305 morizquzerit
1923 2233 2131 2288 mortis

481 2325 846 2398 compendia,
879 2331 936 2379 et
973 2322 1367 2379 tolerabiliora
1415 2323 1668 2379 obeundi
1718 2320 2004 2394 supplicia
2052 2323 2129 2377 ri-

477 2419 673 2470 matur
708 2431 720 2469 :
755 2412 960 2485 arripit
990 2412 1590 2485 gladium,suspendit
1620 2410 2129 2483 laqueum,ignem

478 2501 1281 2573 adolet,explorat.venenum
1317 2518 1329 2554 :
1364 2507 1419 2557 et
1453 2501 1605 2555 inter
1634 2500 1755 2555 haec
1782 2499 1926 2571 quid
1957 2498 2132 2570 eligat

475 2592 710 2658 dubius,
744 2592 885 2646 dicit
918 2609 930 2647 :
966 2613 993 2639 «
1028 2589 1174 2656 Quid
1212 2588 1461 2644 faciam?
1491 2608 1517 2640 »
1543 2588 1763 2644 Deinde
1792 2588 1919 2641 vitae
1950 2586 2129 2658 hujus

475 2681 763 2738 suavitate
792 2684 1095 2735 revocatus
1126 2678 1286 2749 cupit
1334 2694 1599 2734 revocare
1649 2676 2020 2743 sententiam,
2076 2676 2128 2732 si

475 2771 660 2842 possit
690 2769 919 2825 vivendi
954 2766 1343 2822 substantiam
1393 2766 1667 2838 reperire.
1702 2764 1925 2837 Aspicit
1970 2765 2130 2820 nuda

474 2859 691 2925 omnia,
752 2873 936 2912 vacua
985 2855 1201 2924 omnia,
1254 2859 1308 2908 et
1354 2854 1479 2909 ait:
1514 2875 1543 2904 ‹‹
1588 2855 1737 2919 Quid
1788 2853 2037 2909 faciam?
2098 2875 2127 2903 ››

475 2947 634 3003 Unde
682 2944 823 3000 mihi
873 2943 1170 3011 alimenta,
1207 2942 1360 2998 unde
1411 2941 1694 2997 vestitus?
1722 2941 1865 2998 Volo
1913 2941 2123 3010 vivere,

472 3036 521 3092 si
549 3036 796 3091 habeam
830 3032 1121 3105 quomodo
1155 3031 1376 3103 possim
1407 3032 1584 3086 vitam
1616 3030 1767 3087 hanc
1794 3030 2122 3087 sustinere:

472 3127 572 3181 sed
608 3124 825 3196 quibus
856 3121 1024 3185 cibis,
1058 3120 1274 3191 quibus
1302 3119 1623 3175 subsidiis?

538 3215 631 3268 3t.
666 3236 692 3264 «
721 3212 866 3278 Quid
901 3208 1148 3265 faciam?
1178 3208 1402 3280 inquit;
1435 3207 1589 3281 quod
1636 3224 1752 3263 non
1802 3209 2055 3264 habeo...
2094 3229 2120 3257 ››

470 3304 697 3359 Clamat
725 3317 787 3356 se
818 3298 978 3354 dives
1006 3314 1121 3353 non
1149 3297 1384 3354 habere.
1409 3297 1776 3370 Paupertatis
1806 3296 1899 3352 hic
1929 3312 2122 3352 sermo

470 3398 592 3459 est;
626 3390 697 3444 de
728 3387 923 3460 inopia
953 3387 1220 3458 queritur
1248 3386 1558 3442 abundans
1590 3386 1893 3443 fructibus.
1930 3409 1957 3435 ‹‹
1994 3385 2121 3441 Non

472 3481 681 3543 habeo,
712 3477 927 3549 inquit,
962 3492 1076 3547 quo
1108 3492 1454 3549 congregem
1487 3475 1712 3532 fructus
1743 3491 1924 3532 meos.
1963 3497 1991 3524 n
2018 3475 2123 3530 Pu-

469 3576 626 3624 tares
653 3566 818 3621 illum
853 3564 1041 3620 dicere
1067 3563 1223 3620 :Non
1256 3564 1440 3620 habeo
1473 3565 1719 3633 fructus,
1755 3564 1907 3619 unde
1933 3564 2122 3620 viven-

469 3659 613 3713 dum
645 3660 732 3712 est
748 3655 919 3709 mihi.
954 3653 1168 3710 Beatus
1198 3654 1297 3725 qui
1331 3654 1401 3708 de
1432 3654 1796 3710 abundantia
1824 3653 2120 3726 periclita-

467 3751 599 3814 tur;
632 3744 751 3800 imo
784 3742 1052 3799 miserior
1098 3744 1210 3799 iste
1257 3742 1715 3799 fecunditatibus
1760 3743 1906 3811 suis,
1941 3759 2117 3815 quam

474 3850 713 3908 pauper,
747 3834 839 3889 cui
872 3831 1196 3904 periculum
1248 3833 1319 3887 de
1366 3835 1623 3904 egestate
1654 3836 1761 3887 est.
1795 3831 1979 3888 Habet
2024 3832 2120 3888 ille

468 3925 623 3980 unde
695 3927 932 3980 excuset
977 3937 1328 3988 (erumnam;
1380 3920 1554 3978 habet
1611 3924 1764 3976 certe
1818 3921 2118 3993 injuriam,

467 4014 646 4070 habet
677 4012 910 4084 culpam
945 4028 958 4066 :
988 4010 1098 4066 iste
1130 4026 1245 4065 non
1276 4009 1453 4065 habet
1482 4026 1658 4081 quem
1691 4014 1900 4082 praeter
1927 4027 1989 4067 se
2026 4028 2117 4067 ar-

470 4108 630 4176 guaL

538 4193 627 4247 32.
666 4191 729 4245 Et
751 4189 899 4245 dixit
921 4208 933 4245 :
958 4189 1075 4245 Hoc
1096 4187 1327 4257 faciam,
1364 4187 1573 4245 horrea
1592 4203 1724 4244 mea
1743 4188 2064 4245 destruam.
2089 4212 2117 4241 υ

469 4281 643 4336 Putes
694 4279 886 4335 adhuc
932 4279 1123 4334 dicere
1171 4277 1337 4333 illum
1366 4295 1380 4332 ε
1413 4276 1684 4349 Aperiam
1714 4277 1924 4334 horrea
1966 4295 2116 4349 mea,

468 4367 876 4441 ingrediantur
905 4366 1003 4438 qui
1035 4365 1279 4423 tolerare
1329 4367 1541 4422 famem
1574 4383 1688 4422 non
1738 4371 1980 4438 queunt,
2023 4384 2120 4424 ve-

2261 451 2521 524 largiar?
2549 452 2620 509 Ut
2648 451 2789 525 quid
2818 452 3114 526 repagulis
3144 459 3442 525 portarum
3473 454 3703 515 claudam
3733 461 3819 517 ira-

2259 546 2476 608 menta,
2507 541 2724 614 quibus
2748 541 2861 613 (13)
2886 542 3041 599 Deus
3070 546 3258 599 totum
3285 542 3441 600 574
3469 544 3677 616 replevit
3706 565 3827 605 cam-

2257 646 2468 702 porum
2502 630 2812 700 ambitum,
2845 646 2973 703 qum
3020 630 3149 687 sine
3187 632 3431 689 custode
3476 639 3749 695 nascuntur
3781 643 3826 696 et

2256 719 2594 775 abundant?

2877 807 3113 871 CAPUT
3152 808 3277 864 VII.

2253 896 2515 953 Eumdem
2571 898 2746 974 locum
2797 899 2860 974 _B.
2912 899 3108 974 Doctor
3128 900 3516 974 prosequitur,
3558 901 3832 974 ostenditque

2325 985 2518 1044 avaros
2545 985 2671 1044 cum
2698 968 3287 1044 debonisbenefdcere
3313 968 3578 1044 deberent,
3600 973 3738 1028 malle
3756 968 3828 1044 pc-

2321 1043 2533 1114 cum'as
2567 1043 2627 1095 in
2673 1041 3000 1114 aediﬁcando
3046 1057 3398 1106 consumere;
3440 1043 3663 1114 ipsosque
3693 1041 3829 1114 magis

2322 1113 2644 1186 enormitate
2687 1113 3009 1183 pretiorum,
3058 1130 3223 1186 quam
3260 1113 3500 1169 ubertate
3540 1113 3831 1186 proventum

2320 1183 2586 1239 delectari
2615 1201 2634 1238 :
2659 1199 2790 1255 quos
2821 1191 3006 1257 tamen
3032 1184 3187 1241 docet
3213 1201 3316 1257 quo
3343 1183 3552 1256 fructus
3575 1203 3682 1242 suos
3715 1202 3829 1243 secu-

2320 1270 2381 1311 re
2402 1256 2614 1327 possint
2638 1254 2947 1312 recondere.

2318 1343 2407 1399 33.
2467 1342 2635 1399 Victa
2679 1346 2768 1400 est
2815 1360 2949 1416 spes
3005 1343 3182 1400 avari.
3245 1345 3610 1417 Rumpuntur
3655 1348 3833 1402 vetusta

2247 1432 2458 1488 horrea
2505 1431 2801 1488 messibus
2849 1432 3038 1489 novis.
3092 1433 3308 1501 Minus,
3342 1434 3550 1506 inquit,
3595 1433 3763 1504 habui,
3791 1438 3833 1490 et

2248 1522 2467 1577 frustra
2491 1520 2715 1577 servavi
2750 1537 2762 1575 :
2796 1520 2930 1594 plus
2958 1528 3162 1578 natum
3193 1525 3301 1588 est,
3335 1525 3392 1577 et
3422 1523 3514 1578 cui
3554 1522 3833 1595 congrego?

2252 1610 2401 1666 Dum
2461 1610 2824 1666 incrementa
2855 1611 3174 1683 pretiorum
3207 1627 3486 1684 aucupor,
3517 1610 3673 1668 amisi
3696 1627 3830 1667 usum

2244 1699 2681 1756 beneficiorum.
2733 1699 2991 1763 Quantas
3044 1700 3181 1755 anni
3229 1700 3544 1773 superioris
3596 1700 3832 1757 frumento

2244 1787 2408 1860 potui
2438 1788 2670 1844 animas
2697 1804 3022 1861 pauperum
3054 1794 3386 1845 reservare?
3416 1789 3540 1845 Hzec
3567 1805 3653 1845 me
3687 1788 3834 1860 magis

2244 1893 2473 1933 servare
2503 1875 2858 1934 delectarent
2886 1877 3097 1950 pretia,
3130 1894 3257 1950 quae
3306 1894 3427 1934 non
3472 1894 3696 1934 nummo
3719 1876 3833 1933 esti-

2243 1971 2501 2033 mantur,
2534 1966 2636 2022 sed
2668 1967 2877 2039 gratia.
2912 1966 3194 2023 Imitabor
3218 1971 3488 2024 sanetum
3537 1966 3725 2039 Joseph
3750 1965 3831 2021 hu-

2242 2054 2549 2111 manitatis
2605 2055 3048 2128 praedicatione;
3099 2055 3366 2112 clamabo
3422 2073 3557 2113 voce
3608 2071 3834 2128 magna:

2240 2144 2468 2211 Venite,
2529 2160 2835 2217 pauperes,
2895 2144 3047 2201 edite
3102 2162 3282 2218 panes
3349 2162 3533 2213 meos,
3585 2141 3834 2217 expendite

2241 2234 2556 2307 gremium,
2587 2233 2869 2306 suscipite
2900 2233 3636 2291 frumentum.Fecunditas
3662 2229 3834 2295 divitis,

2241 2324 2422 2379 totius
2471 2323 2632 2379 orbis
2679 2322 3062 2391 abundantia,
3094 2324 3360 2379 omnium
3395 2324 3565 2379 debet
3599 2336 3712 2378 esse
3751 2320 3834 2375 fer-

2241 2411 2443 2468 tilitas.
2479 2412 2566 2469 Tu
2590 2427 2724 2468 vero
2755 2429 2871 2468 non
2902 2411 3012 2468 hoc
3042 2412 3210 2480 dicis,
3246 2413 3346 2469 sed
3379 2413 3470 2469 ais
3503 2430 3517 2468 :
3549 2411 3835 2468 «Destruam

2240 2500 2450 2558 horrea
2477 2517 2625 2557 mea.
2655 2523 2683 2550 »
2715 2501 2887 2557 Recte
2912 2500 3171 2558 destruis
3217 2519 3303 2570 ea,
3336 2519 3373 2558 a
3424 2501 3635 2575 quibus
3676 2496 3833 2554 nullus

2239 2606 2462 2663 pauper
2490 2593 2739 2646 onustus
2762 2589 3090 2646 revertitur.
3126 2591 3344 2646 Horrea
3372 2587 3689 2662 iniquitatis
3726 2587 3835 2641 sunt

2238 2677 2621 2752 receptacula,
2652 2694 2771 2734 non
2818 2677 3053 2750 pietatis
3101 2678 3391 2735 subsidia.
3424 2679 3595 2735 Recte
3635 2670 3835 2732 destruit

2238 2769 2339 2839 qui
2369 2767 2663 2840 sapienter
2688 2765 2973 2824 aediﬁcare
3006 2783 3121 2823 non
3154 2766 3332 2823 novit.
3369 2766 3625 2823 Destruit
3648 2779 3742 2820 sua
3768 2760 3833 2815 di-

2234 2875 2354 2926 ves,
2387 2856 2486 2929 qui
2518 2857 2705 2913 nescit
2733 2860 2948 2912 asterna
3000 2872 3013 2912 :
3066 2856 3317 2912 destruit
3359 2855 3572 2912 horrea
3614 2852 3705 2925 qui
3746 2865 3835 2905 non

2236 2947 2395 3004 novit
2423 2960 2533 3002 sua
2561 2945 2854 3001 frumenta
2882 2945 3161 3015 dividere,
3195 2945 3298 3001 sed
3329 2943 3618 3001 claudere.
3647 2963 3671 2991 ››

2305 3037 2393 3092 34.
2435 3057 2456 3085 α
2487 3035 2555 3091 Et
2584 3034 2829 3106 majora,
2862 3033 3072 3106 inquit,
3105 3034 3338 3090 faciam.
3380 3057 3404 3084 ι
3442 3033 3655 3093 Infelix,
3685 3027 3760 3085 vel
3790 3025 3836 3081 id

2157 3103 2199 3170 (ἶ
2235 3126 2574 3198 dispensato
2605 3103 2979 3196 pauperibus,
3011 3124 3165 3194 quod
3211 3139 3312 3195 pro
3362 3126 3603 3194 sumptu
3631 3116 3834 3174 aediﬁca-

2231 3214 2410 3271 tionis
2437 3212 2920 3285 impendis.Dum
2952 3209 3325 3267 liberalitatis
3358 3210 3609 3283 gratiam
3638 3203 3838 3275 refugis,

2232 3304 2451 3359 damna
2470 3299 2871 3357 mdiﬁcationis
2893 3297 3165 3356 exsolvis.

2299 3392 2389 3447 35.
2421 3390 2491 3446 Et
2516 3389 2743 3445 addidit
2790 3405 2804 3445 :
2868 3411 2889 3439 ι
2942 3387 3047 3445 Illo
3095 3389 3466 3461 congregabo
3513 3383 3699 3443 omnia
3738 3395 3839 3452 qua

2230 3484 2371 3537 nata
2417 3482 2558 3535 sunt
2600 3477 2768 3546 mihi,
2819 3482 2878 3534 et
2925 3476 3117 3533 dicam
3171 3477 3386 3533 animae
3431 3492 3571 3532 meae
3603 3491 3616 3530 :
3644 3469 3838 3534 Anima,

2229 3570 2412 3626 habes
2459 3567 2646 3624 multa
2696 3568 2869 3623 bona.
2924 3590 2946 3619 ι
3011 3566 3327 3623 Conﬁcitur
3382 3582 3593 3622 avarus
3647 3572 3840 3629 semper

2228 3660 2491 3716 ubertate
2524 3661 2868 3729 proventum
2900 3654 2946 3728 (4
2960 3656 3035 3727 4),
3069 3655 3211 3711 dum
3253 3652 3542 3711 vilitatem
3591 3645 3837 3706 alimonia

2228 3747 2569 3805 calculatur.
2607 3744 2952 3802 Fecunditas
2981 3744 3138 3799 enim
3181 3743 3587 3799 universorum
3627 3738 3835 3804 est,ste-

2229 3836 2414 3893 rilitas
2445 3835 2555 3893 soli
2584 3851 2754 3891 avaro
2801 3837 2890 3890 est
2934 3837 3287 3906 quaestuosa.
3320 3832 3655 3888 Delectatur
3681 3822 3838 3894 magis

2227 3926 2574 3984 enormitate
2603 3924 3130 3997 pretiorum,quam
3161 3920 3529 3978 abundantia
3547 3916 3836 3991 copiarum:

2227 4020 2284 4073 et
2314 4013 2536 4072 mavult
2565 4013 2780 4070 habere
2811 4013 2966 4085 quod
2999 4011 3371 4083 solus,quam
3402 4010 3560 4083 quod
3589 4022 3714 4064 cum
3740 4017 3840 4059 om-

2228 4103 2404 4161 nibus
2432 4101 2814 4160 vendat.Vide
2840 4100 3146 4157 timentem
3167 4116 3237 4155 ne
3255 4099 3587 4172 superﬂuat
3611 4089 3839 4152 cumulus

2226 4182 2680 4259 frumentorum,
2709 4205 2783 4246 ne
2823 4206 3002 4262 super
3048 4188 3255 4245 horrea
3301 4187 3641 4244 redundans
3682 4187 3839 4237 trans-

2228 4282 2510 4339 fundatur
2564 4280 2623 4335 in
2677 4294 2983 4352 pauperes,
3032 4276 3283 4333 et‘boni
3342 4276 3596 4348 alicujus
3651 4266 3840 4328 occasio

2228 4368 2631 4443 indigentibus
2662 4367 3027 4439 acquiratur.
3055 4365 3175 4422 Soli
3205 4365 3319 4421 sibi
3352 4369 3563 4438 partus
3591 4367 3840 4418 terrarum

470 4457 635 4512 niant
665 4455 1117 4527 inopes,intrent
1146 4471 1455 4543 pauperes,
1478 4454 1741 4527 repleant
1760 4456 1927 4512 sinus
1957 4473 2119 4525 suos,
2151 4477 2195 4543 Β
2224 4459 2484 4516 vindicat
2507 4458 2688 4531 dives,
2723 4472 2840 4517 non
2871 4472 2989 4530 quo
3017 4454 3145 4530 ipse
3176 4455 3261 4515 uti
3289 4455 3454 4529 velit,
3483 4452 3590 4514 sed
3614 4447 3736 4512 aliis
3758 4444 3842 4504 αθ·

469 4546 768 4602 destruam
820 4544 1071 4617 parietes
1120 4544 1223 4616 qui
1271 4542 1589 4601 excludunt
1636 4545 2013 4603 esurientem.
2048 4546 2121 4603 Ut

469 4706 768 4780 margine,
788 4706 1024 4763 saliatio.
1059 4704 1287 4761 Eaedem
1330 4721 1464 4762 vero
1510 4704 1570 4780 in
1613 4722 1852 4778 corpore
1879 4706 2115 4780 habent,

464 4778 695 4851 sanatio
737 4779 949 4844 divitis,
978 4794 1118 4851 Arnor:
1168 4785 1246 4833 est
1294 4793 1414 4851 quae
1467 4778 1794 4851 sinat‘eum
1856 4778 2116 4851 dormire,

471 4849 612 4908 LXX
654 4850 895 4921 AInterp.
974 4848 1162 4921 Eccle.
1234 4844 1315 4915 v,'
1361 4849 1446 4921 _H.
1539 4844 1643 4921 aut
1691 4855 1759 4920 τῷ
1828 4844 2121 4921 (guinem;

466 4926 552 4972 τοῦ
618 4917 893 4981 πλουτῆσὸιι
975 4919 1066 4967 οὐκ
1140 4919 1268 4967 ἔστιν
1340 4919 1494 4983 άφίων
1557 4917 1705 4968 αὐτὸν
1738 4917 1745 4920 ⁷
1773 4917 1864 4969 τοῦ
1925 4922 2120 4987 ὺπνφῶ-

470 5020 568 5056 σαι,
603 4993 773 5066 Perro
802 4996 935 5066 post
962 5007 1157 5048 vocem
1180 4991 1451 5066 dormire,
1487 5006 1630 5066 mss.
1674 4991 1937 5064 plerique
1983 4994 2120 5051 boni

469 5066 570 5121 aevi
602 5063 828 5121 addunt
854 5065 1008 5121 ista:
1046 5065 1290 5134 Denique
1336 5063 1641 5133 evangelica
1687 5063 1914 5119 utamur
1931 5080 2121 5128 amem-

466 5140 577 5210 plo,
610 5146 670 5192 ut
699 5140 982 5208 probemus
1012 5136 1238 5210 diuitem
1274 5134 1516 5210 dormire
1544 5149 1653 5210 non
1677 5150 1865 5210 posse.
1884 5136 1956 5190 At
1985 5155 2119 5210 cum

469 5205 777 5263 videantur
805 5225 921 5263 non
952 5223 1058 5263 suo
1089 5205 1214 5262 loco
1246 5206 1457 5277 posita,
1486 5209 1543 5260 et
1591 5206 1650 5260 in
1679 5205 1903 5262 'multis
1942 5209 2119 5265 etiam

473 5296 617 5335 mss.
649 5285 705 5334 et
728 5280 956 5335 cunctis
986 5279 1125 5335 edit.
1158 5278 1583 5345 desiderentur,
1617 5277 1762 5334 satis
1802 5277 2121 5337 habuimus

472 5351 651 5419 hujus
683 5350 763 5404 rei
795 5350 1064 5406 lectorem
1095 5350 1429 5405 admonere.

543 5421 655 5493 (13)
682 5428 810 5476 Am.
860 5428 916 5477 et
958 5422 1085 5477 Era.
1138 5421 1304 5477 finito
1349 5421 1538 5493 capite
1586 5424 1719 5491 post
1762 5436 1959 5476 vocem
1991 5424 2117 5493 fm-

470 5490 672 5557 meuta,
704 5510 979 5565 sequens,
1012 5495 1104 5549 his
1133 5493 1326 5550 verbis
1371 5490 1848 5565 auspicabantur,
1882 5490 2123 5551 Audiam

471 5568 589 5625 haec
631 5562 828 5640 quibus
873 5565 1015 5622 Deus
1060 5569 1258 5638 totum,
1296 5569 1404 5624 etc.
1440 5562 1511 5621 Et
1557 5567 1710 5621 certe
1757 5562 1875 5622 illis
1926 5565 2122 5626 favent

2227 4565 2461 4626 negare.

2228 4730 2371 4770 mss.
2424 4707 2648 4785 aliquot
2693 4712 2787 4768 sat
2828 4707 2995 4785 bonae
3046 4710 3230 4785 notae,
3264 4693 3840 4785 _sed_curn_in_,m'ulto

2269 4766 2498 4841 laribus
2514 4766 2740 4839 Iea'no'n
2767 4766 3015 4853 reperire
3061 4780 3168 4849 sit;
3210 4766 3310 4853 'hic
3356 4780 3434 4836 ab
3477 4778 3615 4834 edit.
3645 4766 3761 4828 Gill.
3788 4780 3839 4821 ac

2272 4805 2498 4841 lurlnus
2527 4805 2595 4839 ea
2624 4805 2740 4838 non
2769 4805 3015 4853 I'CPBI‘II‘C
3061 4805 3168 4849 ειη
3217 4805 3310 4835 ιιιυ
3356 4805 3434 4836 au
3477 4805 3522 4834 Ut

2230 4805 2396 4913 ﬁom.
2422 4871 2537 4910 non
2568 4855 2833 4925 recedere
2864 4853 3151 4925 optimum
3181 4851 3376 4925 vivum
3410 4855 3522 4925 est.

2300 4927 2410 4999 (14)
2443 4926 2658 4999 Omnes
2686 4924 2823 4981 edit.
2859 4923 2919 4980 et
2953 4923 3123 4996 pauci
3155 4939 3297 4978 mss.
3334 4923 3633 4999 gonﬁtetur
3671 4923 3842 4999 avdite

2226 4992 2436 5071 δαὶιφέν
2490 4997 2793 5071 ubertatem
2859 4992 3236 5071 promutuum,
3294 4992 3601 5071 ali_i__mss.
3658 4994 3839 5071 mags},

2231 5049 2602 5155 ρίίξῖὶξιιοξίιῖ
2624 5049 2820 5124 nosin
2850 5049 3288 5155 treatmlturs‘i‘is
3317 5064 3462 5155 edit.
3494 5066 3619 5144 Am:
3651 5062 3705 5115 et

2229 5142 2287 5198 in
2320 5127 2503 5213 marg:
2538 5156 2684 5221 cum.
2702 5155 2847 5221 mss.
2878 5139 3090 5205 tribus,
3121 5134 3657 5217 vilitateulimouiz
3693 5127 3837 5203 colaf-

2232 5219 2341 5269 tur.
2376 5213 2589 5268 Eadem
2621 5209 2755 5267 Gill.
2788 5227 2848 5265 in
2878 5225 3118 5283 corpore
3145 5213 3200 5264 et
3222 5208 3425 5283 Bom.,
3457 5206 3714 5283 vilitatem
3754 5193 3837 5283 alt-

2228 5288 2426 5342 moniw
2473 5283 2864 5340 calumniatur.
2914 5276 3173 5352 Denique
3221 5280 3350 5352 Era.
3384 5282 3445 5334 et
3490 5276 3837 5352 reliquimss.

2232 5341 2476 5413 numero
2536 5360 2724 5426 atque
2763 5341 3113 5426 antiquitate
3166 5349 3495 5426 potiores...
3549 5341 3838 5426 εαῖσμιαζιξξ-

2228 5409 2465 5484 Ᾰῇξίῶἶ
2485 5409 2688 5497 tamen
2711 5409 3310 5497 legasfutilitateinp"
3348 5421 3590 5477 calcat...
3619 5418 3665 5475 et
3691 5409 3840 5471 calcu-

2231 5501 2328 5569 lat,
2355 5498 2459 5558 sed
2483 5495 2695 5555 calami
2725 5495 2827 5554 aut
2844 5495 3191 5571 typographi
3217 5509 3383 5552 error
3410 5497 3521 5550 est.
