4104 6156
213 317 332 376 777

192 448 197 455 ’
289 449 383 505 36.
422 472 450 498 α
485 448 703 521 Habes,
741 470 770 497 »
802 448 1015 520 inquit,
1078 472 1105 499 ‹‹

218 554 442 596 avarus
474 538 658 603 bona,
690 536 805 594 nisi
839 552 907 594 ea
937 554 1070 609 quae
1117 543 1457 611 quaestuosa
1484 543 1644 606 sunt,
1704 538 1891 594 nomi-

220 644 390 685 nare.
425 627 541 683 Sed
573 627 887 699 acquiesco
918 627 992 693 ei,
1027 631 1091 683 ut
1121 628 1275 684 bona
1303 628 1575 683 dicantur
1604 645 1730 700 quae
1756 630 1896 683 sunt

229 716 598 791 pecuniaria.
631 714 751 771 Cur
779 732 917 789 ergo
950 716 1020 772 de
1050 716 1223 774 bonis
1279 716 1470 773 facitis
1528 716 1702 783 mala,
1756 732 1889 772 eum

224 808 300 864 de
331 805 504 863 malis
536 806 694 861 bona
727 805 917 860 facere
950 805 1250 862 debeatis?
1270 805 1567 877 Scriptum
1591 811 1675 862 est
1704 804 1888 863 enim:

227 917 259 947 «
292 894 484 951 Facite
525 891 695 948 vobis
755 892 981 948 amicos
1039 893 1111 949 de
1164 909 1506 951 mammona
1562 893 1892 966 iniquitatis

220 984 380 1055 (Luc.
411 999 527 1049 XVI,
559 982 635 1049 9).
679 1001 707 1029 ››
742 980 809 1035 Ei
843 996 981 1053 ergo
1011 981 1112 1051 qui
1148 982 1231 1036 uti
1265 981 1431 1048 sciat,
1490 983 1643 1037 bona
1700 986 1840 1037 sunt
1873 998 1886 1037 :

218 1072 273 1129 ei
305 1071 407 1144 qui
441 1069 525 1125 uti
555 1069 814 1135 nesciat,
849 1074 1005 1125 recte
1036 1068 1212 1126 mala.
1274 1093 1303 1121 ‹‹
1362 1070 1671 1143 Dispersit,
1732 1072 1893 1127 dedit

218 1159 576 1234 pauperibus
604 1159 756 1226 (15),
784 1159 1023 1229 justitia
1050 1159 1179 1229 ejus
1240 1164 1438 1215 manet
1497 1160 1557 1216 in
1607 1165 1888 1215 aeternum

219 1250 392 1321 (Psal.
424 1263 533 1309 CXI,
568 1247 643 1317 9).
666 1246 824 1312 Quid
853 1247 964 1302 hoc
989 1245 1201 1303 melius
1223 1248 1251 1302 ‘2
1271 1249 1431 1304 Bona
1460 1253 1620 1311 sunt.
1656 1249 1701 1305 si
1728 1249 1820 1305 57
1838 1248 1882 1306 ὗ

218 1336 576 1412 pauperibus
606 1334 916 1408 largiaris,
950 1335 1009 1390 in
1042 1352 1159 1407 quo
1189 1336 1295 1391 tibi
1328 1337 1654 1393 debitorem
1703 1337 1887 1394 Deum

219 1427 473 1500 quadam
504 1422 750 1496 pietatis
775 1423 1138 1480 feneratione
1167 1425 1514 1482 constituas.
1550 1427 1710 1483 Bona
1749 1431 1889 1482 sunt

216 1516 270 1571 si
306 1514 525 1587 aperias
555 1511 773 1567 horrea
800 1511 1049 1581 justitiae
1075 1516 1208 1579 tum,
1242 1517 1309 1568 ut
1339 1514 1420 1568 sis
1451 1514 1622 1586 panis
1666 1532 1885 1588 paupe-

217 1620 376 1673 rum,
405 1602 520 1656 vita
549 1600 882 1672 egentium,
932 1599 1137 1656 oculus
1188 1617 1497 1673 caecorum,
1546 1604 1883 1660 orbatorum

213 1691 532 1749 infantium
562 1694 755 1762 pater.

291 1809 381 1863 37.
412 1806 598 1863 Habes
632 1805 793 1860 unde
827 1804 1025 1875 facias,
1061 1807 1199 1878 quid
1226 1809 1449 1864 vereris
1471 1810 1499 1863 ‘?
1518 1809 1643 1865 Tua
1664 1813 1722 1865 te
1746 1825 1887 1865 voce
1917 1812 1965 1878 B

217 1894 516 1953 convenio.
543 1893 739 1949 Habes
773 1891 964 1948 multa
995 1893 1146 1948 bona
1177 1896 1235 1949 in
1268 1913 1458 1952 annos
1503 1896 1723 1953 multos
1782 1914 1885 1969 po-

213 1987 357 2050 sita,
388 1989 551 2057 potes
580 1986 641 2039 et
664 1981 774 2037 tibi
809 1984 867 2037 et
898 1979 1027 2036 aliis
1061 1983 1387 2041 abundare.
1425 1986 1616 2041 Habes
1682 1986 1884 2041 fecun-

216 2075 464 2131 ditatem
489 2070 812 2145 publicam,
842 2070 981 2141 quid
1016 2071 1272 2128 destruis
1319 2074 1530 2129 horrea
1561 2078 1663 2130 tua
1690 2075 1720 2128 ‘?
1778 2074 1884 2129 Os-

214 2163 400 2220 tende
429 2160 531 2216 tibi
565 2160 661 2215 ubi
699 2158 914 2215 melius
945 2164 1046 2213 tua
1077 2160 1379 2218 frumenta
1410 2164 1730 2231 custodias,
1782 2162 1885 2217 ubi

215 2254 372 2309 bene
404 2250 616 2323 sepiae,
652 2253 717 2305 ut
750 2248 908 2303 fures
940 2265 1007 2303 ea
1036 2248 1138 2304 tibi
1189 2252 1420 2307 auferre
1451 2270 1567 2308 non
1627 2251 1880 2325 possint.

217 2340 462 2398 Inelude
491 2356 557 2395 ea
586 2338 645 2393 in
679 2337 855 2392 corde
888 2352 1229 2408 pauperum,
1265 2340 1365 2393 ubi
1394 2357 1461 2394 ea
1504 2339 1706 2397 nullus
1736 2356 1881 2412 gur-

218 2430 383 2506 gulio
416 2430 811 2491 consummat,
846 2424 1009 2481 nulla
1037 2432 1377 2499 corrumpat
1423 2434 1704 2485 vetustas.
1768 2429 1880 2483 Ha-

218 2522 326 2576 bes
357 2517 658 2590 apotheas,
691 2516 938 2586 inopum
972 2513 1140 2568 sinus
1175 2531 1187 2568 :
1250 2515 1435 2572 habes
1467 2518 1768 2589 apotheas,
1802 2516 1883 2570 vi-

220 2611 476 2665 duarum
507 2604 714 2659 domos
751 2621 762 2657 :
797 2601 979 2656 habes
1025 2602 1324 2673 apotheas,
1388 2621 1489 2660 ora
1540 2605 1877 2673 infantium,

218 2702 287 2752 ut
310 2696 538 2750 dicatur
565 2693 674 2748 tibi
711 2708 722 2745 :
764 2713 791 2740 «
824 2691 905 2745 Ex
927 2707 1025 2745 ore
1075 2690 1390 2747 infantium
1423 2699 1479 2748 et
1536 2694 1879 2750 lactentium

217 2782 513 2859 perfecisti
542 2781 780 2837 laudem
809 2780 977 2851 (Psal.
1011 2795 1132 2844 VIII,
1164 2779 1240 2851 3).
1280 2781 1409 2836 Istae
1444 2786 1583 2837 sunt
1644 2782 1883 2855 apothe-

219 2889 469 2945 cae,quze
501 2872 783 2925 maneant
812 2868 868 2922 in
904 2872 1184 2923 aeternum
1222 2885 1234 2922 :
1292 2868 1406 2923 ista
1463 2869 1692 2937 horrea,
1754 2888 1881 2943 quze

219 2960 549 3020 fecunditas
582 2960 781 3013 futura
805 2974 919 3012 non
950 2957 1236 3011 destruat.
1285 2956 1430 3013 Nam
1465 2959 1624 3031 quid,
1662 2960 1878 3015 iterum

217 3051 425 3119 facias,
458 3049 505 3105 si
537 3048 639 3103 tibi
672 3046 808 3119 plus
856 3049 1062 3100 natum
1115 3043 1293 3100 fuerit
1351 3063 1505 3101 anno
1556 3047 1822 3120 sequenti
1853 3048 1881 3102 ‘2

218 3142 439 3198 Iterum
470 3153 606 3210 ergo
636 3140 695 3191 et
722 3133 827 3189 illa
854 3134 1144 3200 destrues,
1176 3146 1301 3212 quae
1342 3152 1497 3190 nunc
1529 3135 1717 3193 facere
1768 3152 1875 3208 pa-

218 3246 340 3296 ras,
373 3230 430 3283 et
457 3226 681 3297 majora
709 3222 909 3280 facies.
944 3222 1055 3277 Dat
1083 3221 1239 3277 enim
1290 3222 1397 3277 tibi
1455 3224 1872 3280 fecunditatem

215 3319 399 3384 Deus,
450 3320 513 3371 ut
576 3319 677 3371 aut
742 3313 938 3367 vincat
1005 3315 1107 3365 aut
1164 3311 1512 3367 condemnet
1567 3313 1873 3368 avaritiam

218 3413 387 3463 tuam
422 3422 435 3472 ;
467 3421 582 3476 quo
613 3402 1054 3458 excusationem
1088 3399 1302 3455 habere
1344 3417 1458 3455 non
1518 3401 1708 3472 possis
1741 3420 1754 3457 :
1812 3405 1875 3456 tu

217 3512 357 3553 vero
389 3494 540 3566 quod
572 3510 677 3565 per
706 3495 762 3546 te
791 3488 997 3545 multis
1025 3488 1185 3544 nasci
1216 3487 1418 3555 voluit,
1451 3488 1556 3544 tibi
1616 3490 1724 3545 soli
1787 3506 1873 3545 re-

222 3600 444 3650 servas,
476 3582 593 3637 imo
626 3583 684 3636 et
714 3577 817 3634 tibi
850 3576 1061 3633 adimis
1093 3595 1106 3643 ;
1170 3575 1359 3649 magis
1411 3578 1567 3632 enim
1617 3594 1877 3635 scrvares

218 3673 354 3742 tibi,
387 3688 433 3727 ει
462 3668 858 3742 dispertireris
890 3665 1042 3721 aliis.
1082 3666 1374 3721 Bonorum
1436 3667 1592 3721 enim
1649 3668 1877 3722 fructus

222 3776 539 3817 munerum
570 3758 630 3813 in
660 3774 760 3813 eos
791 3756 952 3828 ipsos
975 3754 1074 3826 qui
1105 3753 1478 3810 contulerint.
1512 3759 1880 3810 revertuntur

221 3855 284 3907 et
315 3849 507 3921 gratia
534 3844 909 3902 liberalitatis
942 3844 1000 3898 in
1045 3846 1338 3898 auctorem
1374 3842 1523 3898 redit
1574 3843 1710 3915 (16),
1769 3843 1879 3898 De»

222 3938 407 4011 nique
434 3936 715 4008 scriptum
748 3937 840 3989 est
874 3950 886 3987 :
942 3956 967 3981 ‹‹
1036 3932 1328 3987 Seminate
1385 3930 1553 3987 vobis
1582 3932 1653 3986 ad
1700 3931 1877 4002 justi-

218 4027 370 4083 tiam
406 4024 558 4091 (Osee
585 4041 644 4092 x,
677 4023 785 4093 42).
824 4044 852 4070 ››
887 4020 1022 4075 Esto
1082 4019 1363 4091 spiritalis
1423 4019 1698 4092 agricola,
1754 4034 1880 4076 sere

223 4114 387 4188 quod
420 4112 526 4168 tibi
558 4112 764 4184 prosit.
804 4111 964 4164 Bona
1006 4108 1153 4163 satio
1210 4109 1267 4163 in
1328 4109 1501 4163 corde
1542 4108 1875 4164 viduarum.

221 4204 286 4261 Si
320 4208 478 4259 terra
501 4200 608 4256 tibi
640 4199 834 4256 reddit
869 4198 1092 4252 fructus
1124 4196 1423 4253 uberiores
1473 4213 1652 4269 quam
1712 4214 1877 4253 acce-

222 4293 406 4367 perit,
464 4294 681 4363 quanto
741 4288 931 4360 magis
1019 4284 1431 4341 misericordiae
1490 4286 1881 4342 remuneratio

219 4381 435 4439 reddet
463 4377 949 4450 multiplicatiora
980 4392 1106 4446 quae
1146 4374 1378 4430 dederis
1414 4374 1425 4427 ἔ

823 4525 1051 4583 CAPUT
1112 4525 1259 4581 VIII.

225 4647 624 4715 Incogitantem
656 4659 893 4701 avarum
922 4650 1096 4698 morte
1125 4641 1576 4715 urgerimumque
1596 4642 1728 4713 jure
1747 4642 1884 4698 stul-

304 4713 426 4773 tum
454 4719 683 4772 vocitari
712 4719 1009 4771 memorato
1038 4713 1326 4781 Evangelii
1346 4714 1458 4767 loco
1488 4731 1506 4768 :
1532 4722 1732 4784 quanto
1770 4730 1881 4769 me-

307 4790 423 4845 lius
448 4792 701 4859 pecuniae
730 4787 1165 4859 distribuantur,
1190 4801 1355 4859 quam
1384 4786 1738 4859 retineantur
1760 4805 1799 4859 ίΔ
1835 4794 1888 4859 et

307 4855 478 4932 quam
502 4861 679 4930 inepte
699 4875 816 4915 sese
846 4857 914 4912 ab
945 4855 1307 4927 impertienda
1346 4856 1687 4927 eleemosyna
1738 4856 1881 4911 divi-

305 4938 389 4987 tes
417 4939 693 4987 excusent.

307 5065 402 5120 38.
434 5062 670 5133 Deinde,
729 5062 927 5132 homo,
982 5060 1171 5117 nescis
1231 5060 1369 5131 quia
1426 5064 1592 5116 terra
1651 5064 1884 5133 partum

228 5151 519 5229 prsvenit
549 5152 671 5210 dies
684 5151 913 5219 mortis,
933 5148 1333 5207 misericordia
1356 5153 1551 5205 autem
1584 5148 1884 5205 incursum

314 5353 432 5435 (ib)
462 5351 675 5435 Omnes
707 5350 871 5435 edit,
905 5351 1001 5435 qui
1030 5350 1110 5407 uti
1138 5348 1291 5435 sciat,
1326 5347 1499 5435 multa
1537 5346 1685 5435 ‘bfma
1738 5351 1883 5433 sunt.

234 5421 389 5495 Quid
410 5427 508 5508 hoc
536 5421 993 5508 melius_boao,’,si
1014 5422 1367 5496 pauperibus,
1399 5426 1503 5477 etc.
1537 5421 1676 5477 Mss.
1700 5422 1887 5496 magis

235 5515 318 5571 ap
367 5500 516 5555 osite
546 5500 613 5552 ut
640 5500 699 5551 in
730 5501 911 5555 textu.
1165 5563 1174 5574 ⁸
1518 5562 1527 5575 ⁸

316 5514 433 5641 86)
463 5567 636 5641 Edit.,_
662 5569 723 5622 in
744 5569 1017 5641 auctorem
1048 5564 1170 5620 bom
1200 5564 1378 5636 operis
1406 5563 1565 5620 redit.

235 5639 389 5703 Mes.
416 5639 589 5698 voces
620 5639 747 5696 boni
774 5640 951 5713 operis
982 5652 1097 5693 non
1128 5640 1473 5709 agnoscunt.

567 5764 829 5849 PATROLg
878 5761 1043 5841 XIV,

1275 312 1506 379 LIBER
1551 315 1650 377 DE
1694 312 2069 380 NABU’I‘HE
2112 321 2623 387 JEZRAELITA.

3542 323 3666 390 7'18

1159 451 1344 506 multa
1399 452 1573 507 bona.
1611 474 1638 499 ››
1695 449 1890 506 Nescit
1918 448 1974 515 Α
2008 453 2216 510 mortis
2248 453 2559 510 excludit?
2589 457 2895 515 Assistunt
2914 461 3040 531 jam
3074 457 3173 531 qui
3198 461 3508 529 reposcant
3539 456 3665 512 ani-

2009 558 2167 598 mam
2201 548 2388 607 tuam,
2415 547 2473 597 et
2502 551 2558 599 tu
2595 547 2786 603 adhuc
2818 548 3017 604 differs
3041 563 3280 620 operum
3317 546 3541 602 fructus
3568 550 3664 602 tu-

2006 647 2198 687 orum.
2231 631 2443 686 Adhuc
2471 636 2535 686 tu
2568 634 2648 689 ibi
2680 639 2943 709 tempora
2974 635 3202 692 vivendi
3251 634 3430 707 longa
3481 637 3667 691 meta-

2004 719 2284 791 ris(i7)?
2327 742 2355 770 «
2416 719 2628 787 Stulte,
2686 724 2796 780 hac
2849 728 3019 781 nocte
3074 728 3347 796 repetunt
3404 722 3666 780 animam

2005 812 2230 864 tuama
2259 812 2317 863 te
2358 809 2516 880 (Luc.
2576 829 2674 878 XII,
2723 814 2836 886 20).
2881 819 3037 869 Bene
3083 815 3165 868 ait
3220 816 3434 880 nocte;
3495 816 3668 869 nocte

2004 896 2163 952 enim
2192 897 2393 953 anima
2424 898 2582 954 avari
2613 902 2939 972 reposcitur
2970 920 2982 957 :
3017 919 3052 957 a
3079 901 3338 957 tenebris
3368 902 3593 976 incipit,
3610 906 3669 961 et

2002 985 2060 1040 in
2094 986 2353 1042 tenebris
2384 996 2730 1058 perseverat.
2750 992 2938 1047 Avaro
2972 1007 3206 1063 semper
3235 1007 3349 1045 nox
3378 994 3468 1047 est
3498 1009 3511 1060 ;
3537 992 3666 1050 dies

1994 1073 2186 1143 justo,
2220 1073 2313 1129 cui
2347 1074 2601 1130 dicitur:
2636 1101 2665 1127 ‹‹
2696 1084 2905 1147 Amen,
2936 1096 3106 1135 amen
3141 1079 3270 1134 dico
3301 1078 3428 1146 tibi,
3487 1079 3663 1139 hodie

2000 1177 2236 1241 mecum
2268 1163 2384 1219 eris
2416 1162 2473 1217 in
2489 1166 2758 1235 paradiso
2774 1171 2928 1239 (Luc.
2962 1186 3123 1233 XXIII,
3147 1168 3254 1239 43),
3284 1190 3310 1216 ››
3341 1199 3411 1208 --
3443 1191 3471 1219 ‹‹
3500 1169 3658 1226 Stul-

1998 1255 2096 1305 tus
2128 1258 2327 1307 autem
2360 1251 2513 1308 sicut
2544 1254 2682 1311 luna
2714 1262 2981 1313 mutatur
3006 1258 3207 1329 (Eccli.
3244 1275 3419 1326 XXVII,
3450 1260 3540 1331 l2)
3577 1275 3590 1314 :
3626 1284 3649 1314 ι

2000 1370 2066 1379 ——
2096 1339 2299 1411 «justi
2335 1343 2530 1396 autem
2560 1343 2869 1417 fulgebunt
2900 1346 3057 1401 sicut
3090 1345 3177 1401 sol
3222 1345 3278 1400 in
3313 1363 3489 1419 regno
3550 1347 3655 1405 Pa-

1998 1426 2103 1483 tris
2137 1428 2225 1484 sui
2260 1429 2468 1498 (Matth.
2503 1448 2622 1498 XIII,
2657 1434 2765 1505 43).
2806 1456 2832 1482 ››
2866 1434 3041 1488 Recte
3073 1433 3344 1506 arguitur
3368 1433 3653 1508 stultitiae,

1997 1517 2096 1588 qui
2128 1516 2186 1572 in
2222 1519 2632 1575 manducando
2666 1526 2721 1576 et
2751 1522 3009 1578 bibendo
3043 1522 3249 1578 locarit
3277 1540 3437 1595 spem
3459 1542 3651 1584 suam.

1996 1605 2065 1659 Et
2095 1605 2220 1660 ideo
2246 1606 2294 1659 ei
2326 1611 2557 1678 tempus
2591 1609 2794 1665 mortis
2824 1614 3088 1683 urgetur,
3124 1614 3444 1668 secundum
3496 1616 3651 1685 quod

1995 1692 2216 1748 dictum
2253 1698 2342 1747 est.
2363 1696 2435 1750 ab
2466 1696 2610 1767 ipsis
2642 1698 2741 1769 qui
2773 1698 2925 1771 gulae
2958 1700 3222 1755 serviunt
3250 1717 3262 1755 :
3315 1723 3345 1751 «
3406 1701 3651 1758 Mandu-

1996 1797 2196 1837 cemus
2224 1786 2279 1836 et
2307 1781 2602 1847 bibamus,
2638 1802 2765 1841 cras
2795 1788 2954 1865 enim
2989 1787 3313 1843 moriemur
3342 1790 3451 1861 (Isa
3506 1808 3649 1861 XXII,

1998 1869 2107 1940 43).
2142 1891 2169 1919 ››
2207 1870 2381 1925 Recte
2408 1872 2622 1928 dicitur
2653 1874 2894 1943 stultus,
2935 1876 3074 1948 quia
3106 1877 3318 1933 animae
3350 1896 3467 1934 suae
3526 1898 3651 1936 cor-

1997 1956 2218 2027 poralia
2248 1959 2680 2028 subministrat,
2716 1965 2856 2035 quia
2891 1966 3155 2022 recondit
3188 1983 3315 2039 qua
3380 1969 3472 2023 cui
3532 1986 3652 2026 ser-

1996 2046 2133 2115 viet,
2168 2047 2418 2118 ignorat.

2071 2225 2243 2279 576.
2275 2226 2363 2278 39.
2398 2227 2467 2280 Et
2498 2226 2625 2283 ideo
2659 2229 2709 2283 ei
2743 2230 2961 2287 dicitur
2995 2251 3008 2288 :
3045 2258 3071 2284 ‹‹
3107 2238 3241 2303 Quae
3298 2242 3492 2293 autem
3545 2256 3645 2311 pa-

1997 2312 2161 2376 rasti,
2195 2313 2363 2382 cujus
2394 2321 2563 2369 erunt
2594 2316 2738 2382 (Luc.
2771 2336 2873 2383 XII,
2907 2322 3052 2393 20)?
3099 2346 3119 2376 ι
3182 2326 3331 2390 Quid
3390 2327 3649 2400 quotidie

1996 2400 2242 2465 metiris,
2276 2406 2333 2456 et
2364 2412 2734 2470 numeras,et
2762 2409 3044 2481 obsignas
3063 2414 3091 2468 ‘I
3114 2414 3260 2479 Quid
3296 2432 3506 2472 aurum
3529 2420 3647 2472 tru-

1995 2490 2172 2550 tinas,
2207 2496 2512 2560 argentum
2549 2496 2840 2564 ponderas
2872 2498 2900 2552 ?
2931 2501 3158 2564 Quanto
3190 2503 3402 2561 melius
3450 2509 3539 2562 est
3569 2505 3645 2561 li-

1994 2576 2250 2633 beralem
2277 2594 2405 2633 esse
2426 2578 2913 2654 dispensatorem,
2929 2604 3106 2658 quam
3123 2591 3438 2663 sollicitum
3457 2579 3649 2650 custo-

1993 2667 2126 2721 dem
2164 2666 2490 2731 !Quantum
2524 2669 2625 2724 tibi
2663 2674 2970 2742 prodesset
2998 2679 3071 2733 ad
3129 2681 3399 2751 gratiam,
3431 2683 3645 2739 multo-

1994 2771 2125 2809 rum
2160 2755 2513 2827 pupillorum
2548 2762 2770 2829 patrem
2808 2765 3124 2831 nominari,
3158 2786 3336 2841 quam
3369 2772 3643 2827 innume-

1992 2860 2089 2899 ras
2123 2847 2369 2899 staterae
2399 2845 2460 2900 in
2493 2847 2724 2903 sacculo
2768 2852 3112 2924 obsignatas
3143 2857 3355 2915 habere
3387 2861 3399 2914 ι
3459 2860 3639 2916 Pecu-

1993 2935 2092 2987 nia
2122 2932 2334 2987 etenim
2363 2932 2456 2988 hic
2486 2934 2844 3006 relinquitur
2872 2959 2884 2996 :
2916 2945 3106 3015 gratia
3142 2951 3337 3002 autem
3396 2965 3639 3022 operum

1993 3022 2280 3077 bonorum
2308 3022 2612 3079 nobiscum
2648 3027 2716 3081 ad
2745 3030 3009 3098 judicem
3045 3034 3237 3090 meriti
3271 3036 3545 3093 defertur.

1907 3181 1951 3249 C
2063 3197 2151 3252 40.
2177 3198 2286 3252 Sed
2323 3198 2568 3256 fortasse
2597 3201 2779 3269 dicas,
2816 3208 2970 3277 quod
3003 3210 3178 3284 vulgo
3209 3212 3411 3268 soletis
3482 3213 3639 3269 dice-

1989 3302 2068 3341 re.
2102 3286 2227 3342 Non
2260 3288 2543 3344 debemus
2574 3290 2625 3344 ei
2659 3292 2897 3362 donare,
2934 3298 3030 3353 cui
3061 3299 3216 3357 Deus
3264 3301 3346 3357 ita
3400 3301 3642 3358 maledi-

1987 3374 2163 3442 xit,ut
2192 3392 2324 3431 eum
2349 3393 2515 3448 egere
2536 3378 2724 3436 vellet.
2759 3383 2869 3438 Sed
2904 3402 3018 3442 non
3044 3405 3330 3462 pauperes
3363 3389 3643 3447 maledic-

1986 3463 2052 3532 ti,
2086 3480 2219 3553 cum
2250 3466 2537 3553 scriptum
2571 3468 2648 3522 sit
2686 3487 2699 3524 :
2735 3493 2763 3519 «
2817 3472 2977 3528 Beati
3048 3495 3335 3553 pauperes
3400 3479 3634 3551 spiritu,

1988 3551 2267 3622 quoniam
2298 3552 2558 3624 ipsorum
2593 3561 2682 3611 est
2712 3575 2960 3633 regnum
3012 3551 3294 3623 ccelorum
3348 3567 3553 3640 (Matth.
3587 3583 3641 3635 v,

1985 3642 2062 3710 3).
2094 3662 2121 3689 ››
2152 3639 2277 3695 Non
2311 3642 2380 3697 de
2411 3660 2692 3719 paupere,
2723 3649 2823 3702 sed
2859 3650 2929 3704 de
2962 3652 3140 3711 divite
3198 3639 3501 3728 Scriptura
3557 3655 3645 3710 di-

1987 3729 2112 3784 cit:
2147 3752 2173 3778 ‹‹
2208 3729 2462 3802 Captans
2512 3733 2699 3805 pretia
2759 3736 3064 3808 frumenti,
3122 3743 3470 3799 maledictus
3530 3743 3642 3799 erit

1986 3820 2168 3885 (Prov.
2193 3835 2269 3882 XI,
2301 3820 2412 3891 26).
2450 3843 2477 3870 ››
2510 3821 2728 3878 Deinde
2760 3842 2876 3880 non
2924 3830 3193 3900 requiras
3253 3832 3395 3902 quid
3456 3847 3643 3886 unus-

1988 3905 2239 3979 quisque
2272 3913 2585 3965 mereatur.
2619 3910 3025 3971 Misericordia
3056 3934 3170 3973 non
3203 3919 3274 3973 de
3305 3917 3649 3988 meritisju-

1989 3994 2182 4050 dicare
2213 3997 2532 4064 consuevit,
2559 3999 2659 4053 sed
2685 4002 3092 4061 necessatibus
3114 4004 3426 4060 subvenire
3450 4004 3647 4075 :juva-

1990 4100 2050 4139 re
2073 4100 2411 4155 pauperem,
2449 4103 2565 4142 non
2614 4088 2945 4145 examinare
2987 4093 3306 4163 justitiam.
3349 4091 3644 4164 Scriptum

1990 4177 2078 4228 est
2099 4171 2251 4227 enim
2280 4189 2342 4227 :«
2372 4174 2577 4231 Beatus
2600 4177 2700 4247 qui
2748 4177 3027 4251 intelligit
3076 4199 3253 4253 super
3292 4196 3544 4254 egenum
3588 4185 3647 4236 et

1990 4277 2303 4333 pauperem
2332 4263 2502 4333 (Psal.
2527 4282 2616 4331 XL,
2639 4268 2716 4337 2).
2744 4289 2770 4313 ››
2795 4265 2936 4328 Quis
2955 4280 3045 4323 est
3066 4270 3162 4341 qui
3187 4267 3511 4342 intelligit?
3530 4267 3640 4332 Qui

1990 4351 2343 4421 compatitur
2363 4352 2436 4418 ei,
2463 4352 2563 4423 qui
2590 4353 2836 4408 advertit
2859 4362 3191 4413 consortem
3226 4374 3354 4414 esse
3397 4362 3643 4427 naturae,

1993 4437 2094 4510 qui
2118 4438 2417 4510 cognoscit
2433 4441 2583 4512 quod
2608 4445 2663 4496 et
2692 4442 2931 4497 divitem
2955 4448 3010 4499 et
3032 4462 3348 4519 pauperem
3371 4446 3506 4502 fecit
3526 4446 3645 4504 Do-

1994 4525 2215 4593 minus,
2242 4525 2341 4598 qui
2360 4526 2469 4582 scit
2489 4528 2645 4599 quod
2668 4529 2994 4586 sanctiﬁcat
3017 4532 3243 4590 fructus
3266 4552 3426 4604 suos,
3473 4534 3521 4590 si
3573 4536 3645 4592 de

1993 4613 2086 4669 his
2106 4614 2319 4669 delibet
2341 4615 2598 4687 aliquam
2619 4619 2977 4690 pauperibus
2994 4623 3495 4697 portionem.Ergo
3508 4640 3643 4679 cum

1993 4702 2210 4758 habeas
2235 4703 2389 4759 unde
2412 4704 2764 4773 benefacias,
2781 4723 2852 4761 ne
2875 4708 3359 4768 diﬂ‘erasdicens:
3387 4712 3527 4767 Cras
3549 4712 3646 4765 da-

1995 4791 2069 4845 bo
2097 4808 2109 4858 ;
2134 4808 2205 4846 ne
2227 4790 2509 4863 largiendi
2535 4794 2773 4849 amittas
2794 4795 3044 4867 eopiam.
3077 4799 3408 4855 Periculosa
3454 4803 3544 4854 est
3569 4798 3643 4853 de

1994 4878 2237 4935 alterius
2268 4878 2455 4935 salute
2476 4880 2699 4937 dilatio.
2734 4883 2930 4941 Potest
2956 4887 3077 4942 fieri
3106 4892 3189 4958 ut,
3221 4888 3363 4943 dum
3405 4890 3467 4941 tu
3522 4885 3639 4940 dif-

1996 4968 2132 5031 fers,
2165 4968 2261 5024 ille
2293 4969 2597 5026 moriatur.
2632 4972 2817 5044 Magis
2849 4978 2981 5030 ante
3027 4979 3270 5031 mortem
3330 4990 3643 5047 praecurre,

1996 5074 2067 5113 ne
2097 5056 2243 5113 forte
2275 5058 2515 5116 avaritia
2546 5063 2600 5115 te
2633 5065 2688 5116 et
2714 5077 2841 5117 cras
2902 5061 3201 5134 impediat,
3235 5066 3292 5119 et
3349 5062 3644 5134 promissa

1995 5145 2362 5203 fraudentur.

2068 5347 2179 5420 (17)
2210 5343 2826 5420 Rom.edit.,_ieinpora
2857 5347 3079 5420 vivezizdi
3122 5348 3286 5418 longa
3341 5350 3637 5420 promittis.

1995 5417 2122 5480 νει,
2156 5417 2290 5475 eum
2338 5434 2480 5474 mss.
2537 5417 2825 5488 aliquot...
2884 5419 3186 5475 meditaris.
3225 5417 3381 5475 Mss.
3444 5428 3640 5479 autem

1997 5489 2417 5565 complures...
2450 5490 2681 5565 metiris.
2714 5494 2791 5565 ᾼῐ
2838 5490 3103 5547 omnium
3148 5492 3636 5565 antiquissimi...

1980 5559 2238 5621 'meta'ris.
2272 5564 2405 5630 Quae
2437 5560 2861 5637 signiﬁcatione
2890 5579 3094 5637 parum
3129 5559 3424 5626 differunt.

3242 5760 3322 5834 25
