4104 6156
468 292 592 397 πό

1112 464 1341 523 CAPUT
1382 464 1470 523 IX.

474 542 741 628 Quomodo
770 556 1011 621 Iezabel,
1044 572 1163 628 quae
1184 564 1261 613 est
1289 558 1547 624 avaritia,
1581 556 1847 612 divi/ibus
1903 572 2116 627 posscs-

539 627 830 754 seslstionem
853 644 1021 701 quam
1052 627 1241 684 contra
1259 631 1544 701 justitiam
1582 628 1917 693 desiderant,
1947 628 2114 697 polli-

539 713 599 755 ce
657 714 745 755 ur.
929 733 939 755 ι

542 823 629 879 bl.
663 822 776 879 Sed
809 822 949 896 quid
994 824 1207 885 dicam.
1252 841 1326 879 ne
1382 825 1616 881 differas
1655 823 2059 880 liberelitatem
2090 821 2120 875 ‘?

470 911 705 968 Utinam
738 928 852 967 non
895 929 1247 985 approperes
1307 914 1571 986 rapinam
1611 930 1625 969 :
1682 912 1907 968 utinam
1962 912 2117 984 quod

471 996 857 1069 concupieris,
891 1016 1006 1053 non
1035 1005 1381 1072 extorqueas
1416 1017 1427 1056 :
1462 1001 1688 1055 utinam
1722 1000 1977 1055 alienum
2001 1016 2116 1053 non

470 1090 653 1157 petas,
688 1092 964 1158 negatum
1000 1088 1409 1160 przetermitas,
1445 1094 1784 1145 excusatum
1836 1088 2121 1159 patienter

471 1174 621 1229 feras
647 1191 762 1229 non
798 1177 1006 1231 audias
1034 1176 1195 1231 illam
1229 1176 1480 1243 Jezabel,
1529 1195 1654 1250 quae
1713 1181 1799 1231 est
1857 1175 2115 1241 avaritia,

471 1263 728 1333 quodam
759 1264 1040 1335 profluvio
1074 1264 1186 1335 (l8)
1217 1265 1491 1320 vanitatis
1524 1266 1816 1319 dicentem
1871 1281 1883 1319 :
1918 1286 1945 1313 «
2000 1265 2118 1335 Ego

470 1351 572 1405 tibi
607 1351 760 1405 daho
799 1353 1232 1423 possessionem
1292 1371 1467 1425 quam
1527 1353 1830 1408 desideras
1862 1353 1962 1424 (III
1988 1355 2114 1424 Reg.

466 1454 585 1506 xxx,
619 1441 675 1511 7)
709 1441 721 1494 l
757 1461 777 1491 ι
815 1442 900 1495 'l‘u
935 1441 1122 1497 tristis
1154 1458 1237 1510 es,
1271 1442 1408 1513 quia
1439 1443 1524 1496 vis
1557 1458 1894 1498 mensuram
1928 1441 2116 1496 consi-

469 1529 672 1584 derare
696 1529 962 1599 justitim,
998 1534 1060 1583 ut
1087 1528 1340 1585 alienum
1377 1548 1490 1585 non
1514 1531 1726 1601 eripias
1761 1547 1773 1585 ε
1803 1546 1907 1601 ego
1935 1529 2118 1585 habeo

470 1634 598 1672 mea
622 1618 781 1688 jura,
818 1618 1003 1672 habeo
1038 1635 1199 1673 meas
1224 1618 1380 1690 leges
1417 1637 1429 1676 :
1464 1619 1869 1674 calumniabor
1894 1623 1955 1673 ut
1985 1635 2117 1689 spo-

466 1706 602 1761 liem
638 1724 652 1773 ;
697 1712 751 1761 et
784 1712 843 1761 ut
879 1707 1173 1778 possessio
1206 1708 1480 1779 pauperis
1508 1707 1809 1780 eripiatur,
1842 1707 1957 1762 vita
1986 1707 2117 1779 pul-

468 1795 661 1849 sa'oitu
671 1811 716 1848 r.

541 1884 629 1937 42.
662 1882 809 1948 Quid
844 1883 1001 1937 enim
1036 1882 1193 1938 aliud
1226 1884 1284 1939 in
1317 1884 1416 1939 illa
1442 1884 1704 1954 historia,
1732 1885 1842 1940 nisi
1868 1884 2113 1940 divitum

468 1970 711 2027 avaritia
739 1971 1111 2038 describitur,
1165 1989 1291 2043 qua:
1320 1978 1407 2027 est
1464 1990 1678 2028 vanum
1741 1973 2111 2045 profluvium.

468 2060 625 2132 quod
655 2059 855 2115 omnia
885 2060 1046 2114 ﬂuvii
1082 2062 1255 2115 modo
1287 2061 1495 2132 rapiat,
1522 2065 1578 2116 et
1607 2061 1752 2117 nulli
1797 2061 1922 2117 usui
1981 2078 2113 2134 pro-

466 2149 666 2204 futura
693 2148 1040 2204 transdueat
1066 2150 1094 2203 ?
1143 2149 1271 2205 Hmc
1304 2154 1393 2205 est
1421 2149 1650 2205 Jezahel
1686 2167 1802 2205 non
1834 2167 1970 2218 una,
2013 2151 2114 2206 sed

469 2236 821 2309 multiplex:
858 2254 973 2292 non
1024 2236 1201 2293 unius
1261 2238 1562 2310 temporis,
1623 2240 1723 2293 sed
1783 2244 2114 2310 temporum

470 2324 859 2398 plurimorum
896 2342 910 2380 :
946 2325 1064 2380 hzee
1097 2326 1370 2381 omnibus
1402 2327 1560 2391 dicit,
1613 2328 1766 2381 sicut
1820 2327 1918 2383 illa
1974 2327 2118 2381 dixit

468 2415 590 2471 viro
622 2431 729 2470 suo
767 2414 966 2469 Achab
999 2432 1011 2469 :
1048 2438 1074 2464 ‹‹
1118 2415 1321 2487 Surge,
1356 2415 1642 2470 manduca
1677 2432 1908 2487 panem,
1941 2421 1997 2470 et
2028 2433 2116 2472 re-

468 2503 527 2559 di
559 2502 630 2559 ad
661 2507 715 2559 te
748 2520 760 2559 :
794 2518 901 2577 ego
930 2503 1080 2559 dabo
1113 2504 1213 2558 tibi
1247 2503 1472 2558 vineam
1506 2504 1773 2560 Nabutbe
1802 2504 2118 2561 Jezraelitsa

469 2591 740 2663 υωυδ.»

538 2680 627 2735 43.
660 2702 688 2730 ‹‹
722 2680 792 2735 Et
821 2679 1020 2752 sripsit
1050 2680 1260 2735 librum
1286 2680 1522 2736 nomine
1554 2682 1774 2745 Achab,
1806 2686 1864 2737 et
1920 2682 2115 2755 signa-

464 2768 547 2825 vit
567 2768 783 2825 annulo
817 2768 979 2824 illlus
1011 2770 1144 2840 (19),
1177 2774 1233 2823 et
1264 2770 1426 2825 misit
1456 2769 1669 2824 librum
1703 2771 1774 2825 ad
1833 2771 2116 2844 seniores,

465 2860 524 2913 et
552 2859 622 2912 ad
656 2857 871 2913 liberos
902 2872 1001 2912 eos
1033 2857 1133 2929 qui
1168 2859 1554 2913 morabantur
1583 2859 1695 2929 (20)
1727 2875 1860 2913 cum
1920 2860 2115 2914 Nabu-

465 2945 584 3000 the.
617 2945 686 2999 Et
715 2949 839 3000 erat
869 2944 1153 3016 scriptum
1189 2947 1333 3001 577
1370 2945 1430 3000 in
1462 2945 1936 3015 libro:Jejunate
1959 2949 2113 3019 jeju-

466 3032 653 3100 nium,
686 3036 744 3088 et
773 3033 1111 3089 constituite
1142 3032 1412 3089 Nabuthe
1442 3034 1497 3087 in
1528 3033 1849 3106 principem
1891 3036 2113 3107 populi,

467 3126 525 3177 et
552 3121 891 3178 constituite
921 3122 1069 3176 duos
1098 3122 1253 3178 viros
1286 3122 1437 3177 filios
1468 3122 1801 3193 iniquitatis
1832 3140 1901 3179 ex
1931 3125 2114 3180 diver-

467 3228 531 3267 so
564 3211 712 3283 ejus,
738 3215 804 3267 ut
836 3209 1048 3265 falsum
1080 3211 1485 3266 testimonium
1519 3210 1864 3283 perhibeant
1913 3213 2109 3268 adver-
2143 3200 2185 3266 C
2222 3198 2320 3283 JF“:

467 3316 571 3355 sus
600 3313 735 3354 eum
767 3297 1027 3354 dicentes
1060 3314 1073 3352 :
1110 3299 1409 3354 Benedixit
1439 3299 1621 3354 Deum
1655 3305 1712 3354 et
1750 3316 1944 3372 regem
1977 3302 2113 3371 (21),

466 3388 522 3440 et
553 3383 859 3456 producite
888 3383 1075 3450 illum,
1110 3389 1166 3440 et
1196 3384 1450 3457 lapidate
1481 3386 1636 3456 (Ibid.
1671 3389 1727 3452 8,
1762 3388 1869 3458 10).
1908 3411 1934 3436 u

1107 3499 1339 3557 CAPUT
1380 3500 1443 3558 X.

465 3588 690 3664 Divites,
722 3604 846 3643 cum
870 3588 1057 3644 aliena
1086 3604 1282 3664 rapere
1310 3606 1419 3664 uon
1445 3596 1692 3664 possunt,
1721 3607 1845 3664 pra?
1882 3595 2115 3649 tristitia

535 3658 717 3737 cibum
745 3675 856 3715 non
885 3676 1076 3737 capere
1105 3678 1123 3715 :
1153 3658 1206 3737 et
1232 3662 1375 3715 inibi
1397 3658 1535 3737 quid
1557 3658 1837 3734 jejunium
1867 3668 1962 3719 aut
1984 3681 2111 3737 pre-

535 3746 621 3806 ces
648 3731 755 3787 Deo
787 3735 1031 3806 acceptas
1078 3732 1313 3806 reddat:
1372 3731 1567 3789 deinde
1610 3731 1789 3806 quam
1835 3731 2111 3792 contraria

528 3801 670 3858 Deus
692 3801 1009 3875 praecipiat,
1044 3808 1093 3858 et
1125 3804 1232 3875 ipsi
1257 3804 1490 3873 fmrz'ant.

524 3915 613 3976 M.
646 3918 831 3984 Quam
863 3918 1158 3975 evidenter
1179 3935 1455 3991 expressa
1479 3925 1566 3975 est
1586 3918 1833 3977 divitum
1857 3938 2103 3979 consue-

456 4005 648 4061 tudo?
669 4007 1105 4061 Constritantur
1134 4008 1180 4063 si
1216 4007 1407 4063 aliena
1439 4025 1553 4063 non
1587 4009 1815 4079 rapiant
1848 4027 1860 4064 :
1897 4029 2111 4068 renun-

453 4093 605 4149 tiant
635 4094 787 4163 cibo,
812 4096 1106 4165 jejunant,
1162 4112 1276 4151 non
1338 4101 1401 4151 ut
1456 4102 1760 4169 peccatum
1815 4100 2105 4169 minuant,

454 4182 558 4237 sed
594 4186 655 4238 ut
683 4182 908 4238 crimen
940 4183 1278 4241 admittant.
1305 4184 1517 4241 Videas
1548 4185 1679 4242 illos
1709 4192 1849 4243 tunc
1897 4204 2106 4246 conve-

455 4271 684 4327 nientes
715 4272 786 4327 ad
821 4270 1494 4341 Ecclesiam,ofﬁciosos,
1518 4272 1793 4344 humiles,
1818 4277 2106 4345 assiduos,

459 4362 526 4413 ut
554 4359 822 4414 effectum
857 4360 1093 4416 sceleris
1126 4361 1438 4433 impetrare
1459 4366 1933 4421 mereantur.Sed
1968 4367 2109 4422 dicit

454 4444 576 4501 illis
607 4446 759 4502 Deus
795 4465 806 4502 :
845 4470 872 4497 ‹‹
907 4448 1035 4505 Νοη
1070 4450 1179 4505 hoc
1203 4440 1499 4522 jejunium
1546 4451 1712 4524 elegi,
1745 4469 1851 4509 nec
1907 4456 1954 4510 si
2004 4458 2105 4512 tle-

454 4539 581 4589 ctas
614 4540 680 4588 ut
710 4536 996 4591 circulum
1029 4537 1245 4593 collum
1278 4544 1469 4607 tuum,
1506 4539 1759 4596 cinerem
1817 4543 1991 4599 etiam
2051 4550 2108 4601 et
2135 4566 2181 4631 D

454 4620 707 4678 cilicium
740 4623 1106 4694 substernas,
1138 4643 1241 4683 nec
1272 4628 1357 4684 sic
1385 4628 1667 4685 vocabitis
1689 4629 1983 4702 jejunium
2016 4650 2105 4689 ac-

523 4783 636 4854 (18)
669 4784 836 4864 Edit;
855 4790 995 4850 vet.,
1028 4803 1153 4858 quae
1183 4796 1263 4864 est
1288 4790 1528 4864 avaritia
1564 4789 1835 4864 quoddam
1888 4796 2100 4864 proﬂu-

448 4857 624 4931 uium,
656 4861 763 4912 etc.
801 4856 966 4912 Rom.
1000 4856 1125 4931 quae
1161 4863 1242 4931 est
1268 4860 1534 4931 quoddam
1572 4856 1927 4931 pro/luvium,
1987 4856 2097 4921 etc.

446 4925 656 4983 Melius
687 4944 831 4985 mss.
864 4925 1068 4985 omnes
1099 4925 1303 4987 Gallici
1338 4938 1399 4985 ut
1428 4930 1484 4985 in
1518 4925 1697 4987 te'xtu'.

514 4998 631 5124 $19)
665 4999 832 5056 Rom.
868 5000 1031 5067 edit.,
1065 5006 1115 5057 et
1143 5003 1362 5074 scripsit
1393 5004 1674 5073 lilteras.,.
1723 5004 1785 5058 Et
1838 5008 2101 5077 scriptum

539 5077 559 5123 t
593 5071 653 5123 in
682 5071 900 5124 litteris.
952 5079 1061 5124 etc.

444 5071 559 5125 erit
593 5071 653 5123 in
682 5071 900 5127 litteris.
952 5079 1061 5129 etc.

516 5141 630 5219 (:20)
662 5142 789 5219 Ess,
822 5144 1049 5219 aliquot
1075 5144 1497 5219 antiquissimi,
1531 5155 1581 5200 et
1622 5146 1692 5200 ad
1748 5147 1914 5201 libros
1980 5149 2098 5219 ejus

445 5212 543 5280 qui
570 5212 947 5283 morabantur,
967 5223 1076 5272 etc.
1112 5212 1511 5271 Alii'maximo
1526 5234 1769 5272 numero
1801 5234 1933 5273 cum
1956 5212 2095 5274 edit.

445 5281 741 5361 omnibus,
774 5290 823 5361 et
851 5281 1146 5361 ad'libcros
1175 5304 1261 5361 eos
1291 5290 1403 5360 qui,
1438 5293 1545 5361 etc.
1582 5288 1703 5361 Illis
1733 5288 2098 5361 suﬁ'raguan-

444 5356 543 5428 tu_r
577 5352 735 5423 LXX,
770 5357 866 5410 ubi
903 5358 1133 5428 legitur,
1164 5360 1248 5405 sui
1274 5352 1399 5413 {obs
1427 5358 1713 5423 ὲλευτέρους
1768 5361 1879 5414 τοὺς
1919 5352 2095 5408 ἷιατοι-

444 5424 803 5504 ξοῦνῖας-μςτυ
830 5424 1087 5504 mactem.
1120 5430 1315 5503 Vulg.‘
1347 5439 1401 5486 et
1452 5432 1736 5502 optimates
1792 5433 1893 5503 qui
1934 5440 2097 5486 erunt

441 5496 509 5547 in
527 5496 766 5567 ciuitate
791 5499 930 5567 ejus,
962 5505 1071 5559 etc.

519 5563 630 5635 (21)
689 5563 855 5649 _Mss.
919 5563 1157 5649 aliquot
1225 5573 1477 5649 antiquas
1531 5588 1765 5642 manus,
1819 5571 2099 5632 benedixit

441 5634 615 5708 Deum
646 5645 699 5695 et
728 5653 926 5727 regem.

1928 332 1995 397 S.
2039 326 2417 398 AMBROSII

2146 468 2199 531 Α
2230 474 2483 538 ceptum.
2519 467 2641 522 Non
2666 466 2781 524 tale
2805 466 3103 539 jejunium
3149 463 3315 539 elegi,
3368 465 3512 523 dicit
3567 465 3879 525 Dominus.

3761 332 3882 399 780

2232 556 2340 609 Sed
2375 555 2530 611 solve
2560 572 2794 612 omnem
2819 554 3245 628 colligationem
3278 555 3599 628 injustitiaa,
3628 556 3883 614 dissolve

2232 643 2622 717 obligationes
2640 645 3031 701 violentarum
3063 644 3615 707 commutationum,
3647 644 3884 703 dimitte

2231 733 2556 789 cnn’ractos
2587 733 2645 788 in
2680 734 3116 803 remissionem,
3148 738 3206 790 et
3233 750 3466 790 omnem
3499 734 3885 806 conscriptio-

2231 839 2361 876 nem
2391 822 2651 893 iniquam
2686 814 2991 895 disrumpe
3024 841 3036 878 :
3066 821 3267 895 frange
3291 839 3502 895 panem
3531 827 3707 879 tuum
3750 839 3883 879 esu-

2230 910 2425 975 rienti,
2458 927 2671 982 egenos
2702 927 2817 965 non
2847 910 3135 967 habentes
3161 914 3379 966 tectum
3428 911 3613 966 induc
3672 911 3732 966 in
3790 911 3886 967 do-

2232 1015 2326 1053 mu
2339 1015 2392 1053 m
2408 1003 2569 1054 tuam
2588 1017 2600 1055 :
2616 999 2664 1053 si
2685 1000 2899 1054 videris
2914 1000 3135 1054 nudum
3149 1046 3161 1061 ,
3174 1000 3340 1065 vesti,
3356 1000 3881 1057 etdomesticosse-

2230 1087 2644 1141 ministuinon
2670 1087 2981 1159 despicies.
3021 1088 3184 1143 Tunc
3231 1088 3453 1143 orietur
3491 1088 3601 1143 tibi
3643 1088 3885 1144 matuti-

2229 1194 2370 1231 num
2407 1176 2601 1231 lumen
2637 1181 2829 1242 tuum,
2850 1182 2905 1231 et
2935 1176 3155 1231 sanitas
3187 1193 3293 1231 sua
3325 1181 3556 1231 matura
3584 1178 3808 1232 orietur
3829 1182 3887 1233 et

2230 1266 2514 1335 prcecedet
2546 1269 2679 1318 ante
2708 1264 3101 1334 tejustitia,et
3122 1265 3402 1335 majestas
3423 1264 3523 1320 Dei
3544 1265 3879 1321 circumda-
3936 1319 3951 1332 ,

2228 1353 2315 1406 bit
2346 1357 2400 1407 te
2426 1370 2437 1407 :
2482 1358 2621 1407 tunc
2653 1352 2958 1416 clamabis,
2993 1358 3050 1408 et
3073 1352 3225 1407 Deus
3256 1352 3528 1407 exaudiet
3557 1357 3647 1420 te;
3692 1352 3886 1408 adhuc

2227 1445 2283 1495 te
2314 1441 2610 1513 loquente,
2632 1442 2787 1498 dicet
2817 1458 2831 1496 :
2866 1442 3010 1497 Ecce
3039 1441 3246 1497 adsum
3282 1441 3408 1513 (ιω.
3443 1458 3600 1509 Lvm,
3633 1444 3671 1496 5
3697 1443 3776 1510 9).
3812 1464 3839 1491 ιι

2301 1588 2387 1639 45.
2421 1586 2625 1649 Audis,
2658 1586 2841 1656 dives,
2875 1586 3016 1656 quid
3047 1584 3329 1641 Dominus
3373 1585 3528 1641 Deus
3583 1585 3793 1641 dicat?
3819 1589 3887 1641 Et

2228 1680 2284 1728 te
2317 1674 2386 1728 ad
2461 1674 2771 1729 Ecclesium
2804 1674 2985 1740 venis,
3056 1691 3170 1730 non
3206 1678 3269 1729 ut
3324 1671 3551 1745 aliquid
3614 1672 3885 1746 largiaris

2232 1764 2493 1835 pauperi,
2529 1764 2630 1819 sed
2660 1769 2726 1818 ut
2753 1764 2984 1820 auferas
3016 1780 3029 1817 ε
3063 1764 3312 1835 jejunae,
3377 1779 3494 1819 non
3534 1767 3599 1819 ut
3640 1763 3887 1819 convivii

2147 1835 2309 1905 Btui
2342 1856 2616 1922 sumptus
2650 1852 2915 1923 proﬁciat
2939 1850 3161 1923 egenis,
3217 1852 3316 1907 sed
3374 1856 3438 1906 ut
3495 1850 3757 1924 spolium
3814 1852 3887 1907 de

2224 1941 2537 2011 egentibus
2566 1940 2931 2012 adipiscaris.
2966 1939 3115 2007 Quid
3148 1939 3254 1996 tibi
3285 1940 3369 1995 vis
3420 1956 3557 1995 cum
3619 1938 3773 1995 libro
3827 1944 3888 1995 et

2226 2028 2449 2094 charta,
2493 2036 2549 2084 et
2579 2028 2884 2099 signaculo
2914 2029 3048 2101 (22),
3078 2033 3135 2084 et
3163 2028 3619 2100 conscriptione,
3654 2033 3714 2085 et
3760 2028 3886 2084 vin~

2225 2120 2355 2172 culo
2379 2118 2532 2187 juris
2564 2117 2590 2171 ?
2620 2118 2744 2172 Non
2775 2117 2991 2173 audisti
3025 2134 3091 2173 ει(
3128 2118 3294 2173 Solve
3337 2134 3574 2172 omnem
3634 2116 3885 2190 colliga-

2226 2205 2447 2260 tionem
2482 2206 2803 2276 injustitiae,
2835 2205 3088 2261 dissolve
3141 2205 3529 2277 obligationes
3598 2206 3888 2262 violenta-

2228 2312 2357 2348 rum
2390 2295 2939 2360 commutationum,
2975 2294 3201 2349 dimitte
3232 2293 3566 2350 confractos
3588 2295 3649 2349 in
3674 2296 3884 2351 remis-

2227 2384 2473 2451 sionem,
2509 2388 2564 2439 et
2595 2400 2829 2438 omnem
2875 2382 3367 2454 conscriptionem
3434 2382 3704 2455 iniquam
3766 2385 3886 2440 dis-

2229 2488 2455 2543 rumpc.
2488 2495 2513 2520 ››
2547 2473 2632 2526 Tn
2674 2472 2819 2526 mihi
2852 2471 3085 2527 tabulas
3142 2473 3335 2541 otl‘ers,
3398 2488 3506 2544 ego
3540 2472 3647 2528 tibi
3708 2474 3885 2529 recito

2228 2561 2326 2615 Dei
2357 2559 2544 2631 legem
2581 2578 2592 2615 :
2631 2565 2690 2615 tu
2723 2566 3051 2615 atromento
3082 2559 3313 2624 scribis,
3345 2576 3452 2633 ego
3501 2561 3606 2615 tibi
3658 2561 3882 2632 Spiritu

2227 2648 2328 2704 Dei
2362 2650 2637 2720 iuset'ipi-i
2676 2654 2866 2720 repeto
2890 2647 3123 2703 oracula
3155 2647 3574 2720 prophetarum
3611 2666 3624 2702 :
3656 2654 3721 2703 tu
3769 2654 3884 2705 tes—

2226 2737 2467 2793 timonia
2505 2737 2654 2792 l‘alsa
2692 2736 3015 2808 componis,
3082 2751 3187 2807 ego
3252 2736 3666 2793 testimonium
3737 2754 3878 2795 con-

2225 2825 2480 2882 scientia:
2515 2841 2707 2895 posco,
2739 2842 2918 2896 quam
2942 2824 3205 2896 judicem
3235 2824 3322 2879 tui
3362 2825 3618 2898 effugere
3647 2831 3706 2881 et
3763 2827 3874 2882 de-

2224 2914 2442 2970 clinare
2482 2931 2597 2969 non
2666 2913 2903 2985 poteris,
2946 2914 3116 2984 cujus
3156 2913 3561 2970 testimonium
3618 2931 3736 2971 non
3774 2933 3879 2988 po-

2225 3004 2364 3057 teris
2396 3018 2664 3058 recusare
2696 3002 2753 3056 in
2784 3001 2877 3056 die
2907 3019 3022 3074 qua
3051 3001 3329 3057 revelabit
3350 3002 3889 3061 Dominusocculta

2223 3090 2553 3146 hominum.
2588 3091 2670 3147 Tu
2704 3089 2850 3147 dicis
2881 3109 2899 3144 :
2934 3112 2961 3141 ι(
2985 3091 3293 3147 Destruam
3325 3090 3537 3147 horrea
3567 3108 3701 3148 mea
3722 3092 3887 3163 (Luc.

2355 3181 2442 3251 i8)
2479 3198 2492 3247 ;
2528 3203 2555 3229 ››
2581 3186 2638 3235 et
2666 3179 2952 3235 Dominus
2985 3180 3126 3235 dicit
3158 3197 3170 3234 :
3204 3180 3339 3236 Sine
3369 3182 3562 3254 magis
3585 3181 3879 3253 quidquid

2228 3269 2379 3324 inl‘ra
2409 3268 2686 3324 horreum
2716 3275 2823 3333 est,
2860 3268 3218 3339 pauperibus
3247 3268 3676 3341 deputari,sine
3706 3268 3886 3326 cellas

2224 3358 2367 3413 istas
2396 3358 2597 3428 egenis
2620 3358 2917 3429 prodesse.
2952 3358 3039 3412 'l‘u
3071 3357 3218 3412 dicis
3251 3374 3263 3412 :
3297 3382 3323 3407 α
3359 3358 3587 3430 Majora
3645 3360 3884 3428 faciam,

2222 3452 2279 3502 et
2310 3445 2406 3501 illo
2439 3446 2802 3519 congregabo
2820 3445 3157 3518 omniaquae
3177 3451 3463 3502 natasunt
3486 3447 3633 3502 mihi
3656 3448 3843 3519 [lbid.}
3864 3465 3887 3509 ;

2221 3535 2505 3590 Dominus
2535 3534 2680 3590 dicit
2712 3551 2724 3589 :
2760 3557 2788 3585 ‹‹
2825 3534 3049 3607 Frange
3079 3533 3358 3590 esurienti
3385 3551 3601 3607 panem
3632 3542 3825 3591 tuum.
3853 3560 3883 3585 η

2222 3624 2306 3678 Tu
2335 3623 2482 3678 dicis
2515 3621 2772 3678 :'l‘ollam
2812 3622 3173 3694 pauperibus
3202 3623 3445 3677 domum
3482 3639 3653 3678 suam
3690 3640 3704 3677 :
3769 3622 3884 3679 Do-

2221 3712 2419 3767 minus
2451 3716 2646 3766 autem
2681 3708 2842 3776 dicit,
2877 3734 2905 3759 ‹‹
2939 3714 3002 3765 ut
3031 3727 3244 3784 egenos
3275 3727 3390 3765 non
3423 3710 3715 3768 habentes
3759 3717 3876 3768 tec-

2222 3806 2347 3856 tum
2379 3800 2625 3855 inducas
2657 3799 2713 3853 in
2747 3799 2989 3854 domum
3020 3803 3203 3855 tuam.
3231 3821 3259 3848 »
3292 3800 3599 3865 Quomodo
3631 3799 3742 3867 vis,
3787 3800 3882 3855 di-

2217 3906 2338 3954 ves,
2388 3893 2452 3943 ut
2508 3887 2663 3943 Deus
2718 3892 2772 3941 te
2830 3887 3122 3953 exaudiat,
3150 3903 3284 3942 cum
3352 3891 3415 3941 tu
3477 3888 3631 3944 578
3692 3893 3880 3945 Deum

2218 3994 2332 4033 non
2367 3980 2537 4048 putes
2572 3975 2933 4032 audiendum
2963 3975 2991 4029 ?
3038 3975 3099 4030 Si
3132 3992 3245 4031 non
3277 3975 3696 4047 acquiescatur
3723 3978 3883 4033 arbi-

2215 4066 2326 4121 trio
2358 4065 2573 4131 divitis,
2608 4081 2783 4120 scena
2812 4064 3183 4136 componitur
3214 4081 3227 4118 :
3259 4065 3356 4119 Dei
3388 4066 3727 4121 aestimatur
3783 4065 3879 4121 in-

2207 4155 2388 4225 juria,
2420 4153 2468 4209 si
2499 4152 2693 4208 divitis
2726 4152 2925 4225 petitio
2952 4152 3252 4209 refutetur.

2726 4269 2736 4279 ’
2835 4301 3068 4358 CAPUT
3125 4302 3217 4358 XL

2213 4420 2458 4475 Nubat/ie
2487 4417 2754 4492 aduobus
2795 4419 2959 4492 [actis
3016 4418 3237 4492 testibus
3294 4423 3589 4475 accusatus
3648 4421 3875 4492 lapida-

2282 4499 2374 4545 tur
2405 4508 2417 4546 :
2452 4490 2631 4544 Achab
2658 4488 2784 4544 inde
2812 4491 2989 4560 primo
3019 4491 3305 4545 tristitiam
3346 4491 3604 4560 simulat,
3652 4488 3785 4547 me:
3815 4495 3875 4547 in

2282 4563 2398 4633 ejus
2430 4560 2641 4636 invadit
2668 4563 3080 4636 possessionem.
3114 4562 3288 4629 Quam
3307 4564 3641 4618 sententiam
3670 4565 3731 4618 in
3781 4566 3870 4636 ip-

2282 4649 2404 4688 sum
2431 4632 2572 4688 Deus
2598 4634 3044 4703 pronuntiaverit
3067 4649 3085 4686 :
3117 4637 3165 4687 et
3189 4636 3503 4704 presertim
3526 4650 3631 4690 cur
3692 4632 3875 4691 meie-

2282 4792 2393 4916 (22)
2424 4790 2780 4872 signaculum
2809 4793 2900 4845 est
2939 4794 3097 4872 nota_
3130 4789 3343 4863 sigillo,
3379 4809 3483 4848 seu
3545 4790 3873 4873 signatorio

2290 4880 2367 4916 nu
2396 4879 2428 4916 ο
2457 4879 2535 4916 1m
2548 4877 2763 4916 pressa.
2797 4860 3127 4916 Conscrintto
3156 4862 3453 4916 interdum
3477 4870 3735 4916 sumitur
3765 4878 3872 4916 oro

2210 4860 2428 4917 annulo
2457 4861 2535 4916 im
2544 4877 2763 4933 pressa,
2797 4860 3127 4933 Conscriptio
3156 4860 3453 4918 interdum
3477 4860 3735 4919 sumitur
3763 4878 3872 4933 pro

2211 4933 2531 4989 inventario
2564 4932 2663 5006 sed
2696 4930 2806 5006 hic_
2826 4932 2977 4987 idem
3006 4936 3097 4988 est
3123 4950 3188 4988 ac
3210 4934 3570 5006 syngrapha,
3595 4934 3715 4990 sive
3744 4932 3869 5006 ins-

2208 5009 2571 5060 trumentum
2601 5002 2751 5057 inter
2781 5003 3162 5059 feneratorem
3194 5002 3261 5060 ac
3282 5002 3609 5061 débitorem
3640 5004 3873 5060 confec-

2209 5081 2357 5131 tum.
2387 5076 2647 5144 Denique
2676 5075 2961 5146 vinculum
2981 5076 3129 5146 juris
3154 5092 3268 5130 non
3292 5076 3528 5132 videtur
3555 5075 3720 5131 aliud
3752 5074 3870 5131 hoc

2208 5149 2330 5203 luco
2361 5148 2691 5218 signiﬁcare
2723 5162 2900 5215 quam
2931 5145 3087 5217 leges
3115 5147 3186 5201 de
3212 5163 3394 5203 usura
3423 5150 3497 5204 ab
3548 5147 3870 5218 imperato-

2208 5220 2372 5290 ribus
2404 5217 2804 5289 promulgatas
2838 5236 2849 5272 :
2887 5217 3115 5290 proprie
3142 5223 3355 5290 autem
3412 5217 3704 5290 accipitur
3756 5234 3869 5289 pro

2206 5290 2335 5362 ipsa
2365 5287 2583 5362 legum,
2614 5287 2681 5362 ut
2710 5304 2844 5362 cum
2877 5287 3625 5362 scholasticisloquamur,
3644 5290 3697 5345 vi
3727 5287 3865 5343 coa-

2206 5357 2358 5417 c‘tiva
2390 5357 2687 5432 {vinculis
2718 5357 3052 5432 enimjuris
3085 5359 3264 5432 teneri
3296 5357 3543 5432 prorsus
3574 5360 3726 5415 idem
3759 5375 3868 5432 so-

2205 5437 2327 5498 nat,
2359 5429 2801 5504 atquepbligari
2834 5428 3588 5504 ad"subeundam'pmnam,
3619 5428 3868 5504 quails-

2204 5520 2352 5578 gum
2377 5499 3286 5578 severitate_preas_cribitu_r._Vide
3318 5499 3444 5578 09d.
3487 5499 3681 5578 Thegd.
3700 5571 3714 5578 _
3743 5499 3861 5578 lib.

2204 5569 2281 5649 fx,
2313 5574 2402 5632 tit.
2434 5576 2490 5649 7,
2525 5572 2598 5649 ad
2624 5571 2648 5630 1
2685 5569 2797 5645 leg.
2830 5570 2948 5633 Jul.
2979 5576 3022 5632 t.
3058 5572 3153 5643 III,
3183 5589 3317 5649 pag.
3347 5575 3440 5647 55,
3475 5581 3535 5634 et
3583 5571 3862 5634 Gothofr.

2204 5646 2263 5705 in
2284 5646 2550 5707 eamdem
2584 5642 2792 5718 legem.
