4052 6196
263 331 340 393 78
350 335 373 391 ί

1294 336 1528 400 LIBER
1574 338 1673 400 DE
1720 336 2093 404 NABUTHE
2135 341 2642 404 JEZIIAELITA.

3548 324 3665 408 περ

330 465 585 550 tr'teeaiu
608 463 1148 550 ejmde'azsauguine
1171 470 1429 527 dicantur
1464 489 1577 528 sese
1605 474 1907 529 lavatum:
1936 475 1993 541 Α
2014 476 2274 545 jusmodi
2312 476 2615 548 ﬂagitium.
2653 476 2778 532 Noli
2810 494 2937 534 esse
2964 477 3184 546 Achab,
3229 481 3295 532 ut
3341 477 3664 550 possessio-

332 536 429 592 ubi
455 538 507 592 et
536 535 601 592 de
629 535 905 610 supplicio
931 535 1166 598 Je'zabet.

2024 580 2159 620 nem
2190 563 2503 621 ﬁnitimam
2525 565 2926 638 concupiscas.
2954 566 3079 622 Non
3108 566 3215 621 tibi
3245 566 3543 622 cohabitet
3570 566 3665 621 Je-

329 644 419 700 Ᾰὸ.
474 667 502 695 ‹‹
556 648 758 714 Deum,
808 645 1020 720 inquit,
1082 649 1382 706 benedixit
1443 655 1503 707 et
1557 667 1752 725 regem
1817 652 1916 725 (III
2020 652 2181 707 zabel
2212 651 2315 708 illa
2342 652 2536 709 feralis
2569 653 2829 721 avaritia,
2866 672 2991 727 qua:
3027 655 3132 711 tibi
3164 659 3403 711 cruenta
3434 671 3667 727 persua-

260 734 384 804 Reg.
418 751 539 802 XXI,
572 735 659 801 l0,
704 736 807 807 I3),
843 758 871 785 »
903 737 1145 809 aequalis
1174 739 1440 796 videlicet
1462 744 1813 812 persona,ut
1835 740 1914 796 sit
2020 741 2188 796 deat:
2222 757 2349 812 qua:
2380 741 2728 814 cupiditates
2757 748 2891 799 tuas
2916 761 3033 798 non
3057 747 3299 815 revocet,
3333 743 3433 800 sed
3458 741 3665 815 impel-

256 821 500 896 aaqualis
525 823 899 881 contumelia.
947 849 974 876 «
1007 826 1329 895 Benedixit,
1368 828 1583 902 inquit,
1635 829 1821 885 Deum
1852 834 1912 886 et

256 928 479 985 regem.
515 935 543 962 ››
566 913 649 968 Ne
680 913 915 970 divitem
952 915 1246 973 maledicti
1297 934 1509 974 nomen
1548 918 1822 985 offendat,
1855 922 1911 974 et

256 1000 549 1058 sermonis
580 1002 709 1074 ipso
741 1001 985 1059 laedatur
1032 1021 1200 1071 sono,
1250 1006 1574 1063 benedictio
1622 1024 1726 1080 pro
1784 1023 1907 1063 ma-

255 1089 472 1147 ledicto
501 1094 760 1147 vocatur.
794 1094 1144 1158 Queruntur
1175 1095 1290 1150 duo
1328 1099 1507 1151 testes
1553 1095 1905 1168 iniquitatis.

258 1179 498 1236 Duobus
548 1178 799 1236 testibus
845 1185 902 1236 et
948 1181 1218 1238 Susanna
1264 1187 1354 1239 est
1411 1182 1705 1256 appetita:
1758 1184 1907 1238 duos

258 1271 438 1324 testes
471 1272 528 1324 et
549 1268 856 1342 Synagoga
878 1269 1229 1343 invenit,qui
1265 1272 1574 1328 adversum
1605 1271 1903 1328 Christum

262 1356 414 1414 falsa
434 1358 763 1429 jactarent:
797 1358 1030 1415 duobus
1060 1359 1309 1416 testibus
1341 1377 1563 1433 pauper
1601 1361 1904 1416 occiditur.

256 1469 285 1496 α
321 1446 727 1502 Produxerunt
756 1446 937 1520 igitur
965 1447 1234 1503 Nabuthe
1284 1448 1459 1513 foras,
1509 1451 1566 1503 et
1611 1446 1900 1521 lapidave-

252 1539 393 1591 runt
421 1551 556 1591 eum
591 1535 751 1605 (Ibid.
793 1536 893 1608 I3).
929 1558 958 1584 »
1012 1536 1244 1592 Utinam
1294 1534 1380 1592 vel
1428 1535 1488 1592 in
1529 1535 1653 1592 suis
1681 1537 1734 1592 ei
1766 1536 1901 1593 lice-

248 1628 337 1679 ret
382 1622 566 1679 moril
624 1623 868 1696 Pauperi
913 1624 1101 1697 ipsam
1152 1625 1311 1679 dives
1374 1625 1590 1681 invidet
1639 1625 1899 1699 sepultu-

248 1730 402 1769 ram.

322 1804 414 1858 47.
452 1824 480 1852 ‹‹
509 1802 580 1858 Et
607 1801 825 1858 factum
860 1807 969 1870 est,
1003 1801 1212 1875 inquit,
1246 1819 1380 1859 cum
1412 1803 1676 1860 audisset
1703 1802 1899 1860 Achab

245 1893 388 1965 quia
420 1895 690 1949 mortuus
734 1894 823 1948 est
872 1891 1161 1959 Nabuthe,
1213 1892 1498 1948 conscidit
1544 1892 1898 1949 vestimenta

244 1998 379 2049 sua,
429 1985 488 2037 et
535 1981 833 2053 cooperuit
881 1998 942 2036 se
990 1979 1199 2037 cilicio.
1252 1982 1320 2037 Et
1371 1982 1588 2038 factum
1634 1986 1724 2037 est
1769 1986 1901 2055 post

242 2071 392 2137 haec,
428 2070 701 2132 surrexit.
731 2073 788 2124 et
818 2069 1117 2125 descendit
1148 2069 1346 2125 Achab
1378 2071 1449 2125 ad
1499 2070 1726 2126 vineam
1782 2075 1898 2126 Na-

244 2158 431 2215 buthe
477 2157 814 2225 Jezraelitze,
868 2159 1168 2230 possidere
1214 2176 1340 2214 eam
1387 2159 1542 2230 (Ibid.
1575 2160 1681 2231 16).
1719 2180 1741 2209 ι
1779 2159 1895 2214 Ira-

241 2252 495 2306 seuntur
526 2248 733 2303 divites
762 2252 819 2302 et
845 2246 1375 2309 culumniantur,ut
1405 2254 1671 2311 noceant,
1701 2248 1748 2304 si
1782 2266 1895 2303 non

239 2338 548 2396 obtineant
573 2336 725 2408 quod
759 2335 1232 2391 desideraverint.
1267 2336 1410 2392 Cum
1450 2341 1643 2392 autem
1677 2336 1895 2393 calum-

240 2426 392 2484 niati
427 2424 750 2491 nocuerint,
780 2423 974 2480 dolere
1005 2440 1068 2480 se
1099 2424 1414 2481 simulant:
1471 2425 1667 2481 tristes
1698 2430 1894 2482 tamen

239 2522 303 2574 et
354 2521 638 2588 tanquam
690 2514 901 2581 moesti,
930 2531 1045 2570 non
1078 2513 1269 2581 corde,
1302 2516 1401 2569 sed
1446 2512 1632 2579 vultu,
1667 2514 1726 2569 in
1763 2532 1888 2587 pos-
1935 2535 1946 2546 ·

238 2604 528 2662 sessionis
558 2603 800 2675 direptas
831 2601 1023 2658 locum
1054 2603 1363 2675 prodeunt,
1395 2606 1451 2658 et
1488 2603 1895 2675 impressionis

238 2711 366 2751 sum
397 2692 705 2764 iniquitate
736 2691 1058 2764 potiuntur.

236 2841 247 2845 ,
316 2784 403 2838 48.
462 2781 581 2836 Iloc
637 2779 832 2836 divina
886 2784 1151 2835 movetur
1207 2779 1460 2851 jnstitia,
1540 2785 1597 2836 et
1654 2797 1892 2836 avarum

240 2873 431 2945 digna
459 2870 763 2926 severitate
806 2868 1159 2924 condemnat
1189 2869 1425 2925 dicens:
1481 2892 1507 2919 ‹‹
1535 2868 1807 2925 Occidisti
1837 2873 1894 2925 et

236 2959 554 3035 possedisti
613 2958 1029 3013 hereditatem.
1086 2958 1328 3029 Pr0pter
1396 2958 1504 3013 hoc
1552 2960 1609 3014 in
1660 2959 1782 3014 loco
1830 2958 1889 3014 in

236 3067 361 3124 quo
401 3048 696 3104 linxerunt
760 3062 933 3102 canes
982 3046 1330 3118 sanguinem
1379 3047 1667 3115 Nabuthe,
1718 3047 1778 3103 in
1824 3064 1889 3103 eo

232 3140 468 3213 lingent
494 3153 669 3194 canes
697 3135 1045 3208 sanguinem
1077 3140 1280 3203 tuum;
1314 3140 1371 3191 et
1417 3136 1749 3192 meretrices
1799 3135 1887 3191 la-

233 3229 535 3283 vabuntur
564 3226 621 3280 in
654 3225 938 3298 sanguine
971 3228 1071 3279 tuo
1102 3224 1257 3295 (Ibid.
1302 3226 1398 3290 19).
1436 3249 1461 3273 ››
1502 3227 1685 3291 Quam
1722 3226 1889 3298 justa

236 3332 424 3390 quam
473 3331 672 3371 severa
724 3312 1034 3379 sententia,
1100 3316 1166 3367 ut
1220 3329 1398 3384 quam
1471 3312 1667 3368 intulit
1722 3313 1888 3370 alteri

236 3405 451 3462 mortis
479 3402 853 3459 acerbitatem
899 3402 1191 3481 eamipse
1226 3402 1431 3457 mortis
1483 3419 1600 3458 sum
1649 3403 1889 3460 horrore

235 3491 560 3550 dissolvere
589 3492 932 3563 proderetur
961 3490 1107 3561 (23)!
1144 3490 1522 3545 Inhumatum
1571 3509 1887 3565 pauperem

236 3582 401 3638 Deus
443 3581 670 3653 aspicit,
719 3584 776 3634 et
822 3579 953 3634 ideo
1003 3577 1360 3650 insepultum
1407 3579 1643 3635 divitem
1692 3582 1889 3652 jacere

238 3669 540 3738 decernit;
574 3673 629 3724 et
658 3673 723 3723 ut
753 3665 1296 3722 mortuusluatsua:
1324 3666 1653 3739 iniquitatis
1684 3686 1889 3724 aerum-

239 3774 405 3824 nam,
464 3756 563 3830 qui
602 3772 706 3812 nec
763 3760 996 3810 mortuo
1048 3755 1273 3827 putavit
1328 3772 1455 3811 esse
1506 3757 1886 3828 parcendum.

240 3848 449 3918 Itaque
495 3845 756 3901 vulneris
805 3844 895 3899 sui
946 3859 1150 3899 cruore
1207 3845 1507 3916 perfusum
1555 3846 1800 3901 cadaver
1828 3846 1887 3902 in

236 3934 497 4010 speciem
544 3932 766 3990 funeris
812 3933 940 3988 vitae
991 3949 1113 3988 sua:
1161 3932 1415 4004 prodidit
1462 3933 1885 3993 crudelitatem.

235 4026 373 4081 Haec
404 4040 535 4080 cum
572 4021 811 4096 pertulit
841 4038 1080 4094 pauper,
1116 4021 1276 4076 dives
1321 4022 1711 4094 arguebatur;
1756 4040 1890 4078 cum

237 4113 406 4169 dives
437 4113 678 4183 excepit,
714 4127 937 4182 pauper
966 4109 1392 4165 vindicabatur.

314 4202 401 4257 49.
437 4201 582 4267 Quid
617 4200 729 4255 sibi
758 4204 955 4254 autem
986 4198 1108 4252 vult
1158 4199 1311 4270 quod
1367 4200 1698 4257 meretrices
1739 4200 1891 4256 lave-

240 4296 384 4348 runt
415 4306 475 4346 se
503 4290 562 4343 in
595 4287 878 4361 sanguine
907 4288 1074 4359 ejus;
1109 4287 1220 4341 nisi
1274 4287 1392 4343 fore
1448 4291 1512 4342 ut
1569 4289 1894 4345 meretricia

237 4378 514 4452 quaedam
549 4378 607 4432 in
640 4376 741 4431 illa
772 4376 996 4431 feritate
1047 4376 1228 4431 fuisse
1276 4376 1428 4447 regis
1477 4377 1723 4448 perﬁdia
1760 4394 1892 4449 pro-

237 4470 501 4535 deretur,
531 4466 616 4523 vel
648 4470 889 4522 cruenta
920 4464 1200 4531 luxuries,
1234 4465 1329 4537 qui
1363 4464 1446 4520 sic
1496 4466 1605 4520 fuit
1634 4465 1891 4521 luxurio-

2017 828 2134 885 lat:
2172 846 2298 898 quae
2330 834 2387 885 te
2419 830 2591 886 faciat
2618 831 2936 887 tristiorem
2966 832 3142 888 etiam
3173 849 3305 889 cum
3336 832 3667 889 desiderata

2017 917 2378 990 possederis.
2412 935 2539 990 qua;
2574 924 2627 975 te
2659 920 2831 976 faciat
2860 921 3108 989 nudum,
3163 938 3297 977 cum
3329 921 3492 978 dives
3539 921 3663 977 fue-

2016 1024 2117 1064 1'18.

2635 1125 2870 1181 CAPUT
2908 1126 3027 1181 XII.

2016 1214 2255 1268 Avarum
2300 1230 2532 1281 egenum
2577 1230 2642 1269 ac
2688 1216 2985 1286 profugum
3029 1230 3160 1270 esse.
3218 1215 3395 1286 Quam
3421 1215 3661 1285 abjectua

2081 1287 2255 1355 fuerit
2285 1302 2386 1340 rex
2416 1286 2593 1341 Achab
2622 1285 2806 1341 coram
2837 1286 2958 1357 Elia
2982 1302 2994 1339 :
3042 1293 3091 1340 et
3119 1285 3381 1357 quomodo
3408 1294 3661 1357 peccator

2083 1372 2294 1427 semper
2320 1356 2774 1423 deprehendatur.
2814 1356 2891 1411 Ad
2922 1355 3227 1412 extremum
3254 1355 3449 1413 divites
3486 1356 3556 1413 ad
3580 1355 3656 1413 lo-

2082 1429 2339 1497 gitimum
2368 1427 2692 1483 divitiarum
2725 1444 2885 1483 usum
2913 1429 3296 1483 stimulantur.

2080 1543 2292 1598 50.Pau
2304 1543 2588 1615 periorem
2608 1543 2763 1598 enim
2787 1559 2849 1599 se
2864 1543 3085 1615 iudicat
3105 1544 3298 1599 omnis
3325 1543 3654 1612 abundans;

2012 1631 2153 1703 quia
2181 1631 2291 1686 sibi
2326 1631 2526 1687 deesse
2557 1631 2874 1687 arbitratur
2896 1632 3182 1703 quidquid
3203 1632 3274 1687 ab
3305 1631 3437 1687 aliis
3467 1630 3654 1704 possi-

2010 1721 2199 1776 detur.
2232 1719 2371 1775 Toto
2406 1720 2625 1775 mundo
2664 1723 2815 1793 eget,
2857 1721 3025 1790 cujus
3066 1736 3183 1775 non
3214 1720 3368 1791 capit
3398 1719 3657 1775 mundus

2010 1808 2359 1881 cupiditates
2393 1824 2405 1861 :
2439 1810 2567 1879 ejus
2598 1811 2792 1863 autem
2827 1807 2924 1879 qui
2961 1806 3150 1863 ﬁdelis
3173 1812 3282 1874 est,
3310 1811 3467 1863 totus
3490 1824 3658 1879 mun-

2009 1896 2121 1951 dus
2152 1895 2488 1951 divitiarum
2515 1900 2621 1951 est.
2655 1895 2838 1951 Tanto
2871 1896 3089 1952 mundo
3121 1897 3292 1969 fugit,
3319 1894 3441 1968 qui,
3472 1895 3659 1953 consi-

2009 1985 2220 2042 derans
2251 1984 2669 2040 conscientiam
2702 2003 2892 2051 suam,
2930 1986 3138 2041 metuit
3176 1984 3554 2058 deprehendi.
3587 1985 3657 2042 Et

2008 2074 2137 2129 ideo
2184 2073 2386 2129 Achab
2433 2073 2503 2129 ad
2558 2073 2741 2129 Etiam
2804 2074 3128 2129 secundum
3199 2073 3504 2130 historiam
3548 2074 3650 2143 ait,

2007 2162 2334 2218 secundum
2377 2163 2689 2235 aenigmata
2718 2166 2914 2219 autem
2962 2162 3121 2219 dives
3169 2163 3241 2220 ad
3291 2178 3647 2235 pauperem:

2008 2275 2035 2301 «
2068 2249 2345 2307 Invenisti
2378 2251 2775 2322 me,inimicus
2807 2268 2973 2307 meus
3003 2252 3101 2323 (III
3130 2254 3256 2321 Reg.
3317 2268 3432 2321 χχι,
3475 2252 3587 2325 20).
3620 2274 3650 2302 »

2006 2342 2189 2405 Quam
2222 2340 2435 2394 misera
2464 2338 2819 2396 conscientia
2848 2356 2976 2412 qua:
3009 2356 3070 2397 se
3100 2339 3394 2412 proditam
3425 2339 3647 2398 doluit!

2074 2428 2164 2482 5|.
2215 2430 2285 2482 Et
2331 2427 2475 2481 dixit
2522 2428 2676 2482 Elias
2725 2428 2795 2483 ad
2839 2444 3004 2484 eum:
3066 2453 3086 2479 ι
3139 2429 3334 2486 Inveni
3367 2429 3649 2502 quoniam

2006 2516 2185 2572 fecisti
2218 2514 2438 2572 malum
2487 2516 2545 2570 in
2594 2521 2909 2587 conspectu
2969 2517 3200 2572 Domini
3230 2518 3436 2587 (lbid.).
3470 2540 3498 2569 »
3532 2519 3651 2575 Rex

2004 2609 2127 2659 erat
2157 2604 2270 2669 ille,
2306 2610 2361 2659 et
2394 2622 2491 2659 rex
2519 2604 2791 2660 Samaria:
2838 2605 3037 2660 Achab
3067 2621 3079 2660 :
3133 2604 3287 2661 Elias
3317 2622 3561 2678 pauper,
3592 2610 3651 2662 et

2004 2693 2275 2765 indigens
2307 2694 2495 2766 panis,
2529 2692 2621 2748 cui
2654 2692 2936 2748 defuisset
2964 2692 3152 2749 victus
3174 2694 3648 2763 substantia,uisi

2002 2782 2153 2837 corvi
2189 2781 2526 2837 alimoniam
2560 2782 3013 2837 ministrassent.
3063 2782 3222 2838 Adeo
3272 2783 3497 2854 dejecta
3523 2786 3649 2840 erat

2002 2871 2359 2926 conscientia
2416 2870 2755 2943 peccatoris,
2815 2875 2879 2926 ut
2937 2887 3042 2927 nec
3109 2870 3321 2944 regalis
3376 2871 3644 2944 potentiae

2001 2959 2153 3014 lastu
2193 2958 2568 3014 attolleretur.
2621 2958 2823 3029 Itaque
2872 2958 3040 3029 quasi
3075 2957 3204 3014 vilis
3251 2962 3308 3015 et
3357 2959 3642 3032 degener:

2005 3070 2025 3095 ι
2066 3047 2341 3102 Invenisti
2377 3063 2491 3113 me,
2536 3046 2745 3118 inquit.
2800 3046 3074 3102 inimicus
3124 3063 3335 3102 meus:
3371 3069 3399 3097 ››
3440 3048 3642 3120 depre-

1999 3134 2252 3191 hendisti
2289 3136 2344 3190 in
2378 3152 2471 3190 me
2499 3152 2625 3206 quae
2672 3134 2851 3190 latere
2882 3136 3189 3191 credebam
3224 3154 3236 3191 :
3284 3135 3446 3191 nulla
3476 3153 3638 3193 men-

1919 3209 1962 3277 C
2001 3224 2079 3280 tis
2109 3241 2250 3280 meai
2299 3223 2526 3279 occulta
2573 3228 2626 3279 te
2677 3223 2926 3280 fallunt:
2979 3224 3247 3279 invenisti
3294 3241 3409 3296 me,
3441 3229 3642 3298 patent

2002 3313 2106 3369 tibi
2136 3313 2377 3369 vulnera
2409 3330 2559 3380 mea,
2609 3313 2911 3385 captivitas
2951 3318 3159 3385 praasto
3205 3318 3311 3370 est.
3345 3314 3643 3370 Invenitur

1998 3408 2283 3474 peccator,
2319 3418 2453 3457 cum
2485 3400 2768 3473 iniquitas
2797 3402 2926 3471 ejus
2972 3401 3260 3474 proditur,
3303 3402 3507 3475 justus
3537 3420 3638 3458 au-

1998 3496 2113 3547 tem
2146 3492 2324 3546 dicit:
2357 3514 2383 3539 ‹‹
2419 3492 2554 3562 Igne
2611 3506 2703 3545 me
2752 3490 3122 3562 examinasti,
3166 3495 3223 3547 et
3270 3508 3385 3548 non
3429 3496 3519 3549 est
3547 3492 3635 3547 in-

1995 3586 2167 3637 venta
2195 3581 2255 3635 in
2294 3596 2384 3634 me
2432 3578 2712 3650 iniquitas
2745 3580 2913 3650 (Psal.
2965 3597 3079 3646 xw,
3127 3581 3202 3652 3).
3238 3602 3266 3629 ››
3288 3582 3474 3637 Adam
3501 3598 3638 3638 cum

1998 3671 2223 3732 lateret,
2277 3670 2547 3723 inventus
2596 3674 2721 3723 est:
2782 3668 2964 3740 Moysi
3022 3674 3217 3723 autem
3266 3686 3637 3743 nequaquam

1999 3760 2231 3815 inventa
2261 3762 2351 3813 est
2379 3756 2718 3828 sepultura:
2756 3757 3023 3811 inventus
3053 3762 3143 3813 est
3162 3758 3383 3827 Achab,
3407 3776 3524 3815 non
3554 3762 3645 3816 est

1998 3849 2272 3903 inventus
2302 3845 2456 3900 Elias
2486 3864 2498 3912 ;
2540 3851 2597 3899 et
2625 3846 2911 3917 sapientia
2957 3844 3056 3900 Dei
3089 3845 3270 3899 dixit:
3322 3870 3349 3894 ‹‹
3383 3847 3648 3910 Quazrent

2002 3952 2095 3990 me
2116 3934 2277 4001 mali,
2327 3938 2384 3987 et
2432 3950 2547 3988 non
2594 3932 2892 3987 invenient
2941 3933 3120 4003 (Prov.
3172 3949 3211 3999 ι,
3261 3934 3373 4001 28).
3411 3956 3439 3983 ››
3485 3933 3649 3989 Unde

2002 4028 2059 4079 et
2089 4023 2147 4077 in
2180 4021 2490 4095 Evangelio
2513 4021 2799 4077 Dominus
2822 4027 3018 4077 noster
3046 4021 3221 4077 Jesus
3261 4022 3646 4093 quaerebatur,

2002 4117 2060 4168 et
2091 4129 2202 4167 non
2238 4111 2641 4166 inveniebatur
2683 4112 2859 4182 (Joan.
2916 4128 3034 4179 vm,
3084 4112 3197 4177 2|).
3246 4111 3430 4183 Culpa
3470 4111 3653 4184 igitur

2003 4205 2300 4257 auctorem
2355 4216 2529 4255 suum
2579 4200 2791 4271 prodit.
2841 4199 3004 4255 Unde
3054 4204 3110 4255 et
3159 4199 3481 4272 Thesbytes
3530 4200 3641 4256 ait:

2004 4289 2262 4344 «Inveni
2321 4288 2597 4360 quoniam
2648 4289 2832 4343 fecisti
2908 4287 3133 4343 malum
3213 4288 3271 4342 in
3336 4294 3650 4361 conspectu

2008 4377 2271 4443 Domini;
2306 4400 2333 4426 ››
2367 4378 2504 4449 quia
2535 4376 2716 4448 culpa:
2748 4393 2878 4432 reos
2911 4377 3089 4432 tradit
3134 4376 3440 4451 Dominus,
3481 4378 3650 4435 inno-

2002 4471 2197 4523 centes
2219 4472 2409 4522 autem
2444 4483 2558 4522 non
2590 4466 2767 4521 tradit
2805 4466 2862 4520 in
2894 4469 3242 4536 potestatem
3274 4466 3649 4523 inimicorum

239 4574 376 4623 sus,
407 4560 474 4612 ut
503 4554 631 4611 olus
662 4554 1023 4610 desideraret
1054 4571 1069 4621 ;
1103 4554 1187 4609 sic
1218 4559 1519 4623 cruentus,
1553 4558 1618 4609 ut
1660 4558 1896 4627 propter
1925 4576 1974 4642 Β
2006 4573 2269 4612 suorum.
2314 4554 2575 4627 Denique
2628 4553 2764 4609 Saul
2814 4555 3109 4625 quaerebat
3137 4560 3408 4612 sanctum
3447 4555 3648 4623 David,

237 4645 380 4703 olus
425 4644 725 4700 hominem
776 4642 1108 4699 occideret?
1175 4643 1361 4715 Digna
1409 4659 1670 4710 avarum,
1719 4643 1898 4716 digna
2006 4649 2063 4702 et
2104 4643 2362 4700 invenire
2410 4660 2524 4698 non
2556 4646 2817 4715 poterat:
2870 4642 3048 4699 David
3095 4660 3228 4699 vero
3272 4648 3510 4700 sanctus
3559 4657 3649 4697 re-

238 4732 550 4792 avaritiam
583 4750 753 4805 pruna
782 4732 1098 4788 consumit.
1134 4731 1394 4803 Denique
1425 4735 1483 4786 et
1531 4731 1760 4787 Jezabel
1809 4732 1894 4804 ip-

236 4840 378 4881 sam
403 4822 779 4877 comederunt
809 4838 1004 4889 canes,
1039 4825 1095 4876 et
1128 4819 1392 4875 volucres
1423 4820 1549 4876 coeli
1574 4825 1679 4878 :ut
1708 4825 1897 4878 osten-

236 4914 487 4969 deretur
514 4911 666 4983 quod
700 4909 985 4983 spiritalis
1035 4910 1302 4981 nequitia
1358 4910 1460 4965 ﬁat
1501 4910 1655 4966 574
1703 4913 1900 4983 praeda

235 5000 446 5058 divitis
476 4999 802 5071 sepultura.
840 5000 990 5071 Fuge
1020 5014 1178 5071 ergo,
1204 4998 1384 5065 dives,
1410 4997 1747 5070 hujusmodi
1779 5000 1896 5055 exi-

236 5096 400 5146 tum.
436 5088 547 5144 Sed
578 5087 767 5160 lugies
798 5086 1140 5159 hujusmodi
1171 5087 1410 5148 exitum.
1444 5086 1494 5142 si
1536 5086 1755 5159 fugeris
1786 5088 1894 5144 hu-

317 5231 437 5303 (23)
468 5231 563 5287 Sic
610 5231 748 5288 edit.
797 5247 1001 5286 omnes
1046 5247 1112 5286 ac
1165 5246 1307 5286 mss.
1341 5229 1586 5303 aliquot.
1620 5230 1896 5287 Nonnulli

241 5302 451 5361 autem
484 5303 602 5365 alii.
645 5303 935 5359 dissolvere
979 5303 1226 5372 jubetur.
1275 5304 1347 5356 At
1393 5302 1491 5357 alii
1540 5302 1747 5372 majori
1788 5320 1896 5358 nu-

240 5392 411 5435 mero
441 5378 499 5431 et
544 5375 914 5447 (antiquitate,
941 5373 1259 5447 dissolvere
1305 5374 1730 5447 prohiberetur,_
1754 5374 1899 5430 forte

233 5448 661 5523 perhibentur;
689 5442 804 5502 nisi
838 5443 1009 5500 malis
1042 5442 1198 5499 hunc
1242 5442 1369 5523 esse
1413 5443 1595 5499 totius
1626 5444 1731 5523 loci
1765 5462 1895 5523 sen-

243 5516 423 5577 sum:
487 5518 707 5575 scilicet
754 5524 872 5573 tam
918 5522 1177 5589 apertam
1242 5521 1479 5587 tamque
1527 5516 1897 5589 manifestam

246 5593 438 5676 tuisse
486 5606 723 5676 Ροεηαιῑι
766 5589 922 5676 ipsis
956 5586 1188 5676 Άςδιιειδν
1239 5586 1418 5676 vtes
1463 5586 1798 5676 Prahiaetzet
1828 5605 1898 5648 ne

249 5658 510 5727 dissolvi
532 5665 636 5723 aut
658 5659 808 5725 eludi
832 5658 1038 5742 posset
1077 5658 1371 5721 accusatio
1395 5658 1681 5721 interfecti
1726 5658 1900 5723 inno-

2005 4750 2135 4807 gem
2168 4732 2328 4798 Saul,
2361 4748 2535 4803 quem
2568 4749 2680 4787 non
2732 4733 3047 4803 quaerebat,
3096 4732 3333 4800 invenit,
3368 4731 3647 4804 quoniam

2005 4820 2245 4877 tradidit
2274 4837 2408 4877 eum
2441 4820 2725 4875 Dominus
2756 4823 2814 4875 in
2862 4825 3212 4893 potestatem
3263 4820 3471 4891 ipsius.
3502 4818 3649 4889 Cap-

2004 4911 2121 4965 tiva
2146 4910 2326 4983 igitur
2353 4914 2441 4965 est
2471 4909 2787 4981 opulentia,
2820 4912 3132 4981 paupertas
3160 4906 3361 4963 libera.

2075 5000 2165 5054 52.
2216 4999 2453 5055 Servitis
2502 4998 2731 5065 divites,
2788 5015 2854 5053 ac
2892 4998 3169 5053 miseram
3202 4993 3439 5067 quidem
3470 4993 3652 5049 servi-

2008 5092 2214 5156 tutem,
2248 5088 2346 5159 qui
2377 5087 2603 5143 servitis
2642 5088 2849 5154 errori,
2905 5084 3133 5141 servitis
3163 5082 3493 5155 cupiditati,
3526 5099 3647 5138 ser-

2007 5229 2209 5285 centis.
2244 5226 2465 5283 Etenim
2491 5226 2833 5299 plerumque
2856 5224 2919 5279 ﬁt
2942 5228 3005 5278 ut
3034 5224 3131 5295 qui
3158 5223 3377 5299 crimen
3410 5223 3650 5297 aliquod

2007 5301 2246 5371 impune
2280 5295 2701 5371 feruntiipsam
2714 5295 3125 5371 impunitatem
3153 5295 3209 5350 in
3236 5295 3652 5371 argumentum

2008 5366 2351 5428 innocentiae
2382 5366 2737 5425 convertant.
2770 5366 2839 5440 Et
2875 5367 3010 5440 huic
3058 5366 3523 5440 interpretationi
3569 5368 3650 5423 vi-

2008 5445 2180 5499 detur
2209 5443 2420 5509 favere,
2454 5440 2609 5512 quod
2640 5438 2841 5512 paucis
2871 5438 3647 5513 interpositissubjungitur.

2006 5516 2196 5588 Itaque
2224 5510 2592 5572 vulneris'sui
2620 5510 3123 5639 cruoredperlusum
3152 5510 3383 5567 cadaver
3421 5510 3496 5569 ἐπ’
3527 5527 3651 5590 δρα·

2007 5589 2143 5639 ciem
2174 5585 2382 5639 funeris
2412 5584 2539 5639 vita:
2568 5597 2686 5639 suae
2705 5597 2800 5639 vro
2840 5581 2921 5639 idi
2970 5581 3363 5639 crudelitatem.

2007 5581 2143 5650 ciein
2170 5585 2382 5668 funeris
2412 5584 2539 5643 vita:
2568 5597 2686 5647 sua:
2699 5581 2942 5663 prodidit
2970 5581 3363 5645 crudelitatem.
