  <div class='ocr_page' id='page_1' title='image "/cluster/home/n/w/nwhite01/storage/ocr_20150623/14/hvd.32044048207138/397.png"; bbox 0 0 4104 6156; ppageno 0'>
   <div class='ocr_carea' id='block_1_1' title="bbox 491 329 616 397">
    <p class='ocr_par' dir='ltr' id='par_1_1' title="bbox 491 329 616 397">
     <span class='ocr_line' id='line_1_1' title="bbox 491 329 616 397; baseline 0.016 -2"><span class='ocrx_word' id='word_1_1' title='bbox 491 329 616 397; x_wconf 66' lang='lat' dir='ltr'>78ft</span> 
     </span>
    </p>
   </div>
   <div class='ocr_carea' id='block_1_2' title="bbox 1956 324 2456 397">
    <p class='ocr_par' dir='ltr' id='par_1_2' title="bbox 1956 324 2456 397">
     <span class='ocr_line' id='line_1_2' title="bbox 1956 324 2456 397; baseline -0.004 -1"><span class='ocrx_word' id='word_1_2' title='bbox 1956 328 2021 396; x_wconf 90' lang='lat' dir='ltr'>S.</span> <span class='ocrx_word' id='word_1_3' title='bbox 2068 324 2456 397; x_wconf 76' lang='lat' dir='ltr'>AMBROSII</span> 
     </span>
    </p>
   </div>
   <div class='ocr_carea' id='block_1_3' title="bbox 3718 327 3807 400">
    <p class='ocr_par' dir='ltr' id='par_1_3' title="bbox 3718 327 3807 400">
     <span class='ocr_line' id='line_1_3' title="bbox 3718 327 3807 400; baseline 0.079 -7"><span class='ocrx_word' id='word_1_4' title='bbox 3718 327 3807 400; x_wconf 65' lang='lat' dir='ltr'>“ibt</span> 
     </span>
    </p>
   </div>
   <div class='ocr_carea' id='block_1_4' title="bbox 495 463 3810 541">
    <p class='ocr_par' dir='ltr' id='par_1_4' title="bbox 495 463 3810 541">
     <span class='ocr_line' id='line_1_4' title="bbox 495 463 3810 541; baseline 0 -16"><span class='ocrx_word' id='word_1_5' title='bbox 495 469 633 525; x_wconf 80' lang='lat' dir='ltr'>vitis</span> <span class='ocrx_word' id='word_1_6' title='bbox 661 465 935 523; x_wconf 68' lang='lat' dir='ltr'>avaritiae.</span> <span class='ocrx_word' id='word_1_7' title='bbox 971 483 1098 540; x_wconf 83' lang='lat' dir='ltr'>quae</span> <span class='ocrx_word' id='word_1_8' title='bbox 1125 465 1342 541; x_wconf 80' lang='lat' dir='ltr'>eXpIeri</span> <span class='ocrx_word' id='word_1_9' title='bbox 1375 485 1490 524; x_wconf 91' lang='lat' dir='ltr'>non</span> <span class='ocrx_word' id='word_1_10' title='bbox 1514 469 1726 540; x_wconf 79' lang='lat' dir='ltr'>potest.</span> <span class='ocrx_word' id='word_1_11' title='bbox 1759 466 1983 540; x_wconf 82' lang='lat' dir='ltr'>Gurges</span> <span class='ocrx_word' id='word_1_12' title='bbox 2015 467 2146 540; x_wconf 88' lang='lat' dir='ltr'>qui-</span> <span class='ocrx_word' id='word_1_13' title='bbox 2177 470 2235 534; x_wconf 74' lang='grc' dir='ltr'><strong>Α</strong></span> <span class='ocrx_word' id='word_1_14' title='bbox 2267 467 2371 523; x_wconf 90' lang='lat' dir='ltr'>sed</span> <span class='ocrx_word' id='word_1_15' title='bbox 2403 465 2946 522; x_wconf 81' lang='lat' dir='ltr'>cursui.Deformior</span> <span class='ocrx_word' id='word_1_16' title='bbox 2973 469 3061 520; x_wconf 90' lang='lat' dir='ltr'>est</span> <span class='ocrx_word' id='word_1_17' title='bbox 3091 463 3364 531; x_wconf 89' lang='lat' dir='ltr'>victus,in</span> <span class='ocrx_word' id='word_1_18' title='bbox 3396 480 3502 536; x_wconf 89' lang='lat' dir='ltr'>quo</span> <span class='ocrx_word' id='word_1_19' title='bbox 3527 469 3578 521; x_wconf 89' lang='lat' dir='ltr'>et</span> <span class='ocrx_word' id='word_1_20' title='bbox 3601 467 3810 526; x_wconf 78' lang='lat' dir='ltr'>nobilitas</span> 
     </span>
    </p>
   </div>
   <div class='ocr_carea' id='block_1_5' title="bbox 497 554 2147 631">
    <p class='ocr_par' dir='ltr' id='par_1_5' title="bbox 497 554 2147 631">
     <span class='ocr_line' id='line_1_5' title="bbox 497 554 2147 631; baseline -0.001 -18"><span class='ocrx_word' id='word_1_21' title='bbox 497 557 634 613; x_wconf 90' lang='lat' dir='ltr'>dam</span> <span class='ocrx_word' id='word_1_22' title='bbox 667 554 1044 625; x_wconf 81' lang='lat' dir='ltr'>insatiabilis,</span> <span class='ocrx_word' id='word_1_23' title='bbox 1070 557 1328 631; x_wconf 81' lang='lat' dir='ltr'>rapidior</span> <span class='ocrx_word' id='word_1_24' title='bbox 1357 560 1604 626; x_wconf 88' lang='lat' dir='ltr'>est,cum</span> <span class='ocrx_word' id='word_1_25' title='bbox 1638 555 1798 612; x_wconf 88' lang='lat' dir='ltr'>illata</span> <span class='ocrx_word' id='word_1_26' title='bbox 1827 556 2147 629; x_wconf 83' lang='lat' dir='ltr'>demergit:</span> 
     </span>
    </p>
   </div>
   <div class='ocr_carea' id='block_1_6' title="bbox 494 643 2148 720">
    <p class='ocr_par' dir='ltr' id='par_1_6' title="bbox 494 643 2148 720">
     <span class='ocr_line' id='line_1_6' title="bbox 494 643 2148 720; baseline -0.001 -18"><span class='ocrx_word' id='word_1_27' title='bbox 494 649 553 702; x_wconf 85' lang='lat' dir='ltr'>et</span> <span class='ocrx_word' id='word_1_28' title='bbox 599 643 758 720; x_wconf 87' lang='lat' dir='ltr'>putei</span> <span class='ocrx_word' id='word_1_29' title='bbox 829 647 1005 702; x_wconf 91' lang='lat' dir='ltr'>modo</span> <span class='ocrx_word' id='word_1_30' title='bbox 1073 663 1209 702; x_wconf 91' lang='lat' dir='ltr'>cum</span> <span class='ocrx_word' id='word_1_31' title='bbox 1255 646 1520 702; x_wconf 79' lang='lat' dir='ltr'>exundat</span> <span class='ocrx_word' id='word_1_32' title='bbox 1568 662 1730 702; x_wconf 88' lang='lat' dir='ltr'>coeno</span> <span class='ocrx_word' id='word_1_33' title='bbox 1777 645 2148 718; x_wconf 77' lang='lat' dir='ltr'>inquinatur,</span> 
     </span>
    </p>
   </div>
   <div class='ocr_carea' id='block_1_7' title="bbox 494 733 2151 808">
    <p class='ocr_par' dir='ltr' id='par_1_7' title="bbox 494 733 2151 808">
     <span class='ocr_line' id='line_1_7' title="bbox 494 733 2151 808; baseline -0.002 -15"><span class='ocrx_word' id='word_1_34' title='bbox 494 739 714 793; x_wconf 88' lang='lat' dir='ltr'>terram</span> <span class='ocrx_word' id='word_1_35' title='bbox 745 735 968 792; x_wconf 90' lang='lat' dir='ltr'>arradit</span> <span class='ocrx_word' id='word_1_36' title='bbox 995 734 1140 790; x_wconf 80' lang='lat' dir='ltr'>nihil</span> <span class='ocrx_word' id='word_1_37' title='bbox 1172 735 1283 790; x_wconf 86' lang='lat' dir='ltr'>sibi</span> <span class='ocrx_word' id='word_1_38' title='bbox 1317 735 1708 808; x_wconf 85' lang='lat' dir='ltr'>profuturam.</span> <span class='ocrx_word' id='word_1_39' title='bbox 1737 735 1887 791; x_wconf 79' lang='lat'>580</span> <span class='ocrx_word' id='word_1_40' title='bbox 1917 733 2018 790; x_wconf 86' lang='lat' dir='ltr'>Vel</span> <span class='ocrx_word' id='word_1_41' title='bbox 2041 734 2151 790; x_wconf 91' lang='lat' dir='ltr'>hoc</span> 
     </span>
    </p>
   </div>
   <div class='ocr_carea' id='block_1_8' title="bbox 497 823 2148 898">
    <p class='ocr_par' dir='ltr' id='par_1_8' title="bbox 497 823 2148 898">
     <span class='ocr_line' id='line_1_8' title="bbox 497 823 2148 898; baseline -0.003 -16"><span class='ocrx_word' id='word_1_42' title='bbox 497 824 762 898; x_wconf 83' lang='lat' dir='ltr'>exemplo</span> <span class='ocrx_word' id='word_1_43' title='bbox 803 841 905 880; x_wconf 89' lang='lat' dir='ltr'>vos</span> <span class='ocrx_word' id='word_1_44' title='bbox 954 825 1253 880; x_wconf 90' lang='lat' dir='ltr'>admoneri</span> <span class='ocrx_word' id='word_1_45' title='bbox 1307 823 1594 880; x_wconf 86' lang='lat' dir='ltr'>convenit.</span> <span class='ocrx_word' id='word_1_46' title='bbox 1649 828 1862 880; x_wconf 89' lang='lat' dir='ltr'>Puteus</span> <span class='ocrx_word' id='word_1_47' title='bbox 1911 824 2066 880; x_wconf 90' lang='lat' dir='ltr'>enim</span> <span class='ocrx_word' id='word_1_48' title='bbox 2101 823 2148 878; x_wconf 87' lang='lat' dir='ltr'>si</span> 
     </span>
    </p>
   </div>
   <div class='ocr_carea' id='block_1_9' title="bbox 500 910 2153 986">
    <p class='ocr_par' dir='ltr' id='par_1_9' title="bbox 500 910 2153 986">
     <span class='ocr_line' id='line_1_9' title="bbox 500 910 2153 986; baseline -0.002 -15"><span class='ocrx_word' id='word_1_49' title='bbox 500 913 646 972; x_wconf 84' lang='lat' dir='ltr'>nihil</span> <span class='ocrx_word' id='word_1_50' title='bbox 677 913 939 984; x_wconf 81' lang='lat' dir='ltr'>haurias,</span> <span class='ocrx_word' id='word_1_51' title='bbox 989 913 1160 969; x_wconf 83' lang='lat' dir='ltr'>inerti</span> <span class='ocrx_word' id='word_1_52' title='bbox 1213 914 1328 969; x_wconf 90' lang='lat' dir='ltr'>otio</span> <span class='ocrx_word' id='word_1_53' title='bbox 1377 917 1435 968; x_wconf 89' lang='lat' dir='ltr'>et</span> <span class='ocrx_word' id='word_1_54' title='bbox 1491 913 1762 986; x_wconf 85' lang='lat' dir='ltr'>degeneri</span> <span class='ocrx_word' id='word_1_55' title='bbox 1809 913 1922 969; x_wconf 91' lang='lat' dir='ltr'>situ</span> <span class='ocrx_word' id='word_1_56' title='bbox 1985 910 2153 968; x_wconf 84' lang='lat' dir='ltr'>facile</span> 
     </span>
    </p>
   </div>
   <div class='ocr_carea' id='block_1_10' title="bbox 503 1001 2152 1074">
    <p class='ocr_par' dir='ltr' id='par_1_10' title="bbox 503 1001 2152 1074">
     <span class='ocr_line' id='line_1_10' title="bbox 503 1001 2152 1074; baseline -0.002 -15"><span class='ocrx_word' id='word_1_57' title='bbox 503 1001 938 1074; x_wconf 81' lang='lat' dir='ltr'>corrumpitur:</span> <span class='ocrx_word' id='word_1_58' title='bbox 974 1002 1260 1058; x_wconf 84' lang='lat' dir='ltr'>exercitus</span> <span class='ocrx_word' id='word_1_59' title='bbox 1283 1006 1476 1057; x_wconf 79' lang='lat' dir='ltr'>autem</span> <span class='ocrx_word' id='word_1_60' title='bbox 1499 1002 1732 1058; x_wconf 85' lang='lat' dir='ltr'>nitescit</span> <span class='ocrx_word' id='word_1_61' title='bbox 1763 1002 1836 1057; x_wconf 89' lang='lat' dir='ltr'>ad</span> <span class='ocrx_word' id='word_1_62' title='bbox 1876 1001 2152 1074; x_wconf 82' lang='lat' dir='ltr'>speciem,</span> 
     </span>
    </p>
   </div>
   <div class='ocr_carea' id='block_1_11' title="bbox 503 1089 2152 1164">
    <p class='ocr_par' dir='ltr' id='par_1_11' title="bbox 503 1089 2152 1164">
     <span class='ocr_line' id='line_1_11' title="bbox 503 1089 2152 1164; baseline -0.002 -17"><span class='ocrx_word' id='word_1_63' title='bbox 503 1089 790 1148; x_wconf 84' lang='lat' dir='ltr'>dulcescit</span> <span class='ocrx_word' id='word_1_64' title='bbox 835 1091 908 1146; x_wconf 91' lang='lat' dir='ltr'>ad</span> <span class='ocrx_word' id='word_1_65' title='bbox 960 1094 1200 1164; x_wconf 88' lang='lat' dir='ltr'>potum:</span> <span class='ocrx_word' id='word_1_66' title='bbox 1253 1091 1335 1147; x_wconf 90' lang='lat' dir='ltr'>ita</span> <span class='ocrx_word' id='word_1_67' title='bbox 1383 1095 1440 1146; x_wconf 91' lang='lat' dir='ltr'>et</span> <span class='ocrx_word' id='word_1_68' title='bbox 1506 1107 1746 1147; x_wconf 87' lang='lat' dir='ltr'>acervus</span> <span class='ocrx_word' id='word_1_69' title='bbox 1795 1089 2152 1155; x_wconf 84' lang='lat' dir='ltr'>divitiarum,</span> 
     </span>
    </p>
   </div>
   <div class='ocr_carea' id='block_1_12' title="bbox 503 1179 2156 1253">
    <p class='ocr_par' dir='ltr' id='par_1_12' title="bbox 503 1179 2156 1253">
     <span class='ocr_line' id='line_1_12' title="bbox 503 1179 2156 1253; baseline -0.001 -17"><span class='ocrx_word' id='word_1_70' title='bbox 503 1179 742 1236; x_wconf 89' lang='lat' dir='ltr'>cumulo</span> <span class='ocrx_word' id='word_1_71' title='bbox 801 1195 1105 1245; x_wconf 84' lang='lat' dir='ltr'>arenosus,</span> <span class='ocrx_word' id='word_1_72' title='bbox 1155 1179 1458 1253; x_wconf 91' lang='lat' dir='ltr'>speciosus</span> <span class='ocrx_word' id='word_1_73' title='bbox 1506 1185 1595 1236; x_wconf 86' lang='lat' dir='ltr'>est</span> <span class='ocrx_word' id='word_1_74' title='bbox 1642 1197 1778 1248; x_wconf 91' lang='lat' dir='ltr'>usu,</span> <span class='ocrx_word' id='word_1_75' title='bbox 1811 1180 1926 1236; x_wconf 90' lang='lat' dir='ltr'>otio</span> <span class='ocrx_word' id='word_1_76' title='bbox 1959 1182 2156 1235; x_wconf 88' lang='lat' dir='ltr'>autem</span> 
     </span>
    </p>
   </div>
   <div class='ocr_carea' id='block_1_13' title="bbox 502 1267 2156 1342">
    <p class='ocr_par' dir='ltr' id='par_1_13' title="bbox 502 1267 2156 1342">
     <span class='ocr_line' id='line_1_13' title="bbox 502 1267 2156 1342; baseline 0 -18"><span class='ocrx_word' id='word_1_77' title='bbox 502 1267 732 1325; x_wconf 85' lang='lat' dir='ltr'>inutilis</span> <span class='ocrx_word' id='word_1_78' title='bbox 763 1267 1034 1325; x_wconf 89' lang='lat' dir='ltr'>habetur.</span> <span class='ocrx_word' id='word_1_79' title='bbox 1068 1269 1336 1325; x_wconf 85' lang='lat' dir='ltr'>Derivato</span> <span class='ocrx_word' id='word_1_80' title='bbox 1365 1269 1546 1342; x_wconf 84' lang='lat' dir='ltr'>igitur</span> <span class='ocrx_word' id='word_1_81' title='bbox 1566 1267 1788 1342; x_wconf 86' lang='lat' dir='ltr'>aliquid</span> <span class='ocrx_word' id='word_1_82' title='bbox 1821 1270 1891 1324; x_wconf 90' lang='lat' dir='ltr'>de</span> <span class='ocrx_word' id='word_1_83' title='bbox 1919 1267 2029 1325; x_wconf 87' lang='lat' dir='ltr'>hoc</span> <span class='ocrx_word' id='word_1_84' title='bbox 2050 1285 2156 1342; x_wconf 89' lang='lat' dir='ltr'>pu-</span> 
     </span>
    </p>
   </div>
   <div class='ocr_carea' id='block_1_14' title="bbox 501 1345 2158 1431">
    <p class='ocr_par' dir='ltr' id='par_1_14' title="bbox 501 1345 2158 1431">
     <span class='ocr_line' id='line_1_14' title="bbox 501 1345 2158 1431; baseline 0.001 -18"><span class='ocrx_word' id='word_1_85' title='bbox 501 1345 614 1414; x_wconf 80' lang='lat' dir='ltr'>teo.</span> <span class='ocrx_word' id='word_1_86' title='bbox 647 1357 850 1430; x_wconf 79' lang='lat' dir='ltr'>ignem</span> <span class='ocrx_word' id='word_1_87' title='bbox 883 1359 1183 1414; x_wconf 89' lang='lat' dir='ltr'>ardentem</span> <span class='ocrx_word' id='word_1_88' title='bbox 1233 1358 1555 1431; x_wconf 78' lang='lat' dir='ltr'>exstinguit</span> <span class='ocrx_word' id='word_1_89' title='bbox 1602 1375 1776 1430; x_wconf 89' lang='lat' dir='ltr'>aqua,</span> <span class='ocrx_word' id='word_1_90' title='bbox 1827 1363 1883 1414; x_wconf 90' lang='lat' dir='ltr'>et</span> <span class='ocrx_word' id='word_1_91' title='bbox 1911 1357 2158 1414; x_wconf 85' lang='lat' dir='ltr'>eleemo-</span> 
     </span>
    </p>
   </div>
   <div class='ocr_carea' id='block_1_15' title="bbox 500 1445 2159 1520">
    <p class='ocr_par' dir='ltr' id='par_1_15' title="bbox 500 1445 2159 1520">
     <span class='ocr_line' id='line_1_15' title="bbox 500 1445 2159 1520; baseline -0.001 -18"><span class='ocrx_word' id='word_1_92' title='bbox 500 1462 645 1520; x_wconf 82' lang='lat' dir='ltr'>syna</span> <span class='ocrx_word' id='word_1_93' title='bbox 691 1445 915 1502; x_wconf 78' lang='lat' dir='ltr'>resistit</span> <span class='ocrx_word' id='word_1_94' title='bbox 979 1445 1270 1520; x_wconf 85' lang='lat' dir='ltr'>peccatis:</span> <span class='ocrx_word' id='word_1_95' title='bbox 1326 1463 1480 1518; x_wconf 87' lang='lat' dir='ltr'>aqua</span> <span class='ocrx_word' id='word_1_96' title='bbox 1527 1450 1723 1502; x_wconf 87' lang='lat' dir='ltr'>autem</span> <span class='ocrx_word' id='word_1_97' title='bbox 1771 1445 1985 1502; x_wconf 86' lang='lat' dir='ltr'>stativa</span> <span class='ocrx_word' id='word_1_98' title='bbox 2045 1446 2159 1500; x_wconf 85' lang='lat' dir='ltr'>cito</span> 
     </span>
    </p>
   </div>
   <div class='ocr_carea' id='block_1_16' title="bbox 498 1533 2164 1601">
    <p class='ocr_par' dir='ltr' id='par_1_16' title="bbox 498 1533 2164 1601">
     <span class='ocr_line' id='line_1_16' title="bbox 498 1533 2164 1601; baseline 0 -13"><span class='ocrx_word' id='word_1_99' title='bbox 498 1547 726 1588; x_wconf 89' lang='lat' dir='ltr'>vermes</span> <span class='ocrx_word' id='word_1_100' title='bbox 771 1533 927 1588; x_wconf 81' lang='lat' dir='ltr'>facit.</span> <span class='ocrx_word' id='word_1_101' title='bbox 979 1534 1106 1589; x_wconf 84' lang='lat' dir='ltr'>Non</span> <span class='ocrx_word' id='word_1_102' title='bbox 1157 1538 1269 1588; x_wconf 88' lang='lat' dir='ltr'>stet</span> <span class='ocrx_word' id='word_1_103' title='bbox 1325 1534 1638 1590; x_wconf 81' lang='lat' dir='ltr'>thesaurus</span> <span class='ocrx_word' id='word_1_104' title='bbox 1687 1539 1846 1601; x_wconf 90' lang='lat' dir='ltr'>tuus,</span> <span class='ocrx_word' id='word_1_105' title='bbox 1900 1551 2006 1590; x_wconf 92' lang='lat' dir='ltr'>nec</span> <span class='ocrx_word' id='word_1_106' title='bbox 2049 1537 2164 1590; x_wconf 86' lang='lat' dir='ltr'>stet</span> 
     </span>
    </p>
   </div>
   <div class='ocr_carea' id='block_1_17' title="bbox 502 1621 2160 1695">
    <p class='ocr_par' dir='ltr' id='par_1_17' title="bbox 502 1621 2160 1695">
     <span class='ocr_line' id='line_1_17' title="bbox 502 1621 2160 1695; baseline 0.001 -19"><span class='ocrx_word' id='word_1_107' title='bbox 502 1621 658 1694; x_wconf 85' lang='lat' dir='ltr'>ignis</span> <span class='ocrx_word' id='word_1_108' title='bbox 697 1627 876 1677; x_wconf 87' lang='lat' dir='ltr'>tuus:</span> <span class='ocrx_word' id='word_1_109' title='bbox 927 1622 1110 1677; x_wconf 81' lang='lat' dir='ltr'>stabit</span> <span class='ocrx_word' id='word_1_110' title='bbox 1154 1622 1212 1676; x_wconf 90' lang='lat' dir='ltr'>in</span> <span class='ocrx_word' id='word_1_111' title='bbox 1262 1630 1334 1692; x_wconf 90' lang='lat' dir='ltr'>le,</span> <span class='ocrx_word' id='word_1_112' title='bbox 1386 1623 1498 1678; x_wconf 84' lang='lat' dir='ltr'>nisi</span> <span class='ocrx_word' id='word_1_113' title='bbox 1553 1640 1686 1679; x_wconf 91' lang='lat' dir='ltr'>eum</span> <span class='ocrx_word' id='word_1_114' title='bbox 1739 1623 2016 1695; x_wconf 82' lang='lat' dir='ltr'>operibus</span> <span class='ocrx_word' id='word_1_115' title='bbox 2049 1627 2160 1678; x_wconf 67' lang='lat' dir='ltr'>tua:</span> 
     </span>
    </p>
   </div>
   <div class='ocr_carea' id='block_1_18' title="bbox 509 1711 2162 1784">
    <p class='ocr_par' dir='ltr' id='par_1_18' title="bbox 509 1711 2162 1784">
     <span class='ocr_line' id='line_1_18' title="bbox 509 1711 2162 1784; baseline 0 -18"><span class='ocrx_word' id='word_1_116' title='bbox 509 1711 902 1767; x_wconf 86' lang='lat' dir='ltr'>miserationis</span> <span class='ocrx_word' id='word_1_117' title='bbox 934 1711 1238 1767; x_wconf 82' lang='lat' dir='ltr'>averteris.</span> <span class='ocrx_word' id='word_1_118' title='bbox 1276 1714 1338 1766; x_wconf 85' lang='lat' dir='ltr'>In</span> <span class='ocrx_word' id='word_1_119' title='bbox 1369 1713 1608 1784; x_wconf 78' lang='lat' dir='ltr'>quantis</span> <span class='ocrx_word' id='word_1_120' title='bbox 1640 1712 1933 1780; x_wconf 83' lang='lat' dir='ltr'>sis,dives,</span> <span class='ocrx_word' id='word_1_121' title='bbox 1966 1712 2162 1767; x_wconf 88' lang='lat' dir='ltr'>incen-</span> 
     </span>
    </p>
   </div>
   <div class='ocr_carea' id='block_1_19' title="bbox 511 1799 2162 1857">
    <p class='ocr_par' dir='ltr' id='par_1_19' title="bbox 511 1799 2162 1857">
     <span class='ocr_line' id='line_1_19' title="bbox 511 1799 2162 1857; baseline 0 -3"><span class='ocrx_word' id='word_1_122' title='bbox 511 1800 627 1854; x_wconf 85' lang='lat' dir='ltr'>diis</span> <span class='ocrx_word' id='word_1_123' title='bbox 661 1799 988 1856; x_wconf 85' lang='lat' dir='ltr'>considera.</span> <span class='ocrx_word' id='word_1_124' title='bbox 1037 1801 1162 1856; x_wconf 85' lang='lat' dir='ltr'>Tua</span> <span class='ocrx_word' id='word_1_125' title='bbox 1205 1817 1314 1856; x_wconf 82' lang='lat' dir='ltr'>vox</span> <span class='ocrx_word' id='word_1_126' title='bbox 1363 1805 1452 1857; x_wconf 91' lang='lat' dir='ltr'>est</span> <span class='ocrx_word' id='word_1_127' title='bbox 1495 1801 1608 1856; x_wconf 89' lang='lat' dir='ltr'>ista</span> <span class='ocrx_word' id='word_1_128' title='bbox 1659 1801 1944 1856; x_wconf 86' lang='lat' dir='ltr'>dicentis:</span> <span class='ocrx_word' id='word_1_129' title='bbox 1980 1823 2008 1850; x_wconf 86' lang='grc'>››</span> <span class='ocrx_word' id='word_1_130' title='bbox 2057 1800 2162 1855; x_wconf 86' lang='lat' dir='ltr'>Pa-</span> 
     </span>
    </p>
   </div>
   <div class='ocr_carea' id='block_1_20' title="bbox 511 1887 2160 1961">
    <p class='ocr_par' dir='ltr' id='par_1_20' title="bbox 511 1887 2160 1961">
     <span class='ocr_line' id='line_1_20' title="bbox 511 1887 2160 1961; baseline -0.001 -17"><span class='ocrx_word' id='word_1_131' title='bbox 511 1893 602 1944; x_wconf 90' lang='lat' dir='ltr'>ter</span> <span class='ocrx_word' id='word_1_132' title='bbox 630 1887 945 1954; x_wconf 88' lang='lat' dir='ltr'>Abraham,</span> <span class='ocrx_word' id='word_1_133' title='bbox 997 1888 1089 1944; x_wconf 92' lang='lat' dir='ltr'>dic</span> <span class='ocrx_word' id='word_1_134' title='bbox 1139 1889 1352 1944; x_wconf 86' lang='lat' dir='ltr'>Lazaro</span> <span class='ocrx_word' id='word_1_135' title='bbox 1401 1894 1466 1944; x_wconf 91' lang='lat' dir='ltr'>ut</span> <span class='ocrx_word' id='word_1_136' title='bbox 1515 1894 1839 1945; x_wconf 85' lang='lat' dir='ltr'>extremum</span> <span class='ocrx_word' id='word_1_137' title='bbox 1872 1889 2038 1961; x_wconf 86' lang='lat' dir='ltr'>digiti</span> <span class='ocrx_word' id='word_1_138' title='bbox 2070 1887 2160 1944; x_wconf 90' lang='lat' dir='ltr'>sui</span> 
     </span>
    </p>
   </div>
   <div class='ocr_carea' id='block_1_21' title="bbox 512 1977 2160 2051">
    <p class='ocr_par' dir='ltr' id='par_1_21' title="bbox 512 1977 2160 2051">
     <span class='ocr_line' id='line_1_21' title="bbox 512 1977 2160 2051; baseline -0.001 -19"><span class='ocrx_word' id='word_1_139' title='bbox 512 1977 766 2051; x_wconf 88' lang='lat' dir='ltr'>intingat</span> <span class='ocrx_word' id='word_1_140' title='bbox 795 1977 854 2032; x_wconf 91' lang='lat' dir='ltr'>in</span> <span class='ocrx_word' id='word_1_141' title='bbox 881 1994 1054 2050; x_wconf 87' lang='lat' dir='ltr'>aqua,</span> <span class='ocrx_word' id='word_1_142' title='bbox 1087 1981 1145 2034; x_wconf 89' lang='lat' dir='ltr'>et</span> <span class='ocrx_word' id='word_1_143' title='bbox 1173 1977 1477 2051; x_wconf 90' lang='lat' dir='ltr'>retrigeret</span> <span class='ocrx_word' id='word_1_144' title='bbox 1509 1977 1770 2051; x_wconf 86' lang='lat' dir='ltr'>linguam</span> <span class='ocrx_word' id='word_1_145' title='bbox 1795 1994 1983 2034; x_wconf 88' lang='lat' dir='ltr'>meam</span> <span class='ocrx_word' id='word_1_146' title='bbox 2009 1979 2160 2049; x_wconf 60' lang='lat' dir='ltr'>(Luc.</span> 
     </span>
    </p>
   </div>
   <div class='ocr_carea' id='block_1_22' title="bbox 509 2066 834 2138">
    <p class='ocr_par' dir='ltr' id='par_1_22' title="bbox 509 2066 834 2138">
     <span class='ocr_line' id='line_1_22' title="bbox 509 2066 834 2138; baseline -0.018 -16"><span class='ocrx_word' id='word_1_147' title='bbox 509 2082 628 2132; x_wconf 74' lang='lat' dir='ltr'>xvr,</span> <span class='ocrx_word' id='word_1_148' title='bbox 658 2066 772 2138; x_wconf 76' lang='lat'>24).</span> <span class='ocrx_word' id='word_1_149' title='bbox 807 2088 834 2116; x_wconf 86' lang='grc'><strong>››</strong></span> 
     </span>
    </p>
   </div>
   <div class='ocr_carea' id='block_1_23' title="bbox 580 2154 2162 2228">
    <p class='ocr_par' dir='ltr' id='par_1_23' title="bbox 580 2154 2162 2228">
     <span class='ocr_line' id='line_1_23' title="bbox 580 2154 2162 2228; baseline 0 -18"><span class='ocrx_word' id='word_1_150' title='bbox 580 2154 672 2210; x_wconf 86' lang='grc'>53.</span> <span class='ocrx_word' id='word_1_151' title='bbox 707 2155 836 2210; x_wconf 90' lang='lat' dir='ltr'>Tibi</span> <span class='ocrx_word' id='word_1_152' title='bbox 867 2154 1050 2228; x_wconf 88' lang='lat' dir='ltr'>igitur</span> <span class='ocrx_word' id='word_1_153' title='bbox 1068 2155 1298 2228; x_wconf 80' lang='lat' dir='ltr'>prolicit</span> <span class='ocrx_word' id='word_1_154' title='bbox 1318 2155 1606 2228; x_wconf 90' lang='lat' dir='ltr'>quidquid</span> <span class='ocrx_word' id='word_1_155' title='bbox 1629 2154 1787 2228; x_wconf 87' lang='lat' dir='ltr'>inopi</span> <span class='ocrx_word' id='word_1_156' title='bbox 1814 2154 2162 2212; x_wconf 87' lang='lat' dir='ltr'>contuleris:</span> 
     </span>
    </p>
   </div>
   <div class='ocr_carea' id='block_1_24' title="bbox 511 2243 2166 2318">
    <p class='ocr_par' dir='ltr' id='par_1_24' title="bbox 511 2243 2166 2318">
     <span class='ocr_line' id='line_1_24' title="bbox 511 2243 2166 2318; baseline 0 -18"><span class='ocrx_word' id='word_1_157' title='bbox 511 2243 621 2301; x_wconf 88' lang='lat' dir='ltr'>tibi</span> <span class='ocrx_word' id='word_1_158' title='bbox 653 2243 864 2301; x_wconf 89' lang='lat' dir='ltr'>crescit</span> <span class='ocrx_word' id='word_1_159' title='bbox 896 2245 1186 2317; x_wconf 85' lang='lat' dir='ltr'>quidquid</span> <span class='ocrx_word' id='word_1_160' title='bbox 1215 2243 1538 2300; x_wconf 89' lang='lat' dir='ltr'>minueris:</span> <span class='ocrx_word' id='word_1_161' title='bbox 1573 2249 1628 2300; x_wconf 89' lang='lat' dir='ltr'>te</span> <span class='ocrx_word' id='word_1_162' title='bbox 1659 2243 1760 2299; x_wconf 91' lang='lat' dir='ltr'>illo</span> <span class='ocrx_word' id='word_1_163' title='bbox 1810 2261 1986 2318; x_wconf 88' lang='lat' dir='ltr'>quem</span> <span class='ocrx_word' id='word_1_164' title='bbox 2019 2261 2166 2317; x_wconf 88' lang='lat' dir='ltr'>pau-</span> 
     </span>
    </p>
   </div>
   <div class='ocr_carea' id='block_1_25' title="bbox 517 2333 2169 2407">
    <p class='ocr_par' dir='ltr' id='par_1_25' title="bbox 517 2333 2169 2407">
     <span class='ocr_line' id='line_1_25' title="bbox 517 2333 2169 2407; baseline -0.001 -17"><span class='ocrx_word' id='word_1_165' title='bbox 517 2333 641 2407; x_wconf 91' lang='lat' dir='ltr'>peri</span> <span class='ocrx_word' id='word_1_166' title='bbox 673 2333 904 2390; x_wconf 90' lang='lat' dir='ltr'>dederis</span> <span class='ocrx_word' id='word_1_167' title='bbox 934 2333 1062 2390; x_wconf 90' lang='lat' dir='ltr'>cibo</span> <span class='ocrx_word' id='word_1_168' title='bbox 1112 2333 1307 2407; x_wconf 89' lang='lat' dir='ltr'>pascis</span> <span class='ocrx_word' id='word_1_169' title='bbox 1340 2352 1353 2402; x_wconf 92' lang='lat'><strong>;</strong></span> <span class='ocrx_word' id='word_1_170' title='bbox 1405 2333 1680 2406; x_wconf 89' lang='lat' dir='ltr'>quoniam</span> <span class='ocrx_word' id='word_1_171' title='bbox 1725 2333 1824 2406; x_wconf 92' lang='lat' dir='ltr'>qui</span> <span class='ocrx_word' id='word_1_172' title='bbox 1858 2333 2169 2390; x_wconf 85' lang='lat' dir='ltr'>miseretur</span> 
     </span>
    </p>
   </div>
   <div class='ocr_carea' id='block_1_26' title="bbox 515 2422 2164 2496">
    <p class='ocr_par' dir='ltr' id='par_1_26' title="bbox 515 2422 2164 2496">
     <span class='ocr_line' id='line_1_26' title="bbox 515 2422 2164 2496; baseline -0.001 -18"><span class='ocrx_word' id='word_1_173' title='bbox 515 2422 789 2495; x_wconf 90' lang='lat' dir='ltr'>pauperis</span> <span class='ocrx_word' id='word_1_174' title='bbox 829 2423 955 2496; x_wconf 89' lang='lat' dir='ltr'>ipse</span> <span class='ocrx_word' id='word_1_175' title='bbox 983 2422 1262 2494; x_wconf 83' lang='lat' dir='ltr'>pascitur,</span> <span class='ocrx_word' id='word_1_176' title='bbox 1295 2427 1351 2478; x_wconf 89' lang='lat' dir='ltr'>et</span> <span class='ocrx_word' id='word_1_177' title='bbox 1387 2423 1613 2478; x_wconf 85' lang='lat' dir='ltr'>fructus</span> <span class='ocrx_word' id='word_1_178' title='bbox 1651 2423 1773 2494; x_wconf 85' lang='lat' dir='ltr'>jam</span> <span class='ocrx_word' id='word_1_179' title='bbox 1821 2423 1882 2478; x_wconf 92' lang='lat' dir='ltr'>in</span> <span class='ocrx_word' id='word_1_180' title='bbox 1929 2423 2021 2479; x_wconf 89' lang='lat' dir='ltr'>his</span> <span class='ocrx_word' id='word_1_181' title='bbox 2059 2425 2164 2479; x_wconf 88' lang='lat' dir='ltr'>est.</span> 
     </span>
    </p>
   </div>
   <div class='ocr_carea' id='block_1_27' title="bbox 521 2511 2168 2586">
    <p class='ocr_par' dir='ltr' id='par_1_27' title="bbox 521 2511 2168 2586">
     <span class='ocr_line' id='line_1_27' title="bbox 521 2511 2168 2586; baseline -0.001 -19"><span class='ocrx_word' id='word_1_182' title='bbox 521 2511 921 2568; x_wconf 78' lang='lat' dir='ltr'>Misericordia</span> <span class='ocrx_word' id='word_1_183' title='bbox 953 2511 1276 2567; x_wconf 73' lang='lat' dir='ltr'>seminatur</span> <span class='ocrx_word' id='word_1_184' title='bbox 1305 2511 1420 2580; x_wconf 80' lang='grc'>(24)</span> <span class='ocrx_word' id='word_1_185' title='bbox 1452 2511 1512 2566; x_wconf 83' lang='grc' dir='ltr'>ἱη</span> <span class='ocrx_word' id='word_1_186' title='bbox 1543 2515 1716 2575; x_wconf 88' lang='lat' dir='ltr'>terra,</span> <span class='ocrx_word' id='word_1_187' title='bbox 1751 2511 1810 2567; x_wconf 91' lang='lat' dir='ltr'>in</span> <span class='ocrx_word' id='word_1_188' title='bbox 1869 2511 2012 2568; x_wconf 86' lang='lat' dir='ltr'>coelo</span> <span class='ocrx_word' id='word_1_189' title='bbox 2041 2527 2168 2586; x_wconf 88' lang='lat' dir='ltr'>ger-</span> 
     </span>
    </p>
   </div>
   <div class='ocr_carea' id='block_1_28' title="bbox 520 2598 2166 2674">
    <p class='ocr_par' dir='ltr' id='par_1_28' title="bbox 520 2598 2166 2674">
     <span class='ocr_line' id='line_1_28' title="bbox 520 2598 2166 2674; baseline 0.001 -19"><span class='ocrx_word' id='word_1_190' title='bbox 520 2599 740 2655; x_wconf 90' lang='lat' dir='ltr'>minat:</span> <span class='ocrx_word' id='word_1_191' title='bbox 775 2598 1074 2672; x_wconf 85' lang='lat' dir='ltr'>plantatur</span> <span class='ocrx_word' id='word_1_192' title='bbox 1107 2600 1164 2654; x_wconf 89' lang='lat' dir='ltr'>in</span> <span class='ocrx_word' id='word_1_193' title='bbox 1198 2616 1472 2673; x_wconf 89' lang='lat' dir='ltr'>paupere,</span> <span class='ocrx_word' id='word_1_194' title='bbox 1513 2601 1668 2674; x_wconf 89' lang='lat' dir='ltr'>apud</span> <span class='ocrx_word' id='word_1_195' title='bbox 1691 2599 1872 2656; x_wconf 90' lang='lat' dir='ltr'>Deum</span> <span class='ocrx_word' id='word_1_196' title='bbox 1895 2599 2166 2674; x_wconf 88' lang='lat' dir='ltr'>pullulat.</span> 
     </span>
    </p>
   </div>
   <div class='ocr_carea' id='block_1_29' title="bbox 521 2687 2170 2762">
    <p class='ocr_par' dir='ltr' id='par_1_29' title="bbox 521 2687 2170 2762">
     <span class='ocr_line' id='line_1_29' title="bbox 521 2687 2170 2762; baseline 0.003 -23"><span class='ocrx_word' id='word_1_197' title='bbox 521 2688 664 2745; x_wconf 82' lang='lat' dir='ltr'>«Ne</span> <span class='ocrx_word' id='word_1_198' title='bbox 711 2687 950 2758; x_wconf 84' lang='lat' dir='ltr'>dixeris,</span> <span class='ocrx_word' id='word_1_199' title='bbox 995 2687 1192 2762; x_wconf 87' lang='lat' dir='ltr'>inquit</span> <span class='ocrx_word' id='word_1_200' title='bbox 1240 2689 1415 2755; x_wconf 89' lang='lat' dir='ltr'>Deus,</span> <span class='ocrx_word' id='word_1_201' title='bbox 1478 2706 1606 2745; x_wconf 89' lang='lat' dir='ltr'>eras</span> <span class='ocrx_word' id='word_1_202' title='bbox 1660 2689 1810 2746; x_wconf 87' lang='lat' dir='ltr'>dabo</span> <span class='ocrx_word' id='word_1_203' title='bbox 1858 2690 2040 2759; x_wconf 87' lang='lat' dir='ltr'>(Prov.</span> <span class='ocrx_word' id='word_1_204' title='bbox 2085 2707 2170 2755; x_wconf 80' lang='grc' dir='ltr'>ιιι,</span> 
     </span>
    </p>
   </div>
   <div class='ocr_carea' id='block_1_30' title="bbox 519 2776 2171 2850">
    <p class='ocr_par' dir='ltr' id='par_1_30' title="bbox 519 2776 2171 2850">
     <span class='ocr_line' id='line_1_30' title="bbox 519 2776 2171 2850; baseline 0.001 -18"><span class='ocrx_word' id='word_1_205' title='bbox 519 2777 632 2850; x_wconf 88' lang='grc'>28).</span> <span class='ocrx_word' id='word_1_206' title='bbox 667 2800 695 2828; x_wconf 87' lang='grc'><strong>››</strong></span> <span class='ocrx_word' id='word_1_207' title='bbox 727 2777 833 2842; x_wconf 87' lang='lat' dir='ltr'>Qui</span> <span class='ocrx_word' id='word_1_208' title='bbox 889 2793 1004 2834; x_wconf 89' lang='lat' dir='ltr'>non</span> <span class='ocrx_word' id='word_1_209' title='bbox 1057 2776 1278 2850; x_wconf 90' lang='lat' dir='ltr'>patitur</span> <span class='ocrx_word' id='word_1_210' title='bbox 1319 2781 1375 2834; x_wconf 91' lang='lat' dir='ltr'>te</span> <span class='ocrx_word' id='word_1_211' title='bbox 1421 2777 1652 2834; x_wconf 88' lang='lat' dir='ltr'>dicere:</span> <span class='ocrx_word' id='word_1_212' title='bbox 1705 2800 1734 2827; x_wconf 90' lang='grc'><strong><em>‹‹</em></strong></span> <span class='ocrx_word' id='word_1_213' title='bbox 1766 2778 1906 2834; x_wconf 88' lang='lat' dir='ltr'>Cras</span> <span class='ocrx_word' id='word_1_214' title='bbox 1937 2778 2107 2846; x_wconf 91' lang='lat' dir='ltr'>dabo,</span> <span class='ocrx_word' id='word_1_215' title='bbox 2143 2801 2171 2828; x_wconf 86' lang='grc'><strong>››</strong></span> 
     </span>
    </p>
   </div>
   <div class='ocr_carea' id='block_1_31' title="bbox 522 2865 2172 2938">
    <p class='ocr_par' dir='ltr' id='par_1_31' title="bbox 522 2865 2172 2938">
     <span class='ocr_line' id='line_1_31' title="bbox 522 2865 2172 2938; baseline 0.001 -17"><span class='ocrx_word' id='word_1_216' title='bbox 522 2866 820 2938; x_wconf 87' lang='lat' dir='ltr'>quomodo</span> <span class='ocrx_word' id='word_1_217' title='bbox 855 2866 1078 2938; x_wconf 87' lang='lat' dir='ltr'>patitur</span> <span class='ocrx_word' id='word_1_218' title='bbox 1123 2865 1352 2922; x_wconf 91' lang='lat' dir='ltr'>dicere:</span> <span class='ocrx_word' id='word_1_219' title='bbox 1399 2866 1524 2921; x_wconf 92' lang='lat' dir='ltr'>Non</span> <span class='ocrx_word' id='word_1_220' title='bbox 1573 2866 1771 2922; x_wconf 84' lang='lat' dir='ltr'>dabo?</span> <span class='ocrx_word' id='word_1_221' title='bbox 1815 2867 1939 2921; x_wconf 88' lang='lat' dir='ltr'>Non</span> <span class='ocrx_word' id='word_1_222' title='bbox 1972 2867 2043 2922; x_wconf 92' lang='lat' dir='ltr'>de</span> <span class='ocrx_word' id='word_1_223' title='bbox 2073 2871 2172 2922; x_wconf 86' lang='lat' dir='ltr'>tuo</span> 
     </span>
    </p>
   </div>
   <div class='ocr_carea' id='block_1_32' title="bbox 524 2953 2174 3027">
    <p class='ocr_par' dir='ltr' id='par_1_32' title="bbox 524 2953 2174 3027">
     <span class='ocr_line' id='line_1_32' title="bbox 524 2953 2174 3027; baseline 0.001 -19"><span class='ocrx_word' id='word_1_224' title='bbox 524 2953 758 3027; x_wconf 83' lang='lat' dir='ltr'>largiris</span> <span class='ocrx_word' id='word_1_225' title='bbox 788 2953 1052 3027; x_wconf 88' lang='lat' dir='ltr'>pauperi,</span> <span class='ocrx_word' id='word_1_226' title='bbox 1115 2954 1216 3009; x_wconf 90' lang='lat' dir='ltr'>sed</span> <span class='ocrx_word' id='word_1_227' title='bbox 1269 2955 1340 3010; x_wconf 91' lang='lat' dir='ltr'>de</span> <span class='ocrx_word' id='word_1_228' title='bbox 1393 2969 1499 3010; x_wconf 87' lang='lat' dir='ltr'>suo</span> <span class='ocrx_word' id='word_1_229' title='bbox 1549 2953 1764 3010; x_wconf 91' lang='lat' dir='ltr'>reddis.</span> <span class='ocrx_word' id='word_1_230' title='bbox 1814 2955 1977 3020; x_wconf 90' lang='lat' dir='ltr'>Quod</span> <span class='ocrx_word' id='word_1_231' title='bbox 2017 2955 2174 3010; x_wconf 89' lang='lat' dir='ltr'>enim</span> 
     </span>
    </p>
   </div>
   <div class='ocr_carea' id='block_1_33' title="bbox 505 3042 2176 3111">
    <p class='ocr_par' dir='ltr' id='par_1_33' title="bbox 505 3042 2176 3111">
     <span class='ocr_line' id='line_1_33' title="bbox 505 3042 2176 3111; baseline 0.001 -13"><span class='ocrx_word' id='word_1_232' title='bbox 505 3058 838 3110; x_wconf 79' lang='lat' dir='ltr'>commune</span> <span class='ocrx_word' id='word_1_233' title='bbox 885 3047 975 3099; x_wconf 87' lang='lat' dir='ltr'>est</span> <span class='ocrx_word' id='word_1_234' title='bbox 1022 3043 1082 3097; x_wconf 93' lang='lat' dir='ltr'>in</span> <span class='ocrx_word' id='word_1_235' title='bbox 1135 3042 1400 3098; x_wconf 88' lang='lat' dir='ltr'>omnium</span> <span class='ocrx_word' id='word_1_236' title='bbox 1451 3060 1625 3100; x_wconf 90' lang='lat' dir='ltr'>usum</span> <span class='ocrx_word' id='word_1_237' title='bbox 1657 3043 1886 3111; x_wconf 87' lang='lat' dir='ltr'>datum,</span> <span class='ocrx_word' id='word_1_238' title='bbox 1919 3048 1981 3098; x_wconf 92' lang='lat' dir='ltr'>tu</span> <span class='ocrx_word' id='word_1_239' title='bbox 2015 3042 2176 3100; x_wconf 88' lang='lat' dir='ltr'>solus</span> 
     </span>
    </p>
   </div>
   <div class='ocr_carea' id='block_1_34' title="bbox 524 3129 2180 3204">
    <p class='ocr_par' dir='ltr' id='par_1_34' title="bbox 524 3129 2180 3204">
     <span class='ocr_line' id='line_1_34' title="bbox 524 3129 2180 3204; baseline 0.001 -17"><span class='ocrx_word' id='word_1_240' title='bbox 524 3148 798 3204; x_wconf 88' lang='lat' dir='ltr'>usurpas.</span> <span class='ocrx_word' id='word_1_241' title='bbox 833 3129 1111 3187; x_wconf 89' lang='lat' dir='ltr'>Omnium</span> <span class='ocrx_word' id='word_1_242' title='bbox 1144 3135 1234 3186; x_wconf 89' lang='lat' dir='ltr'>est</span> <span class='ocrx_word' id='word_1_243' title='bbox 1262 3135 1435 3202; x_wconf 87' lang='lat' dir='ltr'>terra,</span> <span class='ocrx_word' id='word_1_244' title='bbox 1470 3147 1584 3187; x_wconf 91' lang='lat' dir='ltr'>non</span> <span class='ocrx_word' id='word_1_245' title='bbox 1607 3131 1853 3188; x_wconf 87' lang='lat' dir='ltr'>divitum</span> <span class='ocrx_word' id='word_1_246' title='bbox 1883 3133 2015 3188; x_wconf 90' lang='lat' dir='ltr'>:sed</span> <span class='ocrx_word' id='word_1_247' title='bbox 2038 3149 2180 3204; x_wconf 90' lang='lat' dir='ltr'>pau-</span> 
     </span>
    </p>
   </div>
   <div class='ocr_carea' id='block_1_35' title="bbox 2267 552 3815 628">
    <p class='ocr_par' dir='ltr' id='par_1_35' title="bbox 2267 552 3815 628">
     <span class='ocr_line' id='line_1_35' title="bbox 2267 552 3815 628; baseline 0.002 -18"><span class='ocrx_word' id='word_1_248' title='bbox 2267 557 2498 628; x_wconf 89' lang='lat' dir='ltr'>generis</span> <span class='ocrx_word' id='word_1_249' title='bbox 2527 554 2906 628; x_wconf 86' lang='lat' dir='ltr'>periclitatur.</span> <span class='ocrx_word' id='word_1_250' title='bbox 2958 554 3104 610; x_wconf 89' lang='lat' dir='ltr'>Cave</span> <span class='ocrx_word' id='word_1_251' title='bbox 3146 552 3344 627; x_wconf 86' lang='lat' dir='ltr'>igitur,</span> <span class='ocrx_word' id='word_1_252' title='bbox 3392 552 3555 619; x_wconf 89' lang='lat' dir='ltr'>dives,</span> <span class='ocrx_word' id='word_1_253' title='bbox 3597 571 3656 612; x_wconf 88' lang='lat' dir='ltr'>ne</span> <span class='ocrx_word' id='word_1_254' title='bbox 3693 557 3740 612; x_wconf 91' lang='lat' dir='ltr'>in</span> <span class='ocrx_word' id='word_1_255' title='bbox 3775 563 3815 613; x_wconf 85' lang='lat' dir='ltr'>te</span> 
     </span>
    </p>
   </div>
   <div class='ocr_carea' id='block_1_36' title="bbox 2267 643 3820 714">
    <p class='ocr_par' dir='ltr' id='par_1_36' title="bbox 2267 643 3820 714">
     <span class='ocr_line' id='line_1_36' title="bbox 2267 643 3820 714; baseline 0.002 -14"><span class='ocrx_word' id='word_1_256' title='bbox 2267 645 2611 700; x_wconf 70' lang='lat' dir='ltr'>erubescant</span> <span class='ocrx_word' id='word_1_257' title='bbox 2657 650 2890 700; x_wconf 89' lang='lat' dir='ltr'>tuorum</span> <span class='ocrx_word' id='word_1_258' title='bbox 2942 643 3150 698; x_wconf 90' lang='lat' dir='ltr'>merita</span> <span class='ocrx_word' id='word_1_259' title='bbox 3197 643 3496 714; x_wconf 87' lang='lat' dir='ltr'>majorum,</span> <span class='ocrx_word' id='word_1_260' title='bbox 3541 660 3602 700; x_wconf 90' lang='lat' dir='ltr'>ne</span> <span class='ocrx_word' id='word_1_261' title='bbox 3645 645 3820 703; x_wconf 80' lang='lat' dir='ltr'>tortest</span> 
     </span>
    </p>
   </div>
   <div class='ocr_carea' id='block_1_37' title="bbox 2267 731 3824 801">
    <p class='ocr_par' dir='ltr' id='par_1_37' title="bbox 2267 731 3824 801">
     <span class='ocr_line' id='line_1_37' title="bbox 2267 731 3824 801; baseline 0.002 -13"><span class='ocrx_word' id='word_1_262' title='bbox 2267 732 2383 788; x_wconf 87' lang='lat' dir='ltr'>illis</span> <span class='ocrx_word' id='word_1_263' title='bbox 2414 734 2672 790; x_wconf 86' lang='lat' dir='ltr'>dicatur:</span> <span class='ocrx_word' id='word_1_264' title='bbox 2707 736 2821 790; x_wconf 91' lang='lat' dir='ltr'>Cur</span> <span class='ocrx_word' id='word_1_265' title='bbox 2849 731 3025 788; x_wconf 83' lang='lat' dir='ltr'>talem</span> <span class='ocrx_word' id='word_1_266' title='bbox 3077 731 3403 801; x_wconf 87' lang='lat' dir='ltr'>instituitis,</span> <span class='ocrx_word' id='word_1_267' title='bbox 3451 749 3545 788; x_wconf 90' lang='lat' dir='ltr'>cur</span> <span class='ocrx_word' id='word_1_268' title='bbox 3569 733 3716 790; x_wconf 86' lang='lat' dir='ltr'>talem</span> <span class='ocrx_word' id='word_1_269' title='bbox 3741 735 3824 791; x_wconf 82' lang='lat' dir='ltr'>ele-</span> 
     </span>
    </p>
   </div>
   <div class='ocr_carea' id='block_1_38' title="bbox 2267 819 3824 895">
    <p class='ocr_par' dir='ltr' id='par_1_38' title="bbox 2267 819 3824 895">
     <span class='ocr_line' id='line_1_38' title="bbox 2267 819 3824 895; baseline 0.003 -19"><span class='ocrx_word' id='word_1_270' title='bbox 2267 821 2435 895; x_wconf 83' lang='lat' dir='ltr'>gistis</span> <span class='ocrx_word' id='word_1_271' title='bbox 2465 823 2748 879; x_wconf 71' lang='lat' dir='ltr'>hieredem</span> <span class='ocrx_word' id='word_1_272' title='bbox 2768 823 2796 878; x_wconf 93' lang='lat'>?</span> <span class='ocrx_word' id='word_1_273' title='bbox 2825 823 2952 878; x_wconf 91' lang='lat' dir='ltr'>Non</span> <span class='ocrx_word' id='word_1_274' title='bbox 2985 822 3045 876; x_wconf 92' lang='lat' dir='ltr'>in</span> <span class='ocrx_word' id='word_1_275' title='bbox 3094 820 3316 877; x_wconf 88' lang='lat' dir='ltr'>auratis</span> <span class='ocrx_word' id='word_1_276' title='bbox 3363 819 3712 894; x_wconf 86' lang='lat' dir='ltr'>laquearibus,</span> <span class='ocrx_word' id='word_1_277' title='bbox 3749 841 3824 880; x_wconf 85' lang='lat' dir='ltr'>nec</span> 
     </span>
    </p>
   </div>
   <div class='ocr_carea' id='block_1_39' title="bbox 2269 909 3827 985">
    <p class='ocr_par' dir='ltr' id='par_1_39' title="bbox 2269 909 3827 985">
     <span class='ocr_line' id='line_1_39' title="bbox 2269 909 3827 985; baseline 0.001 -19"><span class='ocrx_word' id='word_1_278' title='bbox 2269 911 2328 966; x_wconf 94' lang='lat' dir='ltr'>in</span> <span class='ocrx_word' id='word_1_279' title='bbox 2375 910 2796 985; x_wconf 86' lang='lat' dir='ltr'>porphyreticis</span> <span class='ocrx_word' id='word_1_280' title='bbox 2861 911 3104 967; x_wconf 90' lang='lat' dir='ltr'>orbibus</span> <span class='ocrx_word' id='word_1_281' title='bbox 3165 909 3411 966; x_wconf 68' lang='lat' dir='ltr'>haeredis</span> <span class='ocrx_word' id='word_1_282' title='bbox 3465 915 3546 966; x_wconf 90' lang='lat' dir='ltr'>est</span> <span class='ocrx_word' id='word_1_283' title='bbox 3592 911 3827 968; x_wconf 87' lang='lat' dir='ltr'>meritum.</span> 
     </span>
    </p>
   </div>
   <div class='ocr_carea' id='block_1_40' title="bbox 2268 999 3829 1070">
    <p class='ocr_par' dir='ltr' id='par_1_40' title="bbox 2268 999 3829 1070">
     <span class='ocr_line' id='line_1_40' title="bbox 2268 999 3829 1070; baseline 0.001 -14"><span class='ocrx_word' id='word_1_284' title='bbox 2268 1000 2420 1056; x_wconf 89' lang='lat' dir='ltr'>Laus</span> <span class='ocrx_word' id='word_1_285' title='bbox 2448 1003 2561 1056; x_wconf 87' lang='lat' dir='ltr'>ista</span> <span class='ocrx_word' id='word_1_286' title='bbox 2591 1018 2706 1056; x_wconf 91' lang='lat' dir='ltr'>non</span> <span class='ocrx_word' id='word_1_287' title='bbox 2757 999 3090 1068; x_wconf 88' lang='lat' dir='ltr'>hominum,</span> <span class='ocrx_word' id='word_1_288' title='bbox 3141 999 3243 1056; x_wconf 91' lang='lat' dir='ltr'>sed</span> <span class='ocrx_word' id='word_1_289' title='bbox 3293 999 3638 1056; x_wconf 87' lang='lat' dir='ltr'>metallorum</span> <span class='ocrx_word' id='word_1_290' title='bbox 3677 1006 3762 1070; x_wconf 88' lang='lat' dir='ltr'>est,</span> <span class='ocrx_word' id='word_1_291' title='bbox 3786 1002 3829 1058; x_wconf 88' lang='lat' dir='ltr'>in</span> 
     </span>
    </p>
   </div>
   <div class='ocr_carea' id='block_1_41' title="bbox 2268 1089 3828 1162">
    <p class='ocr_par' dir='ltr' id='par_1_41' title="bbox 2268 1089 3828 1162">
     <span class='ocr_line' id='line_1_41' title="bbox 2268 1089 3828 1162; baseline 0 -17"><span class='ocrx_word' id='word_1_292' title='bbox 2268 1089 2484 1162; x_wconf 88' lang='lat' dir='ltr'>quibus</span> <span class='ocrx_word' id='word_1_293' title='bbox 2508 1089 2780 1147; x_wconf 86' lang='lat' dir='ltr'>homines</span> <span class='ocrx_word' id='word_1_294' title='bbox 2811 1089 3140 1162; x_wconf 89' lang='lat' dir='ltr'>puniuntur</span> <span class='ocrx_word' id='word_1_295' title='bbox 3159 1089 3414 1161; x_wconf 86' lang='lat' dir='ltr'>(26).Per</span> <span class='ocrx_word' id='word_1_296' title='bbox 3431 1094 3642 1162; x_wconf 78' lang='lat' dir='ltr'>egentes</span> <span class='ocrx_word' id='word_1_297' title='bbox 3667 1105 3828 1146; x_wconf 85' lang='lat' dir='ltr'>aurum</span> 
     </span>
    </p>
   </div>
   <div class='ocr_carea' id='block_1_42' title="bbox 2268 1177 3833 1252">
    <p class='ocr_par' dir='ltr' id='par_1_42' title="bbox 2268 1177 3833 1252">
     <span class='ocr_line' id='line_1_42' title="bbox 2268 1177 3833 1252; baseline 0 -18"><span class='ocrx_word' id='word_1_298' title='bbox 2268 1179 2566 1251; x_wconf 67' lang='lat' dir='ltr'>quaeritur,</span> <span class='ocrx_word' id='word_1_299' title='bbox 2597 1183 2654 1234; x_wconf 90' lang='lat' dir='ltr'>et</span> <span class='ocrx_word' id='word_1_300' title='bbox 2674 1177 2980 1252; x_wconf 88' lang='lat' dir='ltr'>egentibus</span> <span class='ocrx_word' id='word_1_301' title='bbox 3001 1177 3617 1252; x_wconf 85' lang='lat' dir='ltr'>denegatur.Laborant</span> <span class='ocrx_word' id='word_1_302' title='bbox 3640 1182 3695 1234; x_wconf 90' lang='lat' dir='ltr'>ut</span> <span class='ocrx_word' id='word_1_303' title='bbox 3717 1195 3833 1250; x_wconf 74' lang='lat' dir='ltr'>que-</span> 
     </span>
    </p>
   </div>
   <div class='ocr_carea' id='block_1_43' title="bbox 2267 1265 3834 1340">
    <p class='ocr_par' dir='ltr' id='par_1_43' title="bbox 2267 1265 3834 1340">
     <span class='ocr_line' id='line_1_43' title="bbox 2267 1265 3834 1340; baseline -0.001 -16"><span class='ocrx_word' id='word_1_304' title='bbox 2267 1272 2418 1337; x_wconf 79' lang='lat' dir='ltr'>rant,</span> <span class='ocrx_word' id='word_1_305' title='bbox 2449 1267 2720 1325; x_wconf 88' lang='lat' dir='ltr'>laborant</span> <span class='ocrx_word' id='word_1_306' title='bbox 2751 1271 2814 1323; x_wconf 90' lang='lat' dir='ltr'>ut</span> <span class='ocrx_word' id='word_1_307' title='bbox 2842 1267 3163 1339; x_wconf 81' lang='lat' dir='ltr'>inveniant,</span> <span class='ocrx_word' id='word_1_308' title='bbox 3213 1267 3365 1340; x_wconf 92' lang='lat' dir='ltr'>quod</span> <span class='ocrx_word' id='word_1_309' title='bbox 3419 1265 3614 1323; x_wconf 87' lang='lat' dir='ltr'>habere</span> <span class='ocrx_word' id='word_1_310' title='bbox 3639 1283 3734 1323; x_wconf 88' lang='lat' dir='ltr'>non</span> <span class='ocrx_word' id='word_1_311' title='bbox 3757 1282 3834 1322; x_wconf 89' lang='lat' dir='ltr'>no-</span> 
     </span>
    </p>
   </div>
   <div class='ocr_carea' id='block_1_44' title="bbox 2269 1361 2425 1413">
    <p class='ocr_par' dir='ltr' id='par_1_44' title="bbox 2269 1361 2425 1413">
     <span class='ocr_line' id='line_1_44' title="bbox 2269 1361 2425 1413; baseline 0.006 -1"><span class='ocrx_word' id='word_1_312' title='bbox 2269 1361 2425 1413; x_wconf 90' lang='lat' dir='ltr'>runt.</span> 
     </span>
    </p>
   </div>
   <div class='ocr_carea' id='block_1_45' title="bbox 2339 1443 3836 1517">
    <p class='ocr_par' dir='ltr' id='par_1_45' title="bbox 2339 1443 3836 1517">
     <span class='ocr_line' id='line_1_45' title="bbox 2339 1443 3836 1517; baseline -0.002 -16"><span class='ocrx_word' id='word_1_313' title='bbox 2339 1447 2429 1501; x_wconf 78' lang='grc'>55.</span> <span class='ocrx_word' id='word_1_314' title='bbox 2463 1446 2644 1502; x_wconf 88' lang='lat' dir='ltr'>Miror</span> <span class='ocrx_word' id='word_1_315' title='bbox 2677 1451 2792 1502; x_wconf 87' lang='lat' dir='ltr'>tam</span> <span class='ocrx_word' id='word_1_316' title='bbox 2823 1463 2928 1502; x_wconf 88' lang='lat' dir='ltr'>cur</span> <span class='ocrx_word' id='word_1_317' title='bbox 2958 1463 3023 1502; x_wconf 88' lang='lat' dir='ltr'>eo</span> <span class='ocrx_word' id='word_1_318' title='bbox 3055 1463 3175 1513; x_wconf 89' lang='lat' dir='ltr'>vos,</span> <span class='ocrx_word' id='word_1_319' title='bbox 3209 1445 3436 1513; x_wconf 86' lang='lat' dir='ltr'>divites,</span> <span class='ocrx_word' id='word_1_320' title='bbox 3465 1443 3737 1516; x_wconf 85' lang='lat' dir='ltr'>jactandos</span> <span class='ocrx_word' id='word_1_321' title='bbox 3759 1460 3836 1517; x_wconf 82' lang='lat' dir='ltr'>pu-</span> 
     </span>
    </p>
   </div>
   <div class='ocr_carea' id='block_1_46' title="bbox 2269 1532 3839 1608">
    <p class='ocr_par' dir='ltr' id='par_1_46' title="bbox 2269 1532 3839 1608">
     <span class='ocr_line' id='line_1_46' title="bbox 2269 1532 3839 1608; baseline -0.003 -18"><span class='ocrx_word' id='word_1_322' title='bbox 2269 1535 2430 1595; x_wconf 84' lang='lat' dir='ltr'>tetis.</span> <span class='ocrx_word' id='word_1_323' title='bbox 2465 1552 2569 1590; x_wconf 89' lang='lat' dir='ltr'>cur</span> <span class='ocrx_word' id='word_1_324' title='bbox 2599 1551 2807 1590; x_wconf 87' lang='lat' dir='ltr'>aurum</span> <span class='ocrx_word' id='word_1_325' title='bbox 2841 1535 3084 1590; x_wconf 84' lang='lat' dir='ltr'>materia</span> <span class='ocrx_word' id='word_1_326' title='bbox 3119 1534 3309 1608; x_wconf 87' lang='lat' dir='ltr'>magis</span> <span class='ocrx_word' id='word_1_327' title='bbox 3348 1532 3681 1604; x_wconf 86' lang='lat' dir='ltr'>otl&#39;ensionis,</span> <span class='ocrx_word' id='word_1_328' title='bbox 3707 1548 3839 1605; x_wconf 84' lang='lat' dir='ltr'>quam</span> 
     </span>
    </p>
   </div>
   <div class='ocr_carea' id='block_1_47' title="bbox 2273 1621 3836 1697">
    <p class='ocr_par' dir='ltr' id='par_1_47' title="bbox 2273 1621 3836 1697">
     <span class='ocr_line' id='line_1_47' title="bbox 2273 1621 3836 1697; baseline -0.002 -18"><span class='ocrx_word' id='word_1_329' title='bbox 2273 1625 2800 1680; x_wconf 85' lang='lat' dir='ltr'>commendationis</span> <span class='ocrx_word' id='word_1_330' title='bbox 2841 1623 3029 1696; x_wconf 89' lang='lat' dir='ltr'>gratia</span> <span class='ocrx_word' id='word_1_331' title='bbox 3081 1623 3178 1679; x_wconf 87' lang='lat' dir='ltr'>sit.</span> <span class='ocrx_word' id='word_1_332' title='bbox 3235 1623 3477 1697; x_wconf 81' lang='lat' dir='ltr'>Lignum</span> <span class='ocrx_word' id='word_1_333' title='bbox 3525 1621 3666 1678; x_wconf 89' lang='lat' dir='ltr'>enim</span> <span class='ocrx_word' id='word_1_334' title='bbox 3727 1621 3836 1678; x_wconf 70' lang='lat'>58!</span> 
     </span>
    </p>
   </div>
   <div class='ocr_carea' id='block_1_48' title="bbox 2273 1711 3847 1784">
    <p class='ocr_par' dir='ltr' id='par_1_48' title="bbox 2273 1711 3847 1784">
     <span class='ocr_line' id='line_1_48' title="bbox 2273 1711 3847 1784; baseline -0.003 -16"><span class='ocrx_word' id='word_1_335' title='bbox 2273 1713 2611 1768; x_wconf 65' lang='lat' dir='ltr'>offensionis</span> <span class='ocrx_word' id='word_1_336' title='bbox 2651 1717 2734 1768; x_wconf 85' lang='lat' dir='ltr'>est</span> <span class='ocrx_word' id='word_1_337' title='bbox 2783 1717 2840 1767; x_wconf 90' lang='lat' dir='ltr'>et</span> <span class='ocrx_word' id='word_1_338' title='bbox 2879 1729 3110 1782; x_wconf 88' lang='lat' dir='ltr'>aurum,</span> <span class='ocrx_word' id='word_1_339' title='bbox 3160 1717 3218 1769; x_wconf 89' lang='lat' dir='ltr'>et</span> <span class='ocrx_word' id='word_1_340' title='bbox 3244 1730 3324 1767; x_wconf 67' lang='lat' dir='ltr'>va)</span> <span class='ocrx_word' id='word_1_341' title='bbox 3370 1713 3440 1768; x_wconf 92' lang='lat' dir='ltr'>iis</span> <span class='ocrx_word' id='word_1_342' title='bbox 3471 1711 3563 1784; x_wconf 89' lang='lat' dir='ltr'>qui</span> <span class='ocrx_word' id='word_1_343' title='bbox 3612 1713 3847 1768; x_wconf 82' lang='lat' dir='ltr'>sectantur</span> 
     </span>
    </p>
   </div>
   <div class='ocr_carea' id='block_1_49' title="bbox 2275 1800 3845 1874">
    <p class='ocr_par' dir='ltr' id='par_1_49' title="bbox 2275 1800 3845 1874">
     <span class='ocr_line' id='line_1_49' title="bbox 2275 1800 3845 1874; baseline -0.002 -18"><span class='ocrx_word' id='word_1_344' title='bbox 2275 1800 2417 1856; x_wconf 86' lang='lat' dir='ltr'>illud</span> <span class='ocrx_word' id='word_1_345' title='bbox 2447 1820 2459 1857; x_wconf 91' lang='lat'>:</span> <span class='ocrx_word' id='word_1_346' title='bbox 2487 1803 2744 1874; x_wconf 81' lang='lat' dir='ltr'>Denique</span> <span class='ocrx_word' id='word_1_347' title='bbox 2788 1802 3154 1858; x_wconf 86' lang='lat' dir='ltr'>benedieitur</span> <span class='ocrx_word' id='word_1_348' title='bbox 3215 1801 3374 1858; x_wconf 86' lang='lat' dir='ltr'>dives</span> <span class='ocrx_word' id='word_1_349' title='bbox 3425 1823 3450 1851; x_wconf 86' lang='lat'><strong>«</strong></span> <span class='ocrx_word' id='word_1_350' title='bbox 3501 1800 3591 1873; x_wconf 90' lang='lat' dir='ltr'>qui</span> <span class='ocrx_word' id='word_1_351' title='bbox 3635 1800 3845 1855; x_wconf 80' lang='lat' dir='ltr'>inventus</span> 
     </span>
    </p>
   </div>
   <div class='ocr_carea' id='block_1_50' title="bbox 2272 1888 3850 1964">
    <p class='ocr_par' dir='ltr' id='par_1_50' title="bbox 2272 1888 3850 1964">
     <span class='ocr_line' id='line_1_50' title="bbox 2272 1888 3850 1964; baseline -0.003 -18"><span class='ocrx_word' id='word_1_352' title='bbox 2272 1895 2364 1946; x_wconf 88' lang='lat' dir='ltr'>est</span> <span class='ocrx_word' id='word_1_353' title='bbox 2393 1891 2518 1944; x_wconf 84' lang='lat' dir='ltr'>sine</span> <span class='ocrx_word' id='word_1_354' title='bbox 2559 1890 2810 1959; x_wconf 81' lang='lat' dir='ltr'>macula,</span> <span class='ocrx_word' id='word_1_355' title='bbox 2862 1895 2920 1946; x_wconf 91' lang='lat' dir='ltr'>et</span> <span class='ocrx_word' id='word_1_356' title='bbox 2947 1891 3049 1963; x_wconf 91' lang='lat' dir='ltr'>qui</span> <span class='ocrx_word' id='word_1_357' title='bbox 3079 1894 3211 1964; x_wconf 89' lang='lat' dir='ltr'>post</span> <span class='ocrx_word' id='word_1_358' title='bbox 3234 1907 3446 1946; x_wconf 90' lang='lat' dir='ltr'>aurum</span> <span class='ocrx_word' id='word_1_359' title='bbox 3479 1907 3586 1946; x_wconf 90' lang='lat' dir='ltr'>non</span> <span class='ocrx_word' id='word_1_360' title='bbox 3615 1888 3752 1955; x_wconf 88' lang='lat' dir='ltr'>abiit,</span> <span class='ocrx_word' id='word_1_361' title='bbox 3775 1903 3850 1942; x_wconf 86' lang='lat' dir='ltr'>nec</span> 
     </span>
    </p>
   </div>
   <div class='ocr_carea' id='block_1_51' title="bbox 2273 1976 3846 2053">
    <p class='ocr_par' dir='ltr' id='par_1_51' title="bbox 2273 1976 3846 2053">
     <span class='ocr_line' id='line_1_51' title="bbox 2273 1976 3846 2053; baseline -0.002 -19"><span class='ocrx_word' id='word_1_362' title='bbox 2273 1980 2531 2052; x_wconf 75' lang='lat' dir='ltr'>speravit</span> <span class='ocrx_word' id='word_1_363' title='bbox 2579 1979 2636 2034; x_wconf 89' lang='lat' dir='ltr'>in</span> <span class='ocrx_word' id='word_1_364' title='bbox 2689 1980 2948 2053; x_wconf 68' lang='lat' dir='ltr'>pecunia:</span> <span class='ocrx_word' id='word_1_365' title='bbox 3004 1979 3298 2036; x_wconf 87' lang='lat' dir='ltr'>thesauris</span> <span class='ocrx_word' id='word_1_366' title='bbox 3345 1979 3538 2052; x_wconf 81' lang='lat' dir='ltr'>(Eccli.</span> <span class='ocrx_word' id='word_1_367' title='bbox 3577 1994 3712 2044; x_wconf 76' lang='lat' dir='ltr'><strong>xxxx,</strong></span> <span class='ocrx_word' id='word_1_368' title='bbox 3746 1976 3846 2047; x_wconf 78' lang='lat'>8).-</span> 
     </span>
    </p>
   </div>
   <div class='ocr_carea' id='block_1_52' title="bbox 2275 2060 3855 2140">
    <p class='ocr_par' dir='ltr' id='par_1_52' title="bbox 2275 2060 3855 2140">
     <span class='ocr_line' id='line_1_52' title="bbox 2275 2060 3855 2140; baseline -0.004 -17"><span class='ocrx_word' id='word_1_369' title='bbox 2275 2067 2384 2124; x_wconf 93' lang='lat' dir='ltr'>Sed</span> <span class='ocrx_word' id='word_1_370' title='bbox 2421 2068 2588 2140; x_wconf 85' lang='lat' dir='ltr'>quasi</span> <span class='ocrx_word' id='word_1_371' title='bbox 2641 2067 2692 2124; x_wconf 91' lang='lat' dir='ltr'>is</span> <span class='ocrx_word' id='word_1_372' title='bbox 2750 2069 3019 2140; x_wconf 87' lang='lat' dir='ltr'>cognitus</span> <span class='ocrx_word' id='word_1_373' title='bbox 3050 2084 3177 2124; x_wconf 87' lang='lat' dir='ltr'>esse</span> <span class='ocrx_word' id='word_1_374' title='bbox 3221 2085 3340 2124; x_wconf 91' lang='lat' dir='ltr'>non</span> <span class='ocrx_word' id='word_1_375' title='bbox 3389 2067 3591 2140; x_wconf 88' lang='lat' dir='ltr'>possit,</span> <span class='ocrx_word' id='word_1_376' title='bbox 3635 2081 3748 2122; x_wconf 85' lang='lat' dir='ltr'>eum</span> <span class='ocrx_word' id='word_1_377' title='bbox 3771 2060 3855 2118; x_wconf 86' lang='lat' dir='ltr'>sibi</span> 
     </span>
    </p>
   </div>
   <div class='ocr_carea' id='block_1_53' title="bbox 2277 2153 3856 2226">
    <p class='ocr_par' dir='ltr' id='par_1_53' title="bbox 2277 2153 3856 2226">
     <span class='ocr_line' id='line_1_53' title="bbox 2277 2153 3856 2226; baseline -0.006 -13"><span class='ocrx_word' id='word_1_378' title='bbox 2277 2157 2572 2213; x_wconf 73' lang='lat' dir='ltr'>desiderat</span> <span class='ocrx_word' id='word_1_379' title='bbox 2624 2157 3046 2213; x_wconf 88' lang='lat' dir='ltr'>demonstrari:</span> <span class='ocrx_word' id='word_1_380' title='bbox 3083 2179 3110 2206; x_wconf 94' lang='grc'>‹‹</span> <span class='ocrx_word' id='word_1_381' title='bbox 3160 2156 3300 2222; x_wconf 89' lang='lat' dir='ltr'>Quis</span> <span class='ocrx_word' id='word_1_382' title='bbox 3352 2161 3443 2213; x_wconf 89' lang='lat' dir='ltr'>est</span> <span class='ocrx_word' id='word_1_383' title='bbox 3467 2155 3587 2224; x_wconf 82' lang='lat' dir='ltr'>hic,</span> <span class='ocrx_word' id='word_1_384' title='bbox 3617 2153 3794 2226; x_wconf 88' lang='lat' dir='ltr'>inquit,</span> <span class='ocrx_word' id='word_1_385' title='bbox 3815 2153 3856 2206; x_wconf 92' lang='lat' dir='ltr'>et</span> 
     </span>
    </p>
   </div>
   <div class='ocr_carea' id='block_1_54' title="bbox 2277 2237 3858 2317">
    <p class='ocr_par' dir='ltr' id='par_1_54' title="bbox 2277 2237 3858 2317">
     <span class='ocr_line' id='line_1_54' title="bbox 2277 2237 3858 2317; baseline -0.004 -17"><span class='ocrx_word' id='word_1_386' title='bbox 2277 2245 2653 2301; x_wconf 85' lang='lat' dir='ltr'>laudabimus</span> <span class='ocrx_word' id='word_1_387' title='bbox 2684 2261 2815 2300; x_wconf 89' lang='lat' dir='ltr'>eum</span> <span class='ocrx_word' id='word_1_388' title='bbox 2846 2245 3004 2316; x_wconf 83' lang='lat' dir='ltr'>(Ibid.</span> <span class='ocrx_word' id='word_1_389' title='bbox 3035 2245 3092 2317; x_wconf 82' lang='lat'>9)</span> <span class='ocrx_word' id='word_1_390' title='bbox 3119 2263 3178 2314; x_wconf 80' lang='grc'>;››</span> <span class='ocrx_word' id='word_1_391' title='bbox 3203 2245 3342 2301; x_wconf 82' lang='lat' dir='ltr'>fecit</span> <span class='ocrx_word' id='word_1_392' title='bbox 3371 2245 3525 2300; x_wconf 91' lang='lat' dir='ltr'>enim</span> <span class='ocrx_word' id='word_1_393' title='bbox 3547 2243 3689 2317; x_wconf 87' lang='lat' dir='ltr'>quod</span> <span class='ocrx_word' id='word_1_394' title='bbox 3707 2237 3858 2298; x_wconf 80' lang='lat' dir='ltr'>mirari</span> 
     </span>
    </p>
   </div>
   <div class='ocr_carea' id='block_1_55' title="bbox 2281 2327 3858 2408">
    <p class='ocr_par' dir='ltr' id='par_1_55' title="bbox 2281 2327 3858 2408">
     <span class='ocr_line' id='line_1_55' title="bbox 2281 2327 3858 2408; baseline -0.003 -18"><span class='ocrx_word' id='word_1_395' title='bbox 2281 2333 2470 2408; x_wconf 85' lang='lat' dir='ltr'>magis</span> <span class='ocrx_word' id='word_1_396' title='bbox 2501 2327 2669 2407; x_wconf 79' lang='lat' dir='ltr'>quasi</span> <span class='ocrx_word' id='word_1_397' title='bbox 2706 2351 2938 2402; x_wconf 89' lang='lat' dir='ltr'>novum,</span> <span class='ocrx_word' id='word_1_398' title='bbox 2969 2350 3144 2407; x_wconf 87' lang='lat' dir='ltr'>quam</span> <span class='ocrx_word' id='word_1_399' title='bbox 3181 2334 3347 2408; x_wconf 87' lang='lat' dir='ltr'>quasi</span> <span class='ocrx_word' id='word_1_400' title='bbox 3400 2333 3668 2390; x_wconf 81' lang='lat' dir='ltr'>usitatum</span> <span class='ocrx_word' id='word_1_401' title='bbox 3708 2343 3858 2400; x_wconf 81' lang='lat' dir='ltr'>recog-</span> 
     </span>
    </p>
   </div>
   <div class='ocr_carea' id='block_1_56' title="bbox 2281 2415 3862 2496">
    <p class='ocr_par' dir='ltr' id='par_1_56' title="bbox 2281 2415 3862 2496">
     <span class='ocr_line' id='line_1_56' title="bbox 2281 2415 3862 2496; baseline -0.006 -17"><span class='ocrx_word' id='word_1_402' title='bbox 2281 2440 2519 2480; x_wconf 88' lang='lat' dir='ltr'>noscere</span> <span class='ocrx_word' id='word_1_403' title='bbox 2550 2423 2911 2479; x_wconf 86' lang='lat' dir='ltr'>debeamus?</span> <span class='ocrx_word' id='word_1_404' title='bbox 2942 2423 3142 2496; x_wconf 88' lang='lat' dir='ltr'>Itaque</span> <span class='ocrx_word' id='word_1_405' title='bbox 3175 2425 3272 2496; x_wconf 88' lang='lat' dir='ltr'>qui</span> <span class='ocrx_word' id='word_1_406' title='bbox 3325 2425 3386 2480; x_wconf 88' lang='lat' dir='ltr'>in</span> <span class='ocrx_word' id='word_1_407' title='bbox 3426 2421 3634 2480; x_wconf 88' lang='lat' dir='ltr'>divitiis</span> <span class='ocrx_word' id='word_1_408' title='bbox 3667 2415 3862 2494; x_wconf 83' lang='lat' dir='ltr'>potuerit</span> 
     </span>
    </p>
   </div>
   <div class='ocr_carea' id='block_1_57' title="bbox 2281 2506 3862 2586">
    <p class='ocr_par' dir='ltr' id='par_1_57' title="bbox 2281 2506 3862 2586">
     <span class='ocr_line' id='line_1_57' title="bbox 2281 2506 3862 2586; baseline -0.006 -17"><span class='ocrx_word' id='word_1_409' title='bbox 2281 2511 2668 2586; x_wconf 78' lang='lat' dir='ltr'>comprobari.</span> <span class='ocrx_word' id='word_1_410' title='bbox 2708 2513 2752 2564; x_wconf 77' lang='lat' dir='ltr'>is</span> <span class='ocrx_word' id='word_1_411' title='bbox 2785 2529 2914 2568; x_wconf 77' lang='lat' dir='ltr'>vere</span> <span class='ocrx_word' id='word_1_412' title='bbox 2945 2513 3232 2586; x_wconf 81' lang='lat' dir='ltr'>perfectus</span> <span class='ocrx_word' id='word_1_413' title='bbox 3263 2517 3320 2568; x_wconf 91' lang='lat' dir='ltr'>et</span> <span class='ocrx_word' id='word_1_414' title='bbox 3362 2513 3576 2586; x_wconf 88' lang='lat' dir='ltr'>dignus</span> <span class='ocrx_word' id='word_1_415' title='bbox 3600 2514 3680 2566; x_wconf 88' lang='lat' dir='ltr'>est</span> <span class='ocrx_word' id='word_1_416' title='bbox 3703 2506 3862 2580; x_wconf 81' lang='lat' dir='ltr'>gloria.</span> 
     </span>
    </p>
   </div>
   <div class='ocr_carea' id='block_1_58' title="bbox 2289 2601 3866 2675">
    <p class='ocr_par' dir='ltr' id='par_1_58' title="bbox 2289 2601 3866 2675">
     <span class='ocr_line' id='line_1_58' title="bbox 2289 2601 3866 2675; baseline -0.005 -18"><span class='ocrx_word' id='word_1_417' title='bbox 2289 2623 2308 2650; x_wconf 74' lang='grc' dir='ltr'><strong>α</strong></span> <span class='ocrx_word' id='word_1_418' title='bbox 2345 2602 2450 2666; x_wconf 89' lang='lat' dir='ltr'>Qui</span> <span class='ocrx_word' id='word_1_419' title='bbox 2484 2601 2695 2674; x_wconf 84' lang='lat' dir='ltr'>potuit,</span> <span class='ocrx_word' id='word_1_420' title='bbox 2732 2601 2941 2674; x_wconf 87' lang='lat' dir='ltr'>inquit,</span> <span class='ocrx_word' id='word_1_421' title='bbox 2997 2601 3350 2675; x_wconf 87' lang='lat' dir='ltr'>transgredi,</span> <span class='ocrx_word' id='word_1_422' title='bbox 3396 2607 3454 2658; x_wconf 86' lang='lat' dir='ltr'>et</span> <span class='ocrx_word' id='word_1_423' title='bbox 3478 2617 3591 2657; x_wconf 92' lang='lat' dir='ltr'>non</span> <span class='ocrx_word' id='word_1_424' title='bbox 3614 2603 3694 2655; x_wconf 87' lang='lat' dir='ltr'>est</span> <span class='ocrx_word' id='word_1_425' title='bbox 3717 2601 3866 2653; x_wconf 83' lang='lat' dir='ltr'>trans-</span> 
     </span>
    </p>
   </div>
   <div class='ocr_carea' id='block_1_59' title="bbox 2283 2684 3868 2764">
    <p class='ocr_par' dir='ltr' id='par_1_59' title="bbox 2283 2684 3868 2764">
     <span class='ocr_line' id='line_1_59' title="bbox 2283 2684 3868 2764; baseline -0.006 -18"><span class='ocrx_word' id='word_1_426' title='bbox 2283 2706 2544 2764; x_wconf 83' lang='lat' dir='ltr'>gressus,</span> <span class='ocrx_word' id='word_1_427' title='bbox 2577 2694 2631 2746; x_wconf 88' lang='lat' dir='ltr'>et</span> <span class='ocrx_word' id='word_1_428' title='bbox 2665 2691 2850 2746; x_wconf 79' lang='lat' dir='ltr'>facere</span> <span class='ocrx_word' id='word_1_429' title='bbox 2882 2690 3058 2762; x_wconf 87' lang='lat' dir='ltr'>mala,</span> <span class='ocrx_word' id='word_1_430' title='bbox 3113 2695 3169 2746; x_wconf 91' lang='lat' dir='ltr'>et</span> <span class='ocrx_word' id='word_1_431' title='bbox 3215 2707 3331 2746; x_wconf 91' lang='lat' dir='ltr'>non</span> <span class='ocrx_word' id='word_1_432' title='bbox 3388 2689 3523 2746; x_wconf 84' lang='lat' dir='ltr'>fecit</span> <span class='ocrx_word' id='word_1_433' title='bbox 3568 2687 3710 2758; x_wconf 83' lang='lat' dir='ltr'>(Ibid.</span> <span class='ocrx_word' id='word_1_434' title='bbox 3742 2684 3868 2754; x_wconf 71' lang='lat'>18).»</span> 
     </span>
    </p>
   </div>
   <div class='ocr_carea' id='block_1_60' title="bbox 2281 2769 3869 2851">
    <p class='ocr_par' dir='ltr' id='par_1_60' title="bbox 2281 2769 3869 2851">
     <span class='ocr_line' id='line_1_60' title="bbox 2281 2769 3869 2851; baseline -0.008 -17"><span class='ocrx_word' id='word_1_435' title='bbox 2281 2780 2504 2834; x_wconf 87' lang='lat' dir='ltr'>Aurum</span> <span class='ocrx_word' id='word_1_436' title='bbox 2538 2795 2674 2851; x_wconf 84' lang='lat' dir='ltr'>ergo</span> <span class='ocrx_word' id='word_1_437' title='bbox 2706 2778 2890 2844; x_wconf 88' lang='lat' dir='ltr'>vobis,</span> <span class='ocrx_word' id='word_1_438' title='bbox 2936 2778 2992 2833; x_wconf 88' lang='lat' dir='ltr'>in</span> <span class='ocrx_word' id='word_1_439' title='bbox 3045 2795 3160 2850; x_wconf 92' lang='lat' dir='ltr'>quo</span> <span class='ocrx_word' id='word_1_440' title='bbox 3208 2782 3374 2834; x_wconf 88' lang='lat' dir='ltr'>tanta</span> <span class='ocrx_word' id='word_1_441' title='bbox 3422 2777 3682 2834; x_wconf 88' lang='lat' dir='ltr'>illecebra</span> <span class='ocrx_word' id='word_1_442' title='bbox 3705 2769 3869 2830; x_wconf 83' lang='lat' dir='ltr'>erroris</span> 
     </span>
    </p>
   </div>
   <div class='ocr_carea' id='block_1_61' title="bbox 2284 2867 3874 2941">
    <p class='ocr_par' dir='ltr' id='par_1_61' title="bbox 2284 2867 3874 2941">
     <span class='ocr_line' id='line_1_61' title="bbox 2284 2867 3874 2941; baseline -0.005 -17"><span class='ocrx_word' id='word_1_443' title='bbox 2284 2871 2392 2934; x_wconf 86' lang='lat' dir='ltr'>est,</span> <span class='ocrx_word' id='word_1_444' title='bbox 2426 2884 2542 2922; x_wconf 89' lang='lat' dir='ltr'>non</span> <span class='ocrx_word' id='word_1_445' title='bbox 2595 2872 2712 2922; x_wconf 87' lang='lat' dir='ltr'>tam</span> <span class='ocrx_word' id='word_1_446' title='bbox 2759 2884 2866 2922; x_wconf 88' lang='lat' dir='ltr'>sua</span> <span class='ocrx_word' id='word_1_447' title='bbox 2913 2867 3101 2941; x_wconf 88' lang='lat' dir='ltr'>gratia</span> <span class='ocrx_word' id='word_1_448' title='bbox 3159 2884 3337 2941; x_wconf 88' lang='lat' dir='ltr'>quam</span> <span class='ocrx_word' id='word_1_449' title='bbox 3402 2867 3698 2924; x_wconf 88' lang='lat' dir='ltr'>hominum</span> <span class='ocrx_word' id='word_1_450' title='bbox 3744 2873 3874 2935; x_wconf 69' lang='lat' dir='ltr'>pinna</span> 
     </span>
    </p>
   </div>
   <div class='ocr_carea' id='block_1_62' title="bbox 2285 2955 2676 3012">
    <p class='ocr_par' dir='ltr' id='par_1_62' title="bbox 2285 2955 2676 3012">
     <span class='ocr_line' id='line_1_62' title="bbox 2285 2955 2676 3012; baseline -0.005 0"><span class='ocrx_word' id='word_1_451' title='bbox 2285 2955 2588 3012; x_wconf 89' lang='lat' dir='ltr'>commend</span> <span class='ocrx_word' id='word_1_452' title='bbox 2599 2959 2676 3010; x_wconf 89' lang='lat' dir='ltr'>at.</span> 
     </span>
    </p>
   </div>
   <div class='ocr_carea' id='block_1_63' title="bbox 2355 3033 3876 3117">
    <p class='ocr_par' dir='ltr' id='par_1_63' title="bbox 2355 3033 3876 3117">
     <span class='ocr_line' id='line_1_63' title="bbox 2355 3033 3876 3117; baseline -0.003 -17"><span class='ocrx_word' id='word_1_453' title='bbox 2355 3045 2445 3100; x_wconf 86' lang='lat'>56.</span> <span class='ocrx_word' id='word_1_454' title='bbox 2491 3046 2571 3099; x_wconf 84' lang='lat' dir='ltr'>An</span> <span class='ocrx_word' id='word_1_455' title='bbox 2629 3061 2732 3109; x_wconf 82' lang='lat' dir='ltr'>vos</span> <span class='ocrx_word' id='word_1_456' title='bbox 2777 3044 2973 3117; x_wconf 89' lang='lat' dir='ltr'>ampla</span> <span class='ocrx_word' id='word_1_457' title='bbox 3021 3043 3309 3101; x_wconf 84' lang='lat' dir='ltr'>extollunt</span> <span class='ocrx_word' id='word_1_458' title='bbox 3340 3045 3531 3112; x_wconf 88' lang='lat' dir='ltr'>atria;</span> <span class='ocrx_word' id='word_1_459' title='bbox 3582 3058 3698 3115; x_wconf 72' lang='lat' dir='ltr'>quis</span> <span class='ocrx_word' id='word_1_460' title='bbox 3734 3033 3876 3110; x_wconf 76' lang='lat' dir='ltr'>magis</span> 
     </span>
    </p>
   </div>
   <div class='ocr_carea' id='block_1_64' title="bbox 2289 3127 3873 3207">
    <p class='ocr_par' dir='ltr' id='par_1_64' title="bbox 2289 3127 3873 3207">
     <span class='ocr_line' id='line_1_64' title="bbox 2289 3127 3873 3207; baseline -0.002 -19"><span class='ocrx_word' id='word_1_461' title='bbox 2289 3133 2502 3188; x_wconf 90' lang='lat' dir='ltr'>debent</span> <span class='ocrx_word' id='word_1_462' title='bbox 2544 3149 2957 3206; x_wconf 88' lang='lat' dir='ltr'>compungere,</span> <span class='ocrx_word' id='word_1_463' title='bbox 2992 3133 3132 3207; x_wconf 88' lang='lat' dir='ltr'>quia</span> <span class='ocrx_word' id='word_1_464' title='bbox 3179 3151 3314 3190; x_wconf 89' lang='lat' dir='ltr'>cum</span> <span class='ocrx_word' id='word_1_465' title='bbox 3377 3132 3623 3207; x_wconf 90' lang='lat' dir='ltr'>populos</span> <span class='ocrx_word' id='word_1_466' title='bbox 3675 3127 3873 3200; x_wconf 64' lang='lat' dir='ltr'>capiant,</span> 
     </span>
    </p>
   </div>
   <div class='ocr_carea' id='block_1_65' title="bbox 521 3209 3882 3296">
    <p class='ocr_par' dir='ltr' id='par_1_65' title="bbox 521 3209 3882 3296">
     <span class='ocr_line' id='line_1_65' title="bbox 521 3209 3882 3296; baseline -0.002 -20"><span class='ocrx_word' id='word_1_467' title='bbox 521 3220 708 3277; x_wconf 90' lang='lat' dir='ltr'>ciores</span> <span class='ocrx_word' id='word_1_468' title='bbox 764 3219 864 3292; x_wconf 91' lang='lat' dir='ltr'>qui</span> <span class='ocrx_word' id='word_1_469' title='bbox 913 3235 1028 3275; x_wconf 90' lang='lat' dir='ltr'>non</span> <span class='ocrx_word' id='word_1_470' title='bbox 1077 3224 1324 3275; x_wconf 91' lang='lat' dir='ltr'>utuntur</span> <span class='ocrx_word' id='word_1_471' title='bbox 1367 3237 1494 3287; x_wconf 90' lang='lat' dir='ltr'>suo,</span> <span class='ocrx_word' id='word_1_472' title='bbox 1537 3237 1715 3293; x_wconf 90' lang='lat' dir='ltr'>quam</span> <span class='ocrx_word' id='word_1_473' title='bbox 1765 3221 1864 3294; x_wconf 90' lang='lat' dir='ltr'>qui</span> <span class='ocrx_word' id='word_1_474' title='bbox 1906 3224 2170 3277; x_wconf 86' lang='lat' dir='ltr'>utuntur.</span> <span class='ocrx_word' id='word_1_475' title='bbox 2207 3209 2248 3276; x_wconf 86' lang='lat' dir='ltr'>C</span> <span class='ocrx_word' id='word_1_476' title='bbox 2285 3238 2484 3278; x_wconf 90' lang='lat' dir='ltr'>vocem</span> <span class='ocrx_word' id='word_1_477' title='bbox 2513 3222 2832 3278; x_wconf 82' lang='lat' dir='ltr'>excludunt</span> <span class='ocrx_word' id='word_1_478' title='bbox 2859 3222 3178 3296; x_wconf 87' lang='lat' dir='ltr'>pauperis?</span> <span class='ocrx_word' id='word_1_479' title='bbox 3198 3215 3550 3296; x_wconf 83' lang='lat' dir='ltr'>Quanquam</span> <span class='ocrx_word' id='word_1_480' title='bbox 3581 3217 3714 3276; x_wconf 90' lang='lat' dir='ltr'>nihil</span> <span class='ocrx_word' id='word_1_481' title='bbox 3743 3211 3882 3290; x_wconf 79' lang='lat' dir='ltr'>prosit</span> 
     </span>
    </p>
   </div>
   <div class='ocr_carea' id='block_1_66' title="bbox 522 3307 2179 3382">
    <p class='ocr_par' dir='ltr' id='par_1_66' title="bbox 522 3307 2179 3382">
     <span class='ocr_line' id='line_1_66' title="bbox 522 3307 2179 3382; baseline 0 -16"><span class='ocrx_word' id='word_1_482' title='bbox 522 3309 798 3366; x_wconf 87' lang='lat' dir='ltr'>Debitum</span> <span class='ocrx_word' id='word_1_483' title='bbox 829 3307 1013 3380; x_wconf 89' lang='lat' dir='ltr'>igitur</span> <span class='ocrx_word' id='word_1_484' title='bbox 1041 3307 1380 3379; x_wconf 84' lang='lat' dir='ltr'>reddis,non</span> <span class='ocrx_word' id='word_1_485' title='bbox 1401 3309 1634 3382; x_wconf 85' lang='lat' dir='ltr'>largiris</span> <span class='ocrx_word' id='word_1_486' title='bbox 1659 3309 2179 3366; x_wconf 60' lang='lat' dir='ltr'>indebitumldeo-</span> 
     </span>
    </p>
   </div>
   <div class='ocr_carea' id='block_1_67' title="bbox 526 3395 2178 3472">
    <p class='ocr_par' dir='ltr' id='par_1_67' title="bbox 526 3395 2178 3472">
     <span class='ocr_line' id='line_1_67' title="bbox 526 3395 2178 3472; baseline 0.002 -20"><span class='ocrx_word' id='word_1_487' title='bbox 526 3412 642 3470; x_wconf 88' lang='lat' dir='ltr'>que</span> <span class='ocrx_word' id='word_1_488' title='bbox 672 3396 776 3452; x_wconf 88' lang='lat' dir='ltr'>tibi</span> <span class='ocrx_word' id='word_1_489' title='bbox 810 3395 951 3452; x_wconf 88' lang='lat' dir='ltr'>dicit</span> <span class='ocrx_word' id='word_1_490' title='bbox 979 3396 1315 3468; x_wconf 89' lang='lat' dir='ltr'>Scriptura:</span> <span class='ocrx_word' id='word_1_491' title='bbox 1351 3398 1590 3454; x_wconf 88' lang='lat' dir='ltr'>Declina</span> <span class='ocrx_word' id='word_1_492' title='bbox 1636 3399 1878 3472; x_wconf 87' lang='lat' dir='ltr'>pauperi</span> <span class='ocrx_word' id='word_1_493' title='bbox 1920 3399 2178 3456; x_wconf 88' lang='lat' dir='ltr'>animam</span> 
     </span>
    </p>
   </div>
   <div class='ocr_carea' id='block_1_68' title="bbox 527 3484 2178 3560">
    <p class='ocr_par' dir='ltr' id='par_1_68' title="bbox 527 3484 2178 3560">
     <span class='ocr_line' id='line_1_68' title="bbox 527 3484 2178 3560; baseline 0 -18"><span class='ocrx_word' id='word_1_494' title='bbox 527 3491 718 3553; x_wconf 89' lang='lat' dir='ltr'>tuam,</span> <span class='ocrx_word' id='word_1_495' title='bbox 748 3488 806 3540; x_wconf 90' lang='lat' dir='ltr'>et</span> <span class='ocrx_word' id='word_1_496' title='bbox 835 3484 1010 3540; x_wconf 87' lang='lat' dir='ltr'>redde</span> <span class='ocrx_word' id='word_1_497' title='bbox 1040 3485 1303 3542; x_wconf 88' lang='lat' dir='ltr'>debitum</span> <span class='ocrx_word' id='word_1_498' title='bbox 1337 3491 1526 3556; x_wconf 90' lang='lat' dir='ltr'>tuum,</span> <span class='ocrx_word' id='word_1_499' title='bbox 1557 3491 1616 3543; x_wconf 90' lang='lat' dir='ltr'>et</span> <span class='ocrx_word' id='word_1_500' title='bbox 1654 3487 1942 3560; x_wconf 88' lang='lat' dir='ltr'>responde</span> <span class='ocrx_word' id='word_1_501' title='bbox 1973 3487 2178 3560; x_wconf 79' lang='lat' dir='ltr'>pacifi-</span> 
     </span>
    </p>
   </div>
   <div class='ocr_carea' id='block_1_69' title="bbox 525 3573 1600 3649">
    <p class='ocr_par' dir='ltr' id='par_1_69' title="bbox 525 3573 1600 3649">
     <span class='ocr_line' id='line_1_69' title="bbox 525 3573 1600 3649; baseline 0.001 -18"><span class='ocrx_word' id='word_1_502' title='bbox 525 3590 594 3632; x_wconf 89' lang='lat' dir='ltr'>ca</span> <span class='ocrx_word' id='word_1_503' title='bbox 623 3573 683 3630; x_wconf 90' lang='lat' dir='ltr'>in</span> <span class='ocrx_word' id='word_1_504' title='bbox 715 3573 1164 3631; x_wconf 89' lang='lat' dir='ltr'>mansuetudine</span> <span class='ocrx_word' id='word_1_505' title='bbox 1197 3575 1384 3646; x_wconf 84' lang='lat' dir='ltr'>(Eccli.</span> <span class='ocrx_word' id='word_1_506' title='bbox 1418 3593 1492 3642; x_wconf 82' lang='lat' dir='ltr'>Iv,</span> <span class='ocrx_word' id='word_1_507' title='bbox 1528 3578 1600 3649; x_wconf 91' lang='lat'>8).</span> 
     </span>
    </p>
   </div>
   <div class='ocr_carea' id='block_1_70' title="bbox 1183 3699 1570 3756">
    <p class='ocr_par' dir='ltr' id='par_1_70' title="bbox 1183 3699 1570 3756">
     <span class='ocr_line' id='line_1_70' title="bbox 1183 3699 1570 3756; baseline 0 -1"><span class='ocrx_word' id='word_1_508' title='bbox 1183 3699 1412 3756; x_wconf 77' lang='lat' dir='ltr'>CAPUT</span> <span class='ocrx_word' id='word_1_509' title='bbox 1452 3700 1570 3756; x_wconf 85' lang='lat' dir='ltr'>XII.</span> 
     </span>
    </p>
   </div>
   <div class='ocr_carea' id='block_1_71' title="bbox 521 3799 2178 3882">
    <p class='ocr_par' dir='ltr' id='par_1_71' title="bbox 521 3799 2178 3882">
     <span class='ocr_line' id='line_1_71' title="bbox 521 3799 2178 3882; baseline 0.001 -28"><span class='ocrx_word' id='word_1_510' title='bbox 521 3799 724 3882; x_wconf 58' lang='lat' dir='ltr'>Divites</span> <span class='ocrx_word' id='word_1_511' title='bbox 755 3800 814 3882; x_wconf 69' lang='lat' dir='ltr'>in</span> <span class='ocrx_word' id='word_1_512' title='bbox 839 3799 1101 3882; x_wconf 73' lang='lat' dir='ltr'>prosapia</span> <span class='ocrx_word' id='word_1_513' title='bbox 1130 3799 1345 3882; x_wconf 44' lang='lat' dir='ltr'>insulse.</span> <span class='ocrx_word' id='word_1_514' title='bbox 1365 3799 1622 3868; x_wconf 76' lang='lat' dir='ltr'>gloriari,</span> <span class='ocrx_word' id='word_1_515' title='bbox 1654 3815 1778 3854; x_wconf 79' lang='lat' dir='ltr'>eum</span> <span class='ocrx_word' id='word_1_516' title='bbox 1807 3801 1917 3882; x_wconf 61' lang='lat' dir='ltr'>ipsi</span> <span class='ocrx_word' id='word_1_517' title='bbox 1944 3816 2059 3882; x_wconf 38' lang='lat' dir='ltr'>non.</span> <span class='ocrx_word' id='word_1_518' title='bbox 2083 3817 2178 3882; x_wconf 62' lang='lat' dir='ltr'>ra-</span> 
     </span>
    </p>
   </div>
   <div class='ocr_carea' id='block_1_72' title="bbox 593 3869 2178 3947">
    <p class='ocr_par' dir='ltr' id='par_1_72' title="bbox 593 3869 2178 3947">
     <span class='ocr_line' id='line_1_72' title="bbox 593 3869 2178 3947; baseline 0.001 -21"><span class='ocrx_word' id='word_1_519' title='bbox 593 3886 658 3926; x_wconf 84' lang='lat' dir='ltr'>ro</span> <span class='ocrx_word' id='word_1_520' title='bbox 687 3869 938 3926; x_wconf 80' lang='lat' dir='ltr'>dedecori</span> <span class='ocrx_word' id='word_1_521' title='bbox 964 3869 1078 3947; x_wconf 71' lang='lat' dir='ltr'>sint</span> <span class='ocrx_word' id='word_1_522' title='bbox 1120 3870 1427 3947; x_wconf 65' lang='lat' dir='ltr'>majoribus</span> <span class='ocrx_word' id='word_1_523' title='bbox 1515 3887 1744 3947; x_wconf 66' lang='lat' dir='ltr'>aurum</span> <span class='ocrx_word' id='word_1_524' title='bbox 1765 3869 2082 3942; x_wconf 63' lang='lat' dir='ltr'>offensionis</span> <span class='ocrx_word' id='word_1_525' title='bbox 2113 3873 2178 3928; x_wconf 84' lang='lat' dir='ltr'>li-</span> 
     </span>
    </p>
   </div>
   <div class='ocr_carea' id='block_1_73' title="bbox 594 3940 2177 4016">
    <p class='ocr_par' dir='ltr' id='par_1_73' title="bbox 594 3940 2177 4016">
     <span class='ocr_line' id='line_1_73' title="bbox 594 3940 2177 4016; baseline 0.001 -19"><span class='ocrx_word' id='word_1_526' title='bbox 594 3958 767 4016; x_wconf 78' lang='lat' dir='ltr'>gnum</span> <span class='ocrx_word' id='word_1_527' title='bbox 821 3957 959 4016; x_wconf 75' lang='lat' dir='ltr'>esse.</span> <span class='ocrx_word' id='word_1_528' title='bbox 997 3940 1219 4010; x_wconf 70' lang='lat' dir='ltr'>Quanta&#39;</span> <span class='ocrx_word' id='word_1_529' title='bbox 1253 3943 1325 4016; x_wconf 80' lang='lat' dir='ltr'>sit</span> <span class='ocrx_word' id='word_1_530' title='bbox 1347 3940 1626 4016; x_wconf 68' lang='lat' dir='ltr'>diuitibus</span> <span class='ocrx_word' id='word_1_531' title='bbox 1675 3940 1942 4016; x_wconf 63' lang='lat' dir='ltr'>adversus</span> <span class='ocrx_word' id='word_1_532' title='bbox 1972 3959 2177 4016; x_wconf 71' lang='lat' dir='ltr'>paupe-</span> 
     </span>
    </p>
   </div>
   <div class='ocr_carea' id='block_1_74' title="bbox 590 4013 2174 4084">
    <p class='ocr_par' dir='ltr' id='par_1_74' title="bbox 590 4013 2174 4084">
     <span class='ocr_line' id='line_1_74' title="bbox 590 4013 2174 4084; baseline 0.001 -16"><span class='ocrx_word' id='word_1_533' title='bbox 590 4029 678 4068; x_wconf 79' lang='lat' dir='ltr'>res</span> <span class='ocrx_word' id='word_1_534' title='bbox 703 4013 1066 4068; x_wconf 80' lang='lat' dir='ltr'>immanitas:</span> <span class='ocrx_word' id='word_1_535' title='bbox 1097 4017 1150 4068; x_wconf 85' lang='lat' dir='ltr'>et</span> <span class='ocrx_word' id='word_1_536' title='bbox 1198 4014 1380 4084; x_wconf 77' lang='lat' dir='ltr'>quatis</span> <span class='ocrx_word' id='word_1_537' title='bbox 1408 4013 1634 4067; x_wconf 75' lang='lat' dir='ltr'>divitem</span> <span class='ocrx_word' id='word_1_538' title='bbox 1663 4013 2053 4069; x_wconf 73' lang='lat' dir='ltr'>commendatio</span> <span class='ocrx_word' id='word_1_539' title='bbox 2081 4013 2174 4071; x_wconf 77' lang='lat' dir='ltr'>de-</span> 
     </span>
    </p>
   </div>
   <div class='ocr_carea' id='block_1_75' title="bbox 593 4086 730 4141">
    <p class='ocr_par' dir='ltr' id='par_1_75' title="bbox 593 4086 730 4141">
     <span class='ocr_line' id='line_1_75' title="bbox 593 4086 730 4141; baseline -0.022 -1"><span class='ocrx_word' id='word_1_540' title='bbox 593 4086 730 4141; x_wconf 70' lang='grc' dir='ltr'><em>σθαι.</em></span> 
     </span>
    </p>
   </div>
   <div class='ocr_carea' id='block_1_76' title="bbox 593 4198 2177 4271">
    <p class='ocr_par' dir='ltr' id='par_1_76' title="bbox 593 4198 2177 4271">
     <span class='ocr_line' id='line_1_76' title="bbox 593 4198 2177 4271; baseline 0.002 -17"><span class='ocrx_word' id='word_1_541' title='bbox 593 4201 686 4254; x_wconf 87' lang='grc'>54.</span> <span class='ocrx_word' id='word_1_542' title='bbox 741 4199 887 4266; x_wconf 87' lang='lat' dir='ltr'>Quid</span> <span class='ocrx_word' id='word_1_543' title='bbox 939 4199 1092 4255; x_wconf 90' lang='lat' dir='ltr'>enim</span> <span class='ocrx_word' id='word_1_544' title='bbox 1145 4199 1476 4271; x_wconf 76' lang='lat' dir='ltr'>superbiae,</span> <span class='ocrx_word' id='word_1_545' title='bbox 1531 4198 1736 4256; x_wconf 82' lang='lat' dir='ltr'>dives?</span> <span class='ocrx_word' id='word_1_546' title='bbox 1800 4200 1950 4266; x_wconf 91' lang='lat' dir='ltr'>Quid</span> <span class='ocrx_word' id='word_1_547' title='bbox 2015 4201 2177 4257; x_wconf 85' lang='lat' dir='ltr'>dicas</span> 
     </span>
    </p>
   </div>
   <div class='ocr_carea' id='block_1_77' title="bbox 525 4287 2175 4362">
    <p class='ocr_par' dir='ltr' id='par_1_77' title="bbox 525 4287 2175 4362">
     <span class='ocr_line' id='line_1_77' title="bbox 525 4287 2175 4362; baseline 0.002 -20"><span class='ocrx_word' id='word_1_548' title='bbox 525 4287 766 4360; x_wconf 89' lang='lat' dir='ltr'>pauperi</span> <span class='ocrx_word' id='word_1_549' title='bbox 802 4306 814 4344; x_wconf 91' lang='lat'>:</span> <span class='ocrx_word' id='word_1_550' title='bbox 865 4287 994 4343; x_wconf 90' lang='lat' dir='ltr'>Noli</span> <span class='ocrx_word' id='word_1_551' title='bbox 1026 4305 1120 4344; x_wconf 90' lang='lat' dir='ltr'>me</span> <span class='ocrx_word' id='word_1_552' title='bbox 1143 4293 1380 4361; x_wconf 86' lang='lat' dir='ltr'>tangere</span> <span class='ocrx_word' id='word_1_553' title='bbox 1402 4288 1430 4343; x_wconf 89' lang='lat'>?</span> <span class='ocrx_word' id='word_1_554' title='bbox 1459 4289 1663 4345; x_wconf 89' lang='lat' dir='ltr'>Nonne</span> <span class='ocrx_word' id='word_1_555' title='bbox 1714 4289 1867 4345; x_wconf 90' lang='lat' dir='ltr'>sicut</span> <span class='ocrx_word' id='word_1_556' title='bbox 1907 4306 2012 4362; x_wconf 89' lang='lat' dir='ltr'>ego</span> <span class='ocrx_word' id='word_1_557' title='bbox 2041 4306 2175 4346; x_wconf 91' lang='lat' dir='ltr'>con-</span> 
     </span>
    </p>
   </div>
   <div class='ocr_carea' id='block_1_78' title="bbox 527 4377 2178 4448">
    <p class='ocr_par' dir='ltr' id='par_1_78' title="bbox 527 4377 2178 4448">
     <span class='ocr_line' id='line_1_78' title="bbox 527 4377 2178 4448; baseline 0.001 -16"><span class='ocrx_word' id='word_1_558' title='bbox 527 4382 734 4448; x_wconf 89' lang='lat' dir='ltr'>ceptus</span> <span class='ocrx_word' id='word_1_559' title='bbox 768 4377 880 4447; x_wconf 84' lang='lat'>(25)</span> <span class='ocrx_word' id='word_1_560' title='bbox 911 4381 966 4432; x_wconf 89' lang='lat' dir='ltr'>et</span> <span class='ocrx_word' id='word_1_561' title='bbox 1023 4382 1211 4434; x_wconf 88' lang='lat' dir='ltr'>natus</span> <span class='ocrx_word' id='word_1_562' title='bbox 1231 4377 1260 4431; x_wconf 90' lang='lat'>?</span> <span class='ocrx_word' id='word_1_563' title='bbox 1289 4377 1437 4443; x_wconf 92' lang='lat' dir='ltr'>Quid</span> <span class='ocrx_word' id='word_1_564' title='bbox 1467 4382 1523 4433; x_wconf 89' lang='lat' dir='ltr'>te</span> <span class='ocrx_word' id='word_1_565' title='bbox 1547 4379 1739 4448; x_wconf 87' lang='lat' dir='ltr'>jactas</span> <span class='ocrx_word' id='word_1_566' title='bbox 1755 4378 1826 4434; x_wconf 92' lang='lat' dir='ltr'>de</span> <span class='ocrx_word' id='word_1_567' title='bbox 1857 4377 2178 4434; x_wconf 82' lang='lat' dir='ltr'>nobilitatis</span> 
     </span>
    </p>
   </div>
   <div class='ocr_carea' id='block_1_79' title="bbox 519 4464 2175 4540">
    <p class='ocr_par' dir='ltr' id='par_1_79' title="bbox 519 4464 2175 4540">
     <span class='ocr_line' id='line_1_79' title="bbox 519 4464 2175 4540; baseline 0.001 -20"><span class='ocrx_word' id='word_1_568' title='bbox 519 4464 794 4538; x_wconf 88' lang='lat' dir='ltr'>prosapia</span> <span class='ocrx_word' id='word_1_569' title='bbox 817 4465 846 4519; x_wconf 87' lang='lat'>?</span> <span class='ocrx_word' id='word_1_570' title='bbox 875 4465 1084 4522; x_wconf 87' lang='lat' dir='ltr'>Soletis</span> <span class='ocrx_word' id='word_1_571' title='bbox 1115 4470 1172 4520; x_wconf 88' lang='lat' dir='ltr'>et</span> <span class='ocrx_word' id='word_1_572' title='bbox 1196 4482 1410 4521; x_wconf 91' lang='lat' dir='ltr'>canum</span> <span class='ocrx_word' id='word_1_573' title='bbox 1440 4471 1767 4524; x_wconf 88' lang='lat' dir='ltr'>vestrorum</span> <span class='ocrx_word' id='word_1_574' title='bbox 1799 4465 2057 4540; x_wconf 89' lang='lat' dir='ltr'>origines</span> <span class='ocrx_word' id='word_1_575' title='bbox 2093 4466 2175 4524; x_wconf 90' lang='lat' dir='ltr'>si-</span> 
     </span>
    </p>
   </div>
   <div class='ocr_carea' id='block_1_80' title="bbox 519 4553 2252 4648">
    <p class='ocr_par' dir='ltr' id='par_1_80' title="bbox 519 4553 2252 4648">
     <span class='ocr_line' id='line_1_80' title="bbox 519 4553 2252 4648; baseline 0.002 -40"><span class='ocrx_word' id='word_1_576' title='bbox 519 4557 619 4609; x_wconf 88' lang='lat' dir='ltr'>cut</span> <span class='ocrx_word' id='word_1_577' title='bbox 648 4553 895 4609; x_wconf 86' lang='lat' dir='ltr'>divitum</span> <span class='ocrx_word' id='word_1_578' title='bbox 921 4569 1260 4610; x_wconf 87' lang='lat' dir='ltr'>recensere:</span> <span class='ocrx_word' id='word_1_579' title='bbox 1296 4553 1495 4610; x_wconf 84' lang='lat' dir='ltr'>soletis</span> <span class='ocrx_word' id='word_1_580' title='bbox 1535 4559 1593 4610; x_wconf 87' lang='lat' dir='ltr'>et</span> <span class='ocrx_word' id='word_1_581' title='bbox 1636 4571 1921 4627; x_wconf 88' lang='lat' dir='ltr'>equorum</span> <span class='ocrx_word' id='word_1_582' title='bbox 1953 4560 2176 4612; x_wconf 85' lang='lat' dir='ltr'>vestro-</span> <span class='ocrx_word' id='word_1_583' title='bbox 2205 4582 2252 4648; x_wconf 83' lang='lat' dir='ltr'><strong>D</strong></span> 
     </span>
    </p>
   </div>
   <div class='ocr_carea' id='block_1_81' title="bbox 521 4642 2174 4716">
    <p class='ocr_par' dir='ltr' id='par_1_81' title="bbox 521 4642 2174 4716">
     <span class='ocr_line' id='line_1_81' title="bbox 521 4642 2174 4716; baseline 0.002 -18"><span class='ocrx_word' id='word_1_584' title='bbox 521 4658 654 4698; x_wconf 90' lang='lat' dir='ltr'>rum</span> <span class='ocrx_word' id='word_1_585' title='bbox 677 4642 1042 4700; x_wconf 85' lang='lat' dir='ltr'>nobilitatem</span> <span class='ocrx_word' id='word_1_586' title='bbox 1075 4643 1230 4698; x_wconf 87' lang='lat' dir='ltr'>sicut</span> <span class='ocrx_word' id='word_1_587' title='bbox 1259 4643 1570 4700; x_wconf 88' lang='lat' dir='ltr'>consulum</span> <span class='ocrx_word' id='word_1_588' title='bbox 1610 4645 1942 4716; x_wconf 63' lang='lat' dir='ltr'>praedicare.</span> <span class='ocrx_word' id='word_1_589' title='bbox 1976 4644 2076 4701; x_wconf 89' lang='lat' dir='ltr'>Ille</span> <span class='ocrx_word' id='word_1_590' title='bbox 2105 4662 2174 4702; x_wconf 84' lang='lat' dir='ltr'>ex</span> 
     </span>
    </p>
   </div>
   <div class='ocr_carea' id='block_1_82' title="bbox 517 4731 2174 4805">
    <p class='ocr_par' dir='ltr' id='par_1_82' title="bbox 517 4731 2174 4805">
     <span class='ocr_line' id='line_1_82' title="bbox 517 4731 2174 4805; baseline 0.002 -17"><span class='ocrx_word' id='word_1_591' title='bbox 517 4731 619 4789; x_wconf 92' lang='lat' dir='ltr'>illo</span> <span class='ocrx_word' id='word_1_592' title='bbox 649 4735 813 4805; x_wconf 88' lang='lat' dir='ltr'>patre</span> <span class='ocrx_word' id='word_1_593' title='bbox 845 4735 1158 4805; x_wconf 87' lang='lat' dir='ltr'>generatus</span> <span class='ocrx_word' id='word_1_594' title='bbox 1189 4738 1296 4799; x_wconf 88' lang='lat' dir='ltr'>est,</span> <span class='ocrx_word' id='word_1_595' title='bbox 1331 4737 1388 4787; x_wconf 89' lang='lat' dir='ltr'>et</span> <span class='ocrx_word' id='word_1_596' title='bbox 1429 4731 1530 4787; x_wconf 86' lang='lat' dir='ltr'>illa</span> <span class='ocrx_word' id='word_1_597' title='bbox 1563 4737 1746 4788; x_wconf 88' lang='lat' dir='ltr'>matre</span> <span class='ocrx_word' id='word_1_598' title='bbox 1795 4733 2024 4790; x_wconf 88' lang='lat' dir='ltr'>editus:</span> <span class='ocrx_word' id='word_1_599' title='bbox 2074 4734 2174 4791; x_wconf 90' lang='lat' dir='ltr'>ille</span> 
     </span>
    </p>
   </div>
   <div class='ocr_carea' id='block_1_83' title="bbox 517 4818 2172 4894">
    <p class='ocr_par' dir='ltr' id='par_1_83' title="bbox 517 4818 2172 4894">
     <span class='ocr_line' id='line_1_83' title="bbox 517 4818 2172 4894; baseline 0.002 -18"><span class='ocrx_word' id='word_1_600' title='bbox 517 4836 624 4876; x_wconf 88' lang='lat' dir='ltr'>avo</span> <span class='ocrx_word' id='word_1_601' title='bbox 653 4818 754 4876; x_wconf 90' lang='lat' dir='ltr'>illo</span> <span class='ocrx_word' id='word_1_602' title='bbox 784 4821 1002 4894; x_wconf 87' lang='lat' dir='ltr'>gaudet</span> <span class='ocrx_word' id='word_1_603' title='bbox 1029 4838 1042 4876; x_wconf 88' lang='lat'>:</span> <span class='ocrx_word' id='word_1_604' title='bbox 1077 4819 1174 4874; x_wconf 85' lang='lat' dir='ltr'>ille</span> <span class='ocrx_word' id='word_1_605' title='bbox 1206 4836 1267 4876; x_wconf 90' lang='lat' dir='ltr'>se</span> <span class='ocrx_word' id='word_1_606' title='bbox 1300 4819 1528 4892; x_wconf 83' lang='lat' dir='ltr'>proavis</span> <span class='ocrx_word' id='word_1_607' title='bbox 1571 4820 1806 4877; x_wconf 88' lang='lat' dir='ltr'>attollit.</span> <span class='ocrx_word' id='word_1_608' title='bbox 1863 4822 1974 4877; x_wconf 90' lang='lat' dir='ltr'>Sed</span> <span class='ocrx_word' id='word_1_609' title='bbox 2025 4823 2172 4879; x_wconf 91' lang='lat' dir='ltr'>nihil</span> 
     </span>
    </p>
   </div>
   <div class='ocr_carea' id='block_1_84' title="bbox 514 4908 2176 4983">
    <p class='ocr_par' dir='ltr' id='par_1_84' title="bbox 514 4908 2176 4983">
     <span class='ocr_line' id='line_1_84' title="bbox 514 4908 2176 4983; baseline 0.002 -19"><span class='ocrx_word' id='word_1_610' title='bbox 514 4908 676 4966; x_wconf 90' lang='lat' dir='ltr'>istud</span> <span class='ocrx_word' id='word_1_611' title='bbox 707 4913 1037 4966; x_wconf 87' lang='lat' dir='ltr'>currentem</span> <span class='ocrx_word' id='word_1_612' title='bbox 1063 4909 1270 4980; x_wconf 84' lang='lat' dir='ltr'>juvat;</span> <span class='ocrx_word' id='word_1_613' title='bbox 1304 4925 1420 4964; x_wconf 90' lang='lat' dir='ltr'>non</span> <span class='ocrx_word' id='word_1_614' title='bbox 1452 4909 1626 4965; x_wconf 89' lang='lat' dir='ltr'>datur</span> <span class='ocrx_word' id='word_1_615' title='bbox 1657 4910 1947 4966; x_wconf 88' lang='lat' dir='ltr'>nobilitati</span> <span class='ocrx_word' id='word_1_616' title='bbox 1978 4912 2176 4983; x_wconf 83' lang='lat' dir='ltr'>palma</span> 
     </span>
    </p>
   </div>
   <div class='ocr_carea' id='block_1_85' title="bbox 591 5023 2168 5096">
    <p class='ocr_par' dir='ltr' id='par_1_85' title="bbox 591 5023 2168 5096">
     <span class='ocr_line' id='line_1_85' title="bbox 591 5023 2168 5096; baseline 0.001 -17"><span class='ocrx_word' id='word_1_617' title='bbox 591 5024 704 5096; x_wconf 84' lang='grc'>(24)</span> <span class='ocrx_word' id='word_1_618' title='bbox 738 5024 824 5080; x_wconf 88' lang='lat' dir='ltr'>Ita</span> <span class='ocrx_word' id='word_1_619' title='bbox 853 5041 1022 5091; x_wconf 86' lang='lat' dir='ltr'>mss.,</span> <span class='ocrx_word' id='word_1_620' title='bbox 1053 5023 1258 5096; x_wconf 79' lang='lat' dir='ltr'>paucis</span> <span class='ocrx_word' id='word_1_621' title='bbox 1289 5023 1642 5094; x_wconf 83' lang='lat' dir='ltr'>exceptis,in</span> <span class='ocrx_word' id='word_1_622' title='bbox 1669 5025 1883 5095; x_wconf 82' lang='lat' dir='ltr'>quibus</span> <span class='ocrx_word' id='word_1_623' title='bbox 1905 5023 2168 5080; x_wconf 86' lang='lat' dir='ltr'>ultimam</span> 
     </span>
    </p>
   </div>
   <div class='ocr_carea' id='block_1_86' title="bbox 521 5094 2166 5168">
    <p class='ocr_par' dir='ltr' id='par_1_86' title="bbox 521 5094 2166 5168">
     <span class='ocr_line' id='line_1_86' title="bbox 521 5094 2166 5168; baseline 0.002 -18"><span class='ocrx_word' id='word_1_624' title='bbox 521 5094 824 5168; x_wconf 72' lang='lat' dir='ltr'>sententiae</span> <span class='ocrx_word' id='word_1_625' title='bbox 855 5094 1078 5168; x_wconf 85' lang='lat' dir='ltr'>partem</span> <span class='ocrx_word' id='word_1_626' title='bbox 1111 5095 1192 5168; x_wconf 80' lang='lat' dir='ltr'>ita</span> <span class='ocrx_word' id='word_1_627' title='bbox 1217 5094 1376 5163; x_wconf 68' lang='lat' dir='ltr'>legas</span> <span class='ocrx_word' id='word_1_628' title='bbox 1404 5112 1425 5168; x_wconf 90' lang='lat'>:_</span> <span class='ocrx_word' id='word_1_629' title='bbox 1451 5096 1515 5148; x_wconf 78' lang='lat' dir='ltr'>Et</span> <span class='ocrx_word' id='word_1_630' title='bbox 1558 5094 1774 5168; x_wconf 71' lang='lat' dir='ltr'>fructus</span> <span class='ocrx_word' id='word_1_631' title='bbox 1805 5097 2042 5151; x_wconf 79' lang='lat' dir='ltr'>hominis</span> <span class='ocrx_word' id='word_1_632' title='bbox 2071 5105 2166 5154; x_wconf 85' lang='lat' dir='ltr'>est.</span> 
     </span>
    </p>
   </div>
   <div class='ocr_carea' id='block_1_87' title="bbox 518 5164 2177 5232">
    <p class='ocr_par' dir='ltr' id='par_1_87' title="bbox 518 5164 2177 5232">
     <span class='ocr_line' id='line_1_87' title="bbox 518 5164 2177 5232; baseline -0.001 -12"><span class='ocrx_word' id='word_1_633' title='bbox 518 5164 910 5232; x_wconf 61' lang='lat' dir='ltr'>Misericordia,</span> <span class='ocrx_word' id='word_1_634' title='bbox 943 5172 1052 5222; x_wconf 84' lang='lat' dir='ltr'>etc.</span> <span class='ocrx_word' id='word_1_635' title='bbox 1087 5167 1218 5221; x_wconf 82' lang='lat' dir='ltr'>Edit</span> <span class='ocrx_word' id='word_1_636' title='bbox 1248 5182 1380 5220; x_wconf 80' lang='lat' dir='ltr'>vero</span> <span class='ocrx_word' id='word_1_637' title='bbox 1412 5164 1601 5221; x_wconf 88' lang='lat' dir='ltr'>locum</span> <span class='ocrx_word' id='word_1_638' title='bbox 1655 5167 1930 5222; x_wconf 78' lang='lat' dir='ltr'>exhibent</span> <span class='ocrx_word' id='word_1_639' title='bbox 1958 5169 2017 5222; x_wconf 91' lang='lat' dir='ltr'>in</span> <span class='ocrx_word' id='word_1_640' title='bbox 2051 5168 2177 5223; x_wconf 63' lang='lat' dir='ltr'>haec.</span> 
     </span>
    </p>
   </div>
   <div class='ocr_carea' id='block_1_88' title="bbox 515 5236 2166 5308">
    <p class='ocr_par' dir='ltr' id='par_1_88' title="bbox 515 5236 2166 5308">
     <span class='ocr_line' id='line_1_88' title="bbox 515 5236 2166 5308; baseline 0.002 -17"><span class='ocrx_word' id='word_1_641' title='bbox 515 5239 694 5292; x_wconf 85' lang='lat' dir='ltr'>verba</span> <span class='ocrx_word' id='word_1_642' title='bbox 729 5255 742 5292; x_wconf 94' lang='lat'>:</span> <span class='ocrx_word' id='word_1_643' title='bbox 779 5239 897 5294; x_wconf 86' lang='lat' dir='ltr'>Tibi</span> <span class='ocrx_word' id='word_1_644' title='bbox 927 5241 1117 5294; x_wconf 78' lang='lat' dir='ltr'>crescit</span> <span class='ocrx_word' id='word_1_645' title='bbox 1149 5236 1414 5308; x_wconf 75' lang='lat' dir='ltr'>quidquid</span> <span class='ocrx_word' id='word_1_646' title='bbox 1443 5239 1503 5291; x_wconf 85' lang='lat' dir='ltr'>in.</span> <span class='ocrx_word' id='word_1_647' title='bbox 1541 5255 1810 5308; x_wconf 71' lang='lat' dir='ltr'>pauperes</span> <span class='ocrx_word' id='word_1_648' title='bbox 1837 5241 2166 5307; x_wconf 75' lang='lat' dir='ltr'>erogaveris.</span> 
     </span>
    </p>
   </div>
   <div class='ocr_carea' id='block_1_89' title="bbox 519 5308 2166 5381">
    <p class='ocr_par' dir='ltr' id='par_1_89' title="bbox 519 5308 2166 5381">
     <span class='ocr_line' id='line_1_89' title="bbox 519 5308 2166 5381; baseline 0.002 -19"><span class='ocrx_word' id='word_1_649' title='bbox 519 5308 791 5381; x_wconf 75' lang='lat' dir='ltr'>Scriptum</span> <span class='ocrx_word' id='word_1_650' title='bbox 851 5313 928 5364; x_wconf 79' lang='lat' dir='ltr'>est</span> <span class='ocrx_word' id='word_1_651' title='bbox 957 5328 976 5365; x_wconf 90' lang='lat'>:</span> <span class='ocrx_word' id='word_1_652' title='bbox 1023 5311 1130 5378; x_wconf 82' lang='lat' dir='ltr'>Qui</span> <span class='ocrx_word' id='word_1_653' title='bbox 1176 5312 1470 5364; x_wconf 63' lang='lat' dir='ltr'>miseretur</span> <span class='ocrx_word' id='word_1_654' title='bbox 1513 5313 1750 5380; x_wconf 54' lang='lat' dir='ltr'>pauperi</span> <span class='ocrx_word' id='word_1_655' title='bbox 1785 5313 2000 5381; x_wconf 77' lang='lat' dir='ltr'>fenerat</span> <span class='ocrx_word' id='word_1_656' title='bbox 2041 5316 2166 5366; x_wconf 57' lang='lat' dir='ltr'>(seu.</span> 
     </span>
    </p>
   </div>
   <div class='ocr_carea' id='block_1_90' title="bbox 517 5380 2172 5452">
    <p class='ocr_par' dir='ltr' id='par_1_90' title="bbox 517 5380 2172 5452">
     <span class='ocr_line' id='line_1_90' title="bbox 517 5380 2172 5452; baseline 0.002 -19"><span class='ocrx_word' id='word_1_657' title='bbox 517 5381 635 5450; x_wconf 76' lang='lat' dir='ltr'>Ipse</span> <span class='ocrx_word' id='word_1_658' title='bbox 679 5380 810 5452; x_wconf 79' lang='lat' dir='ltr'>cibo</span> <span class='ocrx_word' id='word_1_659' title='bbox 841 5382 902 5452; x_wconf 83' lang='lat' dir='ltr'>in</span> <span class='ocrx_word' id='word_1_660' title='bbox 945 5397 1189 5452; x_wconf 81' lang='lat' dir='ltr'>paupere</span> <span class='ocrx_word' id='word_1_661' title='bbox 1229 5382 1475 5452; x_wconf 80' lang='lat' dir='ltr'>pascitur</span> <span class='ocrx_word' id='word_1_662' title='bbox 1528 5381 1744 5450; x_wconf 85' lang='lat' dir='ltr'>(Rom.,</span> <span class='ocrx_word' id='word_1_663' title='bbox 1787 5380 1860 5436; x_wconf 87' lang='lat' dir='ltr'>Te</span> <span class='ocrx_word' id='word_1_664' title='bbox 1889 5382 1986 5437; x_wconf 84' lang='lat' dir='ltr'>illo</span> <span class='ocrx_word' id='word_1_665' title='bbox 2011 5398 2172 5452; x_wconf 74' lang='lat' dir='ltr'>quem</span> 
     </span>
    </p>
   </div>
   <div class='ocr_carea' id='block_1_91' title="bbox 514 5450 2172 5524">
    <p class='ocr_par' dir='ltr' id='par_1_91' title="bbox 514 5450 2172 5524">
     <span class='ocr_line' id='line_1_91' title="bbox 514 5450 2172 5524; baseline 0.002 -19"><span class='ocrx_word' id='word_1_666' title='bbox 514 5451 752 5524; x_wconf 80' lang='lat' dir='ltr'>pauperi</span> <span class='ocrx_word' id='word_1_667' title='bbox 779 5450 1010 5524; x_wconf 75' lang='lat' dir='ltr'>dederis,</span> <span class='ocrx_word' id='word_1_668' title='bbox 1054 5450 1182 5507; x_wconf 71' lang='lat' dir='ltr'>ciba</span> <span class='ocrx_word' id='word_1_669' title='bbox 1229 5450 1453 5521; x_wconf 69' lang='lat' dir='ltr'>pascis),</span> <span class='ocrx_word' id='word_1_670' title='bbox 1503 5455 1554 5506; x_wconf 88' lang='lat' dir='ltr'>et</span> <span class='ocrx_word' id='word_1_671' title='bbox 1600 5455 1812 5523; x_wconf 80' lang='lat' dir='ltr'>fructus</span> <span class='ocrx_word' id='word_1_672' title='bbox 1845 5453 1967 5524; x_wconf 86' lang='lat' dir='ltr'>jam</span> <span class='ocrx_word' id='word_1_673' title='bbox 1995 5450 2057 5508; x_wconf 76' lang='lat' dir='ltr'>in</span> <span class='ocrx_word' id='word_1_674' title='bbox 2086 5453 2172 5521; x_wconf 73' lang='lat' dir='ltr'>[iis</span> 
     </span>
    </p>
   </div>
   <div class='ocr_carea' id='block_1_92' title="bbox 517 5522 1546 5587">
    <p class='ocr_par' dir='ltr' id='par_1_92' title="bbox 517 5522 1546 5587">
     <span class='ocr_line' id='line_1_92' title="bbox 517 5522 1546 5587; baseline -0.002 -10"><span class='ocrx_word' id='word_1_675' title='bbox 517 5524 599 5577; x_wconf 70' lang='lat' dir='ltr'>est</span> <span class='ocrx_word' id='word_1_676' title='bbox 625 5522 1036 5578; x_wconf 55' lang='lat' dir='ltr'>misericordim</span> <span class='ocrx_word' id='word_1_677' title='bbox 1072 5525 1378 5578; x_wconf 77' lang='lat' dir='ltr'>Seminalm</span> <span class='ocrx_word' id='word_1_678' title='bbox 1397 5564 1410 5587; x_wconf 89' lang='lat'>,</span> <span class='ocrx_word' id='word_1_679' title='bbox 1442 5527 1546 5577; x_wconf 87' lang='lat' dir='ltr'>etc.</span> 
     </span>
    </p>
   </div>
   <div class='ocr_carea' id='block_1_93' title="bbox 590 5591 2167 5666">
    <p class='ocr_par' dir='ltr' id='par_1_93' title="bbox 590 5591 2167 5666">
     <span class='ocr_line' id='line_1_93' title="bbox 590 5591 2167 5666; baseline 0 -20"><span class='ocrx_word' id='word_1_680' title='bbox 590 5593 704 5664; x_wconf 28' lang='lat'>(25,)</span> <span class='ocrx_word' id='word_1_681' title='bbox 737 5591 844 5646; x_wconf 56' lang='grc' dir='ltr'>νοτ</span> <span class='ocrx_word' id='word_1_682' title='bbox 873 5593 1009 5666; x_wconf 71' lang='lat' dir='ltr'>edit.</span> <span class='ocrx_word' id='word_1_683' title='bbox 1043 5600 1096 5648; x_wconf 88' lang='lat' dir='ltr'>et</span> <span class='ocrx_word' id='word_1_684' title='bbox 1119 5595 1314 5666; x_wconf 79' lang='lat' dir='ltr'>plures</span> <span class='ocrx_word' id='word_1_685' title='bbox 1343 5610 1485 5650; x_wconf 84' lang='lat' dir='ltr'>mss.</span> <span class='ocrx_word' id='word_1_686' title='bbox 1536 5595 1724 5650; x_wconf 70' lang='lat' dir='ltr'>Nonae</span> <span class='ocrx_word' id='word_1_687' title='bbox 1750 5597 1829 5650; x_wconf 72' lang='lat' dir='ltr'>sic</span> <span class='ocrx_word' id='word_1_688' title='bbox 1863 5597 2012 5650; x_wconf 77' lang='lat' dir='ltr'>utero</span> <span class='ocrx_word' id='word_1_689' title='bbox 2041 5611 2167 5650; x_wconf 76' lang='lat' dir='ltr'>eon-</span> 
     </span>
    </p>
   </div>
   <div class='ocr_carea' id='block_1_94' title="bbox 517 5663 2166 5744">
    <p class='ocr_par' dir='ltr' id='par_1_94' title="bbox 517 5663 2166 5744">
     <span class='ocr_line' id='line_1_94' title="bbox 517 5663 2166 5744; baseline 0.001 -21"><span class='ocrx_word' id='word_1_690' title='bbox 517 5667 724 5743; x_wconf 71' lang='lat' dir='ltr'>ceptus,</span> <span class='ocrx_word' id='word_1_691' title='bbox 757 5666 909 5736; x_wconf 86' lang='lat' dir='ltr'>etc.;</span> <span class='ocrx_word' id='word_1_692' title='bbox 954 5663 1143 5734; x_wconf 55' lang='lat' dir='ltr'>Romi,</span> <span class='ocrx_word' id='word_1_693' title='bbox 1183 5665 1372 5722; x_wconf 84' lang='lat' dir='ltr'>Nonne</span> <span class='ocrx_word' id='word_1_694' title='bbox 1417 5665 1497 5724; x_wconf 68' lang='lat' dir='ltr'>sic</span> <span class='ocrx_word' id='word_1_695' title='bbox 1537 5673 1840 5744; x_wconf 80' lang='lat' dir='ltr'>conceptus,</span> <span class='ocrx_word' id='word_1_696' title='bbox 1895 5672 2006 5726; x_wconf 85' lang='lat' dir='ltr'>etc.</span> <span class='ocrx_word' id='word_1_697' title='bbox 2057 5667 2166 5724; x_wconf 85' lang='lat' dir='ltr'>Sed</span> 
     </span>
    </p>
   </div>
   <div class='ocr_carea' id='block_1_95' title="bbox 2289 3301 3877 3383">
    <p class='ocr_par' dir='ltr' id='par_1_95' title="bbox 2289 3301 3877 3383">
     <span class='ocr_line' id='line_1_95' title="bbox 2289 3301 3877 3383; baseline -0.008 -17"><span class='ocrx_word' id='word_1_698' title='bbox 2289 3311 2478 3366; x_wconf 89' lang='lat' dir='ltr'>audiri</span> <span class='ocrx_word' id='word_1_699' title='bbox 2510 3328 2660 3379; x_wconf 86' lang='lat' dir='ltr'>eam,</span> <span class='ocrx_word' id='word_1_700' title='bbox 2695 3328 2823 3383; x_wconf 71' lang='lat' dir='ltr'>quae</span> <span class='ocrx_word' id='word_1_701' title='bbox 2880 3311 3057 3367; x_wconf 89' lang='lat' dir='ltr'>etiam</span> <span class='ocrx_word' id='word_1_702' title='bbox 3103 3312 3304 3368; x_wconf 87' lang='lat' dir='ltr'>audita</span> <span class='ocrx_word' id='word_1_703' title='bbox 3353 3310 3504 3367; x_wconf 90' lang='lat' dir='ltr'>nihil</span> <span class='ocrx_word' id='word_1_704' title='bbox 3552 3301 3877 3382; x_wconf 69' lang='lat' dir='ltr'>proiicitDe-</span> 
     </span>
    </p>
   </div>
   <div class='ocr_carea' id='block_1_96' title="bbox 2288 3387 3884 3472">
    <p class='ocr_par' dir='ltr' id='par_1_96' title="bbox 2288 3387 3884 3472">
     <span class='ocr_line' id='line_1_96' title="bbox 2288 3387 3884 3472; baseline -0.008 -18"><span class='ocrx_word' id='word_1_705' title='bbox 2288 3399 2423 3454; x_wconf 90' lang='lat' dir='ltr'>inde</span> <span class='ocrx_word' id='word_1_706' title='bbox 2455 3415 2570 3454; x_wconf 92' lang='lat' dir='ltr'>non</span> <span class='ocrx_word' id='word_1_707' title='bbox 2601 3399 2730 3472; x_wconf 91' lang='lat' dir='ltr'>ipsa</span> <span class='ocrx_word' id='word_1_708' title='bbox 2757 3416 2858 3456; x_wconf 90' lang='lat' dir='ltr'>vos</span> <span class='ocrx_word' id='word_1_709' title='bbox 2884 3399 3126 3472; x_wconf 89' lang='lat' dir='ltr'>pudoris</span> <span class='ocrx_word' id='word_1_710' title='bbox 3156 3400 3292 3456; x_wconf 89' lang='lat' dir='ltr'>aula</span> <span class='ocrx_word' id='word_1_711' title='bbox 3329 3401 3630 3466; x_wconf 89' lang='lat' dir='ltr'>admonet,</span> <span class='ocrx_word' id='word_1_712' title='bbox 3678 3393 3764 3468; x_wconf 87' lang='lat' dir='ltr'>qui</span> <span class='ocrx_word' id='word_1_713' title='bbox 3789 3387 3884 3445; x_wconf 68' lang='lat' dir='ltr'>adi-</span> 
     </span>
    </p>
   </div>
   <div class='ocr_carea' id='block_1_97' title="bbox 2289 3486 3881 3563">
    <p class='ocr_par' dir='ltr' id='par_1_97' title="bbox 2289 3486 3881 3563">
     <span class='ocr_line' id='line_1_97' title="bbox 2289 3486 3881 3563; baseline -0.005 -21"><span class='ocrx_word' id='word_1_714' title='bbox 2289 3488 2516 3544; x_wconf 83' lang='lat' dir='ltr'>ﬁcando</span> <span class='ocrx_word' id='word_1_715' title='bbox 2547 3491 2770 3544; x_wconf 87' lang='lat' dir='ltr'>vestras</span> <span class='ocrx_word' id='word_1_716' title='bbox 2800 3487 2976 3545; x_wconf 90' lang='lat' dir='ltr'>vultis</span> <span class='ocrx_word' id='word_1_717' title='bbox 3008 3505 3284 3563; x_wconf 88' lang='lat' dir='ltr'>superare</span> <span class='ocrx_word' id='word_1_718' title='bbox 3317 3489 3578 3552; x_wconf 87' lang='lat' dir='ltr'>divitias,</span> <span class='ocrx_word' id='word_1_719' title='bbox 3608 3501 3704 3541; x_wconf 84' lang='lat' dir='ltr'>nec</span> <span class='ocrx_word' id='word_1_720' title='bbox 3731 3486 3881 3537; x_wconf 84' lang='lat' dir='ltr'>tamen</span> 
     </span>
    </p>
   </div>
   <div class='ocr_carea' id='block_1_98' title="bbox 2285 3565 3885 3647">
    <p class='ocr_par' dir='ltr' id='par_1_98' title="bbox 2285 3565 3885 3647">
     <span class='ocr_line' id='line_1_98' title="bbox 2285 3565 3885 3647; baseline 0.001 -17"><span class='ocrx_word' id='word_1_721' title='bbox 2285 3577 2539 3633; x_wconf 81' lang='lat' dir='ltr'>vincitis.</span> <span class='ocrx_word' id='word_1_722' title='bbox 2591 3577 2848 3634; x_wconf 88' lang='lat' dir='ltr'>Parietes</span> <span class='ocrx_word' id='word_1_723' title='bbox 2897 3578 3142 3647; x_wconf 88' lang='lat' dir='ltr'>vestitis,</span> <span class='ocrx_word' id='word_1_724' title='bbox 3195 3579 3444 3635; x_wconf 89' lang='lat' dir='ltr'>nudatis</span> <span class='ocrx_word' id='word_1_725' title='bbox 3490 3573 3748 3632; x_wconf 86' lang='lat' dir='ltr'>homines</span> <span class='ocrx_word' id='word_1_726' title='bbox 3787 3565 3885 3641; x_wconf 54' lang='lat'>(27‘,-</span> 
     </span>
    </p>
   </div>
   <div class='ocr_carea' id='block_1_99' title="bbox 2287 3653 3888 3736">
    <p class='ocr_par' dir='ltr' id='par_1_99' title="bbox 2287 3653 3888 3736">
     <span class='ocr_line' id='line_1_99' title="bbox 2287 3653 3888 3736; baseline -0.007 -16"><span class='ocrx_word' id='word_1_727' title='bbox 2287 3666 2515 3722; x_wconf 87' lang='lat' dir='ltr'>Clamat</span> <span class='ocrx_word' id='word_1_728' title='bbox 2545 3671 2678 3722; x_wconf 87' lang='lat' dir='ltr'>ante</span> <span class='ocrx_word' id='word_1_729' title='bbox 2709 3667 2945 3721; x_wconf 87' lang='lat' dir='ltr'>domum</span> <span class='ocrx_word' id='word_1_730' title='bbox 2977 3671 3138 3722; x_wconf 88' lang='lat' dir='ltr'>tuam</span> <span class='ocrx_word' id='word_1_731' title='bbox 3170 3667 3395 3735; x_wconf 89' lang='lat' dir='ltr'>nudus,</span> <span class='ocrx_word' id='word_1_732' title='bbox 3430 3670 3487 3722; x_wconf 91' lang='lat' dir='ltr'>et</span> <span class='ocrx_word' id='word_1_733' title='bbox 3521 3661 3753 3736; x_wconf 86' lang='lat' dir='ltr'>negligis</span> <span class='ocrx_word' id='word_1_734' title='bbox 3773 3653 3888 3713; x_wconf 83' lang='lat' dir='ltr'>:cla-</span> 
     </span>
    </p>
   </div>
   <div class='ocr_carea' id='block_1_100' title="bbox 2288 3751 3888 3825">
    <p class='ocr_par' dir='ltr' id='par_1_100' title="bbox 2288 3751 3888 3825">
     <span class='ocr_line' id='line_1_100' title="bbox 2288 3751 3888 3825; baseline -0.008 -15"><span class='ocrx_word' id='word_1_735' title='bbox 2288 3760 2405 3810; x_wconf 89' lang='lat' dir='ltr'>mat</span> <span class='ocrx_word' id='word_1_736' title='bbox 2437 3755 2613 3810; x_wconf 88' lang='lat' dir='ltr'>homo</span> <span class='ocrx_word' id='word_1_737' title='bbox 2662 3755 2878 3822; x_wconf 91' lang='lat' dir='ltr'>nudus,</span> <span class='ocrx_word' id='word_1_738' title='bbox 2925 3760 2981 3810; x_wconf 89' lang='lat' dir='ltr'>et</span> <span class='ocrx_word' id='word_1_739' title='bbox 3014 3759 3075 3810; x_wconf 93' lang='lat' dir='ltr'>tu</span> <span class='ocrx_word' id='word_1_740' title='bbox 3119 3754 3415 3811; x_wconf 90' lang='lat' dir='ltr'>sollicitus</span> <span class='ocrx_word' id='word_1_741' title='bbox 3458 3770 3523 3810; x_wconf 89' lang='lat' dir='ltr'>es</span> <span class='ocrx_word' id='word_1_742' title='bbox 3553 3751 3754 3825; x_wconf 87' lang='lat' dir='ltr'>quibus</span> <span class='ocrx_word' id='word_1_743' title='bbox 3773 3755 3888 3798; x_wconf 79' lang='lat' dir='ltr'>mar-</span> 
     </span>
    </p>
   </div>
   <div class='ocr_carea' id='block_1_101' title="bbox 2287 3841 3893 3916">
    <p class='ocr_par' dir='ltr' id='par_1_101' title="bbox 2287 3841 3893 3916">
     <span class='ocr_line' id='line_1_101' title="bbox 2287 3841 3893 3916; baseline -0.005 -18"><span class='ocrx_word' id='word_1_744' title='bbox 2287 3843 2551 3899; x_wconf 85' lang='lat' dir='ltr'>moribus</span> <span class='ocrx_word' id='word_1_745' title='bbox 2595 3843 2930 3916; x_wconf 84' lang='lat' dir='ltr'>pavimenta</span> <span class='ocrx_word' id='word_1_746' title='bbox 2976 3847 3076 3898; x_wconf 84' lang='lat' dir='ltr'>tua</span> <span class='ocrx_word' id='word_1_747' title='bbox 3105 3843 3344 3899; x_wconf 88' lang='lat' dir='ltr'>vestias.</span> <span class='ocrx_word' id='word_1_748' title='bbox 3379 3841 3692 3898; x_wconf 88' lang='lat' dir='ltr'>Pecuniam</span> <span class='ocrx_word' id='word_1_749' title='bbox 3724 3841 3893 3908; x_wconf 69' lang='lat' dir='ltr'>pauper</span> 
     </span>
    </p>
   </div>
   <div class='ocr_carea' id='block_1_102' title="bbox 2287 3919 3892 4006">
    <p class='ocr_par' dir='ltr' id='par_1_102' title="bbox 2287 3919 3892 4006">
     <span class='ocr_line' id='line_1_102' title="bbox 2287 3919 3892 4006; baseline -0.004 -20"><span class='ocrx_word' id='word_1_750' title='bbox 2287 3933 2512 4005; x_wconf 67' lang='lat' dir='ltr'>quaerit,</span> <span class='ocrx_word' id='word_1_751' title='bbox 2548 3937 2604 3987; x_wconf 89' lang='lat' dir='ltr'>et</span> <span class='ocrx_word' id='word_1_752' title='bbox 2649 3949 2764 3987; x_wconf 91' lang='lat' dir='ltr'>non</span> <span class='ocrx_word' id='word_1_753' title='bbox 2818 3931 3029 3988; x_wconf 85' lang='lat' dir='ltr'>habet:</span> <span class='ocrx_word' id='word_1_754' title='bbox 3082 3949 3294 4004; x_wconf 86' lang='lat' dir='ltr'>panem</span> <span class='ocrx_word' id='word_1_755' title='bbox 3350 3929 3618 4006; x_wconf 86' lang='lat' dir='ltr'>postulat</span> <span class='ocrx_word' id='word_1_756' title='bbox 3662 3919 3892 3990; x_wconf 54' lang='lat' dir='ltr'>homo,“</span> 
     </span>
    </p>
   </div>
   <div class='ocr_carea' id='block_1_103' title="bbox 2286 4007 3890 4094">
    <p class='ocr_par' dir='ltr' id='par_1_103' title="bbox 2286 4007 3890 4094">
     <span class='ocr_line' id='line_1_103' title="bbox 2286 4007 3890 4094; baseline -0.008 -18"><span class='ocrx_word' id='word_1_757' title='bbox 2286 4037 2472 4094; x_wconf 86' lang='lat' dir='ltr'>equus</span> <span class='ocrx_word' id='word_1_758' title='bbox 2505 4026 2675 4076; x_wconf 90' lang='lat' dir='ltr'>tuum</span> <span class='ocrx_word' id='word_1_759' title='bbox 2709 4037 2916 4076; x_wconf 85' lang='lat' dir='ltr'>aurum</span> <span class='ocrx_word' id='word_1_760' title='bbox 2951 4021 3060 4077; x_wconf 90' lang='lat' dir='ltr'>sub</span> <span class='ocrx_word' id='word_1_761' title='bbox 3093 4021 3376 4078; x_wconf 87' lang='lat' dir='ltr'>dentibus</span> <span class='ocrx_word' id='word_1_762' title='bbox 3421 4018 3667 4076; x_wconf 87' lang='lat' dir='ltr'>mandit.</span> <span class='ocrx_word' id='word_1_763' title='bbox 3697 4012 3792 4071; x_wconf 85' lang='lat' dir='ltr'>Sed</span> <span class='ocrx_word' id='word_1_764' title='bbox 3817 4007 3890 4063; x_wconf 80' lang='lat' dir='ltr'>de-</span> 
     </span>
    </p>
   </div>
   <div class='ocr_carea' id='block_1_104' title="bbox 2285 4097 3894 4184">
    <p class='ocr_par' dir='ltr' id='par_1_104' title="bbox 2285 4097 3894 4184">
     <span class='ocr_line' id='line_1_104' title="bbox 2285 4097 3894 4184; baseline -0.006 -21"><span class='ocrx_word' id='word_1_765' title='bbox 2285 4109 2500 4166; x_wconf 84' lang='lat' dir='ltr'>lectant</span> <span class='ocrx_word' id='word_1_766' title='bbox 2543 4114 2599 4164; x_wconf 87' lang='lat' dir='ltr'>te</span> <span class='ocrx_word' id='word_1_767' title='bbox 2649 4115 2995 4167; x_wconf 86' lang='lat' dir='ltr'>ornamenta</span> <span class='ocrx_word' id='word_1_768' title='bbox 3041 4110 3316 4184; x_wconf 83' lang='lat' dir='ltr'>pretiosa,</span> <span class='ocrx_word' id='word_1_769' title='bbox 3353 4125 3496 4166; x_wconf 90' lang='lat' dir='ltr'>cum</span> <span class='ocrx_word' id='word_1_770' title='bbox 3528 4107 3624 4164; x_wconf 87' lang='lat' dir='ltr'>alii</span> <span class='ocrx_word' id='word_1_771' title='bbox 3656 4097 3894 4184; x_wconf 67' lang='lat' dir='ltr'>frumenta</span> 
     </span>
    </p>
   </div>
   <div class='ocr_carea' id='block_1_105' title="bbox 2287 4182 3895 4268">
    <p class='ocr_par' dir='ltr' id='par_1_105' title="bbox 2287 4182 3895 4268">
     <span class='ocr_line' id='line_1_105' title="bbox 2287 4182 3895 4268; baseline -0.008 -14"><span class='ocrx_word' id='word_1_772' title='bbox 2287 4216 2402 4256; x_wconf 92' lang='lat' dir='ltr'>non</span> <span class='ocrx_word' id='word_1_773' title='bbox 2433 4199 2706 4255; x_wconf 88' lang='lat' dir='ltr'>habeant.</span> <span class='ocrx_word' id='word_1_774' title='bbox 2741 4182 3059 4268; x_wconf 72' lang='lat' dir='ltr'>Quantum,</span> <span class='ocrx_word' id='word_1_775' title='bbox 3100 4217 3132 4255; x_wconf 95' lang='lat' dir='ltr'>o</span> <span class='ocrx_word' id='word_1_776' title='bbox 3181 4198 3372 4267; x_wconf 87' lang='lat' dir='ltr'>dives,</span> <span class='ocrx_word' id='word_1_777' title='bbox 3425 4197 3619 4256; x_wconf 89' lang='lat' dir='ltr'>sumis</span> <span class='ocrx_word' id='word_1_778' title='bbox 3655 4191 3751 4250; x_wconf 90' lang='lat' dir='ltr'>tibi</span> <span class='ocrx_word' id='word_1_779' title='bbox 3769 4182 3895 4261; x_wconf 55' lang='lat' dir='ltr'>judi‘</span> 
     </span>
    </p>
   </div>
   <div class='ocr_carea' id='block_1_106' title="bbox 2285 4274 3891 4360">
    <p class='ocr_par' dir='ltr' id='par_1_106' title="bbox 2285 4274 3891 4360">
     <span class='ocr_line' id='line_1_106' title="bbox 2285 4274 3891 4360; baseline -0.009 -16"><span class='ocrx_word' id='word_1_780' title='bbox 2285 4289 2480 4344; x_wconf 89' lang='lat' dir='ltr'>cium!</span> <span class='ocrx_word' id='word_1_781' title='bbox 2533 4288 2792 4360; x_wconf 86' lang='lat' dir='ltr'>Populus</span> <span class='ocrx_word' id='word_1_782' title='bbox 2841 4289 3047 4358; x_wconf 85' lang='lat' dir='ltr'>esurit,</span> <span class='ocrx_word' id='word_1_783' title='bbox 3101 4292 3157 4344; x_wconf 91' lang='lat' dir='ltr'>et</span> <span class='ocrx_word' id='word_1_784' title='bbox 3195 4292 3258 4343; x_wconf 91' lang='lat' dir='ltr'>tu</span> <span class='ocrx_word' id='word_1_785' title='bbox 3306 4287 3528 4344; x_wconf 89' lang='lat' dir='ltr'>horrea</span> <span class='ocrx_word' id='word_1_786' title='bbox 3552 4291 3654 4340; x_wconf 89' lang='lat' dir='ltr'>tua</span> <span class='ocrx_word' id='word_1_787' title='bbox 3678 4274 3891 4337; x_wconf 80' lang='lat' dir='ltr'>claudis:</span> 
     </span>
    </p>
   </div>
   <div class='ocr_carea' id='block_1_107' title="bbox 2285 4363 3894 4450">
    <p class='ocr_par' dir='ltr' id='par_1_107' title="bbox 2285 4363 3894 4450">
     <span class='ocr_line' id='line_1_107' title="bbox 2285 4363 3894 4450; baseline -0.009 -16"><span class='ocrx_word' id='word_1_788' title='bbox 2285 4377 2538 4450; x_wconf 90' lang='lat' dir='ltr'>populus</span> <span class='ocrx_word' id='word_1_789' title='bbox 2569 4376 2852 4450; x_wconf 87' lang='lat' dir='ltr'>deplorat,</span> <span class='ocrx_word' id='word_1_790' title='bbox 2885 4381 2943 4433; x_wconf 91' lang='lat' dir='ltr'>et</span> <span class='ocrx_word' id='word_1_791' title='bbox 2975 4381 3034 4433; x_wconf 89' lang='lat' dir='ltr'>tu</span> <span class='ocrx_word' id='word_1_792' title='bbox 3067 4393 3371 4450; x_wconf 88' lang='lat' dir='ltr'>gemmam</span> <span class='ocrx_word' id='word_1_793' title='bbox 3405 4381 3573 4436; x_wconf 82' lang='lat' dir='ltr'>tuam</span> <span class='ocrx_word' id='word_1_794' title='bbox 3605 4385 3800 4429; x_wconf 84' lang='lat' dir='ltr'>versas.</span> <span class='ocrx_word' id='word_1_795' title='bbox 3825 4363 3894 4419; x_wconf 89' lang='lat' dir='ltr'>ln-</span> 
     </span>
    </p>
   </div>
   <div class='ocr_carea' id='block_1_108' title="bbox 2286 4459 3896 4540">
    <p class='ocr_par' dir='ltr' id='par_1_108' title="bbox 2286 4459 3896 4540">
     <span class='ocr_line' id='line_1_108' title="bbox 2286 4459 3896 4540; baseline -0.007 -18"><span class='ocrx_word' id='word_1_796' title='bbox 2286 4466 2440 4534; x_wconf 81' lang='lat' dir='ltr'>felix,</span> <span class='ocrx_word' id='word_1_797' title='bbox 2473 4467 2644 4538; x_wconf 88' lang='lat' dir='ltr'>cujus</span> <span class='ocrx_word' id='word_1_798' title='bbox 2691 4466 2750 4522; x_wconf 93' lang='lat' dir='ltr'>in</span> <span class='ocrx_word' id='word_1_799' title='bbox 2801 4471 3084 4540; x_wconf 89' lang='lat' dir='ltr'>potestate</span> <span class='ocrx_word' id='word_1_800' title='bbox 3133 4469 3222 4523; x_wconf 92' lang='lat' dir='ltr'>est</span> <span class='ocrx_word' id='word_1_801' title='bbox 3260 4469 3578 4522; x_wconf 88' lang='lat' dir='ltr'>tantorum</span> <span class='ocrx_word' id='word_1_802' title='bbox 3631 4459 3830 4517; x_wconf 80' lang='lat' dir='ltr'>animas</span> <span class='ocrx_word' id='word_1_803' title='bbox 3871 4464 3896 4501; x_wconf 68' lang='grc' dir='ltr'>ε</span> 
     </span>
    </p>
   </div>
   <div class='ocr_carea' id='block_1_109' title="bbox 2287 4544 3895 4623">
    <p class='ocr_par' dir='ltr' id='par_1_109' title="bbox 2287 4544 3895 4623">
     <span class='ocr_line' id='line_1_109' title="bbox 2287 4544 3895 4623; baseline -0.008 -12"><span class='ocrx_word' id='word_1_804' title='bbox 2287 4559 2472 4612; x_wconf 90' lang='lat' dir='ltr'>morte</span> <span class='ocrx_word' id='word_1_805' title='bbox 2502 4555 2830 4623; x_wconf 84' lang='lat' dir='ltr'>defendere,</span> <span class='ocrx_word' id='word_1_806' title='bbox 2867 4559 2924 4610; x_wconf 87' lang='lat' dir='ltr'>et</span> <span class='ocrx_word' id='word_1_807' title='bbox 2955 4573 3070 4612; x_wconf 91' lang='lat' dir='ltr'>non</span> <span class='ocrx_word' id='word_1_808' title='bbox 3102 4559 3192 4612; x_wconf 88' lang='lat' dir='ltr'>est</span> <span class='ocrx_word' id='word_1_809' title='bbox 3216 4550 3732 4612; x_wconf 86' lang='lat' dir='ltr'>voluntas.Totius</span> <span class='ocrx_word' id='word_1_810' title='bbox 3754 4544 3895 4602; x_wconf 81' lang='lat' dir='ltr'>vitam</span> 
     </span>
    </p>
   </div>
   <div class='ocr_carea' id='block_1_110' title="bbox 2283 4635 3785 4717">
    <p class='ocr_par' dir='ltr' id='par_1_110' title="bbox 2283 4635 3785 4717">
     <span class='ocr_line' id='line_1_110' title="bbox 2283 4635 3785 4717; baseline -0.005 -17"><span class='ocrx_word' id='word_1_811' title='bbox 2283 4643 2482 4716; x_wconf 90' lang='lat' dir='ltr'>populi</span> <span class='ocrx_word' id='word_1_812' title='bbox 2515 4647 2741 4716; x_wconf 87' lang='lat' dir='ltr'>poterat</span> <span class='ocrx_word' id='word_1_813' title='bbox 2772 4643 2997 4699; x_wconf 89' lang='lat' dir='ltr'>annulli</span> <span class='ocrx_word' id='word_1_814' title='bbox 3026 4643 3108 4698; x_wconf 89' lang='lat' dir='ltr'>tui</span> <span class='ocrx_word' id='word_1_815' title='bbox 3131 4660 3375 4717; x_wconf 85' lang='lat' dir='ltr'>gemma</span> <span class='ocrx_word' id='word_1_816' title='bbox 3405 4657 3641 4699; x_wconf 89' lang='lat' dir='ltr'>servare</span> <span class='ocrx_word' id='word_1_817' title='bbox 3669 4635 3785 4710; x_wconf 79' lang='lat'>(28).</span> 
     </span>
    </p>
   </div>
   <div class='ocr_carea' id='block_1_111' title="bbox 2353 4718 3897 4806">
    <p class='ocr_par' dir='ltr' id='par_1_111' title="bbox 2353 4718 3897 4806">
     <span class='ocr_line' id='line_1_111' title="bbox 2353 4718 3897 4806; baseline -0.01 -17"><span class='ocrx_word' id='word_1_818' title='bbox 2353 4736 2440 4790; x_wconf 79' lang='grc'>57.</span> <span class='ocrx_word' id='word_1_819' title='bbox 2490 4733 2638 4788; x_wconf 91' lang='lat' dir='ltr'>Audi</span> <span class='ocrx_word' id='word_1_820' title='bbox 2684 4731 2856 4806; x_wconf 88' lang='lat' dir='ltr'>plane</span> <span class='ocrx_word' id='word_1_821' title='bbox 2905 4733 3098 4805; x_wconf 88' lang='lat' dir='ltr'>qualis</span> <span class='ocrx_word' id='word_1_822' title='bbox 3148 4732 3398 4788; x_wconf 88' lang='lat' dir='ltr'>divitem</span> <span class='ocrx_word' id='word_1_823' title='bbox 3446 4731 3652 4787; x_wconf 85' lang='lat' dir='ltr'>deceat</span> <span class='ocrx_word' id='word_1_824' title='bbox 3677 4718 3897 4800; x_wconf 64' lang='lat' dir='ltr'>pradica-</span> 
     </span>
    </p>
   </div>
   <div class='ocr_carea' id='block_1_112' title="bbox 2280 4819 3894 4900">
    <p class='ocr_par' dir='ltr' id='par_1_112' title="bbox 2280 4819 3894 4900">
     <span class='ocr_line' id='line_1_112' title="bbox 2280 4819 3894 4900; baseline -0.004 -24"><span class='ocrx_word' id='word_1_825' title='bbox 2280 4821 2400 4877; x_wconf 85' lang='lat' dir='ltr'>tio:</span> <span class='ocrx_word' id='word_1_826' title='bbox 2457 4845 2477 4871; x_wconf 75' lang='grc' dir='ltr'>α</span> <span class='ocrx_word' id='word_1_827' title='bbox 2513 4820 2797 4888; x_wconf 83' lang='lat' dir='ltr'>Liberavi,</span> <span class='ocrx_word' id='word_1_828' title='bbox 2849 4821 3062 4894; x_wconf 89' lang='lat' dir='ltr'>inquit,</span> <span class='ocrx_word' id='word_1_829' title='bbox 3111 4837 3444 4894; x_wconf 85' lang='lat' dir='ltr'>pauperem</span> <span class='ocrx_word' id='word_1_830' title='bbox 3491 4819 3564 4874; x_wconf 89' lang='lat' dir='ltr'>de</span> <span class='ocrx_word' id='word_1_831' title='bbox 3618 4820 3894 4900; x_wconf 8' lang='lat' dir='ltr'>manui???-</span> 
     </span>
    </p>
   </div>
   <div class='ocr_carea' id='block_1_113' title="bbox 2279 4899 3894 4982">
    <p class='ocr_par' dir='ltr' id='par_1_113' title="bbox 2279 4899 3894 4982">
     <span class='ocr_line' id='line_1_113' title="bbox 2279 4899 3894 4982; baseline -0.009 -16"><span class='ocrx_word' id='word_1_832' title='bbox 2279 4910 2477 4978; x_wconf 85' lang='lat' dir='ltr'>tentis,</span> <span class='ocrx_word' id='word_1_833' title='bbox 2511 4913 2568 4964; x_wconf 86' lang='lat' dir='ltr'>et</span> <span class='ocrx_word' id='word_1_834' title='bbox 2599 4909 2929 4982; x_wconf 88' lang='lat' dir='ltr'>orphanum</span> <span class='ocrx_word' id='word_1_835' title='bbox 2979 4909 3071 4965; x_wconf 90' lang='lat' dir='ltr'>cui</span> <span class='ocrx_word' id='word_1_836' title='bbox 3099 4926 3213 4966; x_wconf 91' lang='lat' dir='ltr'>non</span> <span class='ocrx_word' id='word_1_837' title='bbox 3248 4913 3384 4965; x_wconf 88' lang='lat' dir='ltr'>erat</span> <span class='ocrx_word' id='word_1_838' title='bbox 3437 4907 3692 4978; x_wconf 87' lang='lat' dir='ltr'>adjutor,</span> <span class='ocrx_word' id='word_1_839' title='bbox 3721 4899 3894 4970; x_wconf 70' lang='lat' dir='ltr'>adiuvi.</span> 
     </span>
    </p>
   </div>
   <div class='ocr_carea' id='block_1_114' title="bbox 2281 5023 3764 5098">
    <p class='ocr_par' dir='ltr' id='par_1_114' title="bbox 2281 5023 3764 5098">
     <span class='ocr_line' id='line_1_114' title="bbox 2281 5023 3764 5098; baseline -0.001 -22"><span class='ocrx_word' id='word_1_840' title='bbox 2281 5024 2549 5098; x_wconf 63' lang='lat' dir='ltr'>quinun</span> <span class='ocrx_word' id='word_1_841' title='bbox 2574 5023 2989 5098; x_wconf 81' lang='lat' dir='ltr'>probatissimi,</span> <span class='ocrx_word' id='word_1_842' title='bbox 3023 5027 3210 5081; x_wconf 81' lang='lat' dir='ltr'>Nonne</span> <span class='ocrx_word' id='word_1_843' title='bbox 3237 5027 3391 5098; x_wconf 64' lang='lat' dir='ltr'>sicut</span> <span class='ocrx_word' id='word_1_844' title='bbox 3411 5039 3535 5095; x_wconf 88' lang='lat' dir='ltr'>ego,</span> <span class='ocrx_word' id='word_1_845' title='bbox 3563 5027 3669 5077; x_wconf 89' lang='lat' dir='ltr'>etc.</span> 
     </span>
    </p>
   </div>
   <div class='ocr_carea' id='block_1_115' title="bbox 2351 5086 3896 5168">
    <p class='ocr_par' dir='ltr' id='par_1_115' title="bbox 2351 5086 3896 5168">
     <span class='ocr_line' id='line_1_115' title="bbox 2351 5086 3896 5168; baseline -0.015 -6"><span class='ocrx_word' id='word_1_846' title='bbox 2351 5086 2466 5162; x_wconf 63' lang='lat'><strong>(265</strong></span> <span class='ocrx_word' id='word_1_847' title='bbox 2517 5086 2684 5150; x_wconf 71' lang='lat' dir='ltr'>Rom.</span> <span class='ocrx_word' id='word_1_848' title='bbox 2728 5095 2896 5168; x_wconf 88' lang='lat' dir='ltr'>edit.,</span> <span class='ocrx_word' id='word_1_849' title='bbox 2947 5086 3191 5152; x_wconf 74' lang='lat' dir='ltr'>homines</span> <span class='ocrx_word' id='word_1_850' title='bbox 3235 5086 3645 5168; x_wconf 55' lang='lat' dir='ltr'>deping&#39;untur.</span> <span class='ocrx_word' id='word_1_851' title='bbox 3688 5086 3809 5168; x_wconf 51' lang='lat' dir='ltr'>alia:</span> <span class='ocrx_word' id='word_1_852' title='bbox 3847 5094 3896 5168; x_wconf 58' lang='lat' dir='ltr'>at:</span> 
     </span>
    </p>
   </div>
   <div class='ocr_carea' id='block_1_116' title="bbox 2281 5149 3894 5239">
    <p class='ocr_par' dir='ltr' id='par_1_116' title="bbox 2281 5149 3894 5239">
     <span class='ocr_line' id='line_1_116' title="bbox 2281 5149 3894 5239; baseline -0.006 -17"><span class='ocrx_word' id='word_1_853' title='bbox 2281 5149 2424 5239; x_wconf 75' lang='lat' dir='ltr'>mss.</span> <span class='ocrx_word' id='word_1_854' title='bbox 2447 5149 2684 5233; x_wconf 43' lang='lat' dir='ltr'>lamnas,</span> <span class='ocrx_word' id='word_1_855' title='bbox 2711 5149 3333 5239; x_wconf 16' lang='lat' dir='ltr'>liomines‘pu—niunturf</span> <span class='ocrx_word' id='word_1_856' title='bbox 3355 5149 3552 5231; x_wconf 16' lang='lat' dir='ltr'>‘QUuod</span> <span class='ocrx_word' id='word_1_857' title='bbox 3601 5162 3825 5239; x_wconf 40' lang='lat' dir='ltr'>verbum.</span> <span class='ocrx_word' id='word_1_858' title='bbox 3840 5149 3894 5239; x_wconf 17' lang='lat' dir='ltr'>and</span> 
     </span>
    </p>
   </div>
   <div class='ocr_carea' id='block_1_117' title="bbox 2281 5229 3895 5364">
    <p class='ocr_par' dir='ltr' id='par_1_117' title="bbox 2281 5229 3895 5364">
     <span class='ocr_line' id='line_1_117' title="bbox 2281 5229 3895 5364; baseline -0.009 -71"><span class='ocrx_word' id='word_1_859' title='bbox 2281 5236 2380 5364; x_wconf 57' lang='lat' dir='ltr'>iltla</span> <span class='ocrx_word' id='word_1_860' title='bbox 2402 5229 3003 5309; x_wconf 37' lang='lat' dir='ltr'>spectare&#39;credimus:</span> <span class='ocrx_word' id='word_1_861' title='bbox 3040 5241 3144 5294; x_wconf 85' lang='lat' dir='ltr'>Per</span> <span class='ocrx_word' id='word_1_862' title='bbox 3175 5229 3628 5310; x_wconf 64' lang='lat' dir='ltr'>egenleaaurum</span> <span class='ocrx_word' id='word_1_863' title='bbox 3648 5229 3895 5305; x_wconf 54' lang='lat' dir='ltr'>queritur,</span> 
     </span>
     <span class='ocr_line' id='line_1_118' title="bbox 2281 5326 2389 5364; baseline 0 0"><span class='ocrx_word' id='word_1_864' title='bbox 2281 5326 2310 5364; x_wconf 90' lang='lat' dir='ltr'>e</span> <span class='ocrx_word' id='word_1_865' title='bbox 2339 5327 2389 5364; x_wconf 91' lang='lat' dir='ltr'>e.</span> 
     </span>
    </p>
   </div>
   <div class='ocr_carea' id='block_1_118' title="bbox 2279 5326 2389 5365">
    <p class='ocr_par' dir='ltr' id='par_1_118' title="bbox 2279 5326 2389 5365">
     <span class='ocr_line' id='line_1_119' title="bbox 2279 5326 2389 5365; baseline -0.009 0"><span class='ocrx_word' id='word_1_866' title='bbox 2279 5326 2367 5365; x_wconf 79' lang='lat' dir='ltr'>etc</span> <span class='ocrx_word' id='word_1_867' title='bbox 2376 5353 2389 5364; x_wconf 92' lang='lat'>.</span> 
     </span>
    </p>
   </div>
   <div class='ocr_carea' id='block_1_119' title="bbox 2351 5377 3894 5451">
    <p class='ocr_par' dir='ltr' id='par_1_119' title="bbox 2351 5377 3894 5451">
     <span class='ocr_line' id='line_1_120' title="bbox 2351 5377 3894 5451; baseline -0.006 -16"><span class='ocrx_word' id='word_1_868' title='bbox 2351 5381 2462 5451; x_wconf 84' lang='lat'>(27)</span> <span class='ocrx_word' id='word_1_869' title='bbox 2492 5378 2618 5434; x_wconf 88' lang='lat' dir='ltr'>Vet.</span> <span class='ocrx_word' id='word_1_870' title='bbox 2652 5380 2788 5436; x_wconf 89' lang='lat' dir='ltr'>edit.</span> <span class='ocrx_word' id='word_1_871' title='bbox 2824 5384 3066 5438; x_wconf 80' lang='lat' dir='ltr'>Parietes</span> <span class='ocrx_word' id='word_1_872' title='bbox 3097 5383 3311 5438; x_wconf 81' lang='lat' dir='ltr'>vestitis</span> <span class='ocrx_word' id='word_1_873' title='bbox 3371 5397 3540 5450; x_wconf 86' lang='lat' dir='ltr'>auro,</span> <span class='ocrx_word' id='word_1_874' title='bbox 3571 5377 3795 5434; x_wconf 61' lang='lat' dir='ltr'>nomina</span> <span class='ocrx_word' id='word_1_875' title='bbox 3811 5380 3894 5420; x_wconf 70' lang='lat' dir='ltr'>ml-</span> 
     </span>
    </p>
   </div>
   <div class='ocr_carea' id='block_1_120' title="bbox 2277 5451 3894 5510">
    <p class='ocr_par' dir='ltr' id='par_1_120' title="bbox 2277 5451 3894 5510">
     <span class='ocr_line' id='line_1_121' title="bbox 2277 5451 3894 5510; baseline -0.009 -4"><span class='ocrx_word' id='word_1_876' title='bbox 2277 5451 2440 5506; x_wconf 79' lang='lat' dir='ltr'>datzs.</span> <span class='ocrx_word' id='word_1_877' title='bbox 2474 5451 2642 5508; x_wconf 84' lang='lat' dir='ltr'>Rom.</span> <span class='ocrx_word' id='word_1_878' title='bbox 2679 5455 2817 5509; x_wconf 84' lang='lat' dir='ltr'>veste</span> <span class='ocrx_word' id='word_1_879' title='bbox 2843 5453 3086 5510; x_wconf 76' lang='lat' dir='ltr'>nudatis.</span> <span class='ocrx_word' id='word_1_880' title='bbox 3121 5453 3231 5509; x_wconf 90' lang='lat' dir='ltr'>Sed</span> <span class='ocrx_word' id='word_1_881' title='bbox 3255 5451 3319 5508; x_wconf 89' lang='lat' dir='ltr'>in</span> <span class='ocrx_word' id='word_1_882' title='bbox 3356 5469 3511 5508; x_wconf 88' lang='lat' dir='ltr'>mss.</span> <span class='ocrx_word' id='word_1_883' title='bbox 3543 5463 3706 5508; x_wconf 80' lang='lat' dir='ltr'>voces</span> <span class='ocrx_word' id='word_1_884' title='bbox 3729 5452 3894 5500; x_wconf 83' lang='lat' dir='ltr'>auro...</span> 
     </span>
    </p>
   </div>
   <div class='ocr_carea' id='block_1_121' title="bbox 2280 5522 2890 5585">
    <p class='ocr_par' dir='ltr' id='par_1_121' title="bbox 2280 5522 2890 5585">
     <span class='ocr_line' id='line_1_122' title="bbox 2280 5522 2890 5585; baseline 0.002 -7"><span class='ocrx_word' id='word_1_885' title='bbox 2280 5531 2436 5585; x_wconf 70' lang='lat' dir='ltr'>reste,</span> <span class='ocrx_word' id='word_1_886' title='bbox 2462 5522 2890 5579; x_wconf 72' lang='lat' dir='ltr'>desiderantur.</span> 
     </span>
    </p>
   </div>
   <div class='ocr_carea' id='block_1_122' title="bbox 2351 5589 3893 5665">
    <p class='ocr_par' dir='ltr' id='par_1_122' title="bbox 2351 5589 3893 5665">
     <span class='ocr_line' id='line_1_123' title="bbox 2351 5589 3893 5665; baseline 0.004 -17"><span class='ocrx_word' id='word_1_887' title='bbox 2351 5595 2463 5665; x_wconf 64' lang='lat'>(‘25)</span> <span class='ocrx_word' id='word_1_888' title='bbox 2497 5595 2636 5650; x_wconf 81' lang='lat' dir='ltr'>Mss.</span> <span class='ocrx_word' id='word_1_889' title='bbox 2671 5595 2900 5652; x_wconf 82' lang='lat' dir='ltr'>&#39;l‘huan.</span> <span class='ocrx_word' id='word_1_890' title='bbox 2932 5595 3080 5652; x_wconf 90' lang='lat' dir='ltr'>alter</span> <span class='ocrx_word' id='word_1_891' title='bbox 3109 5600 3166 5652; x_wconf 89' lang='lat' dir='ltr'>et</span> <span class='ocrx_word' id='word_1_892' title='bbox 3207 5595 3414 5664; x_wconf 86' lang='lat' dir='ltr'>P0nt.,</span> <span class='ocrx_word' id='word_1_893' title='bbox 3469 5596 3644 5653; x_wconf 74' lang='lat' dir='ltr'>Totius</span> <span class='ocrx_word' id='word_1_894' title='bbox 3685 5589 3784 5644; x_wconf 72' lang='lat' dir='ltr'>vita</span> <span class='ocrx_word' id='word_1_895' title='bbox 3817 5592 3893 5654; x_wconf 59' lang='lat' dir='ltr'>Po‘</span> 
     </span>
    </p>
   </div>
   <div class='ocr_carea' id='block_1_123' title="bbox 2275 5667 3528 5743">
    <p class='ocr_par' dir='ltr' id='par_1_123' title="bbox 2275 5667 3528 5743">
     <span class='ocr_line' id='line_1_124' title="bbox 2275 5667 3528 5743; baseline 0.002 -22"><span class='ocrx_word' id='word_1_896' title='bbox 2275 5667 2399 5742; x_wconf 81' lang='lat' dir='ltr'>puli</span> <span class='ocrx_word' id='word_1_897' title='bbox 2416 5669 2629 5741; x_wconf 84' lang='lat' dir='ltr'>poterat</span> <span class='ocrx_word' id='word_1_898' title='bbox 2659 5668 2841 5725; x_wconf 83' lang='lat' dir='ltr'>animi</span> <span class='ocrx_word' id='word_1_899' title='bbox 2866 5669 2957 5726; x_wconf 79' lang='lat' dir='ltr'>lui</span> <span class='ocrx_word' id='word_1_900' title='bbox 2977 5683 3248 5743; x_wconf 83' lang='lat' dir='ltr'>gemmam</span> <span class='ocrx_word' id='word_1_901' title='bbox 3277 5683 3528 5728; x_wconf 77' lang='lat' dir='ltr'>servare.</span> 
     </span>
    </p>
   </div>
  </div>
