4052 6196
258 375 378 443 ’⁸185

1288 379 1522 447 LIBER
1565 381 1667 446 DE
1711 378 2087 449 NABU'I‘HE
2128 378 2636 449 JEZRAELITA.

3540 370 3667 447 ’186

258 511 593 573 Benedictio
652 510 894 587 perituri
945 529 1123 590 super
1178 530 1271 574 me
1315 517 1476 575 venit
1514 534 1527 573 :
1579 535 1645 575 os
1700 522 1898 575 autem
1927 518 1983 592 Α,
2009 536 2123 586 xxx,
2154 519 2266 593 21).
2301 540 2331 570 ››
2362 519 2433 576 Et
2463 515 2581 576 noli
2610 513 2965 587 contristari,
2996 532 3131 576 eum
3160 513 3284 575 hac
3332 513 3532 584 audis;
3586 530 3663 575 ne

257 604 449 661 vidum
505 620 598 660 me
645 603 956 661 benedixit.
1007 604 1307 664 Justitiam
1348 607 1651 675 induebar,
1704 607 1909 664 oculus

258 710 421 763 eram
472 709 779 760 caecorum,
826 710 929 767 pes
974 700 1171 752 autem
1223 696 1563 753 claudornm
1620 715 1631 753 :
1693 700 1750 753 et
1803 714 1909 770 ego

258 799 421 842 eram
466 787 631 857 pater
674 781 1038 840 inﬁrmorum
1072 786 1182 855 (‘20)
1224 785 1358 857 (Job.
1411 803 1563 856 XXIX,
1613 786 1825 859 12-16).
1879 808 1907 838 ››

257 873 329 930 Et
357 871 512 928 infra
542 890 555 928 :
589 895 619 922 ‹‹
648 876 801 929 Ante
829 872 980 930 fores
1013 890 1174 931 meas
1204 892 1320 931 non
1358 875 1644 933 habitavit
1672 874 1905 949 hospes,

154 954 163 963 ’
259 961 481 1017 ostium
515 965 710 1016 autem
742 978 939 1017 meum
987 962 1146 1018 omni
1188 963 1442 1020 venienti
1474 965 1681 1036 patuit.
1717 965 1777 1021 Si
1805 983 1906 1021 au-

258 1054 379 1106 tem
451 1054 508 1104 et
575 1050 802 1121 peccavi
853 1050 1216 1123 imprudens,
1269 1070 1384 1109 non
1438 1053 1615 1109 celavi
1673 1054 1905 1127 culpam

256 1155 474 1205 meam,
507 1155 695 1210 neque
725 1140 1007 1195 reveritus
1036 1158 1169 1197 sum
1202 1141 1642 1198 multitudinem
1674 1142 1857 1215 plebis
1892 1160 1905 1199 :

260 1232 326 1284 ut
353 1245 470 1283 non
502 1228 914 1284 annuntiarem
967 1229 1354 1301 prementibus
1398 1229 1481 1286 eis
1534 1248 1546 1286 :
1599 1231 1650 1286 si
1697 1248 1908 1302 passus

257 1333 395 1372 sum
443 1316 744 1372 inﬁrmum
793 1317 948 1372 exire
993 1319 1209 1374 ostium
1261 1336 1456 1374 meum
1508 1336 1757 1375 vacuum
1802 1336 1813 1374 :
1855 1320 1904 1376 si

255 1406 585 1461 cautionem
638 1422 869 1478 quoque
917 1407 966 1461 si
1013 1424 1189 1479 quam
1221 1408 1400 1463 habui
1430 1408 1727 1473 debitoris,
1761 1408 1904 1465 scis-

253 1511 383 1552 sam
438 1495 566 1550 sine
613 1495 794 1549 debiti
846 1496 1283 1567 recuperatione
1310 1496 1535 1551 reddidi
1586 1497 1711 1552 sine
1743 1514 1906 1553 mora

254 1584 394 1655 (Job.
427 1601 578 1648 xxxx,
609 1584 827 1654 32-34).
857 1606 886 1634 »
918 1584 1063 1639 Nam
1096 1586 1233 1656 quid
1279 1584 1377 1639 illa
1420 1585 1715 1657 replicem,
1748 1587 1905 1658 quod

254 1672 316 1730 in
348 1672 510 1729 omni
551 1672 785 1728 inﬁrmo
833 1672 1064 1729 flevisse
1113 1690 1175 1729 se
1224 1673 1385 1741 dixit,
1441 1674 1903 1747 etingemuisse,

247 1778 392 1817 cum
442 1760 662 1816 videret
708 1760 897 1815 virum
945 1762 1005 1816 in
1054 1762 1421 1829 necessitate,
1473 1780 1533 1818 se
1582 1766 1785 1819 autum
1844 1763 1903 1818 in

249 1849 469 1908 bonis?
500 1849 611 1905 Sed
642 1853 781 1904 tunc
812 1850 921 1905 sibi
953 1851 1143 1923 magis
1189 1851 1372 1908 fuisse
1420 1851 1543 1907 dies
1587 1851 1900 1921 malorum,

250 1954 391 1996 cum
423 1955 487 1994 se
515 1937 726 1993 habere
751 1944 1029 2005 cerneret,
1070 1946 1128 1996 et
1176 1938 1321 1995 alios
1373 1939 1654 2011 indigere.
1687 1940 1747 1996 Si
1793 1940 1901 1996 hoc

250 2026 353 2083 ille
385 2026 547 2093 dicit,
581 2026 682 2099 qui
717 2043 1019 2098 nunquam
1066 2029 1252 2084 viduae
1283 2028 1517 2084 oculum
1559 2028 1695 2085 fecit
1741 2029 1903 2085 tabe-

248 2132 436 2181 scere,
470 2115 570 2186 qui
602 2132 905 2186 nunquam
938 2133 1147 2188 panem
1181 2133 1352 2173 suum
1386 2117 1547 2173 solus
1586 2118 1901 2174 manduca-

247 2204 354 2273 vit,
387 2209 445 2261 et
475 2220 587 2259 non
620 2204 884 2276 orphano
914 2206 1175 2273 tradidit,
1209 2223 1384 2277 quem
1412 2223 1446 2261 a
1467 2207 1775 2277 juventute
1796 2223 1904 2261 sua

249 2292 520 2359 nutrivit,
549 2291 714 2359 aluit,
746 2292 1004 2349 instituit
1034 2295 1293 2366 parentis
1330 2295 1571 2362 affectu;
1606 2294 1707 2366 qui
1747 2311 1902 2349 nun-

251 2397 433 2455 quam
482 2381 707 2435 nudum
757 2381 1037 2452 despexit,
1100 2384 1200 2455 qui
1256 2382 1599 2438 morientem
1652 2382 1900 2452 operuit,

250 2468 356 2541 qui
385 2466 697 2525 velleribus
727 2470 920 2524 ovium
953 2487 1193 2526 suarum
1227 2471 1594 2526 inlirmorum
1642 2470 1905 2525 calefecit

246 2558 551 2623 humeros,
583 2574 699 2613 non
734 2559 1023 2630 oppressit
1049 2559 1360 2631 pupillum,
1405 2576 1711 2631 nunquam
1758 2558 1900 2614 divi-

244 2646 351 2702 tiis
400 2646 719 2702 delectatus
771 2652 860 2702 est
911 2664 1214 2720 nunquam
1261 2647 1590 2719 gratulatus
1623 2648 1774 2704 582
1815 2650 1904 2702 est

244 2734 419 2807 lapsu
468 2734 841 2790 inimicorum
892 2753 1165 2805 suorum;
1220 2737 1269 2792 si
1322 2737 1420 2807 qui
1473 2736 1608 2793 fecit
1649 2735 1790 2803 haec,
1831 2735 1903 2790 de

247 2823 503 2881 summis
536 2824 709 2895 coepit
739 2839 905 2896 egere
934 2825 1240 2894 divitiis,si
1272 2824 1419 2881 nihil
1450 2842 1519 2881 ex
1550 2824 1900 2897 patrimonio

246 2917 434 2978 tanto,
466 2911 580 2967 nisi
612 2911 802 2967 solum
834 2915 1088 2969 fructum
1120 2913 1528 2969 misericordiae
1558 2912 1897 2986 reportavit:

251 3001 398 3074 quid
442 3002 512 3056 de
556 3005 614 3056 te
646 3004 909 3056 futurum
942 3006 1049 3067 est,
1084 3003 1186 3074 qui
1243 3007 1344 3058 tuo
1395 3002 1585 3058 nescis
1615 3002 1700 3057 uti
1730 3001 1903 3073 patri-

249 3089 581 3162 monio,qui
612 3090 672 3143 in
705 3089 959 3145 summis
989 3089 1208 3146 divitiis
1239 3091 1364 3146 dies
1394 3089 1651 3147 sustines
1682 3091 1903 3146 mendi-

244 3180 475 3247 citatis;
510 3177 647 3251 quia
679 3177 819 3232 nulli
853 3178 1103 3251 largiris,
1138 3178 1280 3234 nulli
1310 3179 1628 3235 subvenis?

866 3294 1096 3350 CAPUT
1136 3294 1276 3350 XIV.

1934 1894 1984 1961 B

2019 609 2247 664 dicatur
2275 614 2333 664 et
2361 608 2487 679 tibi,
2538 608 2691 665 sicut
2732 612 2790 664 et
2838 606 2923 663 illi
2979 604 3329 665 adolescenti
3377 606 3536 662 diviti
3572 606 3665 661 di-

2018 701 2175 753 ctum
2209 706 2295 753 est
2329 715 2341 752 :
2378 722 2403 747 ‹‹
2439 699 2622 762 Quam
2674 696 2912 756 difﬁcile
2960 697 3059 770 qui
3111 695 3392 769 pecunias
3424 697 3663 762 habent,

2017 785 2077 841 in
2125 802 2372 860 regnum
2420 786 2521 843 Dei
2568 785 2878 842 intrabunt
2910 787 2925 858 (
2953 786 3117 851 Marc,
3143 803 3198 841 x.
3230 785 3354 857 32)!
3404 806 3433 837 »
3478 783 3669 857 magis

2016 892 2150 932 cum
2182 875 2304 932 haec
2333 875 2812 950 legis,considera
2842 875 2983 948 quia
3010 874 3125 931 ista
3154 874 3261 931 tibi
3290 877 3483 947 potest
3507 889 3667 930 mors

2016 965 2254 1036 eripere,
2338 968 2594 1035 potestas
2677 964 2996 1037 superioris
3091 963 3313 1019 tollere.
3401 962 3665 1034 Denique

2016 1054 2156 1126 quia
2181 1054 2395 1127 peteris
2453 1070 2628 1125 parva
2672 1070 2774 1125 pro
2843 1053 3072 1126 magnis
3104 1053 3239 1125 (30),
3273 1052 3495 1108 caduca
3560 1066 3663 1123 pro

2015 1143 2265 1207 aeternis,
2298 1142 2606 1199 thesauros
2652 1142 2911 1215 pecunia:
2964 1159 3067 1213 pro
3115 1141 3410 1197 thesauris
3443 1139 3663 1212 gratiae.

2013 1232 2113 1287 Isti
2148 1235 2624 1303 corrumpuntur,
2657 1230 2737 1286 illi
2774 1235 3137 1303 permanent.

2084 1322 2170 1376 59.
2205 1320 2519 1377 Considera
2549 1321 2688 1394 quia
2718 1320 2823 1376 hos
2856 1337 2971 1376 non
3002 1319 3163 1376 solus
3207 1318 3494 1392 possides,
3527 1334 3661 1391 pos-

2012 1410 2163 1465 sidet
2188 1414 2381 1465 tecum
2411 1410 2588 1477 tinea,
2643 1409 2901 1481 possidet
2946 1425 3160 1480 aerugo,
3195 1424 3322 1480 quze
3368 1406 3665 1462 consumit

2012 1500 2342 1571 pecuniam.
2385 1498 2499 1555 Has
2546 1499 2651 1553 tibi
2701 1502 3000 1554 consortes
3033 1496 3275 1553 avaritia
3302 1496 3481 1552 dedit.
3515 1495 3665 1551 Vide

2013 1592 2210 1643 autem
2241 1604 2388 1658 quos
2421 1586 2525 1641 tibi
2575 1586 2674 1641 det
2720 1587 2909 1659 gratia
2955 1586 3245 1641 debitores
3279 1602 3292 1640 :
3333 1605 3354 1632 α
3388 1583 3662 1656 Splendi-

2013 1676 2153 1731 dum
2187 1677 2243 1730 in
2277 1675 2525 1747 panibus
2574 1674 2920 1730 benedicent
2962 1674 3117 1731 labia
3138 1674 3458 1746 justorum,
3492 1676 3550 1728 et
3578 1677 3663 1728 te-

2011 1764 2355 1822 stimonium
2404 1764 2682 1819 bonitatis
2732 1763 2892 1819 illius
2940 1764 3038 1819 fiet
3083 1764 3269 1834 (Eccli.
3303 1779 3457 1833 χχχι,
3488 1762 3598 1833 28).
3636 1781 3665 1810 ››

2013 1854 2170 1911 Facit
2216 1853 2320 1909 tibi
2372 1853 2712 1908 debitorem‘
2740 1852 2969 1908 Patrem
3015 1851 3220 1919 Deum,
3256 1851 3355 1923 qui
3401 1867 3503 1921 pro
3538 1866 3667 1905 mu-

2014 1958 2149 1998 nere
2180 1958 2295 2014 quo
2325 1958 2546 2014 pauper
2575 1942 2815 2013 adjutus
2846 1945 2953 2007 est,
3002 1939 3171 1995 fenus
3200 1938 3464 2006 exsolvit,
3496 1938 3665 2011 quasi

2011 2031 2147 2088 boni
2196 2031 2429 2086 debitor
2475 2028 2801 2085 creditoris.
2851 2030 3008 2085 Facit
3064 2027 3171 2083 tibi
3226 2026 3548 2083 debitorem
3576 2027 3669 2082 Fi-

2010 2120 2158 2176 lium
2210 2119 2331 2184 Dei,
2387 2118 2488 2191 qui
2547 2118 2628 2173 ait
2679 2135 2757 2173 :«
2810 2117 3051 2187 Esurivi,
3106 2121 3163 2173 et
3217 2116 3465 2172 dedistis
3519 2115 3665 2172 mihi

2012 2208 2409 2263 manducare:
2445 2207 2620 2275 sitivi,
2649 2211 2707 2262 et
2754 2206 3000 2263 dedistis
3047 2204 3189 2261 mihi
3240 2205 3437 2261 bibere
3470 2221 3482 2259 :
3526 2204 3667 2261 hos-

2012 2312 2112 2368 pes
2142 2313 2325 2363 eram,
2356 2300 2412 2351 et
2458 2295 2776 2368 collegistis
2825 2312 2952 2366 me;
3005 2295 3220 2364 nudus,
3254 2298 3311 2350 et
3349 2293 3666 2366 operuistis

2012 2402 2105 2441 me
2134 2386 2339 2452 (Matth.
2374 2402 2502 2453 xxv,
2532 2385 2623 2451 35,
2647 2384 2795 2455 36).»
2829 2384 2991 2450 Quod
3023 2384 3179 2439 enim
3212 2383 3530 2454 unicuique
3561 2383 3667 2437 mi-

2011 2474 2305 2529 nimorum
2336 2471 2611 2528 collatum
2646 2471 2840 2537 fuerit,
2875 2470 2986 2526 sibi
3017 2471 3159 2525 dicit
3196 2487 3324 2526 esse
3364 2469 3660 2526 collatum.

2080 2562 2169 2616 60.
2206 2560 2424 2626 Nescis,
2459 2576 2490 2614 ο
2522 2559 2717 2624 homo,
2753 2563 2977 2614 struere
3008 2557 3259 2613 divitias.
3294 2558 3355 2613 Si
3385 2556 3472 2612 vis
3502 2558 3665 2613 dives

2010 2665 2159 2715 esse,
2192 2654 2315 2705 esto
2346 2665 2566 2721 pauper
2619 2646 2852 2714 saeculo,
2886 2650 2952 2701 ut
2998 2646 3081 2702 sis
3125 2647 3283 2701 dives
3314 2646 3450 2701 Deo.
3493 2646 3666 2703 Dives

2011 2736 2168 2805 ﬁdei,
2199 2737 2357 2792 dives
2388 2741 2471 2792 est
2503 2742 2614 2791 Deo
2650 2751 2663 2790 :
2698 2734 2857 2791 dives
2908 2732 3340 2798 misericordiae,
3375 2732 3534 2788 dives
3575 2737 3666 2789 est

2011 2825 2128 2881 Deo
2163 2844 2176 2880 :
2208 2826 2368 2880 dives
2397 2823 2813 2896 simplicitatis,
2848 2823 3007 2880 dives
3045 2827 3135 2878 est
3168 2826 3277 2878 Deo
3312 2839 3324 2877 :
3358 2820 3519 2877 dives
3568 2837 3662 2877 sa-

2010 2913 2263 2987 pientiae,
2296 2915 2455 2969 dives
2512 2914 2785 2979 scientiae,
2840 2913 3047 2968 divites
3098 2912 3233 2967 Deo.
3284 2911 3435 2966 Sunt
3470 2909 3662 2982 quiin

2010 3007 2349 3075 paupertate
2401 3002 2719 3069 abundent,
2776 3008 2832 3057 et
2878 3000 2978 3073 qui
3029 3000 3086 3054 in
3152 2998 3371 3055 divitiis
3426 3002 3658 3072 egeant.

2008 3092 2321 3148 Abundant
2378 3107 2682 3163 pauperes,
2731 3106 2980 3161 quorum
3030 3088 3319 3161 profunda
3344 3075 3659 3160 paupertas

2009 3178 2330 3236 abundavit
2360 3181 2416 3233 in
2451 3179 2669 3234 divitiis
2701 3176 3097 3250 simplicitatis
3129 3194 3249 3233 suae
3282 3194 3295 3232 :
3329 3177 3536 3232 divites
3558 3192 3657 3232 au-

1926 3260 1969 3327 C
2006 3274 2123 3325 tem
2185 3273 2472 3340 eguerunt
2526 3273 2582 3323 et
2627 3268 2976 3323 esurierunt.
3029 3267 3227 3337 Neque
3275 3264 3430 3321 enim
3470 3263 3656 3321 otiose

249 3384 381 3453 Quo
399 3383 595 3438 divites
625 3382 694 3436 ad
724 3382 1008 3438 emendem
1055 3399 1188 3439 auro
1242 3383 1544 3438 libertatem
1575 3397 1639 3436 ac
1666 3381 1895 3453 salutem
2004 3355 2409 3453 δέτίρίυωῗεί
2443 3371 2455 3409 ³
2490 3354 3119 3453 (ΒίῨίδυξΠΡθιξΡθνθθ,
3143 3351 3433 3453 Ρτξῐξίζείίί
3456 3357 3651 3421 erunt!

324 3453 752 3521 inducat,varias
780 3455 1019 3509 rationes
1045 3457 1333 3526 proponit;
1366 3468 1489 3525 quae
1514 3468 1658 3509 verse
1685 3452 1898 3526 divitise

2020 3449 2061 3499 at
2120 3445 2336 3515 preprii
2396 3444 2545 3498 servi
2602 3443 2859 3498 dominis
2905 3443 3260 3498 fenerabunt.
3283 3442 3466 3514 (Prov.
3514 3458 3652 3497 xvu.

320 3528 454 3604 sint,
484 3525 669 3604 decet;
699 3542 800 3580 nec
826 3541 937 3604 nop
965 3524 1334 3604 quibusnam?
1366 3524 1686 3588 innotescat.
1722 3528 1773 3578 et
1802 3524 1898 3577 ubi
2003 3533 2093 3604 2);
2128 3554 2155 3580 ››
2188 3533 2324 3603 quia
2354 3532 2562 3586 divites
2613 3536 2670 3585 et
2720 3531 2943 3586 domini
2986 3546 3347 3604 supervacua
3391 3534 3452 3587 et
3497 3528 3651 3587 mala

322 3598 467 3653 locus
493 3598 610 3668 ejus
641 3598 697 3650 in
724 3612 862 3668 pace
888 3596 1003 3667 ﬁat,
1036 3599 1228 3669 aperit.

319 3711 412 3767 58.
446 3712 653 3766 Custos
678 3727 815 3783 ergo
846 3727 908 3767 es
940 3715 1196 3777 tuarum,
1231 3727 1346 3765 non
1396 3709 1671 3765 dominus
1717 3706 1896 3763 facul-

249 3804 463 3867 tatum,
496 3798 599 3871 qui
646 3816 857 3854 aurum
905 3804 1069 3854 terra;
1119 3798 1354 3864 infodis,
1389 3797 1655 3853 minister
1696 3795 1898 3866 utique

246 3891 403 3961 ejus,
440 3904 552 3943 non
614 3888 848 3943 arbiter.
884 3888 995 3944 Sed
1044 3886 1145 3943 ubi
1190 3886 1504 3943 thesaurus
1543 3890 1699 3951 tuus,
1733 3883 1813 3937 ibi
1843 3887 1900 3938 et

250 3995 353 4034 cor
397 3981 593 4032 tuum.
628 3976 774 4049 Ergo
821 3975 880 4031 in
931 3976 1030 4032 illo
1079 3992 1220 4032 auro
1272 3992 1372 4031 cor
1421 3979 1591 4030 tuum
1638 3972 1900 4029 infodisti

246 4070 441 4122 terres.
474 4064 671 4119 Vende
693 4065 887 4136 potius
907 4082 1138 4133 aurum,
1163 4069 1221 4120 et
1247 4080 1374 4119 eme
1404 4062 1686 4129 salutem;
1718 4060 1902 4116 vende

247 4153 533 4227 lapidem,
586 4157 643 4207 et
699 4169 826 4208 eme
873 4169 1119 4225 regnum
1168 4152 1304 4219 Dei;
1346 4151 1528 4207 vende
1565 4165 1794 4222 agrum,
1848 4151 1904 4203 et

250 4242 480 4299 redime
536 4241 643 4296 tibi
694 4241 876 4297 vitam
925 4250 1219 4297 aeternam.
1270 4239 1422 4295 Vera
1492 4238 1698 4311 allego,
1767 4238 1904 4309 quia

251 4331 434 4388 verbo
463 4333 661 4385 astruo
699 4329 960 4385 veritatis
995 4346 1008 4386 :
1044 4330 1103 4385 Si
1145 4331 1233 4385 vis
1278 4329 1571 4402 perfectus
1618 4343 1767 4397 esse,
1816 4329 1903 4380 in-

252 4421 400 4492 quit,
431 4419 629 4474 omnia
666 4434 1028 4490 quaacunque
1076 4418 1257 4473 habes
1301 4418 1509 4483 vende;
1544 4420 1599 4471 et
1641 4415 1717 4471 da
1762 4432 1906 4487 pau-

250 4507 519 4581 peribus,
575 4511 632 4561 et
686 4505 930 4562 habebis
984 4507 1328 4562 thesaurum
1376 4506 1436 4560 in
1484 4504 1625 4561 caelo
1696 4503 1903 4572 (Matth.

2006 3620 2317 3685 seminant,
2351 3636 2419 3675 ex
2465 3620 2681 3690 quibus
2732 3637 2847 3675 non
2896 3622 3151 3675 fructum
3200 3618 3499 3692 colligant,
3548 3618 3650 3674 sed

2007 3709 2206 3781 spinas
2252 3712 2493 3763 metant.
2528 3708 2595 3762 Et
2642 3708 2771 3763 ideo
2819 3707 3178 3780 pauperibus
3228 3707 3436 3763 divites
3481 3711 3655 3762 erunt

2008 3797 2246 3864 subditi,
2278 3801 2336 3852 et
2383 3797 2533 3853 583
2584 3796 2733 3851 servi
2782 3796 3038 3851 dominis
3088 3794 3379 3868 spiritalia
3427 3794 3652 3852 fenera-

2008 3886 2187 3952 bunt;
2221 3885 2712 3956 quemadmodum
2746 3884 2907 3939 dives
2938 3884 3180 3956 rogabat
3201 3888 3266 3938 ut
3294 3882 3404 3938 sibi
3436 3882 3656 3937 stillam

2009 3991 2173 4046 aquae
2205 3990 2422 4046 pauper
2453 3974 2701 4028 Lazarus
2732 3973 3032 4028 feneraret.
3067 3972 3237 4027 Potes
3266 3974 3324 4027 et
3351 3974 3437 4036 tu,
3470 3970 3654 4035 dives,

2008 4062 2185 4118 istam
2216 4062 2458 4134 implere
2487 4061 2836 4117 sententiam
2872 4079 2883 4116 :
2918 4060 3163 4133 elargire
3188 4057 3428 4131 pauperi
3460 4061 3517 4114 et
3542 4057 3660 4113 Do-

2012 4151 2171 4207 mino
2203 4149 2505 4218 fencrasti;
2540 4148 2639 4221 qui
2662 4149 2817 4205 enim
2850 4149 3097 4223 largitur
3127 4147 3391 4221 pauperi,
3414 4145 3660 4204 Domino

2011 4241 2251 4297 fenerat.

2082 4330 2173 4383 61.
2205 4327 2453 4383 Pulchre
2484 4332 2678 4383 autem
2708 4331 2948 4382 sanctus
2979 4326 3156 4382 David
3182 4325 3242 4381 in
3263 4325 3493 4398 psalmo
3520 4340 3665 4380 uxv

2014 4416 2296 4490 hymnum
2355 4417 2468 4471 Deo
2527 4415 2839 4471 concinens
2885 4416 2958 4469 ad
3010 4414 3314 4486 Assyrium
3351 4413 3663 4485 scriptum,

2014 4506 2125 4562 hoc
2145 4505 2536 4573 est,adversus
2566 4503 2838 4575 nequitiae
2872 4501 3155 4575 spiritalis
3185 4502 3490 4575 Assyrium
3521 4501 3664 4574 (31),

330 4632 446 4701 (29)
477 4629 579 4684 Hic
609 4645 752 4685 mss.
786 4630 913 4702 cod.
946 4629 1019 4685 ab
1049 4630 1190 4686 edit.
1241 4630 1298 4684 in
1341 4628 1699 4702 quibusdam
1740 4627 1908 4702 dili'e-
1938 4624 1985 4687 D
2017 4630 2158 4699 Quid
2210 4629 2416 4701 appetis
2460 4644 2636 4702 parva
2691 4642 2788 4697 pro
2838 4628 3146 4702 _magnis...
3209 4626 3507 4702 thesauris.
3534 4640 3667 4702 gra-

254 4699 698 4773 runt,’quorum
730 4701 1021 4773 przecipua
1046 4702 1240 4757 visum
1271 4699 1781 4773 est—unagseriead
1814 4715 1911 4773 n07

254 4780 404 4831 tare.
441 4770 632 4827 Primo
678 4770 841 4840 edit.,
889 4770 1045 4844 pater
1094 4775 1481 4845 orphauorum.
1516 4772 1657 4826 Mss.
1691 4770 1808 4825 fere
1838 4771 1909 4824 ad

252 4860 485 4915 unum,
546 4853 708 4915 pater
775 4843 1166 4914 inﬁrmorumf
1212 4843 1369 4909 LXX,
1418 4854 1579 4915 πατὴρ
1635 4849 1908 4915 ἀδῳιάτων,

253 4913 752 4986 Secundo‘edit"
811 4913 918 4972 non
968 4917 1143 4970 celavi
1198 4917 1437 4986 culpam.
1488 4913 1626 4969 MSS.
1682 4913 1911 4977 Thuan,

253 5003 443 5055 unus,
486 4984 675 5058 et_al_ii
700 4987 925 5058 aliquot
954 4987 1089 5042 boni
1121 4987 1245 5054 zuvi,
1280 4984 1459 5042 uenae
1486 4986 1630 5040 elavi
1674 4986 1910 5055 culpam.

256 5061 486 5130 Tamen
543 5055 681 5111 LXX
737 5055 958 5130 legunt,
994 5066 1050 5116 Εἰ
1102 5066 1211 5115 δὲ...
1270 5066 1459 5130 ἔκρυψα
1516 5067 1609 5123 τὴν
1668 5062 1914 5127 ἁμαρτίαν

258 5152 376 5201 μου.
432 5129 945 5201 Ροειιιθωοηεάἱιη
1003 5129 1338 5201 cautionem,
1367 5144 1595 5200 quoque,
1647 5130 1698 5180 si
1753 5143 1919 5201 quam

258 5196 591 5261 debitoris...
644 5200 856 5255 reddidi
908 5203 1027 5256 sine
1071 5217 1246 5256 mora.
1278 5196 1416 5255 Mss.
1472 5196 1693 5261 septem
1723 5196 1920 5251 melino

259 5272 349 5327 ris
398 5274 591 5343 note,
622 5270 682 5326 Si
724 5273 1028 5343 cautionem
1074 5287 1297 5343 quoque,
1329 5287 1495 5341 quam
1541 5268 1713 5323 habui
1744 5268 1916 5343 uehi:

258 5345 405 5399 toris
435 5341 720 5414 (quidam,
753 5337 1096 5412 debitori...)'
1116 5337 1412 5397 reddidisse
1454 5340 1771 5414 memoravi.
1807 5337 1919 5392 Alii

256 5430 401 5486 vero
431 5410 493 5468 et
516 5413 655 5469 edit.
692 5414 881 5486 magis
929 5415 1001 5470 ad
1056 5410 1197 5469 LXX
1249 5414 1552 5477 accedunt,
1586 5410 1740 5481 apud
1774 5426 1920 5480 quos

259 5485 541 5558 legimus,
580 5485 889 5558 ⁸ςειίδγγρςιςρὴν
947 5494 1100 5553 δὲ....,
1171 5492 1352 5558 καὶεί
1416 5494 1485 5553 μὴ
1557 5490 1697 5553 ρήξας
1766 5487 1921 5548 αὐτὴν

260 5554 517 5611 enisum.
544 5554 682 5603 οὐθὲν
706 5554 872 5604 λαϐὼν
902 5557 1033 5621 παρά
1061 5555 1436 5622 χρεωφειλέτου.

334 5627 461 5708 (30).
502 5627 657 5708 Edit.
701 5645 765 5684 ac
814 5628 1081 5708 nonnulli
1131 5627 1777 5708 mss.,.poterisuparya
1822 5644 1922 5708 pro

267 5696 555 5771 magnis...
614 5700 883 5757 thesauris
934 5703 1133 5773 gratia?
1197 5696 1444 5755 vendere.
1502 5696 1615 5753 Alii
1680 5696 1920 5769 aliquot,

2018 4695 2128 4757 tiae.
2174 4695 2292 4766 Isti,
2319 4706 2426 4754 etc.
2460 4695 2742 4769 'Denique
2799 4695 2995 4770 plures
3041 4702 3098 4753 et
3150 4698 3425 4770 potiores,
3485 4695 3554 4752 ut
3606 4695 3666 4749 in

2020 4777 2203 4829 textu.

2091 4844 2207 4920 (3l)_
2257 4842 2406 4920 Edit.
2461 4846 2607 4907 vet.,
2667 4840 2924 4896 adversus
2990 4841 3294 4920 nequitias.
3330 4834 3668 4920 ἶςλυίνίιιιαιςξξ,

2020 4904 2306 4987 Assyrium
2335 4914 2561 4987 iuanem
2681 4929 2916 4987 uacuum
2941 4904 3250 4987 principem
3271 4904 3428 4987 istius
3448 4904 3665 4973 mundi,

2022 4989 2101 5041 ita
2116 4980 2287 5056 saepit
2316 5001 2335 5045 ;
2367 4985 2531 5057 Notus
2577 4986 2633 5037 in
2682 4984 2867 5039 Judrea
2901 4980 3165 5057 Deus,_i}_z
3209 4980 3381 5036 Israel
3409 4991 3671 5057 magnum

2024 5046 2223 5113 ποιηεὴ
2271 5056 2425 5126 ejus;
2465 5055 2563 5110 hoc
2600 5058 2697 5120 est,
2747 5071 2857 5110 non
2886 5046 3255 5126 iudiuitibus,
3284 5065 3398 5105 non
3425 5046 3669 5126 inuehi-

2026 5129 2186 5195 libus,
2246 5119 2331 5182 vel
2388 5131 2447 5181 in
2500 5119 2827 5197 potentibus,
2878 5123 2992 5197 sed_
3026 5125 3087 5177 in
3144 5123 3333 5197 anima
3387 5119 3676 5197 couﬁtente

2026 5202 2129 5255 Deo
2144 5217 2163 5261 ,'
2176 5188 2295 5254 non
2326 5200 2383 5252 in
2412 5188 2774 5268 principibus,
2805 5188 2915 5251 etc.
2960 5194 3130 5268 Rom.
3161 5196 3384 5260 autem,
3416 5188 3674 5245 adversus

2024 5272 2300 5342 nequitias
2330 5266 2607 5340 spiritales
2629 5267 2902 5342 (Assyrius
2932 5267 3080 5342 en_im_
3109 5266 3339 5342 inanem,
3361 5277 3425 5317 ac
3443 5275 3679 5342 vacuum

2026 5331 2545 5415 principem‘istius
2591 5331 2788 5415 "illudi
2830 5335 3031 5415 senati
3060 5337 3138 5415 ita
3184 5331 3675 5415 ccep1't...nnor_i_in

2026 5401 2441 5483 hobilibus,sec_t
2470 5412 2540 5483 in_
2557 5407 2968 5483 paenitentibus,
2983 5401 3034 5462 et
3064 5408 3125 5483 in
3145 5401 3358 5483 anima,
3390 5408 3498 5459 etc.
3534 5401 3677 5483 Mss.

2031 5490 2289 5540 nostram
2315 5475 2380 5534 in
2414 5475 2718 5533 lectionem
2750 5476 3108 5549 conspirant,
3143 5475 3346 5549 paucis
3384 5475 3674 5549 exceptis,

2030 5556 2091 5612 in
2122 5558 2337 5627 quibus
2370 5550 2762 5627 nonrobscure
2791 5543 3010 5620 aliquid
3040 5543 3432 5620 corruptionis
3461 5543 3571 5602 hoc
3597 5543 3679 5601 lo-

2033 5646 2097 5684 co
2128 5622 2600 5699 deprehenditur.
