4104 6156
492 311 617 382 F187

1962 318 2031 385 8.
2077 316 2460 386 AMBROSII

3731 326 3827 396 188

495 452 732 510 inanem
762 466 830 510 ac
857 466 1071 509 vanum
1105 451 1425 526 principem
1456 450 1625 509 istius
1660 453 1885 525 mundi,
1918 453 2000 511 ita
2029 472 2139 511 cee-
2170 455 2228 521 Α
2256 455 2451 513 lentiae
2475 453 2808 529 consOpitus
2836 454 3149 514 obdormit.
3183 453 3521 529 Hujusmodi
3551 456 3707 533 igitur
3741 462 3823 521 viri

496 543 581 615 pit
613 562 629 597 :
661 564 689 591 ‹‹
718 539 902 597 Notus
927 540 989 597 in
1019 542 1222 599 Judzea
1252 543 1404 599 Deus
1435 543 1600 613 (Psal.
1649 562 1809 603 L‘\’XV.
1849 545 1935 613 2);
1974 568 1998 591 »ο
2032 544 2142 599 hoc

492 634 604 699 est,
637 648 751 687 non
783 630 842 687 in
874 631 1174 699 divitibus,
1207 650 1320 689 non
1370 633 1429 689 in
1480 633 1793 705 nobilibus,
1826 638 1882 689 et
1932 633 1989 689 in
2036 652 2139 706 p0-

490 720 753 777 tentibus
787 738 801 777 :
836 722 931 778 sed
967 722 1023 777 in
1058 724 1254 777 anima
1283 723 1593 779 confitente
1623 726 1795 779 notus
1827 725 1914 779 est
1944 722 2135 779 Deus:

496 831 525 860 «
556 810 630 866 Et
652 810 713 865 in
742 810 919 866 Israel
951 826 1252 883 magnum,
1283 813 1462 884 inquit
1494 829 1702 868 nomen
1734 813 1863 883 ejus
1894 811 2138 884 (Ibid.):»

496 915 615 955 non
662 899 719 954 in
763 899 1128 971 principibus
1176 905 1234 955 et
1278 900 1639 968 consulibus,
1674 902 1773 957 sed
1822 901 1881 956 in
1924 918 1990 957 eo
2038 900 2140 972 qui

496 987 681 1043 Deum
709 987 867 1043 videt
900 1004 915 1044 :
946 989 1071 1059 ipse
1100 994 1189 1045 est
1218 990 1372 1046 enim
1407 990 1669 1059 Israel,in
1701 1008 1815 1063 quo
1845 990 2137 1063 profunda

498 1075 645 1132 ﬁdes
673 1076 745 1132 ad
778 1076 1169 1149 cognitionem
1204 1079 1299 1135 Dei
1333 1079 1519 1151 potuit
1548 1080 1863 1151 pervenire.

566 1166 656 1220 62.
692 1188 719 1214 «
753 1166 822 1220 Et
851 1166 1039 1222 factus
1088 1171 1197 1233 est,
1241 1168 1453 1240 inquit,
1507 1170 1565 1224 in
1616 1186 1753 1240 pace
1804 1168 1968 1225 locus
2014 1169 2143 1239 ejus

498 1254 657 1325 (Ibid.
690 1254 783 1323 3);
817 1255 917 1310 ubi
974 1258 1209 1327 quietus
1259 1259 1501 1314 aﬂ‘eetus
1550 1257 1729 1329 nullis
1778 1259 2143 1314 diversarum

496 1342 887 1415 cupiditatum
927 1345 1254 1417 exagitetur
1309 1347 1605 1412 ﬂuctibus,
1656 1346 1836 1403 nullis
1893 1347 2144 1403 avaritiae

496 1432 772 1487 turbatur
800 1433 1278 1506 procellis,nullis
1310 1437 1756 1507 querendarum
1808 1436 2145 1492 divitiarum

496 1520 745 1595 ignescit
774 1522 1082 1579 incendiis.
1116 1529 1244 1596 Ipse
1274 1530 1361 1581 est
1392 1525 1492 1597 qui
1541 1526 1877 1599 speculatur
1906 1530 2144 1592 aeterna,

497 1613 555 1665 et
582 1610 812 1666 habitat
838 1611 899 1666 in
931 1612 1087 1678 Sion,
1123 1614 1496 1687 confringens
1526 1616 1744 1671 .omnia
1790 1614 2145 1687 spiritalium

494 1698 894 1756 instrumenta
952 1701 1259 1769 bellorum,
1326 1708 1628 1760 conterens
1694 1721 1865 1760 arcus
1932 1704 2147 1775 quibus

498 1786 769 1893 diabolus
800 1789 984 1893 ignita
1015 1790 1275 1893 dirigens
1315 1792 1531 1862 jacula,
1563 1809 1766 1864 graves
1813 1792 2145 1893 pectoribus
2177 1829 2222 1893 Β

499 1876 809 1933 hominum
857 1876 1006 1933 solet
1037 1879 1283 1936 'inurere
1328 1882 1649 1952 passiones.
1684 1882 1794 1938 Sed
1823 1880 1925 1937 illa
1944 1881 2146 1953 jacula

495 1965 662 2037 justo
710 1982 917 2023 nocere
946 1983 1058 2023 non
1090 1972 1359 2039 possunt,
1392 1970 1485 2025 cui
1534 1968 1687 2026 Deus
1733 1970 1833 2026 lux
1877 1975 1985 2041 est,
2020 1977 2147 2027 tan-

501 2059 747 2128 tumque
783 2056 950 2111 abest
979 2074 1013 2112 a
1040 2056 1415 2129 caligantium
1467 2058 1703 2115 horrore
1748 2060 2143 2127 tenebrarum,

501 2147 570 2199 ut
612 2144 985 2200 adversarius
1033 2146 1091 2201 in
1139 2162 1205 2201 eo
1253 2146 1447 2203 locum
1496 2148 1710 2204 habere
1767 2166 1880 2204 non
1940 2148 2143 2221 possit,

501 2232 604 2305 qui
661 2232 836 2288 etiam
897 2233 1263 2307 principibus
1314 2253 1378 2291 se
1443 2236 1742 2293 consuevit
1799 2238 2145 2305 infundere;

501 2320 657 2377 sicut
685 2321 902 2377 infudit
937 2323 1102 2391 Judaa
1150 2324 1451 2395 proditori,
1503 2326 1815 2382 concidens
1864 2330 2146 2399 tanquam

394 2480 407 2485 _
503 2407 567 2465 in
617 2409 762 2465 silva
806 2409 1099 2483 lignorum
1150 2411 1285 2467 fidei
1323 2414 1572 2483 januas;
1623 2419 1690 2470 ut
1747 2415 1806 2470 in
1866 2432 1965 2471 cor
2019 2417 2147 2488 ejus

503 2497 745 2563 haberet
798 2498 1154 2571 ingressum,
1202 2504 1259 2555 et
1305 2502 1502 2557 aeterni
1564 2503 1821 2559 nominis
1878 2504 2147 2560 taberna-

504 2585 704 2644 culum
735 2588 1081 2660 possideret,
1113 2589 1476 2661 apostolatus
1522 2590 1717 2649 collati
1767 2609 2008 2649 munere
2054 2593 2125 2648 de

505 2675 764 2733 dicatum
795 2677 929 2748 (32).
964 2678 1112 2751 Ergo
1144 2677 1240 2734 ille
1270 2680 1439 2751 quasi
1488 2680 1792 2752 improbus
1840 2686 2154 2755 usurpator

507 2765 764 2822 concidit
813 2766 1051 2836 januas,
1110 2771 1176 2822 ut
1219 2767 1506 2823 violentus
1556 2769 1836 2837 introeat;
1869 2770 2154 2827 Dominus

511 2857 705 2910 autem
738 2856 904 2927 quasi
939 2855 1073 2925 pius
1119 2854 1376 2911 illustrat
1420 2857 1700 2927 servulos,
1731 2862 1789 2912 et
1814 2874 2017 2914 eorum
2048 2858 2155 2913 ful-

511 2942 787 3017 gentibus
837 2942 1084 3009 meritis,
1135 2948 1191 2998 et
1241 2943 1504 3001 claritate
1547 2945 1827 3001 virtutum
1885 2948 2155 3003 tenebras

512 3031 718 3087 mundi
748 3031 929 3103 hujus
953 3030 1271 3087 illuminat.
1306 3032 1466 3088 lianc
1497 3034 1721 3106 pacifici
1769 3039 1945 3107 atque
1990 3053 2154 3091 man-

511 3118 661 3177 sueti
691 3119 910 3176 habent
966 3120 1121 3192 apud
1166 3120 1349 3175 Deum
1400 3121 1669 3193 gratiam,
1703 3123 1899 3179 sobria
1944 3123 2157 3179 mentis

2257 562 2529 601 somnum
2564 563 2738 603 suum
2771 546 3090 614 dormiunt,
3121 545 3232 601 hoc
3261 548 3368 613 est,
3401 562 3561 603 suum
3589 565 3825 623 somnum,

2257 651 2373 690 non
2397 635 2629 704 Christi,
2664 635 2985 692 dormiunt.
3009 635 3078 690 Et
3107 634 3204 706 qui
3240 650 3506 691 somnum
3537 635 3720 695 Christi
3739 657 3824 698 non

2255 723 2696 793 dormiunt,non
2730 725 2945 782 habent
2975 724 3188 781 Christi
3222 724 3605 797 quietem,non
3633 736 3830 802 surgunt

2255 812 2469 870 Christi
2502 814 2950 882 resurrectione;
3005 814 3105 887 qui
3148 814 3274 870 ait:
3308 836 3336 863 ‹‹
3388 814 3497 887 Ego
3542 816 3768 883 dormivi,
3791 824 3832 876 et

2254 904 2463 975 quievi,
2522 909 2580 961 et
2626 905 2882 971 surrexi;
2948 902 3229 975 quoniam
3282 903 3555 960 Dominus
3605 907 3831 979 suscipiet

2254 1009 2348 1049 me
2379 995 2547 1062 (Psal.
2582 1010 2665 1060 ιιι,
2698 995 2773 1062 6).
2813 1015 2840 1042 ››

2323 1083 2482 1138 64.Ιιι
2516 1082 2623 1139 hoc
2672 1082 2889 1155 quique
2935 1080 3148 1138 saeculo
3174 1081 3667 1155 dormitant,digni
3688 1083 3835 1141 habiti

2252 1170 2650 1244 increpatione
2681 1171 2922 1237 cmlesti,
2955 1171 3057 1244 qui
3090 1171 3476 1227 ascenderunt
3515 1187 3697 1243 equos,
3721 1189 3835 1245 quos

2254 1260 2543 1317 refrenare
2573 1278 2689 1317 non
2723 1264 3009 1333 poterant.
3044 1260 3319 1333 Legimus
3364 1258 3498 1315 alibi
3542 1260 3737 1317 dicente
3762 1262 3835 1317 Ec-

2252 1348 2429 1407 clesia
2454 1351 2574 1407 sive
2608 1350 2806 1405 anima
2839 1366 2852 1404 :
2889 1371 2917 1398 ‹‹
2954 1348 3153 1405 Posuit
3180 1366 3272 1404 me
3318 1364 3521 1404 currus
3564 1348 3833 1405 Aminadab

2254 1438 2435 1508 (Cant.
2469 1456 2545 1507 νι,
2582 1440 2689 1511 11).
2724 1462 2751 1488 ‹‹
2780 1438 2837 1494 Si
2870 1454 3005 1511 ergo
3038 1437 3236 1493 anima
3264 1453 3470 1493 currus
3513 1442 3613 1503 est,
3642 1436 3749 1493 vide
3786 1453 3837 1515 ne

2253 1544 2442 1599 equus
2472 1543 2607 1583 caro
2637 1528 2713 1583 sit
2748 1546 2760 1583 :
2793 1527 3041 1599 agitator
3069 1529 3263 1582 autem
3313 1525 3477 1599 vigor
3521 1526 3727 1593 mentis,
3764 1524 3837 1598 qui

2254 1617 2401 1689 regit
2432 1633 2690 1677 carnem.
2723 1622 2781 1672 et
2812 1621 3008 1671 motus
3041 1616 3169 1686 ejus
3200 1613 3358 1671 velut
3387 1614 3657 1687 quosdam
3700 1630 3837 1686 equos

2255 1706 2575 1778 prudentiae
2634 1704 2878 1762 habenis
2922 1708 3190 1761 'coercet.
3241 1703 3693 1760 Dormitaverunt
3740 1718 3839 1775 ergo

2254 1794 2354 1866 qui
2387 1794 2779 1850 ascenderunt
2807 1792 3065 1867 corporis
3095 1790 3439 1864 voluptates,
3467 1790 3618 1847 nullo
3645 1807 3729 1847 eas
3753 1806 3841 1845 mo-

2253 1882 2555 1938 deramine
2612 1882 3023 1955 gubernantes.
3072 1881 3234 1937 Unde
3290 1883 3349 1936 et
3397 1895 3710 1936 ascensores
3764 1894 3838 1933 eos

2254 1987 2435 2043 quam
2487 1970 2717 2043 equites
2758 1970 2841 2027 vel
2896 1970 3210 2044 agitatores
3275 1968 3483 2025 maluit
3538 1981 3836 2039 nuncupare.

2253 2060 2521 2131 Agitator
2566 2061 2781 2116 etenim
2814 2076 2948 2115 cum
2980 2057 3294 2131 disciplina
3341 2062 3400 2114 et
3456 2062 3574 2113 arte
3622 2073 3711 2129 pro
3760 2070 3839 2111 suo

2256 2164 2441 2219 equos
2498 2149 2738 2204 arbitrio
2785 2149 2986 2221 agitat,
3059 2152 3123 2203 ut
3189 2146 3277 2203 vel
3333 2149 3623 2203 currentes
3669 2143 3843 2209 incitet,

2256 2236 2347 2292 vel
2397 2237 2654 2294 reflectat
2706 2237 3044 2308 indomitos,
3076 2235 3165 2292 vel
3223 2240 3450 2292 revocet
3499 2235 3757 2306 fatigatos,
3781 2228 3845 2286 vel

2260 2331 2602 2382 mansuetos
2633 2343 2735 2399 pro
2765 2344 2872 2382 sua
2898 2326 3194 2382 Voluntate
3229 2328 3541 2381 convertat.
3574 2323 3717 2379 Unde
3747 2335 3846 2375 cum

2261 2416 2616 2487 reciperetur
2667 2415 2840 2482 Elias,
2885 2420 2941 2471 et
2970 2431 3144 2471 curru
3199 2413 3371 2487 quasi
3420 2413 3490 2468 ad
3539 2410 3725 2467 caelum
3765 2408 3846 2463 fer-

2264 2508 2442 2569 retur,
2491 2503 2762 2560 clamavit
2817 2504 2889 2559 ad
2943 2521 3079 2560 eum
3130 2503 3373 2559 Elisseus
3402 2520 3415 2558 :
3449 2525 3479 2552 «
3512 2501 3682 2566 Pater,
3708 2500 3846 2570 pater.

2262 2592 2513 2664 agitator
2562 2591 2761 2660 Israel,
2811 2595 2870 2647 et
2914 2607 3094 2663 eques
3139 2592 3302 2664 ipsus
3336 2593 3428 2663 (IV
3475 2590 3594 2659 Reg.
3627 2605 3680 2655 ιι,
3718 2586 3802 2653 l2),
3831 2604 3851 2629 υ

2262 2679 2372 2736 hoc
2428 2685 2538 2746 est,
2596 2679 2697 2752 qui
2748 2679 3031 2753 populum
3099 2679 3331 2737 Domini
3388 2680 3537 2735 bono
3593 2676 3747 2731 ductu
3786 2687 3851 2726 re-

2262 2769 2462 2839 gebas,
2522 2769 2860 2824 constantia
2919 2769 3126 2825 merito
3182 2769 3291 2825 hos
3350 2763 3619 2839 accepisti
3670 2774 3849 2823 currus,

2263 2855 2371 2911 hos
2426 2873 2608 2927 equos
2659 2858 2729 2913 ad
2784 2858 2980 2913 divina
3022 2861 3346 2924 currentes,
3400 2856 3539 2929 quia
3587 2852 3853 2909 moderato-

2264 2958 2386 2997 rem
2419 2948 2476 2998 te
2520 2942 2915 3000 humanarum
2973 2945 3258 3000 mentium
3309 2943 3592 3001 Dominus
3641 2951 3854 3009 compro-

2265 3028 2448 3098 bavit;
2483 3035 2538 3086 et
2570 3032 2697 3088 ideo
2745 3035 3027 3105 tanquam
3079 3032 3272 3088 bonus
3324 3032 3551 3104 auriga,
3581 3022 3860 3085 certaminis

2265 3119 2447 3175 victor
2473 3124 2687 3175 aeterno
2735 3120 2971 3193 praemio
3015 3122 3331 3178 coroneris.
3370 3122 3433 3177 In
3467 3120 3717 3176 Habacuc
3742 3128 3855 3185 quo-

512 3226 630 3265 sue
662 3208 1087 3282 tranquillitate
1112 3207 1356 3274 fundati;
1392 3209 1733 3280 insipientes
1762 3216 1956 3268 autem
1987 3213 2161 3269 corde
2189 3195 2232 3262 C
2269 3224 2383 3279 que
2408 3208 2690 3281 propheta
2730 3209 2946 3267 lectum
2996 3215 3107 3276 est,
3140 3210 3212 3265 ad
3259 3210 3460 3281 ipsum
3500 3205 3759 3264 Domina8
3796 3198 3861 3255 δί’

509 3297 847 3365 turbantur,
879 3301 936 3352 et
966 3297 1077 3369 ipsi
1110 3296 1219 3353 sibi
1272 3298 1410 3354 sunt
1458 3300 1702 3372 propriae
1748 3300 2155 3373 exagitationis

511 3389 808 3452 auctores;
841 3386 981 3457 quia
1008 3385 1429 3443 desideriorum
1460 3404 1701 3444 suorum
1734 3394 1877 3446 aestu
1916 3389 2153 3445 volvun-

508 3477 627 3544 tur,
659 3477 718 3529 et
745 3474 999 3545 quodam
1032 3473 1153 3530 salo
1185 3475 1488 3532 fluctuant.

1141 3561 1374 3620 CAPUT
1410 3564 1525 3621 XV.

512 3632 622 3702 Qui
649 3632 861 3689 divitiis
890 3635 974 3689 uti
999 3650 1108 3689 non
1136 3638 1406 3701 noverint,
1438 3653 1525 3691 eos
1556 3638 1785 3693 illarum
1813 3653 1994 3693 servos
2020 3654 2153 3703 esse,

514 3758 521 3761 .
580 3720 650 3776 ac
677 3704 917 3761 dormire
943 3721 1193 3761 somnum
1228 3724 1411 3763 suum.
1445 3709 1679 3776 Quando
1725 3710 1917 3763 anima
1961 3726 2158 3764 currus

582 3775 801 3850 dicatur
826 3780 878 3831 et
903 3792 1029 3831 caro
1058 3793 1225 3847 equus
1253 3780 1439 3850 vigore
1462 3775 1667 3835 mentis
1695 3780 1985 3850 agitandus
2012 3798 2031 3834 :
2062 3781 2159 3835 ubi

580 3846 737 3922 quid”
759 3848 928 3922 inter
953 3846 1296 3922 agitatorem.
1310 3846 1565 3919 equitem
1615 3846 1774 3922 atque
1821 3867 2157 3907 ascensorem

580 3917 652 3974 sit
679 3917 1039 3985 discriminis,
1069 3917 1416 3991 expenditur.

580 4007 671 4063 63.
723 4007 831 4073 Qui
882 4012 1074 4062 autem
1130 4008 1250 4063 sint
1297 4008 1418 4075 isti,
1464 4009 1755 4082 Propheta
1807 4009 2156 4081 significavit

503 4110 774 4167 expresse
804 4095 1049 4150 dicendo
1083 4112 1095 4150 :
1133 4118 1160 4145 ‹‹
1187 4096 1410 4167 Omnes
1456 4097 1561 4152 viri
1612 4097 1944 4153 divitiarum
1975 4099 2151 4166 (Psal.

506 4198 668 4254 Lxxv,
699 4184 790 4252 6);
828 4206 854 4232 »
887 4200 1091 4239 omnes
1134 4184 1298 4253 dixit,
1351 4184 1577 4241 nullum
1626 4187 1867 4258 excepit.
1902 4187 1970 4241 Et
2004 4186 2153 4242 bene

501 4271 658 4329 viros
687 4271 1019 4328 divitiarum
1051 4272 1381 4345 appellavit,
1416 4291 1529 4330 non
1573 4274 1802 4330 divitias
1848 4274 2105 4330 virorum
2135 4293 2148 4343 ;

500 4363 567 4416 ut
595 4361 926 4416 ostenderet
954 4377 1053 4417 eos
1084 4379 1198 4417 non
1231 4378 1599 4433 possessores
1631 4362 1965 4418 divitiarum
1995 4380 2145 4430 esse,

501 4447 603 4504 sed
635 4464 669 4502 a
697 4448 822 4503 suis
852 4447 1070 4504 divitiis
1123 4450 1430 4521 possideri.
1470 4450 1761 4507 Posscssio
1808 4451 1966 4507 enim
2016 4468 2146 4523 pos-

2265 3300 2424 3351 ctum
2458 3314 2470 3352 :
2506 3320 2533 3346 ‹‹
2578 3298 2869 3353 Ascendes
2895 3314 3074 3371 super
3126 3314 3310 3371 equos
3356 3302 3511 3364 tuos,
3543 3298 3598 3351 et
3622 3290 3861 3364 equitatus

2266 3390 2405 3441 tuus
2462 3386 2626 3443 salus
2681 3387 2901 3458 (llabac.
2955 3404 3041 3457 ιιι,
3073 3388 3172 3460 8):
3209 3410 3235 3437 »
3268 3386 3510 3461 agitavit
3563 3383 3706 3440 enim
3752 3391 3861 3449 apo-

2266 3474 2449 3530 stolos
2475 3492 2634 3542 suos,
2669 3493 2817 3547 quos
2847 3493 2948 3548 per
2976 3477 3207 3533 diversa
3235 3475 3467 3543 direxit,
3503 3477 3564 3529 ut
3608 3474 3717 3527 toto
3755 3465 3860 3521 orbe

2266 3562 2621 3635 Evangelum
2652 3566 3053 3637 praedicarent.
3085 3565 3371 3631 Ascendes,
3403 3564 3505 3629 ait,
3537 3558 3695 3634 quasi
3720 3558 3861 3612 recto-

2268 3651 2315 3706 ri
2356 3668 2665 3724 equorum,
2726 3671 2841 3709 non
2892 3655 3064 3726 quasi
3103 3652 3423 3711 ascensori.
3457 3648 3717 3707 Ascendit
3743 3642 3860 3698 enim

2266 3741 2441 3798 etiam
2493 3759 2693 3815 eques,
2748 3744 2846 3799 sed
2898 3749 2964 3798 ut
3015 3748 3197 3817 regat,
3227 3760 3343 3798 non
3396 3746 3463 3797 ut
3510 3728 3860 3794 tantummodo

2265 3830 2466 3886 sedeat
2498 3848 2511 3886 :
2545 3847 2611 3887 eo
2645 3831 2798 3903 quod
2849 3831 3180 3889 desidiosus
3227 3836 3286 3888 et
3333 3832 3502 3904 piger
3538 3821 3861 3883 somnulenta

2265 3919 2517 3990 perferre
2545 3937 2659 3975 non
2697 3921 2881 3992 possit
2909 3922 3123 3977 mentis
3150 3921 3473 3976 incessum.

2332 4010 2421 4063 65.
2458 4008 2538 4063 De
2568 4009 2762 4079 equite
2792 4013 2988 4065 autem
3018 4008 3232 4066 lectum
3258 4014 3351 4064 est
3384 4025 3397 4061 :
3433 4030 3461 4057 ‹‹
3494 4007 3562 4061 Et
3588 4015 3749 4073 eques
3785 4011 3855 4049 ca-

2263 4094 2425 4151 deret
2460 4099 2801 4164 retrorsum,
2833 4102 3180 4168 exspeutans
3210 4097 3468 4152 salutem
3512 4087 3720 4179 Domini
3741 4084 3858 4179 (GM:

2262 4200 2413 4248 xux,
2452 4184 2555 4253 l7).
2593 4208 2620 4233 ››
2654 4184 2798 4250 Quia
2852 4201 3018 4241 nemo
3072 4186 3197 4242 sine
3244 4183 3416 4256 lapsu
3471 4186 3578 4250 est,
3635 4176 3860 4268 etiam

2258 4275 2395 4345 quis
2450 4289 2628 4345 eques
2684 4274 2976 4341 ceciderit,
3009 4279 3067 4329 et
3111 4274 3361 4329 terrenis
3414 4268 3700 4343 aliquibus
3741 4262 3859 4314 vitiis

2262 4361 2433 4417 fuerit
2478 4363 2725 4417 inﬂexus
2758 4379 2770 4417 :
2807 4361 2852 4417 si
2884 4368 3080 4417 tamen
3136 4379 3245 4417 non
3306 4360 3553 4432 abjiciat
3600 4369 3747 4428 spem
3793 4363 3859 4401 r0-

2257 4451 2553 4521 surgendi,
2607 4452 2786 4506 fretus
2835 4451 3207 4506 miseratione
3256 4450 3479 4513 divina,
3531 4438 3765 4519 pervenit
3803 4432 3856 4487 ad

496 4535 750 4593 sessoris
806 4535 977 4591 debet
1014 4554 1162 4606 esse,
1207 4555 1321 4595 non
1380 4555 1686 4610 possessor
1732 4538 2143 4611 possessionis.
2177 4558 2224 4625 Β
2254 4538 2527 4594 salutem.
2578 4538 2658 4594 De
2712 4554 3022 4595 ascensore
3064 4555 3199 4595 vero
3247 4538 3630 4594 manifestum
3677 4532 3755 4586 est
3793 4523 3857 4625 ἱει-

497 4624 841 4697 Quicunque
872 4625 1051 4698 igitur
1071 4627 1425 4699 patrimonio
1455 4645 1560 4684 suo
1591 4632 1871 4699 tanquam
1914 4644 2144 4700 posses-

496 4711 662 4770 sione
692 4730 809 4769 non
841 4713 1044 4782 utitur,
1076 4715 1177 4786 qui
1209 4714 1407 4787 largiri
1436 4715 1676 4788 pauperi
1706 4721 1763 4771 et
1803 4716 2146 4787 dispensare

496 4818 613 4858 non
647 4801 826 4870 novit,
861 4803 1015 4859 584
1042 4804 1093 4858 is
1140 4819 1381 4859 suarum
1422 4803 1689 4860 servulus
1736 4809 1842 4871 est,
1877 4821 1992 4859 non
2040 4807 2142 4861 do-

496 4890 698 4947 minus
728 4890 1203 4963 facultatum,qui
1234 4891 1456 4948 alienas
1485 4893 1741 4949 custodit
1769 4898 1834 4949 ut
1863 4894 2141 4960 famulus,

494 4995 611 5035 non
634 4984 918 5051 tanquam
948 4980 1225 5037 dominus
1256 4984 1321 5036 ut
1347 4981 1471 5036 suis
1502 4982 1776 5039 utitur.In
1802 4982 2141 5053 hujusmodi

490 5083 629 5140 ergo
660 5068 869 5124 aﬂ‘ectu
900 5069 1153 5124 dicimus
1183 5070 1339 5141 quod
1370 5069 1457 5125 vir
1495 5069 1830 5125 divitiarum
1880 5071 1975 5137 sit,
2027 5089 2142 5127 non

491 5156 704 5211 divitiae
737 5157 863 5213 viri.
899 5158 1231 5214 Intellectus
1260 5157 1415 5214 cnim
1448 5159 1635 5215 bonus
1667 5159 1967 5215 utentibus
2018 5177 2083 5215 eo
2125 5177 2139 5214 :

491 5244 591 5315 qui
622 5249 818 5301 autem
851 5263 966 5301 non
998 5246 1293 5321 intelligit,
1325 5246 1377 5303 is
1407 5247 1610 5319 utique
1658 5248 1988 5305 intellectus
2030 5248 2143 5306 sibi

489 5332 740 5403 gratiam
770 5352 886 5390 non
918 5340 1108 5406 potest
1137 5335 1533 5403 vindicare;et
1564 5336 1691 5393 ideo
1723 5353 1928 5393 somno
1957 5341 2143 5393 temu-

560 5489 674 5561 (32)
706 5490 799 5546 Sic
834 5508 973 5549 mss.
1009 5510 1224 5618 magno
1246 5510 1513 5561 numero,
1546 5495 1660 5551 nisi
1695 5496 1874 5568 quod,
1907 5513 2008 5568 pro
2052 5497 2142 5551 tle-

560 5565 754 5618 catum.
788 5562 985 5618 plures
1033 5564 1106 5618 ha
1153 5571 1253 5618 ent
1298 5566 1548 5618 dedicat:
1582 5566 1680 5618 alii
1730 5567 2018 5618 nonnulli.
2055 5566 2138 5618 di-

490 5560 761 5643 ιὶίιξίιιυγηι
788 5562 985 5643 plures
1033 5560 1253 5620 habent
1298 5560 1548 5643 tiodiem;
1582 5566 1680 5622 alii
1711 5560 2018 5643 nonnulli,
2055 5566 2138 5622 di-

487 5637 674 5701 catur;
730 5635 983 5703 denique
1036 5653 1187 5691 unus
1237 5640 1338 5692 aut
1384 5636 1547 5705 alter,
1593 5639 1892 5709 possideret
1941 5646 2143 5712 aposto-

2251 4627 2494 4693 dicinm,
2553 4628 2709 4699 quod
2769 4627 3245 4699 reprehensibilis
3292 4627 3603 4691 habeatur,
3660 4611 3851 4691 quando

2254 4715 2482 4787 Moyses
2529 4715 2652 4786 ipse
2698 4715 2779 4771 ait
2824 4715 2883 4770 in
2933 4716 3158 4771 cantico
3216 4715 3399 4771 Exodi
3437 4730 3451 4769 :
3487 4734 3517 4763 ‹‹
3563 4710 3767 4781 Equum
3812 4701 3857 4787 et

2252 4786 2618 4859 ascensorem
2669 4803 2911 4874 projecit
2956 4803 3016 4859 in
3052 4818 3225 4859 mare
3281 4802 3479 4875 (Exod.
3512 4816 3601 4868 xv,
3633 4798 3698 4867 1).
3742 4814 3766 4841 ι»
3803 4786 3860 4842 Εἰ

2252 4893 2311 4946 ἱιι
2361 4890 2639 4947 Zacliaria
2686 4891 2915 4947 locutus
2960 4896 3048 4948 est
3093 4892 3382 4948 Dominus
3430 4889 3670 4945 dicens:
3704 4901 3725 4934 ι
3752 4877 3855 4933 Per-

2251 4980 2471 5036 cutiam
2523 4996 2757 5036 omnem
2814 4996 3032 5051 equum
3080 4981 3140 5035 in
3193 4979 3473 5043 amentia,
3523 4980 3580 5032 et
3632 4978 3856 5027 ascenso-

2251 5085 2375 5123 rem
2435 5068 2562 5138 ejus
2621 5069 2680 5124 in
2738 5070 3076 5141 insipientia
3132 5068 3317 5142 (Zach.
3382 5083 3486 5133 χιι,
3545 5064 3617 5135 4).
3682 5081 3707 5109 ν
3756 5052 3853 5142 N90

2252 5158 2395 5213 dixit
2426 5159 2617 5213 solum
2649 5138 2890 5231 equum,
2923 5160 3025 5214 sed
3072 5138 3148 5215 et-
3177 5170 3573 5223 ascensorem,
3608 5138 3851 5222 quomodo

2250 5249 2307 5301 et
2363 5245 2423 5301 in
2482 5246 2672 5302 Exodo
2724 5246 2907 5302 babes
2939 5263 2953 5302 :
2988 5269 3017 5297 «
3066 5246 3292 5318 Equum
3343 5248 3403 5301 et
3449 5243 3848 5318 ascensorem:

2252 5334 2359 5391 Ubi
2426 5339 2515 5391 est
2579 5335 2737 5391 enim
2796 5351 3092 5404 ascensor,
3124 5312 3242 5407 ἰιιιί
3309 5350 3429 5390 non
3495 5329 3676 5404 potest
3732 5312 3849 5376 ⁸8⁵

2251 5496 2392 5551 latus
2424 5496 2611 5568 collati
2635 5512 2878 5568 inuizere.
2904 5496 3044 5568 Ergo
3068 5498 3322 5568 princeps
3352 5493 3518 5568 hujus
3542 5480 3852 5568 mund},

2249 5548 2319 5635 si,
2350 5548 2467 5623 es.
2488 5548 2552 5623 In
2572 5548 2721 5623 edit.
2743 5548 2955 5622 satis
2971 5548 3359 5625 semesam
3376 5548 3852 5637 legas,possid(rel-

2250 5639 2389 5711 Ergo
2413 5640 2669 5712 princeps
2701 5639 2865 5711 hujus
2895 5640 3109 5709 mundi,
3143 5644 3248 5697 etc.
