4052 6196
242 407 366 482 789

1276 422 1511 489 LIBER
1553 424 1656 490 DE
1701 420 2078 490 NABUTHE
2117 422 2623 489 JEZRAELI'I‘A.

3535 419 3661 488 790

244 566 467 626 equum
498 548 802 626 proprium
860 552 1204 629 gubernare,
1263 573 1447 631 equus
1498 576 1729 631 quoque
1785 561 1893 615 fer-
1925 562 1973 628 Α
2007 554 2243 630 placet?
2274 556 2418 624 Quia
2448 573 2671 631 pauper
2700 553 2811 613 ﬁde
2840 553 3017 613 ditior
3036 558 3144 624 est,
3164 520 3660 613 sobrietatelocu-

243 647 342 698 tur
368 641 427 698 in
461 659 734 716 praeceps,
782 642 832 700 si
890 644 1176 702 indomito
1234 647 1426 704 furore
1482 648 1541 703 in
1605 656 1897 721 praerupta.
2004 646 2240 719 pletior;
2273 651 2493 703 etcum
2525 647 2602 703 sit
2630 663 2870 720 pauper,
2902 662 2971 702 ex
3022 643 3137 700 illis
3168 649 3257 701 est
3313 645 3384 701 de
3441 646 3658 717 quibus

240 736 301 788 et
329 731 659 804 periculosa
687 732 962 806 rapiatur.
1005 734 1151 801 Quid
1182 735 1363 809 igitur
1414 736 1581 795 vobis
1608 737 1668 793 in
1726 738 1894 810 equis
2002 734 2251 792 dicitur:
2278 758 2305 785 «
2341 735 2472 792 Tibi
2530 735 2772 792 offerent
2801 751 2967 809 reges
3006 751 3248 791 munera
3278 735 3449 807 (Psal.
3484 751 3653 804 van,

241 822 560 889 confiditis,
620 821 874 880 divites?
927 824 1175 880 Mendax
1210 842 1398 897 equus
1478 827 1552 882 ad
1640 825 1891 883 salutem

238 910 417 981 (Psal.
476 928 652 977 xxxu,
708 912 817 983 17).
878 910 1025 976 Quid
1073 912 1133 969 in
1189 915 1460 971 curribus
1513 916 1678 972 vobis
1720 915 1890 988 plau-

236 997 422 1055 ditis?
480 999 599 1054 «Hi
646 999 704 1054 in
764 1000 1055 1072 curribus,
1142 1007 1199 1058 et
1247 1002 1306 1058 hi
1394 1003 1453 1058 in
1509 1004 1699 1076 equis,
1784 1021 1889 1060 nos

237 1096 434 1144 aulem
485 1088 545 1143 in
605 1089 841 1145 nomine
892 1090 1123 1146 Domini
1179 1091 1708 1165 magnificabimur.
1769 1094 1887 1166 Ipsi

236 1176 481 1250 obligati
528 1182 689 1246 sunt,
749 1182 806 1233 et
855 1178 1154 1236 cecidere:
1216 1198 1322 1237 nos
1380 1185 1573 1238 autem
1632 1181 1884 1237 surrexi-

236 1280 373 1320 mus
403 1268 460 1321 et
507 1266 681 1321 erecti
736 1283 944 1323 sumus
985 1269 1155 1340 (Psal.
1196 1286 1312 1335 xxx,
1353 1271 1406 1336 8,
1465 1270 1541 1341 9).
1611 1293 1638 1320 »
1700 1269 1886 1326 Nolite

235 1369 435 1410 amare
489 1353 904 1412 adhinnientes
936 1374 949 1411 :
984 1356 1180 1424 nolite,
1240 1357 1470 1424 divites,
1532 1359 1761 1415 fremitu
1814 1358 1883 1414 li-

234 1442 456 1498 bidinis
521 1442 781 1499 excitari.
837 1443 1140 1500 Terribilis
1198 1451 1287 1500 est
1342 1445 1645 1515 Dominus,
1694 1452 1751 1503 et
1790 1449 1881 1503 cui

233 1546 408 1587 nemo
439 1530 625 1604 possit
668 1536 875 1605 potens
936 1537 993 1588 et
1044 1533 1203 1589 dives
1262 1535 1568 1591 resistere:
1630 1559 1657 1587 «
1714 1537 1880 1592 Judi-

232 1619 390 1675 cium
422 1619 653 1676 cmleste
673 1620 974 1693 jaculatur
999 1623 1168 1692 (Psal.
1200 1640 1363 1693 Lxxv,
1384 1623 1460 1696 9).
1497 1646 1526 1674 »

857 1799 1088 1857 CAPUT
1116 1800 1255 1857 XVI.

225 1904 457 1971 Divites,
492 1913 552 1962 ut
604 1908 881 1977 quiescant
926 1923 959 1961 a

299 1984 541 2049 teautur,
574 1979 829 2049 impellit.
864 1979 1066 2047 Quomo

298 2047 543 2111 reddite,
569 2065 591 2109 ;
621 2047 819 2119 quidve
847 2051 1150 2106 orationem
1171 2047 1233 2104 ac
1261 2050 1403 2105 dona
1451 2052 1554 2105 Deo
1604 2067 1875 2107 commen-

295 2120 406 2174 det.
459 2121 702 2193 Denique
746 2125 1049 2176 memorata
1103 2121 1262 2176 verba
1308 2123 1475 2176 etiam
1540 2123 1876 2193 pauperibus

297 2192 797 2258 accommodantur,
829 2200 880 2247 et
909 2195 1032 2264 quis
1053 2209 1088 2247 a
1130 2193 1233 2247 Deo
1273 2193 1507 2258 recedat,
1540 2192 1863 2249 ostenditur.

1172 1980 1307 2050 ipsis
1336 1978 1554 2034 dicatur
1603 1979 1774 2035 Orate
1821 1986 1877 2036 et

294 2333 384 2387 66.
416 2332 641 2387 Bonum
673 2336 761 2388 est
790 2337 855 2388 ut
875 2334 1002 2406 jam
1035 2334 1368 2407 quiescatis,
1416 2352 1450 2390 a
1502 2334 1739 2406 ﬂagitiis
1790 2334 1871 2390 fe-

218 2418 443 2476 rientes
472 2420 848 2476 revereamini
900 2422 1127 2478 Domini
1187 2426 1557 2494 potestatem.
1610 2423 1739 2478 Ideo
1791 2421 1874 2476 di-

218 2512 384 2563 ctum
441 2513 530 2563 est
571 2508 872 2580 parricida
931 2509 1116 2565 Cain:
1184 2533 1211 2560 «
1270 2511 1549 2576 Peccasti,
1638 2510 1871 2582 quiesce

217 2594 380 2668 (Gen.
443 2614 516 2665 IV,
546 2599 623 2665 7),
653 2617 680 2647 ι)
742 2601 806 2652 ut
861 2599 1103 2653 modum
1154 2602 1388 2670 peccato
1447 2615 1553 2654 suo
1609 2603 1866 2671 poneret.

219 2685 613 2757 Cogitationes
668 2690 870 2742 vestras
933 2687 1323 2742 confiteantur
1400 2687 1668 2742 Domino.
1746 2687 1870 2745 Non

216 2774 467 2830 dicatis:
525 2774 648 2830 Non
727 2774 1114 2847 peccavimus.
1164 2775 1319 2830 Dixit
1373 2774 1629 2831 Paulus:
1664 2798 1692 2825 ‹‹
1751 2775 1868 2831 Etsi

218 2861 369 2917 nihil
399 2861 539 2917 mihi
576 2863 843 2918 conscius
869 2880 1001 2918 sum
1033 2864 1080 2935 (I
1130 2864 1260 2919 Cor.
1323 2882 1397 2932 ιν,
1456 2865 1532 2936 ιι),
1571 2887 1591 2913 ι
1647 2865 1869 2919 addidit

214 2954 447 3007 tamen:
486 2972 513 3001 ‹‹
543 2951 652 3006 Sed
688 2968 804 3006 non
834 2952 890 3006 in
925 2951 1033 3007 hoc
1064 2952 1415 3023 justiﬁealus
1447 2970 1577 3008 sum
1596 2952 1801 3025 (Ibid).
1836 2976 1863 3003 »

161 3112 173 3117 '
213 3039 284 3095 Et
304 3056 405 3095 vos
433 3038 664 3095 etiamsi
696 3039 841 3094 nihil
870 3039 1011 3095 estis
1063 3041 1301 3107 conscii,
1359 3041 1721 3097 conﬁtemini
1778 3046 1864 3095 ta-

214 3142 351 3183 men
381 3127 648 3195 Domino,
674 3143 746 3183 ne
776 3127 913 3199 quid
949 3128 1024 3182 sit
1053 3130 1207 3201 quod
1240 3145 1341 3184 vos
1388 3133 1708 3201 praetereat.
1768 3130 1863 3183 Et-

212 3215 370 3273 enim
399 3216 498 3288 qui
530 3217 840 3272 confitetur
876 3216 1209 3284 Dominum,
1241 3222 1299 3273 et
1327 3216 1607 3289 reliquias
1646 3217 1860 3290 cogita-

1016 1908 1283 2034 ﬂaziliisn
1314 1923 1395 1990 ac.
1429 1908 1655 1963 Domino
1710 1909 1877 1979 conﬂ-
1916 1931 1957 1996 Β

1016 1994 1066 2033 ιο
1172 1995 1307 2034 wszs
1336 1978 1554 2034 dicatur
1603 1979 1774 2034 Orate
1821 1986 1877 2034 et

2000 823 2111 895 30).
2139 846 2168 873 ››
2201 825 2325 880 Non
2359 825 2515 881 enim
2543 825 2884 897 purpuratis
2902 825 3302 893 otl‘erentibus,
3326 825 3425 881 sed
3457 828 3654 881 motus

1999 912 2267 985 proprios
2323 913 2660 986 regentibus
2732 914 3017 970 Dominus
3072 914 3250 969 Jesus
3307 913 3650 984 delectatur,

1999 1000 2102 1072 qui
2133 1001 2415 1074 corporali
2446 1002 2716 1070 lascivim,
2770 1003 2983 1058 mentis
3040 1002 3417 1058 dominentur
3464 1003 3654 1076 impe-

1994 1089 2097 1146 rio.
2136 1090 2306 1147 Orate
2336 1108 2495 1165 ergo,
2529 1091 2773 1147 divites!
2807 1092 2932 1147 Non
2994 1091 3224 1147 habetis
3281 1091 3341 1146 in
3382 1091 3654 1164 operibus

1991 1180 2145 1251 quod
2204 1180 2444 1251 placeat.
2492 1181 2644 1237 586
2716 1181 2888 1236 Orate
2944 1197 3048 1252 pro
3111 1181 3365 1253 peccatis
3422 1180 3635 1238 vestris

1993 1270 2168 1339 atque
2201 1267 2456 1340 flagitiis,
2489 1274 2546 1325 et
2574 1268 2794 1325 reddite
2820 1268 3066 1325 Domino
3097 1269 3212 1325 Deo
3225 1273 3414 1326 vestro
3437 1286 3649 1326 mune-

1993 1372 2077 1411 ra.
2114 1356 2357 1413 Reddite
2390 1358 2446 1412 in
2479 1375 2752 1430 paupere,
2790 1358 2848 1413 in
2906 1374 3087 1430 egeno
3146 1357 3368 1426 solvite,
3428 1358 3489 1414 in
3547 1358 3648 1416 illo

1991 1444 2164 1518 inope
2195 1445 2468 1512 fenerate,
2503 1464 2677 1519 quem
2712 1446 2939 1520 placare
2971 1452 3208 1520 propter
3235 1452 3427 1504 vestra
3480 1449 3645 1521 ﬂagi-

1988 1534 2070 1590 tia
2135 1534 2306 1590 aliter
2380 1553 2494 1591 non
2536 1536 2795 1608 potestis.
2855 1538 3035 1602 Quem
3094 1535 3343 1593 ultorem
3400 1536 3645 1605 timetis,

1989 1621 2157 1677 facite
2189 1624 2509 1680 debitorem
2542 1625 2677 1695 (33).
2712 1648 2739 1676 ‹‹
2771 1626 2893 1681 Non
2946 1624 3249 1697 accipiam,
3300 1625 3511 1698 inquit,
3572 1626 3644 1682 de

1987 1710 2163 1766 domo
2193 1716 2297 1767 tua
2328 1712 2562 1780 vitulos,
2597 1729 2788 1786 neque
2815 1715 2886 1769 de
2913 1713 3189 1786 gregibus
3231 1714 3351 1770 tuis
3401 1714 3598 1771 hircos
3625 1732 3638 1783 ;

1988 1799 2266 1871 quoniam
2302 1818 2442 1857 mem
2491 1805 2633 1857 sunt
2692 1817 2895 1857 omnes
2945 1802 3077 1857 feras
3133 1802 3410 1859 silvarum
3471 1804 3639 1875 (Psal.

1987 1904 2137 1954 χλιχ,
2167 1890 2222 1959 9,
2253 1889 2361 1962 40).
2412 1890 2710 1962 Quidquid
2770 1889 3120 1957 obtuleritis,
3181 1891 3391 1962 inquit,
3442 1907 3640 1947 meum

1987 1980 2095 2041 est,
2146 1978 2288 2049 quia
2318 1983 2476 2034 totus
2523 1979 2680 2035 orbis
2724 1996 2889 2035 meus
2948 1983 3055 2035 est.
3112 1979 3237 2035 Non
3297 1980 3462 2053 exigo
3512 1997 3639 2052 qua:

1985 2080 2115 2121 mea
2146 2074 2319 2122 sunt:
2357 2072 2446 2122 est
2469 2068 2622 2139 quod
2655 2068 2727 2123 de
2756 2075 2944 2125 vestro
2989 2068 3132 2123 mihi
3164 2068 3406 2141 possitis
3464 2068 3638 2125 otI‘er-

1984 2171 2064 2221 re,
2096 2156 2357 2211 studium
2389 2157 2714 2214 devotionis
2744 2162 2801 2213 et
2831 2158 2984 2213 fidei.
3039 2157 3166 2212 Non
3210 2156 3633 2213 sacrificiorum

1984 2242 2299 2300 ambitione
2338 2244 2626 2301 delector:
2705 2246 3115 2302 tantummodo
3157 2244 3291 2317 (34),
3342 2262 3375 2301 o
3436 2244 3632 2314 homo,

1985 2351 2012 2379 «
2040 2330 2281 2388 immota
2312 2332 2427 2387 Deo
2455 2333 2810 2389 sacrificium
2841 2333 3054 2401 laudis,
3088 2336 3145 2389 et
3194 2333 3371 2389 redde
3402 2332 3633 2391 Altissi-

1982 2434 2077 2475 mo
2107 2425 2239 2475 vota
2270 2424 2372 2476 tua
2390 2422 2549 2489 (Ibid.
2589 2424 2695 2491 14).
2732 2445 2759 2472 ››

2049 2508 2137 2563 68.
2171 2510 2285 2563 Aut
2313 2514 2487 2577 certe,
2515 2511 2565 2565 si
2598 2510 2807 2582 placet,
2840 2510 2923 2566 sic
2939 2509 3320 2581 accipiamus.
3344 2508 3631 2574 Quoniam

1978 2595 2122 2651 dixit
2142 2597 2505 2654 obdormisse
2526 2615 2808 2654 somnum
2845 2616 3020 2654 suum
3038 2598 3266 2664 divites,
3291 2599 3633 2672 increpatio-

1978 2701 2082 2741 nes
2142 2686 2422 2758 praemisit
2451 2687 2687 2743 Domini
2736 2686 2794 2742 in
2827 2704 2946 2755 eos,
2978 2692 3257 2743 terrorem
3308 2686 3628 2756 subtexuit,

1977 2774 2294 2846 potentiam
2330 2775 2683 2845 praedicavit,
2728 2775 2823 2831 cui
2882 2793 2988 2831 nec
3044 2775 3252 2831 divites
3308 2776 3625 2846 resistant;

1976 2879 2292 2919 conversus
2352 2864 2422 2917 ad
2484 2864 2787 2919 univcrsiis
2844 2864 2956 2920 ait:
3017 2863 3231 2919 Divites
3287 2863 3626 2940 dormitent,

1974 2951 2183 3007 divites
2218 2952 2621 3022 increpentur:
2675 2969 2774 3008 vos
2806 2975 2833 3003 «
2868 2956 3049 3018 orate,
3080 2956 3137 3007 et
3167 2952 3390 3009 reddite
3428 2953 3625 3009 Domi-

1974 3057 2048 3095 no
2070 3040 2185 3095 Deo
2208 3044 2398 3095 vostro
2429 3056 2652 3107 omnes,
2693 3041 2791 3113 qui
2824 3041 2881 3096 in
2914 3042 3159 3096 circuitu
3217 3042 3345 3111 ejus
3402 3042 3626 3098 effertis

1974 3145 2217 3184 munera
2246 3128 2415 3200 (Psal.
2452 3147 2614 3185 LXXV.
2666 3133 2775 3201 12),
2811 3152 2839 3180 ››
2888 3130 2946 3185 id
3022 3133 3129 3198 est,
3171 3128 3391 3202 gratias
3447 3131 3622 3204 agite,

1971 3218 2423 3289 pauperes,quia
2453 3234 2565 3272 non
2599 3223 2688 3274 est
2716 3235 3096 3290 personarum
3130 3222 3398 3291 acceptor
3448 3221 3618 3275 Deus.

211 3304 390 3361 tionis
421 3304 752 3361 adhibuerit
801 3306 872 3360 ad
935 3305 1381 3373 confessionem,
1424 3306 1577 3361 diem
1638 3305 1850 3361 festum
1884 3299 1924 3365 C
1963 3304 2052 3361 Illi
2082 3298 2313 3361 divitias
2344 3310 2596 3376 struant,
2650 3308 2905 3363 condant
2959 3307 3289 3379 pecuniam,
3337 3308 3466 3364 auri
3512 3325 3619 3381 ag-

210 3393 425 3449 mentis
457 3393 771 3449 celebrabit
798 3395 1198 3465 arcano(Psal.
1248 3412 1410 3460 Lxxv,
1468 3394 1574 3466 tl),
1605 3398 1664 3449 et
1718 3411 1860 3466 epu-

209 3481 429 3538 labitur
466 3498 581 3538 non
614 3483 670 3537 in
706 3482 989 3539 fermento
1035 3482 1271 3538 malitiae
1316 3490 1373 3539 et
1402 3482 1710 3556 nequitiae;
1760 3483 1858 3539 sed

208 3570 271 3625 in
304 3569 521 3643 azymis
550 3570 905 3627 sinceritatis
933 3576 992 3627 et
1024 3570 1285 3627 veritatis
1311 3572 1357 3643 (ι
1387 3572 1506 3628 Cor.
1541 3588 1596 3636 v,
1638 3572 1715 3639 8).

278 3660 369 3713 67.
401 3662 605 3731 Itaque
634 3660 691 3714 in
717 3659 1089 3716 conclusione
1120 3677 1435 3717 conversus
1469 3661 1541 3715 ad
1567 3677 1669 3715 vos
1722 3660 1860 3715 Pro-

206 3747 387 3820 pheta
416 3747 557 3803 dicit
584 3765 596 3804 ε
634 3748 858 3819 «Orate,
896 3753 954 3805 et
978 3748 1203 3805 reddite
1234 3748 1479 3805 Domino
1525 3750 1639 3804 Deo
1669 3752 1859 3804 vestro

205 3836 381 3906 (Psal.
432 3854 592 3903 Lxxv,
658 3837 766 3906 l2),
809 3861 836 3888 υ
888 3837 944 3893 id
995 3842 1084 3893 est
1144 3855 1157 3893 :

206 3924 442 3992 divites,
476 3925 603 3981 dies
623 3924 822 3991 instat,
856 3930 1017 3982 orate
1043 3943 1146 3998 pro
1178 3926 1429 3998 peccatis
1467 3926 1696 3992 vestris,
1730 3926 1858 3981 red-

209 4014 330 4069 dite
362 4030 467 4086 pro
498 4014 800 4071 beneficiis
852 4031 979 4087 quae
1039 4014 1266 4071 habetis
1298 4031 1562 4070 munera.
1593 4015 1678 4069 Ab
1733 4015 1859 4086 ipso

205 4101 517 4174 accepistis
547 4103 700 4174 quod
731 4101 1014 4157 offeratis:
1044 4103 1233 4175 ipsius
1264 4107 1355 4157 est
1384 4103 1538 4174 quod
1579 4103 1631 4158 ei
1686 4101 1856 4157 solvi-

202 4190 304 4246 tis.
347 4190 532 4256 Dona,
568 4190 759 4262 inquit
785 4192 829 4261 (I
849 4192 1041 4247 Paral.
1094 4209 1247 4255 χχιχ,
1284 4192 1397 4263 14),
1430 4208 1580 4257 mea,
1613 4196 1670 4246 et
1725 4191 1859 4245 data

204 4295 358 4347 mea,
395 4278 502 4334 hoc
543 4284 650 4344 est,
691 4297 818 4351 quae
866 4279 1082 4335 offertis
1130 4279 1273 4335 mihi
1313 4280 1488 4350 dona,
1529 4281 1668 4335 data
1721 4283 1861 4335 sunt

202 4385 356 4432 mea,
388 4383 495 4440 ego
525 4384 592 4423 ea
652 4368 782 4423 dedi
849 4367 1014 4423 vobis
1067 4372 1241 4440 atque
1306 4367 1533 4423 donavi.
1596 4366 1857 4439 Denique

199 4455 495 4527 Propheta
548 4456 627 4509 ait
668 4473 681 4510 :
727 4478 755 4505 ‹‹
798 4456 1090 4511 Bonorum
1145 4473 1406 4511 meorum
1461 4473 1576 4512 non
1629 4454 1857 4528 indiges

199 4545 376 4617 (Psal.
402 4561 495 4611 xv,
525 4543 601 4615 2),
639 4566 660 4590 ι»
698 4543 826 4599 ideo
857 4549 962 4600 tua
991 4545 1093 4600 tibi
1127 4545 1324 4612 offero,
1375 4545 1655 4616 quoniam
1707 4543 1855 4598 nihil

1216 3837 1410 3892 Nolite
1461 3836 1858 3903 dissimulare,
1898 3894 1909 3909 ,

1970 3400 2172 3467 gerent
2199 3400 2256 3449 et
2293 3396 2517 3466 argenti
2550 3395 2890 3452 thesauros:
2925 3413 3027 3452 vos
3079 3401 3257 3465 orate,
3311 3397 3412 3469 qui
3457 3396 3619 3455 aliud

1971 3500 2086 3539 non
2116 3483 2378 3539 habetis:
2413 3501 2514 3540 vos
2544 3490 2723 3554 orate,
2775 3487 2915 3558 quia
2961 3486 3070 3543 hoc
3119 3486 3311 3543 solum
3362 3486 3616 3556 habetis,

1970 3572 2124 3644 quod
2154 3577 2242 3627 est
2272 3589 2413 3627 auro
2447 3575 2760 3644 pretiosius
2788 3580 2846 3630 et
2904 3580 3165 3648 argento.
3219 3576 3334 3633 Vos
3391 3576 3617 3632 reddite

1970 3677 2214 3716 munera
2245 3661 2342 3731 qui
2377 3678 2410 3715 a
2438 3661 2684 3718 Domino
2724 3679 2840 3717 non
2874 3664 3162 3730 receditis,
3206 3664 3307 3736 qui
3359 3665 3501 3722 estis
3560 3665 3618 3720 in

1969 3748 2243 3813 circuitu;
2306 3748 2583 3821 quoniam
2642 3750 2742 3820 qui
2785 3750 2962 3805 eratis
3015 3751 3194 3825 longe
3255 3752 3390 3808 facti
3474 3753 3619 3809 estis

1970 3853 2166 3908 prOpe.
2224 3837 2327 3902 Qui
2378 3838 2585 3891 autem‘
2624 3854 2802 3909 prope
2850 3838 2960 3893 sibi
3017 3839 3288 3895 videntur
3339 3856 3469 3896 esse
3518 3857 3622 3913 per

1969 3925 2201 3981 divitias
2226 3942 2291 3980 ac
2350 3926 2692 4007 potentiam,
2752 3927 2921 3998 longe
2974 3927 3106 3982 facti
3162 3932 3303 3984 sunt
3384 3933 3622 4000 propter

1968 4013 2292 4069 avaritiam.
2326 4013 2505 4069 Nemo
2537 4015 2691 4069 enim
2724 4015 2862 4071 foris
2890 4020 2998 4082 est,
3046 4016 3159 4071 nisi
3218 4031 3392 4087 quem
3445 4014 3621 4086 culpa

1967 4102 2296 4168 excluserit,
2329 4108 2394 4157 ut
2421 4103 2592 4173 ejecit
2627 4104 2811 4159 Adam
2843 4105 2914 4159 de
2971 4104 3262 4177 paradiso,
3317 4107 3376 4159 et
3425 4102 3619 4159 exclu-

1968 4191 2045 4246 sit
2074 4192 2271 4246 Evam.
2315 4192 2501 4247 Nemo
2531 4191 2723 4264 longe,
2760 4192 2871 4247 nisi
2907 4209 3081 4265 quem
3111 4193 3331 4266 flagitia
3388 4191 3623 4265 prepria

1967 4278 2227 4352 relegave
2236 4280 2372 4335 rint.

2038 4368 2124 4422 69.
2160 4369 2306 4440 Ergo
2337 4386 2437 4424 vos
2469 4386 2647 4441 prope
2670 4366 2840 4442 positi
2866 4374 3022 4426 orate
3052 4374 3109 4425 et
3133 4370 3354 4426 reddite
3375 4387 3622 4427 munera

1971 4456 2296 4525 «terribili,
2346 4462 2405 4511 et
2453 4458 2503 4511 ei
2563 4460 2657 4528 qui
2693 4459 2886 4513 aufert
2936 4458 3267 4531 principum
3322 4460 3617 4533 spiritum,

1962 4544 2235 4600 terrribili
2270 4546 2423 4617 apud
2476 4563 2637 4618 reges
2695 4552 2861 4601 terrae
2897 4548 3055 4619 (Ibid.
3101 4549 3227 4616 t3);
3269 4572 3295 4599 η
3344 4566 3410 4605 eo
3461 4551 3619 4623 quod

197 4634 392 4689 habeo
424 4633 575 4704 quod
603 4650 716 4688 non
748 4634 959 4689 dedisti
995 4633 1163 4689 Fides
1192 4638 1280 4689 est
1328 4650 1454 4705 qum
1511 4634 1665 4688 dona
1722 4650 1857 4689 con-
1889 4666 1935 4730 Β
1968 4632 2129 4689 nullo
2160 4634 2480 4689 redimatur
2531 4634 2727 4730 divitis
2766 4637 3025 4707 praemio,
3070 4636 3230 4693 nullo
3288 4637 3621 4695 inﬂectatur

197 4722 391 4789 ciliat,
423 4720 732 4777 humilitas
763 4726 852 4778 est
881 4740 1008 4794 quae
1041 4722 1237 4778 oblata
1277 4723 1670 4777 commendat.
1728 4722 1860 4777 Fide
1889 4720 1930 4730 ”
1967 4723 2295 4794 potentium
2326 4721 2659 4793 supercilio,
2693 4724 2791 4795 qui
2817 4724 3001 4797 culpae
3023 4725 3207 4798 pretia
3227 4726 3616 4790 discriminat,

193 4810 342 4866 Abel
375 4809 693 4882 plurimam
735 4809 988 4866 hostiam
1021 4809 1236 4866 obtulit
1282 4810 1430 4866 Deo:
1486 4826 1663 4883 super
1716 4810 1855 4865 Cain

197 4897 404 4956 fratris
452 4914 700 4955 munera
724 4898 944 4971 placuit
972 4915 1189 4954 munus
1210 4899 1371 4968 Abel,
1407 4898 1545 4972 quia
1566 4900 1677 4955 ﬁde
1701 4899 1855 4955 vicit.

194 4989 351 5045 Nam
385 4987 539 5042 unde
598 4994 871 5060 pauperis
927 4988 1121 5044 hostia
1180 4987 1389 5061 magis,
1432 5005 1609 5060 quam
1659 4988 1857 5044 divitis

272 5102 387 5175 (33)
416 5102 545 5157 Vet.
578 5102 718 5158 edit.
764 5107 820 5158 et
877 5120 1021 5160 mss.
1085 5103 1255 5176 longe
1313 5103 1574 5176 plurimi,
1636 5104 1857 5160 Reddite

192 5178 255 5232 in
287 5189 582 5247 pauperes,
616 5176 672 5228 in
730 5190 922 5246 egenos
968 5176 1189 5240 solvite,
1245 5176 1303 5229 in
1354 5177 1542 5247 inopes
1592 5177 1854 5246 fenerate,

191 5246 329 5320 quae
354 5246 579 5320 placare
632 5249 843 5316 possint
876 5247 1043 5301 Deum
1096 5249 1260 5307 (mss.
1312 5246 1553 5320 aliquot,
1612 5250 1676 5301 In
1737 5248 1858 5301 illos

191 5318 398 5390 inopes
446 5318 714 5388 fenerate,
772 5320 869 5388 qui
911 5320 1128 5389 placere
1177 5319 1389 5389 possint
1435 5319 1560 5389 Deo)
1635 5328 1857 5390 propter

476 5400 701 5462 vestra;
756 5390 924 5462 aliter
977 5390 1150 5462 enim_
1191 5404 1318 5462 uon
1396 5389 1637 5462 potestis.
1717 5389 1857 5462 Ergo

193 5458 457 5532 auem...
506 5460 671 5529 facite
724 5460 1047 5532 vobiscum
1116 5458 1430 5515 debitorem.
1491 5459 1659 5514 Rom.
1715 5458 1852 5532 edit.

195 5530 333 5588 cum
366 5533 589 5595 nostra,
623 5547 809 5602 usque
856 5531 926 5585 ad
971 5546 1168 5585 vocem
1213 5533 1476 5601 [enerate,
1530 5530 1852 5598 consentit;

196 5606 410 5659 caetera
438 5617 573 5655 cum
604 5606 716 5657 vet.
752 5602 1022 5658 Nostram
1054 5618 1187 5657 vero
1217 5618 1360 5656 mss.
1411 5606 1537 5656 octo
1597 5602 1853 5656 melioris

196 5674 301 5729 aevi
335 5672 728 5746 constituunt.
771 5674 915 5746 Eam
948 5690 1118 5746 porro
1150 5672 1280 5728 aliis
1312 5670 1478 5746 facile
1508 5673 1853 5746 praetpleris,

198 5750 255 5802 st
283 5743 722 5803 animadvertas
747 5743 1055 5802 relativum
1089 5760 1249 5816 quem
1282 5743 1481 5800 referri
1510 5743 1596 5801 ’ad
1646 5744 1852 5813 Deum,

1968 4811 2066 4883 qui
2094 4827 2209 4882 quo
2240 4810 2373 4882 plus
2403 4809 2577 4866 alicui
2617 4812 2945 4882 contulerit,
3004 4831 3071 4871 eo
3128 4814 3263 4888 plus
3309 4814 3488 4885 exigit
3543 4814 3616 4867 ab

1967 4913 2053 4954 eo.
2089 4898 2226 4955 Saul
2258 4900 2479 4971 privato
2511 4902 2757 4956 contulit
2805 4918 3076 4975 regnum,
3130 4903 3228 4958 sed
3277 4901 3415 4972 quia
3446 4916 3617 4954 man-

1968 4989 2168 5042 datum
2205 4988 2668 5056 noncustodivit,
2685 4994 3001 5062 ctreguum
3023 4990 3291 5046 amisitet
3314 4986 3614 5060 spiritum.

2009 5102 2155 5177 uiin
2187 5102 2435 5176 singulis
2475 5103 2679 5159 incisis
2734 5105 3195 5177 subintelligitur
3250 5104 3359 5159 hoc
3408 5106 3615 5177 pacto:

2009 5120 2067 5157 U1
2096 5120 2155 5157 in
2187 5120 2435 5176 smguus
2475 5121 2679 5159 11101818
2734 5120 3195 5177 sumntemguur
3250 5120 3359 5159 nec
3408 5120 3615 5174 pacto:

1968 5120 2188 5229 ﬁeddite
2216 5177 2276 5248 in
2312 5191 2567 5246 paupere,
2618 5176 2825 5248 supple
2855 5178 3257 5248 Deomunera;
3296 5178 3354 5229 et
3408 5176 3495 5229 sic
3548 5174 3619 5230 de

1966 5248 2215 5301 creteris.
2250 5247 2359 5301 Sed
2396 5248 2527 5300 licet
2573 5246 2751 5301 etiam
2787 5246 3114 5317 simplicius
3174 5262 3276 5317 per
3328 5261 3497 5317 voces
3554 5248 3617 5300 in

1962 5333 2222 5398 paupere,
2247 5321 2302 5372 in
2333 5333 2517 5387 egeno,
2545 5317 2844 5398 9hristum
2861 5316 3246 5398 designatum
3272 5316 3614 5398 intelligere.

2037 5387 2148 5461 (34)
2181 5389 2265 5442 lta
2314 5404 2455 5442 mss.
2507 5387 2729 5461 aliquot
2762 5387 3231 5461 antisquissimaa
3280 5387 3619 5461 manus:_Et

1965 5457 2075 5515 hoc
2107 5457 2260 5514 certe
2309 5475 2440 5513 curn
2492 5457 2892 5532 superioribus
2951 5457 3141 5532 magis
3196 5459 3468 5532 concinit.
3502 5458 3615 5532 Nec

1964 5534 2158 5585 tamen
2193 5528 2833 5602 aspernandafaliorum
2869 5546 3010 5602 mss.
3045 5528 3218 5602 atque
3265 5531 3402 5586 edit.
3445 5529 3614 5586 lectio

1967 5618 2096 5673 quae
2127 5608 2214 5674 est
2244 5599 2581 5674 hujusmodi
2618 5616 2630 5654 :
2664 5600 2850 5674 Studia
2880 5599 3180 5657 devotion—is
3209 5607 3264 5658 et
3291 5602 3441 5674 ﬁdei,
3502 5618 3616 5657 non

1963 5671 2359 5742 sacriﬁciorum
2386 5671 2682 5727 ambitione
2718 5673 2965 5730 delector.
3002 5671 3408 5743 Tantummodo,
3426 5671 3538 5729 etc.
