4052 6196
385 330 499 403 τοι

1845 336 1911 400 S.
1956 333 2337 402 AMBROSII

3680 326 3806 393 ’ΝΞ

385 471 601 530 Multos
631 484 797 546 reges
826 469 1090 545 gentium
1122 472 1357 545 propter
1382 469 1684 545 perﬁdiam
1718 469 1852 528 fecit
1874 487 1905 527 e
1939 487 2033 544 po.
2064 473 2116 540 Α
2147 489 2261 528 non
2320 471 2544 545 putavit
2595 486 2723 531 esse
2780 469 3155 543 servandum,
3211 467 3367 545 quod
3445 467 3811 542 promiserat

1376 562 1457 586 0","

386 562 527 636 pulo
558 566 794 635 patrum
850 579 980 618 esse
1038 562 1296 634 captivos
1354 562 1484 632 (373,.
1547 563 1609 615 Et
1668 566 1732 616 ut
1782 563 1907 632 jam
1966 561 2036 616 de

388 650 689 725 proposita
716 650 1031 724 loquamur
1061 650 1305 707 historia
1335 653 1433 721 (III
1462 653 1585 721 Heg.
1623 668 1734 713 xxi,
1772 651 1880 718 19),
1935 649 2037 720 qui

385 741 589 798 Achab
621 758 815 815 regem
859 739 1194 797 ccelestibus
1249 739 1548 813 ingratum
1606 740 1903 795 beneficiis
1958 740 2039 794 ita

381 831 571 903 jussit
597 830 801 898 occidi,
836 833 899 884 ut
931 847 963 884 a
996 829 1238 884 canibus
1267 830 1395 901 ejus
1424 829 1665 885 vulnera
1710 827 2038 884 lamberen-

387 923 504 975 tur.
543 918 771 974 Etenim
832 918 973 989 quia
1028 917 1303 990 pauperis
1352 919 1581 974 vineam
1644 917 2037 990 concupierat,

388 1023 758 1079 nequaquam
795 1008 974 1062 tantis
1005 1006 1215 1079 opibus
1257 1007 1522 1079 expletus
1578 1006 1831 1079 imperii,
1889 1006 2042 1062 infra

388 1112 623 1153 omnem
646 1095 905 1167 inopiam
938 1095 1211 1151 redactus
1243 1101 1333 1152 est
1362 1113 1395 1151 a
1425 1096 1691 1152 Domino.
1752 1096 1876 1150 Non
1939 1094 2041 1167 qui

388 1184 627 1241 vulnera
658 1185 785 1254 ejus
818 1183 1060 1255 lavaret,
1095 1184 1367 1240 inventus
1395 1189 1503 1252 est,
1535 1201 1649 1239 non
1682 1183 1782 1255 qui
1831 1200 2042 1255 corpus

390 1273 661 1346 operiret.
696 1273 915 1328 Del'ecit
945 1273 1100 1328 circa
1128 1289 1265 1328 eum
1316 1273 1623 1328 hominum
1682 1273 2040 1338 humanitas,

391 1379 603 1418 canum
630 1361 913 1417 successit
945 1360 1247 1433 asperitas.
1288 1362 1500 1434 Dignos
1529 1362 1699 1433 plane
1731 1362 1821 1417 sui
1874 1360 2045 1416 mini-

390 1455 544 1508 stros
576 1450 798 1506 funeris
830 1466 1041 1505 avarus
1074 1449 1313 1505 invenit.

913 1611 1060 1667 587
1095 1610 1325 1668 CAPUT
1354 1611 1524 1665 XVII.

395 1719 514 1774 Cur
541 1718 739 1782 Achab,
774 1719 865 1771 cui
892 1718 1032 1772 Deus
1061 1717 1126 1772 ob
1151 1718 1538 1788 paenitentiam
1575 1720 1693 1785 eius
1722 1719 2048 1789 promiserat

464 1791 701 1855 veniam,
730 1791 913 1843 tamen
943 1791 1116 1843 victus
1149 1799 1314 1859 atque
1360 1791 1563 1860 occisus
1617 1791 1789 1860 fuerit
1820 1806 1833 1845 :
1884 1789 2048 1859 hujus

466 1862 554 1915 rei
592 1860 795 1931 duplex
823 1861 1011 1914 ratio:
1062 1859 1205 1914 unde
1261 1859 1621 1928 concluditur,
1680 1862 1845 1915 etiam
1897 1861 2047 1916 iudi-

464 1933 591 2001 gnis
617 1932 891 2003 prmissa
920 1947 1023 1985 sua
1054 1932 1222 1986 Deum
1250 1948 1490 1986 servare.

463 2074 554 2127 70.
588 2073 704 2129 Hoc
736 2072 860 2129 loco
891 2073 1077 2128 oritur
1106 2071 1249 2128 illud
1267 2072 1624 2144 quaestionis,
1649 2074 1943 2145 quomodo
1964 2071 2045 2128 le-

394 2162 589 2235 gimus
621 2162 837 2218 dixisse
871 2162 1178 2219 Dominum
1213 2164 1283 2217 ad
1316 2161 1533 2218 Eliam:
1575 2161 1825 2217 «Vidisti
1847 2178 2047 2233 quem-

395 2250 713 2307 admodum
771 2255 1103 2307 commotus
1185 2256 1274 2307 est
1327 2250 1524 2306 Achab
1580 2269 1613 2306 a
1669 2251 1812 2307 facie
1872 2251 2047 2306 mea?

394 2338 519 2395 Non
555 2340 827 2394 inducam
860 2339 921 2394 in
952 2339 1159 2395 diebus
1188 2340 1316 2409 ejus
1355 2339 1530 2404 mala,
1564 2340 1666 2395 sed
1720 2338 1779 2393 in
1839 2339 2046 2395 diebus

395 2426 500 2482 ﬁlii
530 2430 659 2498 ejus
690 2428 966 2483 inducam
999 2427 1154 2482 mala
1200 2429 1296 2499 (III
1350 2433 1482 2495 Reg.
1543 2445 1656 2495 XOI,
1688 2428 1802 2499 29).
1840 2450 1867 2478 ››
1930 2430 2049 2483 Aut

394 2517 687 2589 quomodo
719 2516 972 2572 dicimus
1010 2516 1149 2587 quia
1176 2516 1328 2571 valet
1358 2517 1511 2588 apud
1556 2517 1870 2572 Dominum
1929 2534 2044 2588 pce-

395 2604 641 2660 nitentia
664 2608 689 2658 ?
720 2606 859 2661 Ecce
900 2621 999 2661 rex
1030 2610 1359 2661 commotus
1389 2609 1479 2661 est
1525 2611 1658 2661 ante
1689 2605 1896 2660 faciem
1930 2604 2044 2659 Do—

394 2692 563 2762 mini,
613 2715 635 2743 ι
688 2699 745 2748 et
798 2693 922 2749 ibat
968 2692 1228 2766 plorans,
1261 2699 1318 2748 et
1376 2694 1660 2749 conscidit
1698 2694 2048 2749 vestimenta

395 2799 526 2849 sua,
557 2786 614 2836 et
642 2783 872 2852 operuit
903 2799 964 2838 se
991 2782 1200 2848 cilicio,
1234 2787 1293 2838 et
1322 2786 1446 2836 erat
1488 2783 1729 2837 indutus
1760 2798 1926 2837 sacco
1981 2798 2049 2837 ex

397 2869 498 2925 illo
528 2870 620 2923 die
651 2886 763 2939 quo
816 2869 1107 2926 interiecit
1135 2870 1403 2925 Nabuthe
1459 2870 1825 2927 Jezraelitam
1887 2871 2046 2942 (Ibid.

393 2958 486 3027 27)
516 2974 529 3024 ',
563 2979 591 3006 »
616 2956 696 3012 ita
734 2962 800 3012 ut
830 2963 1009 3014 Deum
1067 2959 1469 3013 misericordia
1523 2964 1933 3025 commoveret,
1992 2964 2051 3015 et

397 3050 653 3102 mutaret
690 3046 1066 3103 sententiam.
1115 3048 1263 3119 Ergo
1321 3050 1422 3102 aut
1476 3048 1899 3120 pmnitentiam.
1932 3065 2047 3104 non

396 3134 600 3202 valuit,
636 3151 740 3191 nec
786 3135 1009 3191 inﬂexit
1061 3135 1374 3191 Dominum
1430 3136 1886 3202 misericordem,
1947 3142 2050 3193 aut

2145 562 2480 618 conﬁdenti.

2215 653 2303 706 72.
2362 652 2570 723 Accipe
2625 651 2784 709 aliud
2850 651 3083 708 verius:
3116 640 3201 709 'et
3259 650 3507 723 indigno
3555 648 3816 707 servavit

2145 741 2429 797 Dominus
2487 746 2749 797 tenorem
2800 740 3103 797 sententiae
3159 758 3298 806 suae,
3354 741 3456 796 sed
3523 739 3819 796 beneﬁcia

2146 830 2296 887 circo
2329 847 2392 887 se
2438 830 2636 888 divina
2670 830 2799 902 ipse
2852 848 2966 886 non
2998 830 3206 886 tenuit.
3244 828 3528 886 Intulerat
3582 828 3820 885 bellum

2148 936 2249 977 rex
2276 920 2451 993 Syriae
2478 937 2489 975 :
2522 919 2709 975 victus
2739 923 2830 976 est
2860 919 2972 991 (36)
3004 924 3062 976 et
3099 922 3365 975 servatus
3398 918 3470 974 ad
3526 918 3772 974 veniam
3805 936 3821 973 :

2149 1010 2414 1081 captivus
2445 1009 2596 1065 588
2629 1025 2863 1081 quoque
2900 1009 3169 1064 libertate
3199 1008 3472 1073 donatus,
3506 1013 3563 1063 et
3594 1007 3824 1063 remis—

2150 1116 2253 1154 sus
2285 1099 2356 1155 ad
2402 1114 2647 1170 regnum
2677 1102 2785 1153 est.
2837 1097 3001 1161 Quod
3046 1097 3156 1152 fuit
3210 1095 3419 1152 divine
3478 1095 3827 1159 sententiae,

2150 1204 2267 1243 non
2295 1187 2487 1243 solum
2541 1186 2724 1242 evasit
2751 1186 2968 1251 Achab,
3003 1186 3106 1241 sed
3136 1185 3314 1241 etiam
3362 1185 3767 1257 triumphavit
3808 1203 3823 1239 :

2151 1276 2305 1348 quod
2337 1276 2525 1349 ipsius
2555 1275 2816 1348 ignaviae,
2850 1275 3079 1331 hostem
3111 1274 3223 1330 sibi
3257 1291 3291 1330 a
3322 1290 3438 1346 quo
3455 1274 3829 1338 vinceretur,

2153 1365 2419 1420 armavit.
2454 1366 2525 1419 Et
2556 1369 2710 1419 certe
2741 1364 2929 1420 fuerat
2959 1364 3218 1419 monitus
3249 1380 3283 1419 a
3313 1363 3592 1435 propheta
3610 1363 3833 1419 dicen-

2154 1459 2246 1509 te:
2281 1476 2307 1503 ‹‹
2341 1453 2637 1525 Cognosce
2668 1456 2725 1508 et
2752 1453 2883 1508 vide
2924 1453 3063 1524 quid
3123 1451 3303 1508 facias
3363 1453 3464 1523 (III
3496 1455 3622 1523 Reg.
3652 1445 3970 1536 ἑλέῖῖ

2151 1545 2265 1610 22).
2302 1565 2328 1591 ››
2379 1541 2659 1609 Monitus,
2709 1541 2971 1614 inquam,
3024 1546 3169 1607 erat,
3240 1558 3308 1597 eo
3374 1542 3528 1613 quod
3592 1534 3833 1613 Syriam
3868 1534 3970 1548 “

2155 1631 2308 1704 regis
2340 1630 2534 1702 pueris
2577 1630 2888 1687 deberetur
2935 1629 3187 1687 ccelestis
3238 1630 3437 1703 gratiae
3493 1629 3834 1693 auxilium,

2157 1721 2434 1791 quoniam
2467 1718 2713 1775 dixisset
2746 1738 2758 1776 :
2796 1740 2824 1770 κ
2854 1720 3010 1775 Deus
3040 1720 3355 1786 montium,
3413 1720 3554 1774 deus
3601 1719 3831 1787 Israel,

2076 1842 2125 1908 Β
2157 1814 2213 1864 et
2243 1825 2358 1864 non
2390 1808 2546 1864 Deus
2575 1808 2713 1864 Baal
2739 1825 2751 1864 :
2786 1813 3023 1881 propter
3052 1808 3213 1907 .boc,
3268 1807 3481 1906 inquit,
3536 1808 3840 1908 obtinue-

2155 1901 2293 1952 runt
2324 1913 2426 1967 pro
2468 1896 2657 1952 nobis.
2720 1897 2791 1952 Et
2847 1896 2998 1964 ideo,
3050 1894 3263 1967 inquit,
3338 1895 3389 1951 si
3448 1911 3558 1951 non
3634 1894 3839 1967 plene

2152 1984 2582 2041 obtinuerimus
2614 2002 2734 2055 eos,
2770 1984 2829 2039 in
2859 1983 3057 2040 locum
3087 1984 3265 2058 Syriae
3323 1984 3477 2058 regis
3534 1988 3836 2056 satrapas

2152 2072 2439 2130 constitue
2469 2073 2567 2146 (III
2594 2074 2721 2141 Reg.
2754 2090 2848 2140 xx,
2886 2074 3114 2143 25-28);
3156 2098 3176 2121 ι
3207 2076 3271 2128 ut
3301 2073 3570 2129 virtutem
3599 2070 3732 2127 illis
3766 2077 3839 2129 et

2155 2162 2467 2234 potentiam
2501 2162 2653 2231 regis
2683 2162 2950 2217 auferret.
2989 2162 3247 2233 Denique
3274 2161 3461 2234 primo
3486 2176 3837 2232 congressu

2151 2250 2308 2315 vicit,
2341 2253 2407 2304 ut
2454 2249 2683 2323 fugaret
2719 2250 2988 2306 hostem:
3049 2250 3307 2307 secundo
3363 2250 3520 2318 vicit,
3566 2251 3836 2321 quando

2156 2343 2396 2410 captum
2428 2338 2674 2411 imperio
2706 2355 2814 2394 suo
2845 2338 3119 2394 reddidit.
3152 2340 3277 2404 Qua
3306 2354 3483 2394 causa
3536 2338 3842 2410 vincendi

2154 2428 2282 2497 ejus
2311 2426 2547 2487 evidens
2577 2426 2879 2483 resultavit
2924 2426 3250 2492 oraculum,
3301 2426 3527 2483 dicente
3564 2444 3684 2482 uno
3757 2444 3843 2486 ex

2154 2514 2292 2571 filiis
2326 2514 2742 2587 prophetarum
2774 2516 2846 2571 ad
2877 2515 3207 2588 proximum
3259 2532 3437 2572 suum
3480 2533 3493 2570 :
3535 2539 3562 2565 «
3598 2516 3841 2575 Occide

2159 2620 2278 2659 me.
2336 2605 2405 2659 Et
2435 2604 2619 2660 noluit
2643 2605 2817 2660 homo
2882 2606 3142 2661 occidere
3173 2622 3329 2661 eum.
3389 2605 3458 2660 Et
3512 2604 3701 2660 dixit:
3746 2606 3842 2663 Eo

2155 2693 2310 2763 quod
2344 2710 2458 2748 non
2490 2693 2737 2748 obedisti
2771 2694 2944 2749 verbo
2992 2693 3246 2760 Domini,
3280 2710 3412 2749 ecce
3468 2699 3532 2748 tu
3585 2695 3842 2752 recedis

2155 2797 2190 2836 a
2221 2797 2332 2846 me,
2393 2787 2452 2836 et
2514 2781 2824 2837 interﬁciet
2854 2786 2910 2837 te
2949 2781 3063 2838 leo.
3103 2782 3174 2837 Et
3212 2782 3453 2838 recessit
3495 2782 3566 2838 ab
3614 2798 3711 2850 eo,
3771 2789 3842 2840 et

2155 2868 2376 2925 invenit
2405 2887 2539 2925 eum
2570 2870 2679 2935 leo,
2711 2874 2769 2926 et
2796 2869 3086 2927 interfecit
3104 2887 3239 2927 eum
3264 2870 3424 2940 (Ibid.
3456 2872 3546 2938 35,
3574 2871 3667 2941 36)
3689 2893 3725 2919 ι)
3753 2872 3842 2928 Et

2157 2962 2290 3030 post
2320 2958 2429 3013 hoc
2459 2959 2609 3013 alius
2633 2959 2916 3030 propheta
2953 2959 3141 3015 astitit
3179 2963 3311 3016 ante
3358 2976 3550 3033 regem
3612 2960 3844 3029 Israel,

2156 3051 2214 3102 et
2250 3047 2397 3102 dixit
2426 3048 2497 3103 ad
2529 3063 2697 3103 eum:
2731 3071 2757 3098 «
2794 3048 2922 3104 Haec
2963 3047 3105 3104 dicit
3159 3049 3465 3105 Dominus.
3523 3048 3842 3113 Quoniam

2159 3134 2437 3191 dimisisti
2469 3144 2528 3191 tu
2567 3135 2757 3192 virum
2789 3136 3294 3193 exterminationis
3326 3138 3398 3193 de
3446 3154 3624 3193 manu
3680 3140 3838 3209 tua,

395 3223 698 3280 oraculum
730 3223 944 3278 falsum
984 3228 1090 3280 est.
1125 3224 1271 3278 Nam
1314 3223 1510 3279 Achab
1542 3228 1599 3279 et
1654 3224 1843 3281 victus
1872 3230 1962 3281 est
1990 3230 2047 3281 et
2076 3211 2117 3277 C
2155 3239 2286 3279 ecce
2316 3225 2513 3280 anima
2540 3229 2644 3281 tua
2671 3240 2775 3297 pro
2816 3225 3014 3282 anima
3041 3224 3222 3291 illius,
3281 3230 3340 3282 et
3369 3224 3619 3299 populus
3672 3229 3839 3285 tuus

398 3313 626 3369 occisus
659 3312 752 3383 (III
781 3314 904 3382 Reg.
938 3329 1074 3380 xxn,
1116 3312 1227 3382 35).

465 3402 556 3455 71.
592 3400 703 3457 Sed
735 3401 1041 3457 considera
1070 3400 1209 3479 quia
1243 3400 1474 3457 Jezabel
1516 3400 1769 3457 habebat
1808 3418 2048 3458 uxorem

398 3488 497 3559 (III
528 3490 655 3559 Reg.
696 3506 813 3555 xxx,
867 3490 980 3561 25),
1030 3491 1201 3560 cujus
1250 3489 1730 3546 inflammabatur
1785 3491 2045 3560 arbitrio,

397 3592 528 3648 quae
559 3577 841 3632 convertit
870 3595 967 3632 cor
997 3579 1145 3649 ejus,
1170 3582 1226 3633 et
1274 3578 1472 3634 nimiis
1502 3578 1823 3652 sacrilegiis
1855 3596 1923 3635 ex
1953 3596 2049 3635 se-

393 3663 674 3721 crabilem
721 3664 888 3731 fecit;
948 3672 1006 3721 et
1074 3666 1232 3721 hunc
1298 3683 1434 3740 ergo
1492 3669 1619 3737 ejus
1694 3667 2048 3739 poenitentiae

394 3751 747 3810 revocaverit
776 3753 1069 3810 allectum.
1097 3755 1384 3811 Dominus
1416 3759 1614 3811 autem
1675 3772 1788 3811 non
1858 3759 2050 3827 potest

393 3841 696 3898 mutabilis
750 3842 1049 3925 aestimari,
1112 3844 1213 3900 sed
1276 3844 1660 3920 confessionis
1714 3844 2046 3902 immemori

465 4002 581 4074 (35)
631 4003 771 4087 Mss.
816 4002 1103 4087 nonnulli,
1139 4007 1319 4087 atque.
1361 4021 1566 4087 omnes
1624 4005 1789 4087 edit,
1850 4007 2046 4087 multos

390 4088 544 4145 reges
574 4076 819 4142 gentium
848 4083 1067 4146 propter
1116 4075 1411 4146 perﬁdiam
1439 4079 1567 4147 fecit
1620 4078 1817 4149 popqu
1870 4077 2037 4149 (mss.

390 4145 528 4212 duo,
559 4146 775 4213 populi)
806 4151 1025 4213 patrum
1064 4162 1177 4201 esse
1231 4149 1489 4213 captivos.
1535 4147 1645 4202 Alii
1702 4165 1844 4204 mss.
1910 4148 2040 4213 plu-

392 4162 528 4212 auo,
558 4162 775 4217 popuu)
806 4162 1025 4216 patrum
1064 4162 1177 4201 esse
1231 4162 1489 4217 captivos.
1535 4162 1645 4202 Alll
1702 4165 1844 4204 mss.
1910 4162 2040 4219 plu-

392 4232 487 4271 res
536 4232 602 4271 ac
669 4218 1106 4291 probatiores“
1136 4218 1509 4291 “As/ecitme'
1540 4220 1737 4289 populo
1816 4229 2041 4291 patrum

388 4290 790 4367 essehcaptivos.
817 4289 1032 4343 Verum
1060 4296 1161 4367 aut
1190 4289 1283 4367 hic
1314 4307 1348 4344 a
1368 4289 1632 4367 librariis
1663 4289 2040 4367 facta‘trans-

393 4361 629 4436 positio,
688 4364 789 4413 aut
846 4376 886 4436 a_
931 4361 1317 4436 san_cto_ipso
1366 4361 1748 4436 hyperbasis;
1807 4361 2035 4418 videtur

391 4427 553 4504 enim
573 4427 735 4482 locus
765 4430 1127 4504 ordinandus
1158 4427 1487 4504 hoc‘mod—o
1512 4450 1539 4504 :7
1571 4427 1769 4487 Multos
1818 4449 1967 4504 rcges
2011 4451 2040 4490 e

381 4498 591 4574 2W1“?
610 4507 830 4574 mirum
856 4500 1089 4574 (nempe
1128 4501 1550 4573 Israelitarum)
1599 4512 1821 4574 propter
1862 4498 2036 4574 perﬁ-

385 4568 539 4644 diam
559 4571 687 4644 fecit
714 4573 959 4635 gentium
986 4568 1098 4628 ease
1137 4578 1392 4644 captivos.
1429 4576 1498 4629 Et
1529 4568 1669 4630 sane
1697 4568 1877 4629 -hunc
1910 4568 2038 4631 esse
2067 4579 2113 4643 Ι)

384 4640 677 4717 Ambrosii
707 4657 949 4717 sensum
980 4644 1123 4698 satis
1155 4640 1322 4700 docet
1351 4646 1480 4717 ipsa
1509 4647 1788 4702 orationis
1822 4649 2031 4717 series;

383 4728 519 4789 cum
551 4710 815 4768 videatur
844 4713 1089 4784 exigere,
1124 4721 1203 4789 ut_
1217 4734 1328 4771 non
1351 4710 1429 4789 ex
1450 4719 1686 4789 regibus
1716 4710 2034 4789 gentilibus

381 4785 481 4857 qui
540 4800 764 4860 omnes
800 4802 870 4860 ex
926 4801 1089 4856 {equo
1175 4786 1357 4860 Deum
1418 4785 1807 4860 ignorabant,
1854 4789 2034 4860 petita

380 4855 647 4931 exempla
678 4855 1144 4931 subjicerentur;
1194 4859 1292 4931 sed
1327 4855 1519 4929 potius
1549 4877 1617 4914 ex
1674 4855 1909 4931 regibus
1958 4860 2029 4915 iis

380 4927 480 5001 qui
512 4926 861 5001 cumADeum
880 4926 952 5001 in
1009 4926 1344 5001 Scripturis'
1367 4946 1713 4999 cognoscere
1740 4926 2025 5001 'possent,

380 4997 438 5052 in
469 4998 773 5072 perlidiam
801 4998 1021 5072 delapsi
1052 4997 1432 5072 gravissimas
1449 4997 1799 5071 captivitatis
1828 4997 2029 5072 poenas

378 5069 765 5126 exsolverent.
800 5071 942 5126 Vide
962 5071 1033 5125 ιν
1058 5069 1187 5139 Reg.
1220 5086 1355 5135 xvii,
1387 5076 1476 5137 23,
1508 5069 1577 5127 24
1606 5078 1663 5128 et
1690 5073 1776 5127 25.

452 5140 560 5216 (36)
597 5141 760 5216 Rom.
796 5142 960 5211 edit.,
992 5143 1258 5198 Insulerat
1312 5145 1368 5216 ei
1424 5144 1623 5199 bellum
1675 5161 1773 5199 rea:
1821 5144 2024 5216 Syriae,

379 5212 475 5286 qui
518 5219 567 5286 et
620 5213 687 5286 ab
725 5230 784 5267 eo
837 5217 1009 5268 victus
1040 5223 1117 5268 est
1150 5258 1161 5269 .
1191 5256 1204 5268 .
1232 5255 1277 5268 ..
1313 5214 1449 5269 Nam
1502 5217 1682 5286 primo
1736 5212 2029 5285 congressu

374 5279 555 5337 Achab
598 5285 747 5349 vicit,
805 5289 857 5339 et
900 5288 1114 5357 fugavit
1170 5286 1382 5342 hostem
1414 5305 1432 5340 :
1488 5279 1719 5343 secundo
1778 5279 1926 5350 vicit,
1976 5296 2027 5343 et

2073 3317 2087 3325 ‘
2162 3329 2265 3383 pro
2298 3313 2512 3385 populo
2543 3312 2705 3369 illius
2737 3313 2891 3384 (Ibid.
2925 3314 3039 3384 42).
3074 3334 3101 3364 ››

2229 3401 2317 3455 73.
2343 3402 2551 3472 Liquet
2570 3400 2751 3474 igitur
2769 3402 2862 3457 his
2883 3401 3137 3459 oraculis
3156 3404 3313 3475 quod
3335 3403 3619 3459 Dominus
3634 3403 3838 3461 etiam

2159 3488 2312 3544 circa
2342 3491 2618 3562 indignos
2648 3492 2939 3563 promissa
2969 3508 3077 3548 sua
3096 3497 3321 3561 servet;
3354 3493 3453 3549 sed
3478 3492 3688 3564 impios
3714 3500 3841 3550 aut

2158 3577 2409 3632 stultitia
2439 3596 2547 3635 sua
2575 3578 2845 3651 opprimi,
2880 3584 2981 3635 aut
3008 3579 3126 3636 alia
3153 3580 3623 3652 praevaricatione
3652 3581 3839 3639 dam-

2158 3666 2305 3732 nari,
2337 3667 2570 3723 etiamsi
2593 3667 2793 3739 prima;
2827 3668 3317 3738 praevaricationis
3348 3670 3583 3742 laqueos
3614 3686 3837 3727 evase-

2155 3753 2273 3809 rint
2292 3755 2384 3827 (37
2389 3756 2547 3828 ).Sed
2617 3761 2843 3828 oportet
2858 3773 2964 3813 nos
2982 3757 3177 3813 taliter
3192 3758 3636 3832 agere,ut,digni
3658 3758 3835 3817 bono

2154 3844 2770 3917 opere,omnipotentis
2781 3844 2883 3901 Dei
2894 3846 3186 3917 promissa
3199 3847 3460 3919 accipere
3476 3862 3834 3906 mereamur

2150 4011 2367 4076 captum
2396 4006 2624 4077 imperio
2654 4021 2751 4061 suo
2780 4005 3034 4063 reddidit.
3093 4006 3247 4075 Quod
3275 4007 3451 4063 Achab
3481 4023 3585 4063 non
3628 4008 3829 4065 solum

2151 4077 2402 4151 euaserit,
2458 4077 2566 4151 sed
2604 4078 3042 4151 triumphaverit,
3104 4078 3305 4151 diuina
3352 4079 3467 4151 fuit
3498 4082 3829 4151 sordentia:

2149 4144 2376 4221 dicente,
2404 4148 2701 4220 prepheta:
2737 4144 2879 4203 Ecce
2909 4164 3014 4221 ego
3044 4150 3210 4205 trado
3233 4144 3466 4205 omnem
3497 4148 3648 4204 hanc
3678 4156 3822 4205 tur-

2151 4218 2284 4273 bam
2316 4218 2373 4273 in
2410 4218 2621 4275 manus
2652 4225 2804 4292 tuas.
2844 4218 2994 4287 Quod
3023 4230 3209 4275 autem
3234 4225 3420 4292 postea
3471 4222 3824 4292 vinceretur,

2144 4305 2280 4355 sum,
2310 4292 2420 4360 fuit
2450 4293 2636 4363 culpa,
2687 4291 2897 4346 dicente
2929 4307 3055 4363 uno,
3080 4298 3200 4363 etc.
3238 4291 3347 4346 λι
3393 4291 3533 4347 edit.
3585 4308 3819 4350 omnes

2147 4365 2266 4416 ant.
2297 4368 2353 4435 et
2413 4378 2554 4435 mss.
2618 4363 2925 4435 nobiscum
2982 4362 3224 4431 faciunt,
3293 4366 3681 4435 praeterquam
3752 4365 3817 4420 in

2145 4432 2366 4505 paucis,
2404 4433 2557 4487 verbi
2591 4432 2778 4505 gratia
2808 4433 2947 4488 edit.
2982 4443 3172 4489 contra
3200 4432 3344 4502 regis
3371 4432 3552 4505 Syriae
3579 4451 3819 4505 pueros;

2149 4502 2292 4576 inse.
2318 4502 2671 4575 leguntrrgis
2684 4504 3085 4576 Syriaepueris;
3117 4505 3299 4560 etalia
3334 4502 3601 4576 quaedam
3626 4505 3817 4561 levio-

2147 4575 2226 4629 ris
2268 4577 2568 4629 momenti.
2602 4576 2708 4629 Sed
2742 4575 2973 4631 adverte
3026 4575 3214 4631 obiter
3270 4575 3449 4632 quam
3502 4576 3729 4632 diverse
3768 4596 3808 4632 a

2148 4644 2348 4700 Bibliis
2378 4663 2443 4700 ac
2473 4646 2837 4701 versionibus
2864 4647 3082 4703 nostris
3111 4646 3262 4703 hanc
3290 4644 3607 4704 historiam
3642 4647 3815 4703 exhi-

2146 4716 2334 4771 buerit
2362 4716 2454 4772 ille
2483 4717 2679 4779 codex,
2714 4734 2829 4788 quo
2863 4721 3059 4774 noster
3090 4735 3234 4774 usus
3293 4724 3383 4775 est
3422 4719 3807 4775 Ambrosius.

2212 4788 2341 4871 (3ft
2377 4789 2656 4871 Loquens“
2691 4790 2981 4871 evaserint.
3048 4789 3157 4871 His
3234 4790 3427 4845 verbis
3499 4789 3810 4871 clauditur

2139 4861 2426 4913 tractatus
2456 4859 2513 4913 in
2547 4859 2685 4927 edit,
2720 4865 2841 4915 ant.
2895 4860 3061 4915 Rom.
3110 4865 3167 4916 et
3225 4877 3368 4917 mss.
3413 4862 3804 4927 quibusdam.

2140 4932 2273 5002 Quae
2303 4946 2436 5002 vero
2468 4934 2819 5002 sequuntur,
2875 4931 3078 4986 addita
3107 4936 3247 4987 sunt
3278 4933 3335 4987 in
3393 4931 3624 4988 ultimis
3654 4934 3805 4988 edit.

2139 5000 2419 5076 Parisinis
2443 5019 2476 5076 ;_
2490 5000 2774 5076 et'revera
2806 5003 2868 5076 in_
2894 5018 3037 5076 mss.
3072 5002 3338 5075 pluribus
3397 5004 3805 5076 reperiuntur,

2137 5089 2167 5125 e
2199 5073 2415 5143 quibus
2448 5073 2669 5146 Beini‘g.
2709 5074 2788 5128 ita
2839 5073 3090 5128 desiuiti
3152 5076 3267 5146 Ipso
3321 5073 3641 5146 praestante,
3698 5078 3809 5146 qui

2136 5159 2260 5198 cuna
2293 5149 2457 5199 Patre
2512 5153 2561 5198 et
2592 5143 2805 5216 Spiritu
2823 5148 3007 5200 sancto
3041 5143 3259 5200 vivit—ct
3314 5143 3509 5216 regnat
3566 5150 3627 5201 in
3686 5143 3802 5203 εξε-

2136 5217 2258 5269 σιιιι(
2294 5216 2643 5272 sa’r‘ulorum.
2685 5222 2882 5271 lmen.
