4104 6156
266 368 395 439 ⁸193
1341 360 1581 425 LIBER
1624 356 1729 422 DE
1771 356 1887 422 ΤΟ)

2097 388 2147 405 -
2176 358 2645 425 ADMONITIO.
3598 360 3718 432 ⁸794

284 500 3675 529 Mm

954 620 1074 709 IN
1133 618 1592 708 LIBRUM
1703 617 1846 700 DE
1937 612 2275 699 TOBIA
2374 613 3061 705 .\DMONITIO.

1786 776 2209 787 ..α-’.ἡ

1282 897 1607 953 νὶηὰἰεαιιιν
1636 894 1911 966 imprimis
1942 893 2030 949 hic
2051 894 2191 949 liber
2218 892 2340 949 divo
2372 894 2687 950 Ambrosio.

1050 987 1204 1060 cujus
1236 987 1484 1043 doctrina
1513 984 1579 1041 de
1608 985 1816 1051 usuris,
1847 1000 1917 1039 ac
1949 983 2012 1040 de
2040 999 2195 1039 sacro
2228 983 2404 1040 Tnbz’m
2428 984 2567 1039 libro
2599 979 2946 1053 defenditur.

355 1090 532 1145 Extra
561 1087 1011 1145 controversiam
1044 1090 1134 1142 est
1163 1086 1315 1141 hanc
1346 1083 1813 1140 lucubrationem
1848 1080 2073 1154 aliquot
2103 1085 2270 1137 const
2287 1098 2371 1137 ire
2402 1081 2813 1144 sermonibus,
2857 1096 3003 1151 quos
3034 1081 3287 1155 perlecto
3347 1084 3405 1140 in
3464 1087 3724 1147 Ecclesia

286 1178 481 1234 Tobias
513 1177 665 1233 libro
696 1178 842 1248 (cap.
870 1177 924 1247 1,
956 1193 1122 1231 num.
1156 1176 1210 1247 1)
1241 1175 1449 1230 diebus
1479 1172 1727 1228 diversis
1759 1175 1907 1242 (cap.
1943 1174 2031 1242 23,
2071 1188 2233 1226 num.
2267 1172 2356 1243 87)
2388 1171 2597 1227 habuit
2632 1169 3007 1227 Ambrosius.
3054 1173 3191 1228 Istic
3223 1173 3283 1229 in
3341 1191 3527 1247 pauca
3583 1196 3720 1236 con-

287 1268 490 1323 tractis
521 1266 674 1339 (cap.
706 1268 753 1332 1,
786 1270 840 1334 2)
873 1282 1000 1338 quze
1033 1265 1093 1320 in
1124 1281 1291 1319 sacra
1319 1263 1512 1318 Tobiae
1546 1261 1790 1316 historia
1822 1261 1894 1316 de
1925 1261 2242 1315 virtutibus
2273 1261 2461 1315 sancti
2492 1261 2683 1330 hujus
2716 1258 2825 1314 viri
2859 1267 3283 1330 memorantur,
3343 1264 3488 1321 illud
3546 1285 3717 1325 accu-

287 1355 471 1411 ratius
501 1353 775 1426 expendit
805 1359 979 1426 atque
1012 1352 1351 1424 amplificat,
1384 1351 1540 1423 quod
1568 1350 1638 1405 de
1669 1349 1920 1422 pecunia
1952 1350 2024 1405 ab
2058 1349 2260 1404 collem
2291 1349 2471 1418 'l‘obia
2502 1348 2733 1403 Gabelo
2766 1351 3203 1423 consanguineo
3232 1370 3337 1409 suo
3379 1359 3715 1416 commoda-

290 1448 369 1507 ta,
396 1446 451 1497 et
482 1460 597 1498 non
632 1442 744 1498 nisi
775 1442 958 1509 obitu,
994 1442 1076 1497 uti
1108 1442 1372 1515 putabat,
1397 1442 1520 1511 jam
1548 1438 1891 1494 imminente
1922 1439 2168 1509 repetita
2202 1438 2485 1510 scriptum
2517 1437 2783 1509 legimus
2814 1441 2961 1510 (cap.
2996 1443 3047 1505 2,
3082 1458 3247 1496 num.
3277 1444 3353 1513 6).
3416 1444 3561 1501 Hine
3625 1466 3724 1505 ar-

289 1536 451 1603 repta
479 1548 626 1586 ansa
650 1532 709 1586 in
741 1548 1007 1597 usuram,
1045 1548 1170 1604 quae
1203 1528 1681 1601 frequentissima
1710 1530 1836 1583 erat
1866 1543 1933 1581 ea
1964 1531 2313 1598 tempestate
2343 1569 2361 1597 ,
2392 1526 2698 1581 invehitur
2728 1526 2876 1599 (cap.
2910 1530 2944 1581 2
2973 1528 3030 1584 et
3087 1531 3254 1602 seq.).
3318 1531 3530 1588 Probat
3585 1553 3715 1594 eam

290 1619 513 1676 malum
541 1637 689 1687 esse,
721 1624 780 1675 et
808 1620 1226 1676 exsecrandum
1257 1618 1405 1689 (cap.
1437 1621 1492 1681 2,
1522 1616 1613 1682 14,
1647 1617 1714 1671 15
1743 1620 1800 1670 et
1830 1617 1977 1687 seq.)
2004 1615 2063 1669 id
2096 1616 2355 1687 quidem,
2404 1619 2607 1686 utpote
2641 1614 2841 1670 divina
2897 1616 3022 1691 lege
3084 1619 3469 1692 prohibitum,
3529 1642 3716 1699 neque

293 1707 632 1764 idololatria
664 1713 843 1779 atque
866 1706 1179 1764 homicidio
1209 1706 1396 1762 levius
1428 1702 1951 1777 (cap.-’:).Describit
1975 1707 2153 1775 atque
2183 1703 2390 1758 acriter
2418 1702 2800 1775 reprehendit
2826 1705 3015 1778 (cap.3
3047 1711 3105 1763 et
3136 1710 3191 1777 4)
3219 1709 3531 1768 sceleratas
3565 1715 3720 1773 fene-

294 1800 544 1852 ratorum
578 1796 844 1864 tcchnas,
879 1797 1093 1868 quibus
1124 1795 1205 1851 illi
1239 1812 1455 1869 egenos
1485 1794 1755 1850 homines
1785 1794 1855 1849 ad
1891 1793 2206 1864 pecuniam
2238 1809 2405 1847 suam
2437 1809 2574 1847 cum
2610 1792 2872 1847 solvendi
2907 1795 3121 1852 fenoris
3176 1798 3510 1857 conditione
3566 1806 3717 1860 acci-

292 1883 562 1957 piendam
593 1890 830 1958 cogunt.
864 1884 1077 1941 Verum
1111 1902 1247 1941 cum
1280 1884 1379 1939 isti
1412 1882 1662 1937 nimium
1684 1882 1743 1937 in
1768 1882 2014 1937 avaritia
2046 1899 2155 1936 sua
2186 1881 2478 1936 obfirmati
2522 1881 2882 1949 viderentur,
2939 1900 3273 1942 sermonem
3299 1889 3369 1943 ad
3428 1890 3721 1950 debitores

291 1977 647 2041 convertens,
680 1974 741 2029 in
774 1979 1023 2046 quantas
1054 1974 1326 2030 miserias
1358 1971 1774 2028 contrahendis
1806 1970 2007 2027 usuris
2040 1988 2102 2026 se
2133 1970 2444 2040 conjiciant
2476 1970 2744 2026 oratione
2775 1971 3092 2028 admodum
3123 1973 3456 2032 vehementi
3507 1995 3718 2051 reprae—

292 2066 483 2117 sentat
509 2064 656 2134 (cap.
692 2064 723 2117 4
753 2067 811 2116 ct
837 2062 912 2133 5).
970 2062 1138 2117 Redit
1183 2060 1571 2116 nihilominus
1603 2060 1674 2115 ad
1706 2059 2203 2115 inhumanitatem
2241 2058 2658 2123 feneratorum,
2693 2059 2793 2130 qui
2827 2060 3072 2116 hzeredes
3103 2079 3288 2132 novos,
3320 2073 3371 2122 et
3411 2066 3720 2125 adolescen-

292 2151 437 2207 tulos
463 2151 657 2208 divites
688 2153 838 2223 (cap.
870 2151 905 2205 6
933 2154 990 2207 et
1014 2153 1071 2222 7)
1102 2168 1219 2223 quo
1250 2148 1659 2221 depraedentur
1690 2147 1998 2203 facultates
2030 2163 2251 2213 eorum,
2286 2145 2581 2201 inducunt
2613 2151 2675 2201 ut
2708 2164 2741 2202 a
2772 2165 2831 2203 se
2863 2150 3170 2222 pecuniam
3235 2153 3345 2208 sub
3399 2172 3718 2213 usurarum

288 2228 423 2313 lege
454 2244 801 2297 mutuentur
836 2258 847 2296 :
881 2257 1128 2312 quorum
1163 2238 1586 2306 calamitatem,
1613 2237 1906 2309 siquidem
1939 2253 2002 2291 se
2032 2236 2220 2307 decipi
2254 2235 2324 2289 ab
2358 2233 2474 2289 illis
2505 2236 2664 2307 passi
2700 2236 2935 2306 fuerint,
2961 2256 3076 2295 non
3104 2240 3232 2298 sine
3254 2245 3721 2302 commiseratio-

295 2350 369 2391 ne
400 2333 468 2389 ob
499 2328 700 2388 oculos
729 2328 912 2401 ponit.
949 2329 1128 2392 Multo
1162 2328 1358 2383 adhuc
1389 2326 1720 2399 impensius
1752 2327 2072 2381 miseratur
2098 2326 2245 2396 (cap.
2279 2325 2333 2395 8)
2361 2324 2516 2379 vices
2550 2342 2869 2397 puerorum
2898 2327 3249 2397 infelicium,
3282 2350 3432 2406 quos
3462 2334 3572 2405 ipsi
3614 2351 3716 2407 pa-

296 2426 488 2480 rentes
518 2424 582 2475 ut
613 2420 1003 2475 feneratorum
1034 2415 1366 2473 crudelitati
1398 2416 1653 2471 facerent
1683 2415 1847 2482 satis,
1884 2430 2095 2468 venum
2128 2429 2411 2484 exponere
2442 2414 2851 2485 adigebantur.
2878 2417 3036 2473 Hanc
3094 2424 3290 2477 autem
3337 2421 3576 2479 divitem
3634 2423 3718 2480 fe-

297 2514 525 2569 ritatem
557 2513 807 2565 testatur
844 2508 993 2580 (cap,
1036 2508 1122 2573 10)
1164 2524 1229 2562 eo
1269 2520 1458 2577 usque
1499 2504 1874 2575 processisse,
1921 2506 1984 2557 ut
2025 2502 2063 2555 ii
2105 2499 2407 2572 sepultura
2462 2502 2592 2574 ipsa
2623 2504 2952 2560 debitorum
2995 2524 3238 2565 suorum
3279 2510 3558 2567 cadavera
3580 2528 3717 2586 pro-

294 2600 580 2657 hiberent.
625 2597 799 2653 Docet
837 2596 1044 2651 deinde
1085 2595 1231 2650 nihil
1273 2593 1514 2650 omnino
1555 2593 1710 2666 quod
1753 2592 2010 2665 perfidiae
2053 2591 2445 2646 feneratarum
2488 2608 2605 2648 non
2649 2595 2836 2662 cedat,
2879 2596 3119 2666 reperiri
3154 2615 3167 2663 ;
3211 2598 3430 2671 quippe
3480 2601 3579 2672 qui
3621 2619 3715 2657 as-

300 2690 447 2746 tutia
486 2704 591 2744 sua
631 2685 880 2759 spoliare
919 2685 1221 2753 aleatores,
1266 2689 1321 2739 et
1359 2683 1603 2739 Hunnus
1645 2681 2068 2738 ferocissimam
2111 2678 2375 2734 omnium
2419 2681 2726 2738 nationum
2767 2684 2915 2756 (cap.
2964 2685 3051 2755 11)
3093 2685 3205 2748 sibi
3245 2687 3535 2758 subjicere
3610 2706 3711 2762 po-

293 2777 533 2834 tuerint.
567 2775 953 2841 Quamobrem
989 2774 1060 2829 ad
1094 2790 1295 2830 eorum
1329 2772 1782 2844 descriptionem
1817 2769 1967 2825 redit
1998 2770 2146 2840 (cap.
2184 2770 2247 2822 t2
2279 2772 2334 2823 et
2368 2769 2475 2837 13),
2511 2788 2636 2843 qua:
2669 2773 2941 2828 oriuntur
2969 2790 3035 2829 ex
3067 2779 3229 2830 tanto
3291 2776 3444 2831 malo
3479 2795 3493 2845 ;
3555 2778 3710 2851 quod

298 2866 535 2940 quidem
570 2868 697 2919 tum
727 2863 930 2919 Vetere
961 2867 1086 2918 tum
1112 2862 1268 2917 Novo
1297 2860 1670 2916 Testamento
1703 2858 1988 2932 proscribi
2020 2855 2320 2922 Achilleis,
2355 2862 2421 2912 ut
2452 2866 2680 2926 vocant,
2715 2863 3078 2934 argumentis
3136 2863 3505 2921 demonstrat
3558 2867 3708 2940 (cap.

298 2956 410 3028 14).
445 2954 531 3009 Ad
563 2952 687 3008 haec
718 2951 1065 3008 feneratores
1098 2951 1170 3006 ad
1202 2949 1359 3007 aliud
1392 2947 1642 3005 utilioris
1675 2964 1866 3002 usurae
1895 2962 2081 3018 genus
2111 2944 2473 3012 cohortatus,
2502 2947 2561 3004 in
2595 2967 2710 3022 quo
2741 2968 2910 3006 usura
2940 2958 2991 3006 et
3037 2953 3244 3023 pignus
3290 2955 3544 3025 spiritale
3572 2971 3709 3011 con-

295 3044 524 3108 sistant,
556 3041 685 3096 fuse
717 3038 971 3095 declarat
1001 3041 1150 3111 (cap.
1186 3040 1252 3094 18
1283 3043 1341 3093 et
1370 3038 1516 3109 seq.)
1547 3038 1700 3093 Tum
1733 3034 2105 3108 reprehensis
2136 3033 2209 3089 iis
2232 3032 2331 3105 qui
2361 3035 2738 3106 fidejussores
2793 3039 3085 3095 inducunt
3142 3041 3215 3097 ad
3276 3042 3707 3114 spondendum,

290 3130 513 3188 eisdem
546 3128 991 3198 ﬂdejussoribus
1022 3145 1199 3199 quam
1230 3126 1390 3198 ipsos
1422 3126 1479 3180 in
1512 3124 1854 3197 spondendo
1886 3123 2052 3195 sequi
2078 3121 2359 3178 rationem
2392 3128 2718 3195 conveniat,
2753 3129 2938 3200 aperit
2969 3130 3119 3201 (cap.
3153 3130 3267 3202 23).
3323 3132 3579 3204 Denique
3645 3136 3711 3189 ut

295 3220 360 3276 in
394 3218 500 3275 hoc
531 3218 691 3274 unde
724 3216 979 3289 profecta
1009 3216 1307 3286 est,oratio
1338 3213 1804 3286 desinat,repetit
1832 3213 2078 3284 (cap.2li)
2109 3212 2474 3284 propositum
2502 3215 3127 3290 Tobiaeexemplum,et
3155 3236 3302 3292 quas
3334 3220 3707 3293 potissimum

290 3308 539 3363 virtutes
571 3305 793 3361 discere
823 3321 892 3360 ex
923 3321 989 3361 eo
1019 3305 1360 3369 debeamus,
1391 3302 1595 3375 paucis
1629 3301 1867 3356 indicat.

363 3396 490 3452 Non
523 3394 726 3451 mirari
757 3398 910 3449 certe
940 3410 1278 3466 possumus,
1307 3391 1446 3464 quid
1477 3390 1701 3446 venerit
1730 3388 2081 3446 in'meutcm
2112 3390 2353 3445 Erasmo
2385 3395 2441 3446 et
2472 3397 2603 3464 post
2628 3411 2762 3451 eum
2794 3394 2926 3451 aliis
2958 3395 3259 3465 nonnulis,
3292 3401 3355 3453 ut
3386 3397 3704 3470 pulcherri-

294 3500 460 3541 mum
492 3483 649 3539 hunc
679 3482 895 3538 librum
927 3498 1041 3554 quo
1070 3485 1377 3551 tantopere
1407 3478 1655 3551 permoti
1687 3477 1847 3534 fuere
1878 3478 2228 3533 feneratores
2261 3478 2411 3550 (cap.
2444 3481 2535 3546 23,
2568 3500 2732 3538 num.
2766 3485 2877 3553 87),
2941 3486 3272 3555 Ambrosio,
3322 3488 3705 3560 quemadmo-

290 3574 436 3630 dum
466 3570 652 3628 Cocus
691 3569 814 3642 (lib.
844 3570 1083 3627 Censura
1113 3567 1481 3641 quorumdam
1509 3568 1722 3638 script,
1756 3568 1892 3637 etc.)
1925 3584 1991 3623 ac
2024 3566 2260 3621 Rivctus
2292 3567 2527 3637 (Criticz'.
2575 3573 2741 3635 sacri,
2791 3571 2892 3626 lib.
2930 3588 3015 3642 In,
3072 3592 3199 3649 cap.
3264 3577 3351 3647 18)
3411 3583 3706 3645 asserunt,

291 3660 718 3733 abjudicarent.
753 3658 989 3714 Minime
1021 3674 1161 3713 sane
1194 3658 1513 3713 obscurum
1545 3660 1635 3711 est
1662 3671 1729 3710 eo
1766 3654 1909 3709 nihil
1940 3656 2177 3710 omnino
2210 3656 2493 3712 contineri
2527 3660 2683 3730 quod
2714 3660 2787 3715 ab
2818 3659 3055 3731 ingenio
3106 3669 3162 3719 et
3218 3670 3508 3723 caractcre
3564 3670 3708 3722 Am-

290 3749 567 3806 brosiana
598 3746 898 3804 dissideat.
934 3746 1160 3803 Etenim
1184 3745 1452 3817 quamvis
1491 3742 1611 3798 illic
1644 3742 1948 3799 verborum
2000 3742 2168 3799 lusus
2223 3744 2398 3815 paulo
2458 3746 2903 3818 frequentiores,
2967 3766 3145 3821 quam
3204 3753 3264 3807 in
3323 3753 3455 3808 aliis
3520 3754 3707 3810 sancti
3754 3772 3759 3775 λ

290 3835 561 3911 ρτωευιίε
589 3836 933 3892 tractatibus
964 3835 1261 3890 advertere
1290 3832 1387 3900 sit,
1420 3832 1479 3888 id
1513 3831 1753 3904 quidem
1780 3831 1867 3887 vel
1900 3831 2144 3888 materia
2172 3848 2298 3903 quae
2332 3834 2507 3890 etiam
2541 3852 2655 3890 non
2689 3836 2967 3908 quaerenti
3028 3838 3324 3895 interdum
3384 3839 3703 3897 allusiones

291 3925 703 3998 hujuscemodi
736 3923 1088 3996 suppeditat,
1119 3921 1205 3977 vel
1238 3920 1332 3977 alii
1362 3919 1537 3975 alicui
1576 3936 1763 3975 causa:
1789 3919 1967 3976 tribui
2002 3923 2208 3991 potest.
2270 3920 2485 3978 Verum
2520 3924 2662 3994 quid
2717 3927 2971 3994 opponet
3027 3926 3305 3981 Erasmus
3365 3928 3701 3983 auctoritati

293 4014 484 4071 sancti
512 4012 821 4086 Augustini
857 4012 982 4083 (lib.
1009 4029 1026 4066 ι
1054 4014 1238 4069 Contr.
1267 4011 1375 4067 Jul.
1403 4010 1589 4080 Pelag.
1625 4025 1675 4063 c.
1709 4008 1784 4075 3),
1823 4025 1857 4063 a
1895 4025 2009 4081 quo
2042 4007 2132 4065 hic
2164 4008 2315 4064 liber
2343 4012 2634 4082 expressis
2667 4012 2856 4066 verbis
2888 4013 2999 4067 sub
3040 4012 3334 4068 Ambrosii
3362 4014 3598 4069 nomine
3628 4014 3708 4069 al-

286 4103 519 4176 legatur
544 4102 573 4156 ?
602 4101 1007 4173 Negaturusne
1030 4104 1119 4155 est
1146 4098 1339 4154 Tobiaa
1373 4097 1673 4154 occasione
1704 4100 1904 4152 contra
1932 4098 2286 4153 feneratores
2345 4101 2519 4155 verba
2577 4101 2783 4156 fecisse
2842 4100 3077 4156 beatum
3137 4102 3459 4157 antistitem
3495 4123 3509 4167 ς
3568 4119 3703 4159 cum

286 4191 444 4247 idem
478 4191 601 4262 ipse
632 4188 894 4262 exemplo
926 4188 1086 4243 illius
1118 4186 1410 4259 prophetae
1441 4187 1515 4242 ad
1544 4202 1643 4242 eos
1674 4187 2158 4261 compugnandos
2189 4192 2436 4244 conatus
2467 4189 2644 4245 fuerit
2700 4189 2892 4262 (epist.
2946 4191 3015 4244 23
3044 4189 3115 4245 ad
3178 4191 3364 4263 Vigil.)
3422 4191 3703 4264 Vigilium

286 4279 553 4338 Tridenti
587 4277 925 4351 episcopum
960 4275 1258 4349 impellere
1285 4275 1313 4331 ‘I
1342 4274 1555 4347 Ecquis
1584 4274 1759 4330 etiam
1791 4292 1903 4331 non
1939 4275 2335 4348 deprehendat
2366 4282 2584 4348 quanta
2615 4279 2693 4334 sit
2718 4294 2916 4333 eorum
2953 4294 3078 4349 quae
3110 4276 3167 4332 in
3201 4295 3268 4335 ea
3307 4279 3558 4351 epistola
3609 4282 3702 4337 di-

286 4372 504 4425 cuntur
532 4368 908 4432 contractius,
944 4383 1077 4423 cum
1106 4365 1214 4421 hac
1243 4368 1364 4420 tota
1397 4363 1889 4420 commentatione
1920 4363 2225 4419 consensio
2252 4365 2280 4420 ‘I
2310 4367 2391 4420 Ad
2424 4371 2751 4422 extremum
2798 4364 2938 4436 quid
2983 4366 3348 4437 repositurus
3408 4372 3496 4423 est
3554 4369 3702 4442 obji-

284 4456 580 4514 cientibus
609 4460 731 4512 tam
763 4455 983 4511 multos
1012 4455 1191 4520 locos,
1224 4454 1325 4525 qui
1356 4470 1423 4508 ex
1456 4451 1665 4509 Basilio
1698 4452 1879 4523 (hom.
1910 4458 1946 4508 2
1976 4453 2035 4512 in
2068 4453 2214 4526 psal.
2248 4455 2368 4525 xw)
2402 4455 2691 4522 translati,
2725 4455 2832 4510 hoc
2865 4454 2924 4509 in
2949 4458 3200 4512 tractatu
3231 4474 3335 4529 pro
3367 4474 3528 4514 more
3560 4463 3699 4516 Am-
3774 4500 3775 4509 χ

283 4544 466 4602 brosii
492 4544 710 4617 passim
744 4547 1057 4599 occurrunt
1094 4543 1121 4597 ?

355 4632 641 4688 Videmus
674 4647 875 4704 reapse
902 4632 1197 4688 doctorem
1228 4634 1493 4687 nostrum
1525 4633 1751 4701 partem
1783 4629 1962 4702 hujus
2008 4630 2139 4686 libri
2173 4631 2415 4687 minime
2445 4632 2934 4687 contemnendam
2960 4649 3026 4688 ex
3051 4635 3308 4690 secunda
3360 4634 3557 4692 Basilii
3591 4636 3700 4690 ho-

286 4720 451 4776 milia
483 4720 539 4776 in
571 4720 865 4794 psalmum
897 4738 1011 4786 xxv,
1046 4720 1142 4775 ubi
1180 4720 1249 4775 de
1279 4718 1404 4775 sola
1432 4735 1622 4773 usuras
1654 4717 1898 4774 materia
1924 4724 2225 4786 tractatur,
2262 4724 2595 4776 mutuatum
2628 4737 2774 4777 esse.
2812 4721 2957 4787 Quia
2988 4722 3163 4778 etiam
3200 4724 3580 4780 observamus
3610 4722 3695 4779 lo-

282 4825 387 4864 cos
418 4808 660 4881 aliquot,
694 4810 753 4864 in
785 4810 1000 4881 quibus
1030 4810 1272 4865 verbum
1294 4809 1366 4864 de
1392 4808 1565 4863 verbo
1596 4807 1890 4863 redditum
1922 4812 2031 4863 est.
2065 4809 2502 4875 Verumtamen,
2538 4816 2601 4865 ut
2628 4809 2815 4865 multa
2865 4811 3018 4883 apud
3081 4811 3361 4867 Basiliam
3416 4810 3695 4882 reperias,

281 4914 413 4970 qua:
444 4899 837 4970 praetermissa
864 4897 1047 4953 voluit
1075 4896 1438 4964 Ambrosius,
1471 4895 1553 4951 ita
1579 4895 1639 4951 in
1670 4896 1765 4952 his
1794 4895 1940 4970 ipsis
1970 4913 2097 4969 qua
2128 4915 2194 4953 ex
2226 4898 2465 4955 homilia
2495 4899 2790 4955 Basiliana
2818 4900 3130 4971 desumpta
3160 4904 3319 4967 sunt,
3355 4916 3469 4954 non
3502 4915 3690 4971 pauca

281 4985 531 5041 mutavit
556 4989 644 5042 vel
673 4985 1058 5059 transposuit,
1093 4989 1156 5041 ut
1184 5002 1252 5041 ea
1283 4983 1649 5041 commodius
1679 5002 1855 5041 suum
1881 4987 2239 5057 quadrarent
2268 4987 2338 5042 ad
2379 4989 2765 5061 propositum.
2791 4989 3090 5044 Postremo
3122 4988 3276 5043 haud
3310 4987 3480 5060 plura
3508 5003 3538 5042 e
3572 4988 3695 5044 fon-

275 5080 335 5133 te
360 5076 461 5133 illo
491 5078 705 5144 Graeco,
740 5092 918 5147 quam
945 5092 975 5131 e
1007 5074 1239 5148 proprio
1263 5073 1483 5139 hausit,
1517 5090 1632 5129 non
1663 5073 1853 5130 solum
1882 5075 1930 5131 si
1962 5091 2030 5131 ea
2061 5082 2284 5149 spectes
2316 5094 2443 5149 quas
2474 5079 2545 5134 de
2574 5077 2754 5134 ’l‘obia
2784 5077 2915 5133 istic
2980 5077 3310 5143 traduntur,
3371 5075 3472 5131 sed
3505 5076 3681 5133 etiam

280 5165 330 5221 si
364 5182 431 5221 ea
461 5181 587 5236 quas
614 5163 1034 5238 przecipiuntur
1063 5164 1132 5219 de
1164 5179 1344 5218 usura
1374 5166 1431 5217 et
1460 5161 1699 5234 pignore
1730 5162 1978 5235 spiritali
2005 5182 2017 5231 ;
2054 5182 2167 5237 quo
2199 5165 2321 5221 loco
2354 5168 2503 5238 (cap.
2536 5167 2627 5231 20)
2659 5165 2746 5219 vir
2775 5171 3016 5221 sanctus
3058 5164 3378 5235 quamdam
3412 5164 3579 5237 sequi
3611 5165 3693 5221 vi-

279 5255 454 5310 detur
480 5253 739 5310 Philonis
767 5253 951 5309 Judaei
984 5253 1108 5323 (lib,
1143 5253 1215 5307 De
1242 5250 1494 5321 somniis)
1523 5252 1895 5318 sententiam,
1922 5269 2099 5324 quam
2132 5255 2453 5310 admodum
2480 5254 2762 5309 Cristiane
2792 5258 3122 5324 pertractat.

352 5341 434 5397 De
463 5345 721 5415 tempore
751 5357 866 5412 quo
898 5340 1204 5395 lucubrata
1246 5343 1333 5396 est
1362 5337 1748 5394 Ambrosiana
1776 5340 1898 5395 haec
1928 5341 2422 5411 disputatio,nihil
2454 5342 2594 5396 certi
2629 5341 2913 5397 habemus
2946 5359 2959 5396 :
2995 5342 3465 5411 conjecturarum
3498 5346 3693 5399 autem

276 5448 409 5504 qua:
441 5429 575 5485 solaa
608 5430 680 5485 ad
711 5429 858 5485 illud
891 5429 1343 5501 investigantum
1377 5427 1545 5483 nobis
1575 5432 1915 5499 suppetunt,
1940 5429 2232 5500 judicium
2264 5430 2535 5485 volumus
2565 5443 2693 5483 esse
2719 5444 2897 5498 penes
2928 5427 3223 5484 lectorem.
3270 5430 3425 5486 Satis
3454 5430 3694 5503 quidem

275 5522 510 5575 constat
538 5527 808 5574 sanctum
842 5518 1137 5575 doctorem
1170 5517 1446 5573 adversus
1479 5516 1832 5573 feneratores
1859 5522 2173 5590 antequam
2208 5518 2279 5572 ad
2313 5516 2593 5588 Vigilium
2628 5515 2684 5568 in
2716 5516 3059 5571 Tridentina
3092 5517 3229 5573 sede
3260 5535 3460 5575 recens
3517 5518 3692 5575 collo-

272 5612 476 5666 catum
498 5608 779 5664 scriberet
808 5608 997 5679 (epist.
1029 5610 1098 5662 23
1129 5607 1198 5662 ad
1233 5607 1453 5676 Vinii),
1487 5621 1817 5661 sermonem
1850 5606 2148 5663 habuisse.
2183 5605 2412 5663 Nemini
2445 5604 2601 5660 enim
2634 5604 2950 5662 verisimile
2980 5604 3057 5662 sit
3088 5623 3223 5663 eum
3272 5607 3592 5678 laborasse,
3629 5612 3693 5665 ut

277 5700 561 5771 juvenem
592 5696 758 5754 illum
789 5698 1127 5770 episcopum
1157 5697 1228 5753 ad
1261 5694 1729 5768 impugnandum
1760 5696 1930 5753 fenus
1988 5696 2261 5753 excitaret
2296 5714 2306 5764 ;
2368 5711 2501 5750 cum
2564 5695 2798 5750 interim
2860 5697 3104 5768 ipsemet
3165 5696 3271 5753 hac
3321 5697 3381 5753 in
3413 5714 3473 5753 re
3504 5697 3689 5754 altum
