4052 6196
470 349 594 419 ’795
1929 351 1994 420 S.
2041 353 2070 418 Α

2212 351 2417 420 ROSII
3715 359 3809 428 196

471 490 722 547 servaret
756 483 1076 544 silentium.
1108 488 1184 543 At
1213 503 1342 544 vero
1375 502 1549 545 suum
1581 483 1768 546 eidem
1800 488 2056 562 epistolae
2085 505 2306 544 annum
2338 488 2640 562 assignare
2667 485 2775 545 etsi
2807 501 2923 545 non
2953 485 3033 544 ita
3057 486 3135 545 sit
3158 486 3220 544 in
3252 492 3538 563 promptu,
3562 490 3812 551 nihilomi-

473 596 584 634 nus
619 585 812 632 tamen
844 575 984 632 alibi
1017 594 1132 633 non
1163 576 1289 632 sine
1320 577 1606 648 probabili
1639 580 1861 633 ratione
1890 579 2102 633 dicturi
2135 596 2342 633 sumus
2365 595 2499 634 eum
2533 595 2754 634 aunum
2784 575 2965 634 videri
3000 595 3116 634 non
3147 576 3327 633 alium
3363 577 3557 648 fuisse,
3583 597 3736 653 quam
3762 585 3815 640 ab

472 667 825 739 octogesimo
857 665 1061 737 quinto
1093 667 1587 736 trecentesimum,
1621 671 1721 722 aut
1749 667 1928 722 alium
1957 666 2211 738 aliquem
2243 668 2317 721 ab
2348 668 2557 722 eodem
2589 666 2832 723 minime
2863 672 3174 723 remotum.
3196 666 3439 724 Aliunde
3455 684 3576 740 qua
3605 669 3668 725 de
3692 670 3816 726 Hun-

471 770 682 811 norum
715 754 841 812 alea
873 758 1073 808 narrat
1099 754 1446 810 Ambrosius
1477 756 1624 827 (cap.
1656 755 1764 826 14),
1802 771 1916 812 non
1950 755 2136 826 potuit
2167 759 2301 811 ante
2331 760 2656 811 extremum
2686 754 2942 811 Valentis
2972 756 3285 829 imperium
3318 757 3591 828 accipere,
3619 756 3715 813 hoc
3754 766 3821 816 est

472 848 607 916 post
638 860 858 899 annum
885 843 1012 911 376,
1045 859 1159 914 quo
1191 843 1433 897 tradunt
1460 843 1720 898 historici
1755 843 1997 914 ccepisse
2024 843 2337 898 barbaram
2365 842 2515 898 hanc
2561 847 2792 915 gentem
2852 843 3233 899 innotescere.
3295 844 3437 899 Hinc
3493 847 3823 916 consequitur

473 932 723 1005 opellam
757 932 906 986 hanc
934 930 1279 986 intermedio
1307 931 1555 1003 tempori
1586 931 1741 986 haud
1768 932 2018 987 absurde
2039 930 2250 986 ascribi
2284 948 2473 1004 posse,
2506 947 2572 987 ac
2603 931 2796 987 forsan
2828 948 2980 987 anno
3009 933 3138 999 377,
3161 932 3249 1009 vel
3281 931 3374 986 alii
3398 933 3646 1005 cuipiam
3670 951 3696 990 e
3723 951 3822 1006 pro-

470 1021 625 1077 xime
657 1019 1060 1091 sequentibus.
1091 1020 1289 1090 Neque
1315 1020 1471 1075 enim
1505 1019 1670 1075 facile
1700 1019 1834 1092 quis
1863 1020 2059 1075 credat
2087 1018 2477 1093 episcopalem
2509 1020 2799 1076 Ambrosii
2834 1020 3195 1093 vigilantiam
3230 1021 3312 1078 ita
3365 1021 3730 1093 obtorpuisse,
3776 1030 3824 1078 ut

472 1127 589 1166 non
620 1109 720 1164 ubi
753 1109 1010 1180 primum
1041 1107 1289 1172 licuerit,
1323 1109 1381 1164 in
1415 1110 1804 1165 exscindendo
1835 1108 1970 1164 vitio
2003 1109 2157 1180 quod
2190 1109 2472 1181 regnabat
2501 1113 2662 1165 tanta
2692 1125 2826 1165 cum
2858 1109 3159 1166 atrocitate
3217 1126 3282 1165 ac
3338 1108 3660 1176 insolentia,
3687 1111 3825 1167 desu-

471 1199 655 1255 daret.

542 1287 915 1343 Arbitramur
946 1303 974 1342 e
1006 1287 1316 1343 Catholicis
1349 1289 1470 1343 fore
1499 1287 1814 1352 neminem,
1849 1288 1948 1358 qui
1978 1285 2274 1343 Ambrosii
2297 1287 2569 1344 doctrina:
2603 1287 2673 1343 de
2703 1303 2883 1343 usura
2913 1287 3116 1344 libenti
3145 1287 3343 1343 animo
3376 1304 3492 1342 non
3522 1288 3825 1349 subscribat.

471 1393 606 1432 cum
643 1393 711 1432 ea
751 1393 865 1430 non
899 1376 1071 1431 modo
1105 1375 1302 1432 Basilii
1335 1382 1393 1431 et
1424 1376 1670 1432 aliorum
1706 1376 1964 1442 Patrum,
1998 1393 2198 1431 verum
2233 1375 2408 1432 etiam
2441 1392 2741 1432 sacrorum
2769 1376 3035 1432 codicum
3067 1377 3410 1434 auctoritate
3442 1376 3826 1434 muniatur.Sed

471 1465 806 1537 cujusmodi
831 1465 1125 1534 judicium
1160 1466 1412 1520 feremus
1443 1465 1514 1521 de
1545 1463 1614 1519 c1.
1652 1463 1940 1521 Salmasio
1971 1464 2095 1537 (lib.
2126 1466 2202 1520 De
2229 1466 2434 1530 usuris,
2463 1468 2520 1519 et
2549 1463 2650 1519 lib.
2683 1466 2759 1520 De
2787 1464 2942 1520 modo
2971 1482 3153 1532 usur.,
3184 1474 3235 1521 et
3289 1465 3509 1521 dissert.
3565 1467 3634 1522 De
3679 1468 3829 1536 fenore

471 1555 737 1627 Trapez.),
773 1559 832 1609 et
862 1553 1025 1609 n0vis
1056 1554 1415 1625 quibusdam
1448 1554 1711 1625 ejusdem
1753 1553 2181 1609 communionis
2212 1554 2568 1620 auctoribus,
2603 1553 2704 1624 qui
2761 1553 2980 1609 doctori
3012 1559 3212 1610 nostro
3270 1554 3563 1609 frontibus
3614 1553 3828 1611 adversis

469 1642 795 1717 pugnantia
825 1642 1134 1697 defendere
1169 1643 1296 1697 ausi
1331 1647 1466 1696 sunt
1498 1641 1524 1696 ‘I
1555 1642 1858 1697 Enimvero
1888 1643 2055 1697 docet
2083 1641 2426 1698 Ambrosius
2458 1644 2608 1712 (cap.
2644 1643 2731 1705 14,
2763 1659 2927 1696 num.
2963 1644 3050 1709 48,
3083 1647 3140 1698 et
3169 1659 3294 1699 can.
3332 1644 3421 1707 15,
3456 1643 3824 1714 num.51)cre-

471 1731 646 1787 ditori
678 1731 1001 1803 quidquam
1039 1734 1247 1801 praeter
1277 1737 1495 1785 sortem
1527 1730 1806 1800 accipere,
1840 1729 2066 1784 licitum
2101 1747 2213 1785 non
2246 1747 2375 1786 esse
2409 1747 2421 1784 :
2454 1729 2781 1787 Salmasius
2811 1730 2919 1786 hoc
2948 1732 3144 1805 ipsum
3201 1731 3376 1788 licere
3433 1735 3707 1787 asseverat
3755 1731 3828 1803 (De

475 1821 695 1892 Trapez.
726 1823 868 1891 fen.,
900 1820 1121 1890 praefat.
1157 1824 1213 1873 et
1243 1817 1424 1888 alibi).
1456 1819 1801 1874 Ambrosius
1832 1818 2060 1890 legibus
2090 1836 2222 1874 cum
2252 1818 2478 1875 Veteris
2513 1824 2636 1874 tum
2668 1819 2808 1875 Novi
2842 1820 3200 1876 Testamenti
3233 1821 3343 1876 hoc
3395 1837 3686 1893 nunquam
3735 1836 3825 1876 non

466 1908 712 1963 vetitum
748 1909 928 1962 fuisse
961 1906 1172 1962 asserit
1200 1911 1350 1978 (cap.
1390 1908 1473 1974 14,
1510 1909 1596 1972 15,
1630 1909 1763 1978 etc.)
1797 1925 1809 1963 :
1844 1908 2170 1963 Salmasius
2200 1907 2258 1962 id
2289 1907 2350 1962 in
2382 1908 2624 1980 antiquo
2653 1909 2866 1965 foedere
2925 1908 3357 1966 intolerandum
3420 1908 3596 1964 fuisse
3636 1910 3826 1982 jugum,

469 1998 628 2070 quod
658 1999 717 2052 in
746 2013 891 2052 novo
924 1995 1096 2050 fuerit
1126 2011 1160 2049 a
1183 1995 1411 2050 Christo
1445 1996 1743 2051 sublatum
1776 1998 1984 2051 acriter
2011 1997 2311 2052 contendit
2341 1997 2435 2067 (De
2466 1999 2682 2069 Trapez.
2715 2000 2890 2067 fenor.
2926 2015 3056 2070 pag.
3101 1999 3178 2068 5).
3230 1998 3577 2053 Ambrosius
3631 2013 3825 2052 usuram

473 2086 731 2142 afﬁrmat
761 2085 980 2139 crimen
1012 2099 1139 2138 esse
1171 2083 1326 2138 haud
1358 2084 1541 2138 multo
1572 2083 1782 2148 levius,
1816 2085 1934 2138 imo
1965 2089 2022 2139 et
2053 2084 2485 2156 quodammodo
2518 2085 2775 2140 deterius
2806 2085 3125 2140 homicidio
3155 2090 3328 2157 atque
3363 2083 3678 2140 idololatria
3706 2084 3822 2154 (cap.

471 2179 524 2242 4,
562 2175 648 2242 14,
680 2179 788 2229 etc.
827 2179 844 2242 )
877 2191 889 2228 :
916 2171 1242 2228 Salmasius
1272 2173 1366 2242 (De
1398 2173 1615 2243 Trapet.
1647 2174 1822 2243 fenor.
1860 2190 1988 2244 pag.
2020 2174 2144 2236 718)
2177 2189 2306 2228 eam
2338 2171 2591 2228 naturali
2615 2172 2751 2242 jure
2790 2188 3021 2243 semper
3053 2172 3232 2228 fuisse
3288 2174 3634 2245 permissam
3679 2173 3824 2243 jurat.

467 2262 813 2318 Ambrosius
843 2260 1046 2316 inanes
1078 2259 1621 2332 compensationum
1655 2266 1966 2332 praeteritus
1992 2261 2179 2333 rejicit
2205 2261 2350 2333 (cap.
2386 2262 2442 2327 3,
2475 2277 2638 2315 num.
2672 2261 2760 2332 10)
2796 2277 2808 2315 :
2843 2261 3169 2317 Salmasius
3199 2261 3331 2317 illos
3365 2262 3620 2317 admittit
3648 2277 3705 2315 ac
3724 2275 3826 2332 pro-

469 2357 697 2424 pugnat
727 2352 822 2421 (De
854 2352 1079 2422 Trapez.
1110 2350 1332 2422 fauor.)
1371 2351 1613 2405 Demum
1643 2349 1810 2405 alteri
1842 2366 2021 2404 usura
2050 2349 2570 2405 innumerabilium
2595 2348 2885 2405 malorum
2911 2350 3201 2423 scaturigo
3233 2355 3322 2406 est
3353 2351 3505 2422 (cap.
3539 2351 3592 2420 3,
3617 2354 3732 2416 etc.,
3778 2351 3821 2402 et

468 2457 520 2494 c.
555 2440 644 2504 42,
675 2441 744 2495 43
772 2440 907 2510 etc.)
940 2455 952 2493 :
987 2439 1152 2494 alteri
1185 2444 1379 2493 autem
1411 2437 1572 2509 origo
1604 2444 1694 2492 est
1725 2443 1845 2492 tam
1880 2436 2318 2508 multiplicium,
2351 2437 2659 2504 bonorum,
2691 2443 2755 2492 ut
2785 2454 2851 2493 ea
2881 2438 3114 2494 sublata
3143 2444 3314 2509 neget
3349 2441 3448 2507 (De
3485 2439 3632 2494 Usur.
3663 2453 3752 2508 cap
3774 2437 3822 2488 ‘21

467 2532 525 2584 et
555 2528 689 2584 alibi
725 2527 971 2599 imperia
999 2545 1065 2582 ac
1097 2526 1462 2598 respublicas
1493 2544 1665 2598 posse
1695 2527 2032 2582 consistere.
2069 2525 2214 2592 Quid
2251 2543 2502 2597 usquam
2532 2527 2838 2582 amborum
2871 2527 3178 2583 sententiis
3215 2525 3691 2599 discrepantius?
3728 2529 3824 2580 Non

467 2622 558 2673 est
589 2618 770 2673 nostri
803 2616 1055 2672 instituti
1089 2616 1197 2671 hoc
1227 2615 1352 2670 loco
1387 2616 1712 2670 doctrinam
1745 2615 1932 2672 sancti
1966 2615 2250 2671 antistitis
2280 2616 2726 2684 conﬁrmare,ac
2755 2615 3017 2685 ejusdem
3041 2631 3176 2670 cum
3207 2615 3462 2670 aliorum
3487 2617 3702 2671 Patrum
3731 2611 3825 2684 pls-

467 2706 599 2762 citis
633 2723 932 2762 summum
965 2706 1074 2760 hac
1107 2705 1161 2759 in
1197 2704 1439 2760 materia
1471 2721 1824 2760 consensum
1856 2721 2158 2777 exponere.
2195 2704 2310 2760 Hoc
2333 2705 2458 2775 jam
2492 2703 2840 2776 praestitium
2889 2708 2978 2760 est
3008 2720 3042 2759 a
3092 2705 3259 2760 docto
3292 2704 3550 2776 quodam
3608 2700 3825 2771 theologo

466 2795 527 2852 in
560 2799 812 2850 tractatu
847 2793 1064 2850 Gallice
1096 2793 1331 2864 scripto,
1366 2796 1422 2848 et
1451 2792 1690 2848 Parisiis
1735 2810 1887 2848 anno
1919 2794 2053 2848 1671
2087 2793 2144 2848 in
2176 2792 2366 2848 lucem
2396 2793 2550 2848 edito
2581 2793 2690 2848 sub
2722 2792 2830 2847 hac
2861 2791 3241 2864 inscriptione
3274 2810 3286 2848 :
3323 2795 3603 2848 Lactantii
3629 2790 3828 2861 defensio

465 2885 620 2940 circa
649 2901 877 2938 usuram
907 2900 920 2936 :
953 2899 1056 2936 nec
1087 2898 1200 2936 non
1233 2898 1267 2936 a
1296 2880 1532 2935 domino
1561 2882 1644 2936 Du
1676 2882 1854 2936 Tertre
1884 2882 1942 2935 in
1975 2881 2122 2938 libro
2154 2880 2246 2936 cui
2277 2880 2484 2937 titulus
2518 2897 2531 2935 :
2571 2875 2748 2938 Usura
2776 2883 3024 2952 exposita
3051 2889 3103 2936 et
3131 2881 3501 2937 condemnata
3526 2898 3546 2940 ;
3586 2883 3825 2951 postremo

470 2972 688 3028 secutis
720 2971 892 3027 annis
925 2971 1078 3042 quod
1113 2973 1264 3025 esset
1295 2969 1353 3023 in
1386 2969 1494 3023 hac
1526 2969 1770 3024 materia
1793 2969 2254 3025 Christianorum
2286 2971 2542 3026 ofﬁcium
2577 2969 2636 3024 in
2667 2969 2880 3026 ethicis
2901 2969 3258 3041 quibusdam
3281 2967 3827 3024 commentationibus

469 3060 824 3134 patefactum
857 3063 962 3114 est.
996 3057 1189 3113 Unum
1219 3056 1399 3129 igitur
1428 3057 1522 3111 hic
1553 3057 1763 3113 addere
1796 3058 1963 3113 nobis
1994 3058 2137 3114 satis
2165 3063 2254 3114 est
2289 3076 2302 3127 ;
2336 3059 2615 3114 nimirum
2647 3059 3018 3114 Ambrosium
3049 3063 3222 3130 atque
3254 3058 3407 3113 alios
3443 3058 3628 3113 Patres
3655 3057 3706 3110 in
3750 3069 3825 3126 pe-

469 3148 753 3204 netrando
785 3145 1091 3218 Scriptura:
1123 3163 1296 3202 sensu
1343 3162 1455 3199 non
1490 3144 1684 3200 minus
1715 3151 1917 3202 acutos
1949 3147 2127 3202 fuisse
2159 3164 2337 3219 quam
2396 3147 2528 3204 illos
2577 3164 2767 3203 usurae
2798 3152 3097 3218 patronos,
3159 3147 3259 3218 qui
3320 3145 3472 3202 nihil
3539 3147 3648 3201 fere
3696 3141 3823 3198 aliud

473 3253 651 3309 quam
685 3235 1085 3292 cavillationes
1113 3233 1328 3305 quibus
1356 3234 1647 3290 Ambrosii
1678 3235 1938 3307 tempore
1970 3237 2321 3294 feneratores
2353 3237 2688 3302 utebantur,
2716 3234 2881 3308 quasi
2917 3235 3275 3309 frigefactam
3309 3236 3614 3292 crambem
3641 3247 3826 3288 recoxe-

470 3328 629 3380 runt.
3026 3377 3033 3383 .

539 3414 687 3478 Quid
725 3412 985 3467 restabat
1015 3410 1170 3466 aliud
1208 3410 1336 3466 istis
1368 3412 1779 3483 trapezitarum
1811 3413 2176 3486 apologistis,
2208 3413 2322 3470 nisi
2355 3417 2420 3470 ut
2450 3415 2521 3470 ad
2556 3413 2941 3470 minuendum
2974 3413 3504 3469 Ambrasianorum
3559 3423 3828 3484 argumen-

466 3505 664 3557 torum
696 3515 1007 3554 numerum
1041 3516 1265 3554 sacram
1298 3498 1429 3554 libri
1455 3500 1648 3556 Tobiaa
1679 3503 2080 3557 auctoritatem
2115 3502 2176 3557 in
2208 3502 2384 3558 dubio
2417 3501 2752 3572 ponerent?
2781 3501 2898 3557 Hoc
2928 3501 2970 3555 ii
2999 3518 3215 3574 magna
3245 3502 3434 3557 fecere
3465 3518 3591 3556 cum
3609 3496 3824 3556 audacia.

468 3591 686 3647 Verum
717 3589 951 3662 quidem
985 3592 1074 3644 est
1101 3589 1373 3645 eumdem
1405 3589 1620 3645 librum
1654 3608 1686 3645 a
1715 3591 1986 3647 Patribus
2017 3590 2324 3647 nonnullis
2368 3591 2665 3663 (Athenas.
2696 3590 2756 3645 in
2787 3596 2993 3662 Synop.
3022 3607 3044 3652 ,·
3075 3589 3242 3664 Greg.
3273 3590 3413 3645 Naz.
3476 3593 3597 3646 Car.
3648 3587 3707 3642 de
3751 3583 3824 3638 tib.

468 3695 561 3734 sac
594 3697 607 3746 ;
643 3677 837 3734 Melite
867 3681 922 3732 et
950 3677 1182 3750 Origen.
1221 3679 1376 3748 apud
1406 3680 1615 3735 Euseb.
1651 3680 1785 3735 Hist.
1815 3679 1914 3735 lib.
1946 3698 2020 3748 Iv,
2054 3697 2182 3752 cap.
2212 3680 2303 3746 26,
2336 3683 2393 3735 et
2432 3678 2534 3735 lib.
2570 3696 2646 3745 v1,
2678 3696 2728 3734 c.
2787 3681 2859 3734 25
2891 3696 2904 3744 ;
2963 3679 3115 3734 Conc
3175 3678 3440 3748 Laodic.)
3498 3674 3735 3747 catalogo
3777 3670 3822 3724 in

473 3785 647 3839 quem
680 3766 990 3822 canonicos
1017 3767 1243 3822 codices
1276 3767 1619 3834 retulerunt,
1653 3768 2000 3840 inscriptum
2028 3785 2155 3824 esse
2187 3787 2200 3836 ;
2230 3769 2384 3840 quod
2434 3768 2703 3823 videlicet
2737 3767 2796 3822 in
2855 3767 3094 3823 Hebrao
3143 3783 3369 3822 canone
3426 3766 3821 3823 desideraretur.

469 3857 576 3911 Sed
609 3855 708 3927 qui
733 3855 1078 3910 nominatim
1114 3855 1258 3910 illud
1290 3855 1480 3927 operis
1503 3857 1784 3928 rejecerit,
1815 3857 1908 3912 vix
1939 3873 2298 3929 quemquam
2326 3857 2608 3913 invenias.
2640 3858 2915 3912 Testatur
2945 3855 3160 3911 alicubi
3187 3855 3574 3928 Hieronymus
3601 3853 3675 3923 (In
3704 3845 3822 3905 Prol.

471 3943 596 4001 Gal.
631 3945 793 4000 Pref.
832 3944 885 3999 in
924 3944 1021 4000 lib.
1055 3943 1354 4012 Salomon)
1388 3944 1443 3999 in
1478 3961 1698 3999 canone
1729 3945 1972 4001 Judaico
2005 3946 2150 4001 illud
2177 3948 2322 4002 inter
2347 3949 2640 4002 canonicos
2669 3947 2980 4018 Scripturas
3010 3961 3125 4000 non
3157 3945 3393 4000 admitti
3429 3963 3441 3999 :
3500 3957 3683 3999 verum
3734 3935 3822 3991 alio

470 4031 594 4088 loco
617 4031 834 4105 ipsum,
865 4035 980 4099 llis,
1014 4033 1206 4104 inquit
1235 4033 1421 4100 (Praef.
1458 4033 1516 4086 in
1548 4033 1739 4102 Tob.),
1765 4048 1890 4104 quae
1911 4034 2245 4104 agiographa
2265 4042 2588 4097 memorant,
2617 4034 2808 4091 Judaei
2833 4034 3242 4104 manciparunt.
3278 4032 3436 4088 Idem
3469 4029 3711 4102 ejusdem
3740 4024 3822 4078 Pa-

383 4152 388 4156 ι
470 4121 580 4176 tris
611 4122 946 4176 testimonio
979 4121 1210 4193 publice
1239 4121 1297 4175 in
1333 4121 1586 4176 Ecclesia
1619 4123 1939 4192 legebatur,
1969 4138 2193 4177 necnon
2225 4122 2592 4193 usurpabatur
2619 4125 2688 4178 ab
2714 4123 3099 4177 ecclesiasticis
3125 4123 3261 4176 viris
3292 4121 3477 4192 (Praef.
3509 4120 3564 4172 in
3615 4109 3824 4176 Jonam).

473 4209 637 4266 Unde
667 4210 890 4282 liquido
916 4210 1325 4282 cognoscimus
1357 4210 1512 4265 hunc
1544 4209 1758 4265 librum
1789 4210 1846 4265 id
1881 4211 2161 4283 temporis
2191 4211 2450 4267 nondum
2481 4212 2555 4266 ab
2584 4209 2844 4267 Ecclesia
2872 4210 2930 4265 in
2966 4209 3082 4266 ullo
3116 4209 3382 4278 concilio,
3417 4213 3482 4264 ut
3515 4211 3696 4279 postea
3738 4199 3824 4254 fac-

472 4302 598 4353 tum
630 4303 736 4364 est,
772 4299 1082 4369 probatum
1108 4298 1286 4354 fuisse
1322 4317 1334 4364 ;
1369 4303 1428 4352 at
1461 4299 1717 4369 quodam
1749 4299 1922 4354 tacito
1955 4315 2242 4355 consensu
2279 4300 2628 4356 admissum.
2661 4299 3011 4355 Ambrosius
3045 4297 3212 4354 illum
3243 4314 3348 4370 pro
3379 4296 3566 4351 divino
3596 4298 3648 4349 et
3686 4303 3826 4346 cano-

475 4385 604 4440 nico
637 4386 751 4456 (hic
778 4404 903 4457 cap.
943 4389 991 4442 1.
1024 4405 1186 4442 num.
1217 4389 1268 4455 1,
1299 4392 1356 4442 et
1387 4390 1664 4456 Hexaem,
1698 4386 1799 4442 lib.
1834 4405 1906 4453 v1,
1943 4405 1991 4442 c.
2027 4389 2078 4459 4)
2110 4405 2414 4459 nunquam
2444 4406 2558 4444 non
2593 4387 2820 4454 habuit,
2847 4389 2941 4442 cui
2962 4387 3070 4443 hac
3101 4387 3160 4440 in
3193 4404 3252 4441 re
3283 4383 3580 4457 suifragati
3609 4399 3636 4437 e
3663 4373 3824 4433 veteri-

475 4473 588 4528 bus
618 4473 888 4530 Patribus
919 4477 1088 4545 (Iren.
1125 4475 1164 4530 1.
1199 4494 1240 4546 ι,
1276 4493 1325 4532 c.
1359 4478 1426 4531 34
1463 4476 1797 4548 ;Po|ycarp.
1857 4478 2026 4547 Epist.
2060 4476 2130 4532 ad
2159 4477 2428 4549 Phillipp.
2474 4496 2487 4542 ;
2519 4477 2788 4549 Cyprian.
2822 4477 2894 4532 ad
2925 4477 3165 4544 Quirin..
3201 4474 3239 4530 l.
3268 4492 3353 4540 Ill,
3388 4491 3438 4530 c.
3471 4475 3538 4528 46
3563 4475 3610 4528 et
3660 4467 3737 4528 3‘2,
3783 4465 3826 4515 et

475 4559 616 4616 alibi
652 4577 664 4614 ί
699 4560 900 4627 Hilar.,
933 4563 1253 4636 Chrysost.,
1286 4564 1465 4620 Clem.
1499 4564 1682 4632 Alex.,
1714 4568 1931 4638 Augu.,
1953 4569 2086 4632 etc.)
2118 4565 2288 4636 longe
2321 4565 2560 4638 plurimi
2591 4565 2830 4638 synodis
2861 4583 2896 4620 a
2925 4565 3144 4636 quibus
3171 4563 3445 4618 inalbum
3464 4569 3734 4616 sacrorum
3751 4564 3825 4603 c0-

477 4649 676 4704 dicum
709 4655 975 4720 receptus
1005 4651 1134 4714 fuit,
1169 4651 1457 4722 praeivere.
1496 4653 1674 4723 Adjici
1703 4654 1876 4709 etiam
1911 4653 2004 4708 hic
2032 4658 2221 4726 potest
2250 4653 2430 4709 videri
2461 4659 2732 4709 sanctum
2762 4653 3088 4708 antistitem
3149 4651 3284 4706 huic
3341 4650 3528 4706 eidem
3573 4645 3706 4716 libro
3734 4650 3822 4692 non

475 4738 656 4794 alium
698 4738 1042 4809 scriptorem
1077 4740 1416 4806 attribuere,
1450 4758 1627 4812 quam
1661 4743 1857 4814 ipsum
1888 4741 2129 4797 Tobiam
2164 4746 2409 4814 patrem.
2442 4742 2548 4807 Qui
2580 4745 2995 4815 argumentum
3024 4740 3131 4795 hoc
3183 4739 3577 4794 tractaverunt
3628 4739 3822 4823 accura-

475 4827 618 4895 tius,
653 4827 846 4899 prima
875 4844 948 4880 xu
983 4827 1172 4898 capita
1203 4828 1350 4898 patri
1383 4829 1686 4885 ascribunt
1705 4831 1974 4897 (Serrar.,
2009 4830 2222 4903 Huet.),
2254 4829 2374 4886 ﬁlio
2405 4831 2520 4886 duo
2549 4830 2794 4902 reliqua,
2822 4827 3074 4900 exceptis
3108 4825 3336 4883 ultimis
3367 4825 3590 4881 duobus
3612 4826 3820 4903 versicu-

477 4914 550 4971 lis
583 4916 684 4988 qui
715 4917 788 4972 ab
822 4920 1055 4970 auctore
1080 4915 1356 4986 quopiam
1387 4916 1604 4988 ignoto,
1639 4922 1694 4972 et
1725 4918 1919 4990 aliquo
1953 4901 2215 4988 fortasse,
2248 4919 2544 4991 inquiunt,
2576 4936 2645 4975 ex
2675 4901 2869 4974 Tobias
2898 4917 3230 4990 nepotibus,
3264 4915 3448 4971 additi
3497 4912 3640 4968 sunt.
3693 4901 3822 4957 U005

476 5020 506 5058 e
530 5004 952 5061 recentioribus
981 5004 1147 5076 (Hay)
1181 5010 1571 5059 memoratum
1603 5005 1821 5061 librum
1853 5008 1924 5061 ab
1957 5012 2205 5079 utroque
2236 5007 2436 5078 simul,
2471 5012 2634 5079 patre
2665 5008 2943 5062 nimirum
2976 5009 3033 5062 et
3063 5003 3200 5073 filio,
3236 5005 3501 5059 autumat
3526 5012 3643 5054 esse
3690 5001 3820 5045 com-

476 5095 754 5163 positum.
791 5095 901 5150 Sed
926 5111 1059 5150 cum
1093 5111 1270 5166 super
1300 5093 1408 5148 hoc
1439 5093 1586 5149 nihil
1619 5096 1948 5166 usquedum
1983 5097 2446 5167 pronuntiaverit
2477 5096 2750 5163 Ecclesia,
2786 5095 2879 5151 hic
2910 5093 3226 5166 unicuique
3259 5092 3500 5148 liberum
3530 5083 3682 5142 estin
3723 5089 3821 5130 sen-

475 5196 546 5236 su
577 5185 810 5255 proprio
842 5185 1162 5238 abundare.
