4052 6196
245 378 362 442 797

1608 383 1841 449 LIBER
1883 383 1988 450 DE
2029 384 2291 450 TOBIA.

3537 389 3655 453 798

246 517 3656 548 Ἥ

892 697 1718 860 ΞΑΝΟΤΙ
1911 702 3007 863 AMBROSII

1413 979 2047 1041 MEDIOLANENSIS
2091 980 2448 1041 EPISCOPI

1366 1151 2504 1286 DE'TOBIA

1659 1380 1945 1454 LIBER
1983 1379 2055 1443 (ί)
2107 1381 2352 1454 UNUS

579 1661 872 1719 589-91
934 1664 1167 1721 CAPUT
1222 1664 1529 1722 PRIMUM.

234 1752 505 1823 Proponit
558 1770 618 1808 se
644 1753 711 1807 de
742 1754 919 1811 Tobiw
945 1756 1240 1812 virtutibus
1269 1772 1402 1823 quas
1432 1756 1684 1812 historice
1736 1756 1882 1813 Scri-

296 1832 466 1896 ptura
506 1830 910 1890 commemorat,
960 1827 1173 1884 brevius
1222 1828 1497 1884 dicturum
1527 1846 1546 1881 :
1603 1832 1653 1884 et
1708 1844 1886 1897 primo

307 1896 404 1966 qui
430 1898 825 1971 captivitatem,
846 1904 913 1971 et
942 1900 1001 1954 in
1033 1902 1153 1971 ipsa
1179 1900 1247 1955 ob
1289 1898 1594 1955 exhibitam
1650 1899 1890 1971 sepultu-

303 1983 452 2029 ram.
482 1969 743 2043 exsilium
771 1970 984 2026 tulerit.
1016 1969 1226 2043 narrat.
1263 1970 1465 2025 Deinde
1492 1969 1755 2043 quomodo
1793 1986 1884 2043 re-

305 2054 491 2094 versus
520 2041 588 2094 ab
616 2040 800 2096 eodem
829 2043 1008 2111 ofﬁcio
1038 2059 1147 2098 non
1171 2042 1438 2098 destiterit
1470 2040 1514 2096 εὴ
1535 2043 1631 2096 ubi
1688 2049 1739 2097 et
1792 2040 1889 2097 hoc

305 2119 551 2166 mortuos
576 2110 878 2182 sepeliendi
905 2130 1106 2169 munus
1131 2115 1493 2186 praedicatur.

308 2218 361 2272 1.
392 2218 563 2273 Lecto
595 2218 929 2291 prophetico
960 2219 1110 2276 libro
1142 2220 1240 2293 qui
1274 2219 1615 2276 inscribitur
1669 2219 1884 2275 Tobias

232 2306 337 2378 (2),
370 2306 637 2378 quamvis
667 2306 836 2379 plene
877 2308 1041 2365 vobis
1071 2308 1313 2365 virtutes
1352 2309 1541 2364 sancti
1592 2308 1885 2380 prephetze

230 2394 540 2467 Scriptura
567 2396 974 2462 insinuaverit,
1006 2401 1202 2453 tamen
1263 2396 1704 2468 compendiario
1738 2395 1887 2451 mihi

245 2500 521 2539 sermone
557 2485 628 2539 de
658 2486 786 2555 ejus
817 2485 1040 2541 meritis
1081 2486 1450 2541 recensendis
1508 2490 1565 2541 et
1616 2484 1891 2556 operibus

244 2573 404 2642 apud
436 2589 536 2628 vos
566 2574 848 2629 utendum
880 2575 1131 2629 arbitror
1163 2592 1175 2641 ;
1212 2579 1366 2630 utea
1407 2591 1534 2646 quas
1590 2574 1892 2647 Scriptura

242 2659 527 2717 historico
550 2678 709 2718 more
746 2663 993 2735 digessit
1020 2663 1217 2730 latius,
1252 2680 1358 2719 nos
1411 2663 1671 2719 strictius
1729 2679 1885 2718 com-

239 2749 702 2823 prehendamus,
733 2752 1016 2829 virtutum
1048 2753 1177 2823 ejus
1208 2769 1420 2825 genera
1446 2751 1606 2808 velut
1635 2752 1888 2825 quodam

237 2838 529 2895 breviario
556 2840 914 2912 colligentes.

310 2930 366 2982 2.
402 2928 529 2983 Fuit
561 2928 647 2983 vir
667 2929 888 2998 justus,
920 2930 1274 3005 misericors,
1308 2928 1640 3002 hospitalis.
1674 2934 1733 2985 et
1780 2929 1889 2984 hoc

1910 1671 1966 1737 Α
1996 1667 2184 1733 sidiis,
2221 1669 2404 1725 misso
2434 1668 2577 1734 filio,
2625 1671 2926 1742 quaerebat
2981 1676 3308 1729 consortem
3377 1676 3647 1744 convivii,

1997 1757 2149 1812 Dum
2181 1758 2420 1813 conviva
2449 1760 2790 1827 accersitur,
2824 1760 3109 1816 nuntiatis
3140 1760 3415 1833 insepulti
3444 1779 3649 1835 corpo-

1996 1847 2079 1901 ris
2112 1845 2397 1919 reliquiis,
2445 1848 2775 1904 convivium
2834 1850 3186 1906 deserebat:
3249 1867 3354 1906 nec
3406 1852 3653 1924 putabat

1999 1936 2182 2003 pium,
2217 1941 2281 1991 ut
2312 1937 2435 2009 ipse
2466 1936 2664 1992 cibum
2696 1943 2971 1994 sumeret.
3007 1956 3141 1994 cum
3172 1938 3232 1994 in
3265 1939 3497 2014 publico
3530 1957 3653 1997 cor-

1998 2042 2109 2097 pus
2126 2028 2343 2096 jaceret
2375 2027 2638 2083 exanime
2670 2029 2816 2097 (Tob.
2852 2045 2912 2090 ιι.
2950 2030 3094 2097 2-7).

2067 2116 2125 2169 5.
2168 2115 2285 2169 Hoc
2312 2113 2397 2169 illi
2432 2115 2843 2186 quotidianum
2875 2133 3045 2188 opus,
3078 2121 3137 2172 et
3168 2134 3450 2191 magnum
3475 2135 3647 2191 opus,

1998 2210 2056 2258 et
2085 2220 2365 2276 magnum
2394 2204 2648 2276 quidem.
2680 2206 2825 2262 Nam
2858 2206 2908 2262 si
2938 2207 3195 2263 viventes
3216 2207 3441 2277 operire
3459 2208 3649 2265 nudos

2002 2293 2090 2347 lex
2123 2292 2399 2365 praecipit,
2429 2298 2649 2366 quanto
2682 2296 2871 2367 magis
2901 2295 3185 2352 debemus
3205 2297 3431 2368 operire
3450 2297 3650 2353 defun-

2001 2381 2166 2436 ctos?
2196 2381 2253 2437 Si
2285 2383 2509 2439 viantes
2564 2384 2635 2438 ad
2694 2384 2959 2457 longiora
3020 2386 3305 2441 deducere
3363 2384 3646 2453 solemus,

2000 2474 2220 2540 quanto
2254 2470 2442 2541 magis
2471 2470 2531 2525 in
2561 2470 2723 2525 illam
2755 2478 3029 2527 aeternam
3062 2473 3304 2527 domum
3357 2474 3648 2544 profectos

2000 2557 2099 2627 (7),
2129 2558 2283 2613 unde
2306 2559 2432 2628 jam
2465 2576 2580 2613 non
2613 2563 2976 2615 revertantur
3000 2560 3029 2615 ?
3063 2581 3090 2611 «
3121 2561 3259 2632 Ego,
3294 2561 3485 2632 inquit
3514 2561 3646 2629 Job,

2002 2661 2179 2715 super
2207 2662 2441 2701 omnem
2471 2646 2775 2701 inﬁrmum
2810 2648 2934 2703 flevi
2969 2649 3105 2718 (Job.
3137 2665 3267 2714 xxx,
3298 2649 3411 2719 25).
3446 2671 3473 2700 »
3509 2650 3649 2715 Quis

2000 2732 2290 2788 infirmior
2316 2734 2612 2802 defuncto,
2655 2736 2726 2791 de
2758 2752 2871 2807 quo
2907 2735 3046 2791 dicit
3100 2736 3400 2808 Scriptura
3458 2736 3596 2793 alibi
3632 2753 3646 2794 :

2000 2821 2188 2892 Super
2219 2826 2521 2877 mortuum
2555 2822 2717 2895 plora
2746 2824 2932 2894 (Eccli.
2966 2841 3107 2891 χχιι,
3172 2824 3227 2895 Ο)
3256 2824 3284 2880 ‘t
3311 2846 3339 2875 »
3369 2824 3647 2882 Ecclesia-

2003 2915 2121 2965 stes
2152 2917 2346 2965 autem
2382 2911 2461 2965 ait
2494 2929 2507 2966 :
2542 2934 2570 2961 «
2605 2912 2715 2968 Cor
2741 2912 3073 2985 sapientum
3102 2914 3158 2967 in
3194 2913 3366 2969 domo
3409 2912 3605 2970 luctus
3634 2929 3649 2971 :

230 3018 523 3073 virtutum
556 3017 834 3090 praeditus
866 3018 1061 3087 choro,
1093 2999 1277 3074 subiit
1304 3019 1380 3091 (3)
1413 2999 1738 3075 aerumnam
1795 3036 1891 3075 ca-
1923 3042 1970 3106 Β
2002 3016 2103 3106 Et”
2358 2999 2736 3106 §t“1°"‘~“m.i“
2768 3002 2941 3106 άοπξο
2973 3001 3651 3106 εῗρυιαηξίυωηωσείεονῐξ

232 3104 546 3178 ptivilatis,
579 3123 758 3177 quam
790 3107 1010 3193 ferebat
1039 3107 1339 3162 humiliter
1367 3112 1541 3179 atque
1582 3109 1885 3180 patienter,

236 3210 619 3251 communem
654 3197 843 3258 magis
873 3196 1171 3268 injuriam.
1223 3212 1399 3269 quam
1459 3195 1743 3269 privatam
1796 3198 1891 3253 do-

234 3284 375 3340 lens
404 3285 549 3355 (Tob.
584 3302 623 3353 ι,
654 3287 943 3354 2-15),nec
974 3285 1085 3341 sibi
1115 3285 1397 3341 virtutum
1432 3285 1712 3359 suffragia
1744 3285 1891 3340 nihil

235 3372 535 3445 profuisse
566 3372 896 3447 deplorans,
929 3375 1028 3430 sed
1059 3372 1248 3447 magis
1279 3389 1406 3429 eam
1438 3373 1549 3429 sibi
1583 3378 1892 3431 contume-

233 3460 382 3517 liam
415 3462 700 3518 minorem
733 3467 1101 3535 peccatorum
1143 3479 1383 3519 suorum
1419 3462 1605 3534 pretio
1664 3462 1890 3519 illatam

232 3550 563 3607 arbitratus
591 3552 737 3622 (Tob.
773 3568 857 3609 ιιι.
895 3552 1036 3623 1οϐ).

309 3645 365 3694 3.
402 3639 613 3695 Meruit
642 3641 896 3697 edictum
930 3641 1027 3712 (4),
1060 3658 1131 3696 ne
1161 3640 1293 3713 quis
1320 3658 1387 3696 ex
1419 3639 1557 3695 filiis
1588 3640 1889 3712 captivita-

230 3728 314 3783 tis
344 3729 420 3798 (5)
453 3732 747 3807 mortuum
777 3729 1089 3800 sepulturae
1114 3729 1281 3784 daret
1310 3729 1452 3800 (Tob.
1484 3746 1522 3795 ι,
1555 3730 1668 3800 22).
1703 3730 1891 3787 Atille

228 3816 546 3872 interdicto
578 3834 692 3872 non
727 3818 1104 3873 revocabatur
1149 3818 1337 3888 magis
1364 3834 1541 3888 quam
1600 3816 1889 3875 incitaba-

225 3908 353 3971 tur,
387 3922 460 3962 ne
488 3906 753 3962 deserere
784 3906 1043 3962 officium
1076 3906 1327 3978 pietatis,
1361 3906 1569 3963 mortis
1601 3912 1761 3962 metu
1795 3908 1887 3963 vi-

224 3994 513 4061 deretur;
547 4000 671 4050 erat
700 3994 856 4051 enim
888 3994 1298 4050 misericordia
1338 3995 1613 4066 pretium,
1676 3997 1884 4052 mortis

227 4099 427 4154 paena.
461 4081 622 4140 Talis
654 4082 857 4156 ﬂagitii
889 4083 1290 4156 deprehensus
1321 4099 1477 4154 reus,
1505 4083 1608 4139 vix’
1648 4086 1885 4142 tandem

228 4188 341 4243 per
371 4172 626 4227 amicum
659 4174 849 4244 potuit
876 4172 1103 4242 direpto
1147 4170 1496 4243 patrimonio
1554 4189 1773 4247 egenus
1830 4180 1887 4231 et

224 4257 398 4316 exsul
431 4259 660 4316 restitui
691 4262 836 4316 suis.

304 4350 480 4406 592.
514 4350 800 4406 Alterum
832 4349 891 4406 in
926 4350 1017 4406 his
1057 4350 1398 4406 versabatur
1428 4350 1636 4406 ofﬁciis
1671 4370 1683 4421 ;
1721 4355 1779 4408 et
1834 4354 1881 4409 si

222 4439 374 4511 quid
407 4437 666 4494 alimenti
702 4439 869 4502 foret,
912 4438 1285 4511 peregrinum
1318 4454 1451 4493 cum
1513 4455 1627 4511 quo
1686 4440 1881 4498 cibum

219 4531 508 4593 sumeret,
544 4527 855 4599 quaerebet.
879 4526 1084 4598 Itaque
1114 4542 1250 4581 cum
1284 4526 1476 4581 fessus
1505 4544 1539 4581 a
1567 4528 1879 4598 sepultura:

217 4613 565 4671 revertisset
590 4614 666 4687 (6)
694 4631 955 4671 munere.
989 4614 1273 4686 appositis
1322 4614 1433 4670 sibi
1467 4616 1674 4671 edendi
1736 4618 1882 4675 sub-

319 4776 376 4847 1)
407 4773 673 4847 Scriptus
703 4774 1033 4847 forte‘circa
1064 4791 1160 4830 an.
1183 4774 1309 4847 377.

314 4844 379 4919 2)
410 4844 576 4973 24753:,
614 4848 784 4903 Tobis.
826 4845 970 4902 Vide
1002 4850 1200 4902 notam
1232 4846 1303 4902 ad
1336 4844 1375 4901 1.
1408 4863 1466 4902 vr
1512 4848 1792 4914 Hexaem.,
1826 4866 1877 4905 c.

314 4935 373 4973 n.
486 4960 498 4972 .

212 4920 271 4984 4,
310 4935 373 4973 n.
410 4920 498 4973 l7.

286 4989 377 5062 (3)
406 4988 554 5045 Edit.
589 5004 791 5062 omnes
839 5003 973 5043 cum
1028 4986 1176 5062 Viget.
1240 4988 1508 5062 cod.,‘et
1536 4988 1599 5045 ob
1658 4992 1881 5049 virtutes

248 5058 427 5116 uibus
455 5058 718 5129 praeditus
744 5063 945 5130 fuerat,
974 5058 1167 5125 subiit,
1230 5063 1337 5115 etc.
1398 5059 1590 5116 Codex
1647 5062 1876 5130 Thuan,

253 5142 278 5190 t
308 5131 384 5188 ob
412 5133 680 5204 virtutum
708 5148 937 5204 quorum
966 5130 1237 5204 praeditus
1282 5130 1468 5204 subiit,
1530 5136 1666 5197 etc.,
1712 5151 1877 5190 men-

208 5204 367 5261 dose
401 5220 415 5270 ;
444 5208 504 5257 at
532 5202 640 5258 hoc
670 5202 876 5258 vitium
908 5202 1224 5258 emendant
1254 5202 1465 5270 reliqui
1497 5219 1640 5260 mss.

284 5274 377 5346 (4)
410 5273 674 5329 Latinius
705 5272 1017 5346 legendum
1049 5273 1313 5346 conjicit,‘
1364 5272 1568 5346 Metuit,
1616 5274 1873 5332 edictum.

208 5344 335 5418 Sed
373 5348 430 5399 et
460 5360 604 5401 mss.
636 5348 691 5400 et
720 5344 858 5418 edit.
917 5350 973 5401 et
1030 5362 1242 5418 sensus
1299 5344 1425 5416 ipse
1467 5345 1871 5418 refragantur.

204 5416 478 5488 Edictum
506 5420 699 5471 autem
730 5415 886 5472 idem
910 5420 999 5473 est
1028 5416 1183 5488 quod
1215 5415 1481 5488 sequenti
1511 5415 1679 5472 versu
1705 5419 1872 5473 inter-

207 5487 447 5570 dictum‘
462 5492 644 5553 vocat,
676 5505 885 5570 nempe
916 5486 1285 5560 promulgata
1300 5486 1481 5570 regis
1534 5487 1868 5570 prohibitio.

292 5559 375 5631 (5)
406 5558 623 5614 Omnes
652 5558 929 5625 edit.,_ne
959 5576 1121 5631 quem
1162 5558 1261 5631 ex,
1298 5558 1434 5631 ﬁliis
1488 5558 1821 5631 captivitatis
1849 5580 1871 5625 ,-

206 5628 429 5686 omnes
460 5645 626 5704 mea,
657 5632 896 5704 nequis.
929 5628 1037 5686 etc.
1072 5628 1716 5704 Undeintelligas'regio
1747 5631 1866 5688 edi-

204 5705 312 5757 cto
341 5718 459 5758 non
487 5699 678 5758 solum
707 5699 948 5759 Tobiam
988 5718 1114 5759 esse
1144 5699 1656 5774 comprehensum:

2000 3089 2075 3159 5).
2118 3110 2143 3135 »
2174 3088 2326 3143 Nihil
2362 3088 2471 3144 hoc
2503 3090 2693 3145 ol‘ticio
2726 3090 3119 3162 praestantius,
3153 3089 3204 3146 ei
3236 3092 3497 3148 conferre
3548 3093 3650 3163 qui

2000 3175 2104 3230 tibi
2128 3177 2254 3247 jam
2291 3193 2402 3231 non
2432 3178 2623 3249 possit
2664 3179 2923 3245 reddere,
2956 3180 3257 3235 vindicare
3312 3197 3347 3236 a
3400 3179 3650 3236 volatili-

2000 3263 2131 3330 bus,
2166 3265 2457 3321 vindicare
2488 3283 2523 3321 a
2548 3266 2750 3323 bestiis
2797 3273 3127 3324 consortem
3187 3273 3433 3335 naturae,
3493 3270 3648 3325 Ferte

2000 3351 2151 3408 hanc
2182 3354 2611 3411 humanitatem
2641 3355 2935 3413 defunctis
2966 3356 3309 3429 corporibus
3367 3355 3649 3414 detulisse

2002 3443 2350 3512 produntur,
2382 3442 2652 3499 homines
2681 3445 3056 3516 denegabant
3083 3446 3095 3500 l

2649 3532 2880 3588 CAPUT
2937 3534 3006 3589 ll.

2003 3618 2125 3686 Qua
2157 3623 2371 3675 ratione
2402 3622 2589 3676 Tobias
2618 3624 2917 3677 caecitatem
2945 3623 3156 3688 tulerit,
3198 3639 3268 3679 ne
3322 3622 3455 3688 quid
3510 3626 3650 3688 furti

2071 3689 2457 3765 admitteretur
2489 3694 2711 3757 caverit,
2735 3697 2787 3748 et
2824 3693 3223 3749 commodatum
3255 3689 3449 3751 Gabelo
3484 3711 3648 3765 pecu-

2070 3763 2223 3838 niam
2263 3779 2394 3838 non
2428 3765 2725 3835 repetierit,
2777 3765 2890 3838 nisi
2930 3766 3082 3820 senio
3115 3766 3308 3838 fessus
3336 3783 3357 3819 .·
3414 3763 3649 3838 denique

2068 3834 2415 3909 cohorruerit
2436 3834 2693 3909 Aa’fenore
2721 3837 2885 3909 malo,
2916 3851 3041 3888 eum
3094 3835 3447 3891 detestatione
3503 3834 3643 3909 ejus-

2067 3904 2208 3958 dem.
2242 3913 2293 3959 et
2317 3905 2444 3960 boni
2472 3904 2961 3961 commendatione.

2067 3993 2120 4047 6.
2154 3994 2298 4048 Tam
2331 3999 2534 4049 sancto
2567 3993 2758 4050 fessus
2789 3994 2980 4049 officio
3013 3994 3297 4066 prepheta
3356 3993 3495 4048 dum
3550 4010 3643 4049 re-

1996 4080 2246 4153 quiescit
2274 4080 2333 4135 in
2365 4082 2633 4138 cubiculo
2664 4100 2791 4150 suo,
2824 4083 3067 4139 cadente
3098 4083 3170 4138 de
3201 4098 3510 4154 passerum
3552 4080 3642 4137 ni-

1996 4169 2069 4224 do
2091 4170 2365 4239 albugine
2386 4171 2462 4241 (8)
2485 4172 2798 4228 caecitatem
2823 4171 3028 4228 incidit
3049 4173 3189 4243 (Tob.
3225 4188 3285 4237 ιι,
3311 4173 3397 4238 10,
3426 4172 3645 4243 tt).nec

1997 4259 2149 4314 593
2180 4264 2536 4330 conquestus
2565 4260 2874 4330 ingemuit,
2908 4277 3012 4316 nec
3043 4261 3224 4316 dixit:
3252 4260 3383 4315 Haec
3414 4276 3637 4315 merces

1997 4346 2262 4403 laborum
2292 4365 2577 4404 meorum.
2611 4349 2886 4405 Fraudari
2922 4349 3110 4421 magis
3141 4365 3202 4405 se
3232 4348 3418 4404 doluit
3473 4349 3639 4405 obse-

1998 4435 2272 4507 quiorum
2305 4452 2482 4507 quam
2515 4436 2818 4493 oculorum
2852 4453 3092 4493 munere
3123 4454 3135 4491 :
3188 4454 3292 4493 nec
3324 4438 3639 4495 caecitatem

1992 4541 2246 4596 poenam,
2275 4525 2376 4579 sed
2402 4524 2883 4594 impedimentum
2908 4526 3395 4597 putabat.Etcum
3416 4527 3636 4582 victum

1992 4613 2256 4668 mercede
2286 4612 2806 4687 levaretconjugis,
2832 4631 2904 4671 ne
2924 4615 3063 4687 quid
3089 4616 3368 4672 furtivum
3395 4617 3638 4674 domum

2062 4774 2136 4843 (6)
2161 4772 2247 4828 Ita
2275 4773 2413 4828 edit.
2446 4778 2557 4849 vet.
2618 4790 2683 4829 ac
2740 4791 2883 4832 mss.
2945 4775 3224 4849 quinque.
3276 4776 3391 4831 Alii
3442 4778 3639 4849 autem

1990 4846 2129 4918 duo,
2159 4861 2284 4918 cum
2314 4861 2347 4899 a
2402 4847 2686 4916 sepultura
2737 4850 2909 4918 fessus
2964 4845 3328 4904 reverteretur
3384 4845 3634 4901 meridie.

1989 4915 2156 4971 Rom.
2192 4914 2425 4984 edit...,.
2455 4914 2768 4974 revertisset
2794 4935 2907 4975 una
2936 4919 3042 4975 die.

2060 4987 2136 5061 (7)
2170 4985 2332 5061 Boni.
2356 4988 2509 5061 edit.
2544 5031 2582 5059 ,.
2617 4992 2677 5044 in
2708 4991 2867 5045 illam
2898 4999 3101 5045 terram
3125 4986 3414 5061 profectos,
3456 4990 3563 5042 etc.

2061 5055 2137 5126 (8)
2170 5057 2318 5113 Edit.
2356 5055 2553 5132 Ριοιῐι.,⁷
2582 5063 2751 5132 juxta
2781 5063 3047 5130 parietem
3100 5055 3245 5132 dulei
3297 5055 3640 5132 cadenteude

1985 5145 2265 5201 passerum
2283 5131 2413 5186 nido
2432 5128 2684 5196 stercore,
2717 5128 2999 5199 albugine,
3033 5137 3141 5185 etc.
3203 5128 3392 5184 Codex
3448 5128 3635 5198 Colb.;

1986 5202 2210 5256 cadente
2231 5201 2301 5276 de
2327 5205 2560 5276 stercore
2593 5219 2879 5276 passerum
2907 5202 3056 5276 nido,
3116 5201 3418 5269 albuginis,
3449 5205 3584 5276 __et_c.
3621 5218 3637 5269 ;

1988 5290 2057 5328 ex
2090 5288 2204 5343 qua
2230 5272 2474 5328 lectione
2506 5269 2619 5345 non
2654 5273 3092 5329 incommodum
3126 5288 3367 5327 sensum
3416 5269 3635 5345 elicias,

1987 5342 2347 5415 transposita
2376 5344 2583 5399 vocula
2610 5345 2835 5415 deipost
2883 5359 3081 5399 vocem
3130 5352 3378 5400 stercore.
3439 5342 3639 5415 Neque

1985 5414 2187 5487 tamen
2223 5416 2273 5487 ei
2303 5420 2414 5487 vet.
2447 5415 2595 5487 edit.
2626 5414 2885 5487 aliosque
2928 5431 3134 5487 omnes
3191 5430 3335 5487 mss2
3396 5414 3637 5487 postpo-

1985 5486 2213 5541 nendos
2246 5486 2541 5557 duximus.
2581 5486 2637 5541 ln
2670 5486 2760 5539 his
2792 5484 2988 5542 autem
3020 5486 3225 5557 albugo
3248 5484 3480 5541 videt—ur
3509 5484 3638 5542 esse

1983 5558 2313 5630 ipsummet
2344 5556 2545 5630 avium
2568 5562 3026 5630 excrementum,
3061 5556 3394 5630 sic’dictum
3427 5575 3460 5613 a
3491 5558 3639 5630 colo-

1981 5627 2043 5709 re
2082 5647 2095 5695 ;
2125 5629 2283 5709 unde
2316 5628 2471 5709 apud
2503 5627 2722 5694 Horat.,
2755 5628 2856 5685 lib.
2890 5647 2929 5699 ι,
2984 5635 3092 5686 sat.
3127 5631 3181 5699 8,
3242 5628 3360 5686 albi
3414 5628 3635 5702 epithe-

1987 5706 2117 5758 tum
2189 5700 2425 5755 invenit.
