4104 6156
486 263 609 329 ’799

1949 258 2015 326 S.
2059 256 2439 328 AMBROSII
3715 265 3806 338 eoo

490 418 658 459 etiam
689 397 927 457 cavebat
954 397 1031 472 (9)
1066 414 1078 453 :
1111 413 1257 455 uxor
1283 393 1517 453 haedum
1546 408 1651 469 pro
1683 393 1948 453 mercede
1977 411 2137 453 acce-
2162 398 2215 467 Α
2246 395 2422 455 citate
2450 394 2823 469 constrictus,
2881 398 2986 459 aut
3032 413 3137 474 pro
3191 414 3435 458 suorum
3487 398 3808 477 redemptione

484 495 653 563 perat
684 508 698 553 ;
732 494 791 545 at
821 487 940 554 illc,
972 488 1109 561 plus
1140 487 1432 544 honestati
1464 503 1640 560 quam
1666 485 1865 559 pietati
1924 503 2134 541 consu-

487 578 635 643 lens,
664 581 750 632 (ιειὶ
787 595 955 635 suam
987 578 1237 635 debebat
1265 577 1626 634 alimoniam.
1690 575 2137 631 Commendave-

490 686 576 726 rat
608 669 873 743 proximo
896 685 1001 723 suo
1032 667 1337 740 pecuniam
1371 666 1691 738 quamdam
1712 680 1889 737 quam
1912 668 2031 719 toto
2053 663 2134 719 vi-

489 761 560 814 ta
593 776 711 814 sua:
742 762 1002 830 tempore
1022 756 1079 811 in
1114 760 1277 812 tanta
1303 756 1631 828 indigentia
1677 771 1791 810 non
1850 751 2132 825 poposcit.

490 848 598 904 Vix
621 848 718 904 ubi
741 863 801 902 se
824 847 1044 902 fessum
1061 846 1228 910 vidit,
1265 850 1322 901 et
1342 844 1670 916 depositum
1696 846 2014 909 senectute,
2038 841 2134 896 in-

495 934 906 1001 sinuavitfilio,
930 953 1043 991 non
1070 940 1189 989 tam
1203 936 1446 1005 cupiens
1467 933 1943 990 commendatum
1972 946 2134 1002 repo-

491 1040 670 1091 scere,
705 1039 884 1094 quam
918 1022 1204 1079 sollicitus
1238 1040 1307 1078 ne
1335 1022 1630 1077 fraudaret
1659 1020 1969 1075 heredem.

556 1115 611 1166 7.
647 1113 808 1177 Quod
842 1112 1022 1184 igitur
1053 1112 1485 1166 commendavit
1538 1110 1871 1182 pecuniam,
1902 1111 1959 1163 et
2016 1124 2132 1163 non

491 1201 957 1271 feneravit,justi
991 1201 1242 1256 servavit
1271 1200 1549 1255 officium.
1586 1199 1803 1254 Malum
1838 1201 1928 1253 est
1974 1196 2132 1252 enim

489 1290 661 1347 fenus
692 1307 807 1362 quo
840 1295 1187 1362 quaeruntur
1220 1307 1407 1345 usura:
1443 1307 1456 1344 :
1490 1289 1591 1345 sed
1624 1304 1736 1343 non
1769 1286 1914 1341 illud
1964 1287 2133 1341 fenus

491 1378 735 1443 malum,
765 1380 837 1433 de
868 1395 981 1449 quo
1013 1378 1297 1450 scriptum
1339 1382 1429 1433 est
1461 1394 1474 1431 :
1509 1398 1537 1425 ‹‹
1598 1376 1814 1431 Fenera
1872 1374 2133 1445 proximo

488 1472 590 1523 tuo
618 1467 680 1531 in
712 1470 975 1538 tempore
1005 1465 1371 1522 necessitatis
1402 1464 1562 1520 illius
1592 1487 1612 1514 ι
1652 1465 1837 1535 (Eccli.
1869 1480 2021 1529 xmx,
2055 1461 2129 1533 2).

486 1556 632 1613 Nam
665 1562 723 1612 et
752 1556 932 1611 David
962 1554 1080 1611 ait:
1118 1577 1145 1606 «
1175 1556 1384 1611 Justus
1430 1554 1737 1609 miseretur
1766 1558 1822 1608 et
1870 1568 2132 1607 commo-

484 1648 588 1704 dat
615 1646 788 1715 (Psal.
823 1662 933 1712 cxx,
964 1646 1041 1716 5).
1079 1667 1106 1694 »
1138 1644 1312 1699 Aliud
1345 1644 1511 1699 fenus
1541 1647 1630 1698 est
1662 1644 1788 1711 iure
1807 1639 2132 1697 exsecrabi-

485 1735 561 1802 le,
594 1736 734 1791 dare
768 1736 825 1789 iu
858 1746 1099 1790 usuram
1128 1733 1460 1804 pecuniam,
1510 1732 1664 1803 quod
1723 1730 1814 1785 lex
1866 1728 2134 1801 prohibet

485 1825 663 1897 (Deut.
695 1838 855 1888 xxm,
892 1823 999 1895 19).
1046 1823 1156 1878 Sed
1186 1822 1396 1878 Tobias
1455 1820 1564 1876 hoc
1626 1819 1970 1891 refugiebat,
2031 1817 2131 1889 qui

484 1913 764 1970 monebat
789 1911 996 1978 filium,
1029 1928 1102 1966 ne
1126 1908 1479 1983 praeceptum
1511 1908 1739 1965 Domini
1791 1906 2129 1979 praeteriret,

485 2006 552 2058 ut
584 2018 653 2058 ex
681 1999 1011 2056 substantia
1040 2017 1148 2055 sua
1177 2000 1606 2069 eleemdsynam
1638 1997 1870 2062 faceret,
1904 2012 2017 2050 non
2040 2011 2133 2067 pe-

483 2089 719 2147 cuniam
752 2090 1056 2155 fencraret,
1092 2104 1206 2144 non
1242 2090 1520 2143 averteret
1569 2085 1775 2142 faciem
1836 2100 2002 2140 suam
2058 2083 2130 2138 ab

484 2179 605 2235 ullo
633 2195 885 2251 paupere
916 2178 1055 2248 (Tob.
1102 2194 1176 2243 IV,
1204 2177 1351 2246 6-9).
1414 2175 1544 2230 Hinc
1600 2174 1699 2245 qui
1745 2177 1962 2237 monet,
1994 2188 2131 2227 con-

485 2269 724 2325 demnat
753 2284 964 2322 usuras
995 2265 1235 2330 fenoris,
1266 2280 1335 2320 ex
1364 2281 1480 2336 quo
1512 2262 1680 2318 multi
1725 2269 2016 2334 quaestum
2050 2262 2130 2316 fe-

483 2361 706 2425 cerunt,
741 2359 798 2412 et
828 2356 1031 2412 multis
1060 2354 1432 2410 commodare
1479 2352 1758 2425 pecunias
1816 2349 2131 2423 negotiatio

485 2446 615 2502 fuit.
650 2450 717 2501 Et
745 2445 984 2517 quidem
1017 2460 1144 2499 eam
1174 2442 1601 2514 prohibuerunt
1632 2439 1840 2497 sancti.

563 2536 616 2590 8.
647 2536 768 2601 Quo
796 2534 1031 2607 gravius
1062 2531 1284 2588 malum
1316 2532 1485 2587 fenus
1509 2536 1623 2596 est,
1653 2547 1720 2585 eo
1780 2527 2133 2584 laudabilior

483 2623 584 2698 qui
616 2622 761 2679 illud
795 2623 1027 2694 refugit.
1062 2622 1144 2678 Da
1175 2620 1485 2693 pecuniam
1517 2620 1564 2675 si
1600 2618 1802 2686 habes,
1828 2616 2012 2690 prosit
2032 2614 2131 2671 alii

488 2729 619 2787 quae
648 2712 756 2768 tibi
790 2713 977 2768 otiosa
999 2716 1107 2767 est.
1141 2712 1225 2766 Da
1269 2709 1437 2781 quasi
1471 2725 1585 2764 non
1646 2710 2006 2779 recepturus,
2069 2708 2134 2760 ut

484 2801 650 2858 lucro
681 2801 866 2866 cedat,
900 2801 949 2856 si
981 2799 1209 2856 reddita
1229 2797 1421 2854 fuerit.
1455 2797 1565 2861 Qui
1596 2813 1712 2853 non
1744 2793 1934 2851 reddit
1958 2810 2130 2866 pecu-

486 2890 669 2958 niam,
703 2890 893 2945 reddit
922 2888 1171 2961 gratiam
1208 2905 1221 2942 :
1255 2887 1302 2941 si
1330 2885 1617 2942 fraudaris
1638 2882 1905 2956 pecunia,
1932 2882 2131 2954 acqui-

486 2980 570 3036 ris
590 2978 889 3051 justitiam
922 2993 935 3046 ;
961 2979 1164 3049 justus
1190 2979 1281 3031 est
1339 2975 1496 3030 enim
1555 2973 1656 3047 qui
1711 2973 2020 3029 miseretur
2076 2977 2133 3027 et

486 3065 836 3123 commodat.
870 3063 929 3120 Si
961 3062 1252 3118 amittitur
1282 3061 1545 3134 pecunia,
1596 3063 1971 3132 comparatur
2020 3058 2129 3113 mi-

484 3155 821 3213 sericordia.
856 3153 1151 3224 Scriptum
1184 3155 1274 3207 est
1298 3150 1454 3207 enim
1488 3166 1502 3204 :
1541 3170 1568 3202 α
1598 3148 1705 3214 Qui
1736 3149 1874 3206 facit
1903 3148 2127 3204 miseri-
2161 3134 2204 3201 C

484 3244 768 3309 cordiam,
798 3242 1023 3298 fenerat
1051 3239 1313 3312 proximo
1343 3240 1527 3311 (Eccli.
1562 3256 1716 3307 XXIX,
1744 3239 1818 3309 1).
1855 3259 1883 3287 »

1125 3344 1355 3403 CAPUT
1402 3346 1496 3402 ΙΙΙ.

489 3440 805 3496 Ambrosius
832 3439 1203 3510 feneratorum
1250 3436 1720 3510 inhumanitatem
1741 3438 1802 3490 in
1843 3451 2131 3510 pauperes,

562 3515 614 3567 et
640 3506 841 3566 eorum'
856 3511 1003 3564 artes
1031 3509 1227 3576 quibus
1276 3508 1399 3563 illos
1452 3507 1561 3563 sibi
1614 3506 1893 3572 addicunt,
1953 3506 2134 3562 Oculia

557 3583 780 3654 subjicit
810 3601 831 3648 ;
860 3597 925 3635 ac
954 3581 1179 3635 (ternum
1206 3581 1265 3635 in
1295 3579 1507 3635 eosdem
1536 3577 1834 3634 invehitur.

558 3690 611 3744 9.
648 3687 814 3743 Multi
844 3686 1135 3759 dispendii
1168 3689 1325 3741 metu
1359 3702 1475 3741 non
1500 3686 1780 3752 fenerant,
1812 3684 1952 3740 dum
1977 3684 2133 3739 frau-

490 3778 624 3835 dem
656 3782 947 3834 verentur.
982 3777 1053 3831 Et
1080 3775 1189 3831 hoc
1218 3779 1309 3830 est
1340 3775 1495 3847 quod
1527 3774 1859 3846 petentibus
1889 3790 2135 3830 consue-

487 3871 698 3924 verunt
727 3866 958 3922 referre.
994 3865 1215 3920 Horum
1245 3862 1563 3935 unicuique
1591 3862 1807 3919 dicitur
1838 3880 1850 3918 :
1881 3886 1907 3912 ‹‹
1955 3864 2137 3920 Perde

488 3956 800 4030 pecuniam
864 3948 1099 4025 propter
1146 3953 1388 4008 fratrem
1446 3956 1503 4006 et
1568 3953 1846 4016 amicum,
1908 3955 1966 4007 et
2021 3968 2134 4007 non

490 4045 818 4101 abscondas
850 4042 1011 4097 illam
1044 4042 1154 4097 sub
1184 4040 1376 4112 lapide
1407 4040 1465 4095 in
1522 4040 1929 4112 perditionem.
1985 4040 2136 4095 Pone

489 4133 833 4189 thesaurum
864 4136 1033 4185 tuum
1069 4130 1126 4184 in
1161 4129 1465 4201 praeceptis
1491 4127 1799 4197 Altissimi,
1833 4134 1891 4184 et
1927 4128 2137 4202 prode-

487 4222 565 4277 rit
594 4220 699 4276 tibi
731 4219 920 4293 magis
947 4234 1125 4291 quam
1156 4234 1367 4272 aurum
1427 4216 1583 4287 (Ibid.
1653 4217 1734 4279 t3,
1795 4218 1902 4289 14).
1939 4239 1966 4266 ››
2024 4217 2137 4273 Sed

488 4310 928 4367 obsurduerunt
979 4324 1149 4364 aures
1201 4306 1509 4363 hominum
1566 4307 1639 4362 ad
1677 4311 1798 4363 tam
1856 4306 2139 4363 salutaria

488 4402 797 4472 praecepta,
829 4401 887 4451 et
919 4397 1172 4452 maxime
1202 4395 1410 4452 divites
1441 4412 1552 4450 acre
1582 4393 1681 4450 illo
1709 4412 1827 4451 suae
1878 4396 2137 4467 pecuniae

2249 486 2559 557 sollicitus,
2589 505 2736 562 quos
2774 488 3034 563 captivos
3089 487 3373 546 barbarus
3428 489 3621 559 vendit,
3654 510 3810 567 rogare

2248 577 2506 649 ccrperit,
2539 578 2738 634 statim
2764 579 2926 636 dives
2953 577 3183 635 vultum
3224 578 3447 645 avertit,
3470 583 3702 637 naturam
3727 599 3809 639 non

2249 666 2631 739 recognoscit,
2664 667 3062 725 humilitatem
3119 667 3422 740 suppliciis
3471 684 3574 723 non
3624 669 3810 728 misere-

2246 757 2347 809 tur
2377 755 2783 813 necessitatem
2818 757 2970 814 594
3002 774 3119 813 non
3176 756 3454 825 sublevat,
3510 757 3814 831 fragilitatem

2247 858 2623 900 communem
2655 862 2769 902 non
2802 845 3151 911 considerat,
3184 850 3300 901 stat
3326 845 3653 913 inflexibilis,
3688 865 3814 903 resu-

2247 930 2444 1004 pinus,
2467 950 2580 988 non
2608 933 2877 1006 precibus
2899 933 3233 1002 inclinatur,
3260 950 3375 990 non
3396 932 3646 1007 lacrymis
3665 952 3817 992 move-

2243 1023 2361 1088 tur,
2391 1038 2508 1105 non
2538 1021 2855 1092 ejulatibus
2886 1021 3196 1095 frangitur,
3216 1024 3425 1094 jurans
3457 1023 3598 1095 quod
3631 1022 3813 1092 habeat,

2246 1108 2366 1166 imo
2397 1114 2453 1165 et
2483 1111 2607 1182 ipse
2638 1111 3024 1167 feneratorem
3083 1112 3359 1184 requirat,
3408 1115 3469 1166 ut
3523 1113 3818 1168 necessitati-

2245 1198 2359 1255 bus
2388 1200 2698 1256 subveniat
2726 1200 2870 1256 suis.
2906 1199 3055 1266 Quid
3086 1200 3253 1256 addis
3284 1198 3505 1255 duritia:
3534 1205 3587 1255 et
3617 1201 3817 1256 avaritia

2243 1289 2357 1342 tuae
2388 1293 2821 1345 sacramentum
2852 1288 2880 1345 ?
2918 1289 3044 1344 Non
3082 1288 3397 1345 absolveris
3445 1288 3695 1361 perjurio,
3745 1290 3820 1345 sed

2244 1374 2467 1449 ligaris.

2317 1467 2403 1521 10.
2435 1468 2508 1522 At
2538 1466 2639 1523 ubi
2673 1483 2987 1523 usurarum
3019 1467 3236 1523 mentio
3265 1467 3416 1522 facta
3445 1466 3624 1532 fuerit,
3652 1469 3738 1521 aut
3760 1465 3821 1537 pi-

2243 1554 2467 1627 gnoris,
2491 1558 2634 1611 tunc
2662 1556 2886 1627 dejecto
2916 1555 3229 1629 supercilio
3262 1555 3547 1611 fenerator
3572 1555 3770 1620 arridet,
3783 1559 3823 1609 et

2243 1659 2421 1715 quem
2451 1649 2587 1700 ante
2617 1644 2727 1700 sibi
2758 1644 3057 1717 cognitum
3089 1644 3432 1717 denegabat,
3463 1643 3709 1700 eumdem
3725 1645 3823 1697 tan-

2242 1748 2422 1803 quam
2454 1738 2759 1804 paternam
2798 1733 3122 1790 amicitiam
3152 1733 3488 1789 recordatus
3535 1730 3713 1787 osculo
3751 1746 3826 1785 ex-

2242 1819 2402 1894 cipit,
2435 1822 2809 1879 hereditaria;
2840 1823 3058 1897 pignus
3087 1821 3390 1879 charitatis
3447 1819 3697 1894 appellat,
3723 1818 3828 1874 flere

2242 1909 2529 1982 prohibet.
2567 1911 2923 1977 Quaeremus,
2951 1911 3163 1984 inquit,
3195 1910 3353 1966 domi
3413 1910 3462 1966 si
3518 1909 3645 1982 quid
3696 1908 3826 1963 nobis

2240 2000 2501 2070 pecuniae
2532 2006 2641 2067 est,
2674 2001 2939 2074 frangam
2973 2005 3211 2073 propter
3239 2005 3296 2055 te
3350 2004 3648 2073 argentum
3676 2001 3826 2068 pater-

2241 2103 2384 2143 num
2418 2090 2574 2161 quod
2608 2090 2992 2146 fabrefactum
3023 2094 3132 2156 est,
3164 2089 3488 2161 plurimum
3516 2086 3700 2143 damni
3725 2083 3828 2139 erit:

2242 2192 2370 2248 quae
2392 2194 2585 2233 usura
2615 2178 3081 2251 compensabunt
3112 2177 3529 2234 emblematum
3584 2176 3630 2245 (1
3670 2173 3724 2245 )?
3746 2172 3828 2228 Sed

2242 2281 2345 2337 pro
2376 2266 2565 2322 amico
2594 2266 2969 2339 dispendium
3003 2283 3116 2323 non
3150 2266 3562 2332 reformidabo,
3595 2279 3713 2319 cum
3739 2259 3833 2315 red-

2241 2352 2481 2420 dideris,
2516 2355 2794 2412 reficiam.
2830 2356 3031 2428 Itaque
3074 2360 3390 2427 antequam
3451 2354 3565 2421 det,
3621 2350 3830 2422 recipere

2240 2441 2479 2498 festinat
2509 2461 2522 2499 :
2554 2449 2611 2499 et
2640 2444 2741 2516 qui
2772 2444 2830 2499 in
2863 2461 3099 2525 summa
3126 2443 3439 2500 subvenire
3469 2459 3531 2498 se
3560 2440 3703 2506 dicit,
3732 2454 3833 2494 usu-

2240 2546 2336 2586 ras
2366 2530 2559 2604 exigit.
2584 2531 2880 2601 Kalendis,
2913 2533 3127 2605 inquit,
3169 2548 3383 2588 usuras
3444 2530 3607 2587 dabis
3637 2546 3649 2584 :
3700 2526 3832 2581 fenus

2241 2619 2353 2692 (12)
2375 2619 2634 2687 interim,
2657 2621 2707 2677 si
2731 2639 2845 2677 non
2869 2621 3146 2678 habueris
3166 2622 3321 2677 unde
3342 2620 3747 2683 restituas,non
3768 2630 3835 2669 ne-

2242 2707 2432 2780 quiro.
2458 2708 2542 2764 Ita
2568 2715 2753 2766 semet
2774 2711 2889 2778 det,
2915 2711 3246 2782 frequenter
3275 2708 3550 2782 exagitat,
3575 2712 3628 2763 et
3648 2718 3836 2774 semper

2241 2796 2355 2852 sibi
2385 2797 2595 2854 debere
2623 2800 2819 2856 efﬁcit.
2853 2799 2972 2855 Hac
3000 2804 3126 2855 arte
3155 2802 3371 2855 tractat
3426 2798 3635 2853 virum.
3676 2793 3839 2862 Itaque

2241 2885 2408 2957 prius
2437 2902 2570 2943 eum
2598 2886 3003 2962 chirographis
3023 2887 3187 2960 ligat,
3213 2890 3270 2942 et
3294 2886 3575 2957 astringit
3592 2882 3731 2939 vocis
3748 2894 3839 2936 suae

2241 2974 2507 3031 nexibus.
2531 2976 2887 3033 Numeratur
2911 2975 3177 3049 pecunia,
3200 2976 3498 3031 addicitur
3515 2974 3752 3034 libertas,
3769 2966 3843 3021 ab

2241 3063 2488 3121 solvitur
2516 3066 2697 3122 miser
2727 3066 2950 3122 minore
2979 3065 3196 3133 debito,
3230 3065 3456 3136 majore
3484 3063 3707 3135 ligatur.

2319 3156 2402 3209 11.
2435 3153 2598 3210 Talia
2626 3159 2765 3210 sunt
2792 3162 3002 3221 vestra,
3044 3154 3272 3221 divites,
3330 3151 3635 3209 beneﬁcia.
3688 3145 3843 3203 Minus

2243 3241 2417 3308 datis,
2449 3247 2505 3298 et
2533 3242 2668 3314 plus
2699 3243 2949 3317 exigitis.
2982 3240 3144 3299 Talis
3172 3241 3539 3311 humanitas,
3570 3242 3634 3294 ut
3669 3232 3847 3308 spolie—

2243 3329 2319 3386 tis
2350 3328 2530 3387 etiam
2559 3347 2696 3387 cum
2728 3332 3072 3388 subvenitis.
3123 3330 3437 3387 Fecundus
3494 3327 3654 3384 vobis
3703 3323 3845 3379 etiam

2243 3435 2467 3492 pauper
2495 3424 2587 3479 est
2616 3421 2689 3477 ad
2721 3424 3031 3492 quaestum.
3065 3419 3386 3476 Usurarius
3416 3422 3507 3475 est
3520 3426 3849 3489 egemus.co-

2242 3508 2517 3580 gentibus
2547 3510 2731 3575 vobis,
2760 3508 2937 3565 habet
2965 3509 3121 3582 quod
3153 3508 3359 3564 reddat
3392 3525 3406 3564 ε
3459 3506 3615 3579 quod
3663 3503 3847 3571 impell-

2244 3596 2366 3665 dat,
2400 3613 2516 3653 non
2547 3597 2741 3654 habet.
2774 3597 3184 3655 Misericordiae
3216 3596 3391 3670 plane
3423 3595 3554 3660 viri,
3585 3608 3747 3667 quem
3775 3584 3850 3644 alii

2244 3685 2570 3752 absolvitis,
2599 3686 2765 3743 vobis
2787 3678 3086 3743 addicitis.
3118 3685 3343 3742 Usuras
3375 3683 3573 3750 solvit,
3604 3680 3697 3753 qui
3726 3677 3850 3732 victu

2244 3773 2484 3848 indiget.
2515 3777 2604 3830 An
2635 3774 2958 3847 quidquam
2986 3774 3219 3848 gravius
3249 3775 3275 3828 ‘P
3337 3774 3441 3830 Ille
3502 3769 3855 3827 medicamen-

2246 3867 2376 3920 tum
2403 3863 2630 3935 quterit,
2656 3880 2759 3920 vos
2788 3864 3008 3920 offertis
3037 3879 3325 3921 venenum
3365 3879 3379 3917 :
3416 3876 3625 3934 panem
3679 3852 3855 3924 implo-

2246 3956 2356 4019 rat,
2388 3952 2650 4025 gladium
2683 3953 2981 4026 porrigitis
3011 3969 3023 4008 :
3059 3951 3395 4009 libertatem
3455 3949 3734 4013 obsecrat,
3762 3956 3855 3998 ser-

2244 4040 2491 4096 vitutem
2523 4040 2841 4114 irrogatis:
2884 4039 3311 4097 absolutionem
3368 4042 3660 4111 precatur,
3711 4029 3858 4087 infor-

2246 4128 2360 4186 mis
2391 4127 2584 4200 laquei
2616 4129 2837 4185 nodum
2868 4128 3180 4202 stringitis.

2874 4233 3103 4290 CAPUT
3162 4234 3251 4289 IV.

2249 4324 2367 4393 Qua
2398 4325 2610 4380 ratione
2636 4324 2967 4394 feneratores
2994 4321 3153 4379 lude
3204 4324 3257 4377 et
3305 4320 3530 4378 diabolo
3576 4324 3858 4394 compare?-

2314 4399 2407 4451 tur
2436 4414 2456 4460 ;
2485 4398 2536 4452 et
2565 4382 2695 4467 quid
2721 4392 3066 4467 signiﬁcetur
3086 4394 3411 4450 nominibus
3460 4382 3757 4447 creditoris.
3799 4382 3861 4448 [ι’

489 4503 663 4543 aures
691 4484 924 4541 clausas
955 4485 1194 4542 habent.
1230 4490 1377 4540 Dum
1438 4484 1745 4556 pecuniam
1805 4490 2134 4554 numerant,

2316 4468 2490 4534 noris,
2521 4463 2685 4523 sortis
2713 4463 3075 4521 ac’debitoris.

490 4591 775 4649 responsa
800 4591 912 4632 non
947 4575 1196 4630 audiunt
1227 4575 1357 4645 (10).
1394 4573 1577 4630 Simul
1615 4578 1677 4629 ut
1703 4572 1917 4645 aliquis
1940 4590 2137 4631 neces-

559 4718 634 4789 (9)
666 4717 882 4773 Omnes
914 4733 1056 4789 mss.
1092 4732 1157 4771 ac
1191 4719 1302 4771 vet.
1334 4714 1565 4789 edittin
1601 4716 1789 4789 prima
1818 4715 1997 4789 hujus
2026 4716 2138 4773 loci

491 4787 655 4861 parte
686 4788 1059 4861 conveniunt,
1092 4803 1266 4861 quam
1301 4787 1437 4841 edit.
1473 4787 1639 4861 Boni.
1675 4788 1908 4861 invertit
1940 4804 2005 4844 ac
2037 4789 2141 4844 de-

491 4858 745 4916 curtavit
800 4860 861 4915 in
916 4860 1072 4914 hunc
1114 4858 1367 4931 modum
1405 4875 1417 4912 :
1464 4860 1527 4913 Et
1581 4876 1649 4931 ne
1684 4860 1816 4930 quid
1861 4862 2140 4931 furtivum

491 4931 711 4988 domum
741 4949 897 4987 suam
928 4936 1181 4995 intraret,
1211 4930 1432 4984 cavebat
1464 4946 1476 4983 :
1522 4930 1614 4984 sed
1667 4932 1870 4985 victum
1899 4933 2141 4988 mercede

492 5005 747 5076 conjugis
771 5003 1000 5058 levabat.
1033 5001 1272 5076 Denique
1300 5019 1323 5064 ;
1352 5000 1424 5054 ab
1456 5000 1564 5076 hac
1595 5001 1977 5076 vero_ultima
2004 5021 2141 5060 voce

494 5072 624 5130 cum
657 5072 846 5130 tribus
908 5090 1049 5128 mss.
1110 5072 1189 5125 ita
1241 5072 1640 5197 Prosequitur,
1693 5073 1819 5144 plus
1871 5074 2144 5131 honestati

496 5163 661 5199 uuam
708 5146 1020 5199 necessitati
1072 5158 1236 5198 censu
1261 5159 1376 5199 ens.
1428 5144 1519 5197 cui
1572 5160 1673 5197 sua
1732 5143 1975 5199 deerant.
2031 5148 2139 5199 ali-

496 5163 661 5217 quam
708 5146 1035 5217 necessitati
1072 5143 1376 5206 consulens,
1428 5144 1519 5217 cui
1572 5160 1673 5197 sua
1732 5143 1975 5212 deerant,
2031 5148 2139 5201 ali-

494 5216 739 5287 moniam
794 5216 1226 5272 commodaverat
1290 5216 1544 5287 proximo
1624 5230 1723 5287 suo
1781 5231 1969 5286 quam,
2028 5223 2137 5272 etc.

495 5286 645 5359 Alieni
681 5286 819 5359 edit.
857 5305 945 5359 ac
1005 5289 1255 5359 potiores
1292 5285 1470 5359 _m_ss.
1534 5290 1599 5339 ut
1655 5285 1715 5340 in
1786 5285 1968 5359 textu,
2027 5288 2141 5344 nisi

497 5358 654 5428 quod
686 5358 822 5413 edit.
856 5356 1089 5425 habent,
1122 5360 1210 5413 cui
1238 5375 1338 5414 sua
1370 5357 1613 5422 deerant,
1649 5361 1705 5412 et
1761 5356 1923 5413 solus
1980 5359 2138 5415 Colb.

498 5430 729 5500 prazfert
754 5431 1043 5500 pecuniam
1084 5430 1395 5502 quamdam.
1453 5428 1699 5502 Videtur
1755 5434 1949 5502 autem
2013 5435 2145 5502 post

495 5516 696 5555 vocem
721 5502 1061 5563 alimoniam,
1096 5500 1678 5582 subintelligendum,
1707 5501 1926 5573 nequid
1969 5500 2142 5627 {frti-

498 5587 687 5626 vum...
727 5572 962 5627 enimbat.
1007 5574 1263 5627 Dcniuue
1321 5575 1419 5627 ubi
1479 5572 1615 5627 odit.
1677 5570 1808 5627 Gill.
1860 5578 1917 5627 ot
2024 5590 2139 5627 om.

498 5587 687 5626 vum...
727 5572 962 5627 cum’mt.
1007 5574 1263 5643 Denique
1321 5570 1425 5627 ubi
1479 5572 1615 5627 cdit.
1677 5570 1816 5627 Gill:
1860 5578 1917 5629 ct
1969 5570 2139 5630 Rom.

499 5642 952 5707 commodaverat,
1000 5644 1421 5701 commodatum.
1482 5643 1859 5713 commodavit,
1895 5644 1972 5700 ibi
2015 5644 2138 5702 alite

2320 4575 2407 4630 12.
2441 4573 2600 4629 Hanc
2630 4572 2917 4644 praecipue
2948 4571 3299 4643 injustitiam
3333 4569 3607 4643 deplorat
3661 4562 3863 4621 sanctus

2245 4717 2383 4773 edit.
2418 4732 2483 4771 ac
2515 4731 2659 4779 mss,
2684 4730 2907 4771 omnes.
2925 4713 3425 4778 commendaverat,
3444 4705 3863 4779 commendatum:

2245 4770 2737 4858 eorumendavitIAt
2756 4770 2872 4842 non
2892 4770 3125 4842 videtur
3147 4770 3716 4858 praetermittendum
3736 4770 3859 4858 quod

2248 4865 2314 4916 ut
2340 4858 2582 4915 verbum
2611 4856 2843 4917 δανειζιιν
2873 4858 3026 4928 apud
3061 4851 3198 4913 LXX
3226 4862 3283 4929 et
3301 4854 3588 4927 Aquilam
3612 4852 3667 4906 in
3687 4851 3864 4929 bona?

2249 4912 2315 4987 ac
2344 4912 2559 4986 malam
2592 4912 2816 5001 partem
2838 4912 3125 5001 accipitur
3155 4945 3171 5001 ς
3226 4928 3312 4984 sic
3370 4912 3631 4999 fenerare
3662 4919 3772 5001 hic
3811 4912 3866 4969 ab

2249 5002 2450 5058 Ambr.
2478 5004 2541 5074 et
2571 4998 2643 5055 ab
2671 5000 2917 5072 August.
2950 4998 3012 5074 in
3044 4999 3191 5074 psal.
3225 4998 3759 5074 xxx‘vrusurpatur.

2322 5074 2433 5145 (10)
2468 5065 3166 5145 ηθεροηδανῘχρησξξφῌξοο
3189 5076 3282 5145 est
3314 5069 3533 5126 divinae
3573 5065 3865 5145 Scriptum?-

2249 5136 2393 5271 nge
2417 5136 2907 5215 qum'notavimus
2937 5136 3038 5199 lib.
3071 5144 3141 5199 De
3165 5141 3307 5217 fuga
3339 5157 3470 5197 saec.
3503 5155 3632 5211 cap.
3665 5136 3714 5191 4.
3734 5142 3865 5187 num.

2321 5287 2339 5359 (
2355 5285 2433 5359 11)
2464 5283 2829 5359 Εηιὴιθιηαια,
2865 5285 3064 5359 ﬁgurae
3118 5289 3267 5359 sunt
3315 5289 3502 5359 atque
3559 5272 3870 5359 ornamenljl

2251 5352 2373 5437 vasi
2399 5352 3420 5437 cuipiam-superadditaunfacile
3451 5371 3523 5410 ex
3552 5352 3746 5408 eodem
3781 5356 3870 5398 ex"

2253 5429 2333 5485 mi
2364 5425 2611 5501 possint,
2644 5425 2799 5501 dicta
2826 5426 2922 5475 ἀπὸ
2949 5431 3035 5476 τοῦ
3068 5425 3358 5501 ἐμϐάλλειν.

2323 5481 2767 5571 υἷ’)ἳτᾎήἁείὴίθ
2799 5514 2902 5569 pro
2931 5481 3105 5571 sorte.
3133 5498 3401 5570 ponitur,
3461 5496 3696 5571 sicu_t_e_t
3747 5481 3870 5571 infra

2253 5556 2432 5638 0.12,
2464 5587 2521 5625 n.
2554 5572 2643 5637 39,
2686 5556 2952 5626 Nummus
2995 5556 3180 5639 datu},
3210 5556 3399 5639 fenus'
3440 5566 3761 5640 appellatur.
3808 5556 3868 5608 Ba

2253 5649 2452 5702 tamen
2480 5658 2589 5699 vox
2618 5641 2834 5713 saepius
2863 5659 3107 5700 usuram
3137 5645 3326 5700 sonat.
