4104 6156
235 352 357 435 s'oi
1622 362 1859 431 LIBER
1905 366 2007 431 ne
2053 370 2320 436 TOBlA.
3593 355 3716 439 soi

242 506 425 565 David
460 504 669 561 dicens
695 519 707 558 :
739 498 914 557 «Vidi
936 500 1305 574 iniquitatem
1328 505 1385 558 et
1401 503 1922 560 contradictionem
1952 506 2009 573 Α
2040 505 2463 562 diversitatem.
2501 503 2707 558 Debita
2738 505 3010 575 quamvis
3042 506 3280 564 diversae
3341 508 3719 579 quantitatis,

242 598 305 653 in
337 596 625 653 civitate:
660 596 718 650 et
747 608 864 648 non
896 589 1106 647 defecit
1130 590 1202 646 de
1234 589 1445 662 plateis
1484 592 1614 664 ejus
1646 608 1829 648 usura
1868 596 1925 648 et
2036 611 2222 650 unum
2255 594 2481 650 habent
2516 608 2752 653 nomen,
2786 610 3137 652 unumonus
3156 613 3337 652 unum
3364 596 3719 668 periculum.

244 686 420 742 dolus
452 685 623 757 (Psal.
661 700 773 750 LIV,
808 680 897 744 ιΙΟ,
932 679 1041 748 l2).
1076 681 1279 751 Itaque
1338 696 1475 736 cum
1533 680 1923 753 proditionem
2037 684 2405 755 Nescit'ergo
2441 680 2589 752 quid
2622 687 2824 753 poscat
2854 683 3073 755 infelix,
3106 686 3205 758 qui
3232 686 3539 759 pecuniam
3577 684 3727 757 petit

244 772 748 846 Judaasubjecerit
786 771 967 840 (13),»
991 769 1103 825 hoc
1123 769 1428 842 pramisit,
1457 770 1576 827 sive
1598 772 1753 844 quod
1771 770 1926 828 ultra
2040 778 2350 828 mutuam:
2388 769 2538 842 quid
2573 770 2839 842 accipiat,
2876 773 3128 845 ignorat.

247 863 542 937 sacrilegii
611 860 922 928 invidiam,
982 857 1314 929 conjuratis
1379 858 1695 915 Dominice
1765 860 1928 917 necis
2733 876 2971 936 CAPUT
3004 884 3070 936 ν,

244 952 465 1011 fenoris
500 951 723 1008 crimen
757 948 1067 1043 accideret,
1102 946 1222 1003 sive
1254 948 1410 1043 quod
1432 952 1666 1043 tantum
1688 947 1927 1043 sacrile-
2042 969 2286 1025 ρεεηηία
2343 968 2732 1043 [θηβναιοωγη
2790 970 2937 1023 mari
2982 973 3368 1043 comparatur:
3430 970 3572 1026 hanc
3632 972 3731 1028 ubi

244 1042 409 1115 gium
442 1040 589 1097 satis
647 1038 1006 1110 abundeque
1040 1053 1222 1093 usura
1263 1036 1483 1093 fenoris
1540 1036 1733 1092 ultum
1791 1037 1924 1095 iret.
2114 1036 2514 1115 qiiis_acCepg't,
2538 1038 2732 1115 statim
2751 1036 3112 1115 nebulonum"
3149 1043 3369 1115 turbam
3414 1041 3485 1096 ad
3534 1058 3611 1115 se
3643 1052 3728 1100 at-

246 1108 382 1187 ilali
409 1129 774 1186 feneratores
804 1108 1233 1201 quirdederunt
1262 1125 1574 1197 pecuniam
1607 1128 1675 1181 ut
1704 1125 1928 1182 interﬁ-
2308 1126 2330 1201 ί
2566 1108 3191 1201 [effabileutriusque
3211 1114 3560 1196 Testamenti.
3582 1113 3733 1171 Con-

951 1181 1030 1271 iis
1045 1181 1071 1269 f:
1122 1181 1283 1270 mali‘
1298 1217 1355 1270 ei
1385 1214 1505 1279 isti.
1548 1214 1650 1279 qui
1680 1181 1825 1270 dant
1864 1181 1935 1271 iit
2115 1181 3138 1279 it’tli‘ft’ﬂfﬁ‘eifﬂﬂ‘ﬂ‘fiﬁ1’:“fil
3156 1186 3729 1279 £C’.’£:""_':...’_’t€‘mf??!

252 1223 450 1278 cerent
479 1221 784 1275 auctorem
817 1214 1030 1273 salutis
1057 1230 1071 1269 :
1122 1214 1265 1270 mali
1298 1217 1355 1270 et
1385 1214 1505 1279 isti,
1548 1214 1650 1288 qui
1680 1214 1825 1270 dant
1864 1219 1935 1271 ut

255 1309 614 1367 interficiant
652 1308 1047 1363 innocentem.
1079 1304 1151 1359 Et
1176 1302 1290 1359 iste
1331 1319 1565 1377 quoque
1596 1303 1698 1376 qui
1756 1320 1933 1377 pecu-

2115 1214 2332 1252 οιιηιμιη
2360 1214 2448 1251 μοι
2496 1214 2978 1250 ωριωιιμτιιιιιιιιωιι
3013 1214 3112 1238 um
3163 1214 3244 1256 μισ
3268 1214 3425 1249 (usus,
3462 1214 3729 1245 uuwruln

2117 1253 2188 1307 ad
2218 1250 2570 1307 vendendam
2614 1252 3004 1322 supellectilem
3051 1259 3337 1326 fenerator
3366 1255 3567 1327 adigit,
3630 1269 3731 1317 αυτ

2119 1323 2375 1377 inducias
2436 1322 2703 1377 concedit.
2753 1324 2846 1377 sed
2894 1326 3103 1377 bellicis
3189 1327 3329 1377 imis
3418 1328 3727 1377 tristiores,-

2119 1323 2375 1397 indueias
2422 1322 2715 1397 concedit,
2753 1324 2846 1379 sed
2894 1322 3103 1381 bellicis
3189 1327 3329 1397 ipsis
3418 1322 3727 1387 tristiores:

253 1399 415 1456 niam
450 1396 764 1471 acceperit,
789 1398 854 1451 ut
874 1393 1144 1468 proditor
1158 1392 1361 1459 ludas,
1385 1391 1597 1464 laqueo
1620 1408 1681 1449 se
1698 1395 1755 1449 et
1804 1392 1936 1465 ipse

2119 1396 2366 1466 sequitur
2398 1393 2630 1450 demum
2656 1395 2824 1450 nimis
2853 1413 2977 1451 sera
3007 1393 3269 1455 stultitiae
3297 1401 3649 1470 paenitentia.

256 1485 590 1559 suspendit.
639 1484 841 1557 Ipsum
909 1497 1149 1554 quoque
1194 1479 1410 1536 Judam
1470 1480 1580 1536 hoc
1619 1480 1937 1537 maledicto
2125 1483 2212 1537 16.
2244 1482 2370 1538 Non
2405 1482 2575 1537 novit
2605 1484 2851 1553 pecunia
2910 1485 3256 1541 feneratoris
3320 1504 3438 1544 uno
3501 1489 3727 1549 diutius

260 1576 413 1633 595
439 1570 1419 1648 putavitessesubstantiam(Psal.
1454 1586 1614 1635 cvm,
1637 1570 1761 1641 1i);
1796 1570 1941 1642 quia
2054 1571 2177 1625 loco
2209 1576 2387 1637 stare,
2424 1569 2604 1625 solita
2642 1572 2890 1627 transire
2948 1591 3050 1646 per
3102 1574 3417 1647 plurimos.
3474 1577 3597 1637 Uno
3647 1586 3730 1638 te-

258 1665 417 1739 quod
454 1662 805 1736 proscriptio
827 1664 1236 1733 tyrannorum,
1270 1662 1372 1716 aut
1400 1658 1695 1715 latronum
1720 1674 1941 1714 manus
2058 1659 2183 1713 neri
2218 1658 2457 1715 sacculo
2494 1660 2703 1723 nescit,
2739 1662 2954 1715 versari
3014 1680 3080 1718 ac
3132 1666 3438 1722 numerari
3470 1670 3727 1741 eXpetit:

258 1753 489 1828 operari
523 1750 807 1821 solet,hoc
839 1748 967 1805 sola
1002 1747 1347 1805 feneratoris
1380 1749 1647 1820 nequitia
1686 1764 1944 1804 consue-
2055 1764 2230 1802 usum
2264 1748 2535 1820 requirit,
2574 1753 2637 1802 ut
2684 1749 2948 1820 acquirat
2999 1769 3267 1809 usuram.
3303 1754 3539 1813 Fluctus
3593 1760 3731 1831 qui-

259 1839 907 1914 vit_inferre.Doctiores
934 1838 1351 1909 autemipsum
1373 1837 1946 1910 fceneratoriputant
1975 1873 2025 1939 B
2059 1838 2194 1892 dam
2226 1841 2315 1891 est
2372 1836 2584 1904 maris,
2647 1854 2764 1892 non
2824 1840 3067 1896 fructus.
3124 1842 3384 1900 Pecunia
3425 1863 3730 1919 nunquam

263 1931 568 1990 diabolum
600 1932 1031 2003 comparatum,
1064 1926 1165 1999 qui
1196 1942 1289 1982 res
1320 1925 1552 1993 animm,
1585 1930 1642 1982 et
1670 1926 1945 1999 pretiosae
1975 1924 2025 1939 "
2059 1924 2325 1997 quiescit.
2360 1925 2635 1993 Labitur,
2689 1925 2851 1982 velut
2910 1929 3155 2001 scopulo
3216 1931 3372 1987 590
3421 1931 3593 2001 illisa,
3652 1934 3735 1992 ita

264 2020 484 2079 mentis
515 2016 942 2094 patrimonium
975 2016 1175 2072 fenore
1202 2015 1460 2088 quodam
1493 2015 1777 2072 usuraria:
1827 2014 1945 2070 ini-

267 2109 512 2184 quitatis
543 2106 769 2176 evertit,
803 2105 886 2163 sic
944 2108 1189 2177 sumptu
1245 2104 1403 2177 capit
1459 2105 1598 2177 (14),
1669 2105 1753 2161 sic
1797 2121 1947 2161 auro

267 2199 461 2266 illicit,
526 2196 611 2255 sic
676 2199 842 2252 reatu
918 2193 1180 2262 involvit,
1249 2192 1332 2249 sic
1399 2198 1581 2267 caput
1664 2193 1948 2250 thesauro

276 2287 553 2362 reposcit.

352 2405 437 2459 13.
470 2401 619 2467 Quid
652 2400 817 2458 vobis
848 2398 1132 2472 iniquius,
1165 2397 1265 2470 qui
1302 2413 1406 2453 nec
1427 2398 1514 2455 sic
1545 2400 1755 2472 capitis
1786 2398 1947 2456 solu-

277 2496 435 2550 tione
489 2492 633 2549 estis
681 2489 985 2546 contenti?
1040 2487 1189 2552 Quid
1245 2486 1410 2542 vobis
1459 2488 1747 2562 iniquius,
1845 2488 1948 2561 qui

276 2581 591 2657 pecuniam
626 2577 803 2643 datis,
836 2583 892 2634 et
916 2576 1097 2632 vitam
1130 2573 1404 2648 obligatis
1419 2581 1477 2631 et
1492 2576 1952 2648 patrimonium?

277 2670 557 2743 Accipitis
578 2683 794 2726 aurum
818 2669 1246 2738 argentumque
1267 2679 1371 2735 pro
1387 2664 1653 2738 pignore,
1676 2671 1734 2723 et
1753 2666 1949 2722 adhuc

279 2761 453 2818 illum
484 2759 814 2816 debitorem
847 2755 1060 2821 dicitis,
1085 2751 1366 2824 quivobis
1388 2753 1523 2825 plus
1543 2756 1793 2811 credidit
1812 2757 1949 2828 (15),

287 2866 469 2924 quam
501 2846 728 2919 accepit
757 2844 1018 2901 avobis?
1046 2842 1163 2898 Vos
1192 2841 1509 2900 creditores
1530 2844 1815 2912 asseritis,
1849 2844 1951 2917 qui

286 2937 543 3012 amplius
573 2935 835 2992 debetis:
873 2949 995 3000 vos,
1030 2932 1297 3002 inquam,
1357 2930 1553 2990 dicitis
1608 2934 1950 3003 creditores,

286 3027 392 3102 qui
421 3044 536 3084 non
566 3023 821 3093 homini,
852 3022 953 3078 sed
985 3018 1215 3094 pignori
1231 3020 1583 3079 credidistis.
1607 3024 1760 3080 Bene
1784 3024 1953 3080 fenus

287 3115 620 3192 appellatur
648 3111 805 3185 quod
836 3109 1008 3175 datis,
1042 3112 1123 3166 ita
1151 3107 1263 3165 vile
1294 3125 1361 3165 ac
1390 3109 1628 3170 feneum
1662 3118 1771 3170 est.

2059 2012 2347 2087 gremium
2380 2013 2670 2070 debitoris
2706 2017 2969 2087 percutit,
3006 2024 3063 2073 et
3111 2020 3394 2077 continuo
3451 2022 3734 2079 relabitur

2058 2118 2124 2157 eo
2154 2102 2311 2158 unde
2342 2103 2653 2174 processit.
2688 2103 2833 2160 Cum
2857 2123 3161 2164 murmure
3205 2110 3381 2179 venit,
3441 2128 3576 2167 cum
3628 2128 3729 2185 ge-

2061 2192 2207 2246 mitu
2256 2195 2591 2247 revertitur.
2656 2193 3005 2265 Frequenter
3036 2200 3233 2253 tamen
3292 2198 3591 2272 placidum
3618 2205 3735 2257 stat

2060 2280 2247 2335 ventis
2279 2295 2465 2347 mare,
2500 2297 2733 2354 semper
2763 2282 2979 2340 tenoris
3012 2286 3171 2341 unda
3191 2287 3473 2359 jactatur.
3522 2290 3734 2362 Mergit

2065 2369 2398 2440 naufragos,
2434 2371 2673 2441 exspuit
2704 2372 2913 2441 nudos,
2946 2374 3187 2431 vestitos
3226 2377 3406 2440 exuit,
3468 2378 3732 2449 insepul-

2061 2461 2150 2513 tos
2193 2454 2496 2527 relinquit.
2533 2458 2855 2517 Nummum
2886 2478 3023 2535 ergo
3056 2464 3227 2536 petis,
3266 2470 3324 2521 et
3354 2466 3732 2539 naufragium

2061 2545 2330 2616 suscipis.
2370 2544 2519 2601 llinc
2551 2548 2873 2621 Charybdis
2905 2550 3360 2625 circumstrepit,
3392 2554 3528 2610 hinc
3574 2554 3733 2610 Sire-

2061 2652 2148 2689 na:
2180 2650 2306 2705 quae
2366 2633 2689 2708 voluptatis
2740 2638 2950 2711 specie,
3002 2644 3059 2694 et
3114 2657 3341 2697 canorae
3396 2643 3733 2699 dulcedinis

2062 2721 2347 2779 suavitate
2382 2723 2442 2777 in
2473 2726 2622 2782 vada
2642 2728 2921 2784 deductos
2944 2746 3111 2795 caeca,
3139 2734 3462 2802 repetendae
3486 2732 3723 2796 domus,

2063 2818 2129 2867 ut
2188 2811 2383 2867 ferunt
2432 2813 2664 2886 fabulae,
2724 2834 2824 2891 spe
2883 2822 2939 2873 et
2994 2819 3317 2891 cupiditate
3373 2820 3731 2876 fraudabant

2062 2903 2283 2973 (Homer
2310 2901 2493 2972 Odyss.
2528 2906 2616 2977 Μ).

2138 2990 2223 3044 17.
2263 2988 2474 3047 Statim
2507 2995 2835 3052 venditores
2894 2997 3137 3069 ungenti
3176 2999 3289 3071 (10)
3347 3002 3404 3055 et
3471 2998 3729 3056 diversa-

2062 3096 2194 3136 rum
2227 3078 2558 3151 specierum
2591 3084 2842 3152 irruunt,
2868 3084 3024 3141 velut
3054 3086 3296 3158 quidam
3335 3105 3507 3144 canes
3539 3087 3733 3161 sagaci

2064 3169 2271 3242 praedae
2303 3173 2574 3242 vagantis
2613 3175 2787 3231 odore
2831 3175 3493 3247 perstricti,venatores,
3546 3176 3735 3249 pisca-

364 3241 453 3297 M-
478 3240 716 3345 n30???“
741 3233 942 3345 .dlcitls
972 3233 1448 3345 qlf‘lfl“_€?g‘_’lu_’:
1489 3237 1730 3345 ,ξῧῖθξιίῐξὶ
1751 3328 1765 3345 ⁸
1789 3238 1951 3345 fieth
1981 3246 2024 3312 C
2063 3233 2238 3325 tores,
2272 3233 2551 3332 aucupes,
2580 3233 2872 3336 caupones
2905 3233 3148 3336 quoque
3203 3233 3518 3322 miscentes
3546 3233 3731 3321 ‘mero

292 3347 446 3387 urna
474 3326 637 3385 ferali
672 3325 890 3381 misera
921 3340 1050 3378 sors
1077 3321 1346 3387 volvitur,
1381 3325 1625 3395 perituri
1674 3328 1957 3388 debitoris

292 3419 514 3477 luenda
561 3413 872 3489 supplicio.
931 3414 1099 3468 Stant
1153 3410 1437 3483 pallentes
1493 3415 1574 3470 rei
1634 3417 1706 3472 ad
1782 3422 1958 3477 sortis

294 3505 727 3566 eventum.Non
759 3502 844 3559 sic
868 3502 1168 3575 trepidant
1197 3502 1268 3556 de
1298 3517 1549 3573 quorum
1582 3504 1958 3567 damnatione

294 3613 426 3654 sors
456 3595 730 3651 ducitur:
766 3608 881 3647 non
922 3592 1006 3646 sic
1036 3588 1243 3660 dejecti
1273 3606 1337 3645 ac
1370 3595 1643 3664 suspensi
1673 3595 1953 3668 pavitant,

294 3689 369 3742 de
420 3698 674 3757 quorum
710 3680 1051 3752 captivitate
1080 3682 1416 3751 expectatur
1471 3681 1647 3737 sortis
1691 3688 1951 3742 eventus.

294 3775 421 3832 Illic
452 3773 613 3828 enim
644 3770 823 3826 unius
848 3767 1174 3840 captivitas,
1207 3767 1302 3823 hic
1356 3766 1677 3840 plurimum
1740 3773 1954 3829 addici-

291 3871 411 3919 tur.
445 3863 517 3917 Et
575 3862 827 3915 fortasse
858 3857 987 3913 ideo
1035 3873 1185 3925 sors,
1246 3855 1385 3929 quia
1437 3856 1499 3913 in
1550 3864 1759 3917 eventu
1816 3866 1957 3919 sunt

292 3949 656 4025 patrimonia
686 3964 814 4020 quas
842 3947 949 4002 sub
981 3946 1091 4001 hac
1123 3949 1278 4002 sorte
1299 3945 1611 4004 volvuntur
1639 3950 1752 4022 (16)
1828 3949 1954 4007 Ma-

295 4056 485 4114 gnum
503 4044 560 4094 et
586 4034 969 4094 memorabile
996 4034 1346 4091 beneﬁcium
1361 4035 1613 4094 Dei.~Hoc
1625 4038 1956 4110 specialiter

296 4145 401 4186 ore
441 4125 784 4202 prophetico
805 4123 1176 4198 praedicatur,
1209 4122 1441 4196 quodin
1459 4130 1652 4197 patres
1682 4127 1950 4197 contulit,

296 4219 444 4293 quia
460 4239 490 4268 ‹‹
514 4233 582 4273 ex
595 4214 797 4273 usuris
815 4218 872 4270 et
886 4213 1195 4284 iniquitate
1210 4211 1476 4269 liberavit
1490 4230 1589 4272 eos
1609 4216 1778 4287 (Psal.
1802 4234 1951 4286 Lm,

296 4310 411 4376 44).
436 4330 466 4357 ››
494 4306 561 4361 Et
592 4303 823 4378 proprie
855 4302 953 4358 ait:
972 4324 1000 4351 ‹‹
1025 4301 1103 4356 Ex
1133 4300 1331 4357 usuris
1357 4301 1617 4358 liberavit
1637 4321 1793 4371 eos,»
1816 4304 1956 4377 quia

294 4412 494 4453 usura:
524 4395 785 4450 inferunt
807 4390 1169 4447 servitutem.
1202 4390 1376 4454 Quasi
1416 4390 1652 4457 diceret,
1684 4409 1751 4449 ex
1782 4393 1957 4449 servi-

298 4485 449 4542 tutis
480 4481 713 4539 vinculo
745 4484 978 4552 ereptos
1008 4477 1261 4534 reddidit
1291 4478 1564 4535 libertati.

2068 3364 2305 3421 aquam,
2351 3349 2454 3420 qui
2478 3351 2842 3409 nobilitatem
2873 3354 3084 3409 vetusti
3136 3356 3367 3428 generis
3398 3360 3454 3411 et
3511 3354 3735 3428 patriae,

2068 3441 2125 3493 et
2167 3434 2421 3492 natalem
2481 3440 2637 3495 diem
2702 3441 2821 3496 vini
2854 3442 3312 3500 circunsonent:
3349 3444 3739 3501 circumstan-

2067 3530 2154 3581 tes
2189 3533 2423 3596 repcnte
2454 3528 2695 3598 parasiti
2729 3546 2902 3600 quem
2935 3536 3069 3587 ante
3127 3533 3396 3590 solebant
3429 3552 3733 3608 spernere,

2067 3614 2348 3679 salutant,
2379 3614 2698 3683 deducunt,
2732 3618 2802 3672 ad
2831 3617 3093 3675 laetitiam
3120 3627 3454 3694 provocant,
3482 3626 3552 3680 ad
3575 3643 3737 3682 sum-

2066 3707 2234 3776 ptum
2268 3702 2515 3758 incitant
2545 3705 2842 3763 dicentes:
2880 3729 2906 3755 ‹‹
2939 3707 3166 3776 Venite,
3192 3715 3249 3765 ct
3307 3711 3572 3768 fruamur
3628 3714 3730 3770 bo-

2066 3793 2159 3848 nis
2191 3808 2317 3864 quzn
2359 3798 2518 3862 sunt,
2554 3798 2609 3849 et
2640 3798 2879 3850 utamur
2902 3801 3171 3853 creatura
3215 3803 3495 3870 tanquam
3550 3802 3607 3856 in
3632 3803 3731 3873 ju-

2064 3886 2297 3938 ventute
2328 3881 2627 3939 celeriter:
2670 3883 2804 3940 vino
2862 3885 3115 3956 pretioso
3147 3890 3204 3941 et
3248 3890 3565 3958 unguentis
3624 3907 3730 3947 nos

2063 3971 2521 4044 impleamus,ct
2553 3990 2666 4028 non
2725 3978 3027 4045 praetereat
3087 3992 3194 4030 nos
3256 3974 3364 4030 ﬂos
3420 3977 3727 4048 temporis,

2063 4061 2422 4117 Coronemus
2454 4077 2561 4117 nos
2609 4062 2760 4118 rosis
2817 4066 3135 4135 antequam
3170 4069 3552 4133 marcescant,
3604 4064 3730 4119 nul-

2061 4149 2186 4205 lum
2219 4153 2453 4222 pratum
2489 4150 2567 4205 sit
2597 4151 2752 4222 quod
2793 4168 2908 4206 non
2941 4156 3306 4223 pertranseat
3338 4151 3570 4207 luxuria
3624 4169 3728 4208 no-

2063 4245 2223 4305 stra;
2258 4238 2477 4310 ubique
2510 4239 2915 4312 relinquamus
2947 4240 3116 4313 signa
3150 4239 3385 4305 laztitizn,
3447 4241 3728 4312 quoniam

2064 4329 2186 4384 haec
2218 4331 2306 4384 est
2336 4344 2491 4399 pars,
2525 4332 2583 4383 et
2611 4327 2732 4382 haec
2757 4332 2847 4383 est
2878 4346 3006 4384 sors
3040 4335 3239 4385 nostra
3270 4330 3420 4402 (δίη).
3469 4348 3527 4397 u,
3579 4331 3725 4403 6-9).

2066 4418 2135 4472 Et
2182 4433 2311 4471 vere
2352 4432 2478 4471 sors
2513 4415 2709 4472 omnis
2760 4416 2994 4472 illorum
3050 4418 3203 4473 facta
3257 4422 3380 4474 est:
3415 4424 3478 4474 tu
3528 4426 3727 4477 autem

2069 4522 2336 4561 remanes
2366 4521 2533 4571 exors
2556 4504 2867 4560 bonorum.

369 4601 460 4658 15.
494 4600 675 4656 Grave
696 4595 1043 4653 vocabulum
1082 4593 1432 4651 debitorum.
1468 4595 1674 4653 Debita
1718 4604 1957 4672 peccata
1986 4605 2033 4670 Β
2144 4595 2223 4650 18.
2260 4593 2385 4649 Non
2419 4592 2564 4649 tales
2604 4598 2789 4649 sortes
2842 4594 2947 4649 tibi
2997 4594 3300 4668 Scriptura
3355 4598 3726 4655 monstravit.

293 4690 597 4746 dicuntur.
620 4685 925 4743 Debitores
958 4698 1191 4756 quoque
1221 4682 1520 4739 criminosi
1551 4684 1949 4758 appellantur:

294 4779 386 4835 sic
416 4776 643 4834 enimet
672 4773 772 4831 isti
803 4774 956 4830 sicut
976 4777 1033 4829 et
1059 4772 1143 4828 illi
1176 4773 1246 4829 de
1267 4773 1455 4846 capite
1474 4773 1586 4848 (17)
1606 4776 1949 4833 decernunt.

293 4865 495 4939 Culpze
523 4869 720 4921 tamen
748 4862 967 4919 habent
984 4860 1288 4917 nominum
1311 4866 1644 4931 suorum,ut
1667 4863 1952 4920 factorum

371 4990 485 5062 (t3)
518 4988 797 5045 Fimirum
830 4987 1214 5060 sequentibus
1245 4988 1511 5060 ejusdem
1543 4988 1755 5061 psalmi
1769 4990 1951 5047 versi-

294 5064 433 5130 bus,
468 5077 617 5131 quos
647 5064 911 5117 consule.

372 5129 628 5205 (1t)‘Vet.
662 5132 826 5200 edit.,
853 5129 1299 5205 comparandum,
1333 5131 1430 5201 qui
1484 5146 1569 5187 res
1615 5133 1850 5205 animm,
1903 5142 1955 5190 et

290 5203 548 5278 pretiosae
570 5206 773 5259 mentis
812 5203 1214 5275 patrimonium
1265 5204 1497 5271 fenerat,
1533 5203 1786 5328 Iquodam
1814 5220 1952 5261 usu-

294 5279 476 5328 mn’ae
495 5277 811 5328 iniauitatis
840 5276 922 5328 sic
947 5280 1167 5328 sumptu
1194 5275 1357 5328 canit.
1379 5277 1493 5328 etc.
1584 5290 1701 5328 om.
1733 5290 1949 5328 comm-

294 5275 476 5333 rariae
495 5277 811 5347 iniquitatis
840 5276 922 5331 sic
947 5280 1167 5344 sumptu
1194 5275 1493 5347 capit,etc.
1533 5275 1701 5347 Dom.
1733 5290 1949 5347 compa-

293 5348 560 5420 randum,
591 5344 688 5420 qui
715 5349 857 5420 uires
888 5346 1112 5420 αηίνηιέ,
1150 5344 1269 5420 θὶοί
1317 5344 1465 5399 Huic
1495 5346 1780 5402 accedunt
1834 5344 1950 5403 duo

296 5436 447 5478 mss.
510 5419 569 5474 in
599 5416 817 5475 'verbis
846 5419 943 5488 qui
970 5417 1112 5488 vires
1171 5416 1397 5479 animae,
1455 5419 1573 5488 tres
1630 5421 1826 5474 autem
1890 5420 1949 5476 in

292 5507 437 5550 voce
473 5491 709 5559 fenerat.
745 5486 956 5545 Melius
988 5486 1083 5542 alii
1137 5503 1285 5559 quos
1316 5486 1507 5559 secuti
1530 5504 1761 5545 sumus.

371 5557 486 5625 (15)
540 5561 624 5616 Ita
674 5577 819 5617 mss.
862 5560 1115 5621 Thuan,,
1154 5557 1393 5623 *Laud.,
1454 5558 1639 5615 ltion..
1673 5564 1731 5617 et
1784 5560 1944 5619 Colb.

292 5630 411 5693 Alii
441 5630 657 5705 autem,
691 5649 758 5690 ac
789 5648 995 5689 omnes
1026 5632 1190 5705 edit.,
1224 5631 1321 5705 qui
1348 5630 1497 5688 vobis
1536 5631 1667 5705 plus
1691 5632 1941 5705 reddidit.

293 5707 498 5769 Minus
527 5700 673 5766 bene
701 5721 716 5778 ;
749 5720 883 5763 cum
916 5707 1124 5781 agatur
1147 5700 1487 5781 de'pignore
1515 5700 1672 5784 quod
1701 5721 1735 5766 a
1786 5704 1948 5767 debi-

2060 4685 2186 4740 Non
2222 4684 2371 4738 inter
2400 4679 2545 4737 tales
2576 4685 2763 4737 sortes
2789 4681 2967 4739 David
3003 4689 3243 4741 sanctus
3271 4691 3557 4742 memorat
3593 4688 3726 4741 dor-

2063 4773 2364 4831 miendum
2401 4771 2599 4827 dicens
2626 4786 2638 4827 :
2666 4795 2693 4821 ‹‹
2728 4771 2787 4827 Si
2820 4772 3129 4830 dormiatis
3161 4775 3312 4831 inter
3344 4775 3567 4830 medias
3598 4790 3725 4829 sor-

2062 4869 2150 4920 tes
2182 4863 2350 4935 (Psal.
2386 4879 2558 4928 LXVII,
2612 4861 2719 4933 14).
2756 4884 2785 4911 ››
2818 4862 2965 4918 Nam
3024 4863 3072 4919 si
3120 4863 3179 4919 in
3234 4864 3427 4919 medio
3488 4861 3724 4918 illarum

2061 4993 2184 5045 tore
2214 4988 2467 5043 traditur
2507 4986 2837 5042 feneratori.

2132 5061 2243 5132 (16)
2276 5057 2690 5132 Omneseditq
2741 5073 2866 5132 quae
2910 5057 3011 5114 sub
3070 5057 3172 5114 hac
3228 5064 3343 5113 arte
3395 5058 3723 5114 volvuntur.

2063 5129 2272 5188 Melius
2302 5130 2505 5203 scripti
2536 5130 2661 5186 cod.
2690 5133 2764 5203 _ut
2793 5129 2852 5203 i_n
2898 5134 3077 5203 textu.
3277 5200 3291 5203 _
3410 5198 3422 5203 _
3704 5201 3711 5203 Α
3794 5150 3799 5155 ’

2133 5204 2245 5277 (l7)
2279 5198 2558 5277 Lusu's‘in
2589 5200 2762 5277 verbo
2789 5199 3076 5277 decapjte,
3139 5200 3295 5277 quod
3346 5198 3595 5257 relatum
3647 5201 3718 5277 a_d

2061 5270 2409 5349 criminosas
2432 5274 2582 5328 idem
2619 5276 2709 5327 est
2738 5286 2803 5349 ac
2836 5271 2906 5349 de
2935 5270 3070 5349 vita,
3106 5270 3209 5326 seu
3240 5271 3310 5326 de
3363 5289 3532 5343 pmna
3563 5272 3725 5345 capi-
3778 5338 3789 5349 _

2060 5348 2197 5403 tali:
2232 5347 2480 5402 relatum
2538 5360 2691 5414 vero»
2727 5342 2797 5414 ad
2859 5341 3150 5414 debitores
3210 5359 3312 5414 pro
3364 5341 3552 5409 sorte,
3615 5341 3719 5400 seu

2062 5418 2295 5492 capitali
2320 5431 2555 5474 summa
2576 5412 2891 5486 accipitur;
2924 5417 2990 5467 ut
3009 5412 3187 5470 etiam
3211 5412 3341 5487 seq.
3366 5431 3519 5488 cap.,
3550 5433 3715 5472 num.

2061 5492 2245 5631 20(18)
2286 5560 2393 5615 Per
2449 5558 2828 5631 unguentum,_
2868 5554 3125 5631 intellige
3178 5555 3370 5614 oleum
3432 5557 3719 5616 aromatis

2061 5628 2383 5705 conditium
2411 5636 2518 5705 ;_e_t_
2537 5645 2638 5705 per
2683 5628 3146 5705 species,_odores
3204 5637 3387 5705 atque
3433 5633 3718 5705 aromata,

2061 5706 2276 5783 quibus
2306 5703 2379 5762 ad
2409 5698 2647 5762 delicias
2679 5698 3004 5759 abutuntur
3058 5698 3412 5778 volupttiosi,
