4104 6156
476 320 602 381 803

1952 311 2017 372 S.
2051 304 2435 372 AMBROSII

3745 313 3849 375 804

479 450 797 509 dormisses
829 446 1100 515 sortium,
1133 445 1192 501 id
1223 448 1313 501 est
1339 444 1563 501 Veteris
1621 448 1679 500 et
1732 444 1873 500 Novi
1931 444 2133 501 Testa-
2165 448 2217 510 Α
2250 461 2387 499 cum
2416 442 2750 509 securitate,
2774 460 2949 515 quam
2983 441 3183 499 aliena:
3211 442 3387 516 epulae
3418 444 3525 516 (2t)
3546 449 3713 517 pasta:
3738 462 3847 502 cum

478 536 680 604 menti,
726 553 845 592 non
910 540 964 590 te
1024 534 1283 607 pecuniae
1343 534 1632 606 cupiditas
1681 532 1740 588 in
1795 533 2131 605 voraginem

474 624 773 683 deterrimi
807 624 1024 680 fenoris
1053 622 1448 689 demersisset,
1474 622 1663 695 gratia
1693 620 1975 694 spiritalis
1996 621 2133 676 ﬁdei

470 715 578 770 tibi
610 713 871 771 dedisset
899 717 1227 785 argentum,
1260 717 1315 767 et
1364 711 1423 767 in
1456 712 1710 784 speciem
1763 710 1891 766 auri
1920 710 2133 766 divinas

471 803 771 878 sapientiae
823 800 1190 857 institutione
1238 800 1568 856 formasset.
1631 800 1860 855 Etenim
1911 799 1961 854 si
2023 815 2131 854 nos

471 910 657 949 unum
687 890 1091 947 testimonium
1126 888 1335 943 divinae
1365 888 1676 959 Scriptura:
1710 888 2039 961 posuimus,
2073 890 2131 943 et

469 981 835 1037 luxuriosum
869 978 1016 1033 illud
1048 978 1373 1033 convivium
1424 977 1868 1043 declinavimus,
1924 976 2129 1048 utique

469 1070 659 1144 potuit
686 1072 746 1124 et
774 1068 885 1124 iste
913 1066 1149 1134 salvari,
1181 1067 1229 1122 si
1260 1066 1514 1122 oraculis
1565 1066 1903 1122 coelestibus
1944 1064 2127 1121 inhae-

467 1160 663 1216 sisset.

544 1246 1043 1303 t9.Revertamur
1080 1250 1277 1301 tamen
1339 1245 1410 1301 ad
1472 1244 1823 1312 convivium,
1884 1261 2001 1300 non
2062 1246 2128 1299 ut

465 1338 596 1409 ejus
626 1337 1008 1410 degustamus
1038 1334 1262 1406 epulas,
1287 1334 1386 1390 sed
1420 1334 1708 1390 cavendas
1728 1333 1860 1389 aliis
1889 1333 2128 1388 demon-

465 1432 743 1482 stremus.
776 1428 1065 1481 Oneratur
1103 1440 1307 1479 mensa
1356 1423 1681 1496 peregrinis
1731 1427 1788 1478 et
1817 1421 2123 1494 exquisitis

463 1514 648 1572 cibis:
682 1514 1037 1570 adhibentur
1062 1513 1315 1568 nitentes
1347 1512 1625 1579 ministri,
1679 1528 1889 1584 magno
1941 1511 2122 1584 empti

463 1602 672 1677 pretio,
693 1607 936 1674 sumptu
964 1602 1239 1673 pascendi
1266 1600 1506 1670 majori:
1541 1600 1766 1654 bibitur
1786 1600 1844 1655 in
1868 1605 2119 1668 noctem,

462 1694 586 1749 dies
647 1690 909 1749 convivio
948 1689 1262 1759 clauditur,
1321 1688 1585 1744 ebrietati
1634 1687 1847 1743 deficit.
1920 1689 2122 1760 Surgit

462 1781 560 1836 ille
592 1780 708 1835 vini
740 1779 970 1851 plenus,
1002 1795 1226 1833 vacuus
1283 1794 1483 1850 opum,
1535 1777 1751 1832 dormit
1785 1777 1841 1831 in
1905 1776 2118 1849 lucem,

460 1868 711 1941 vigilans
761 1867 1061 1922 somnium
1111 1871 1296 1938 putat.
1354 1864 1581 1921 Etenim
1637 1870 1702 1920 ut
1758 1866 1818 1919 in
1871 1864 2119 1921 somniis

462 1957 576 2014 sibi
606 1956 837 2013 videtur
884 1956 1081 2010 subito
1139 1956 1301 2009 dives
1361 1971 1428 2009 ex
1480 1970 1754 2025 paupere,
1817 1954 1900 2009 sic
1939 1954 2117 2009 etiam

461 2062 682 2118 egenus
713 2061 782 2101 ex
838 2043 1034 2099 divite.
1088 2045 1230 2098 Dum
1282 2042 1484 2098 deﬂuit
1554 2043 1785 2097 interim
1848 2043 2113 2113 pecunia,

460 2151 643 2191 usura
662 2132 1001 2207 superﬂuit;
1032 2137 1268 2203 tempus
1292 2132 1600 2197 minuitur,
1627 2132 1792 2186 fenus
1824 2135 2072 2204 augetur
2104 2149 2118 2199 ;

460 2223 774 2280 thesaurus
806 2222 1159 2289 exinanitur,
1192 2238 1319 2276 sors
1343 2218 1787 2276 accumulatur:
1832 2219 2113 2293 paulatim

461 2311 710 2367 convivae
766 2328 828 2366 se
887 2309 1264 2373 subtrahunt,
1337 2326 1649 2380 sponsores
1720 2309 2110 2364 conveniunt:

461 2417 633 2456 mane
668 2400 958 2456 fenerator
1001 2398 1194 2467 pulsat
1243 2399 1312 2453 ad
1363 2399 1600 2467 januas,
1664 2398 1932 2469 queritur
1988 2397 2114 2453 dies

459 2489 733 2545 solutioni
758 2487 1067 2544 transiisse
1099 2488 1489 2560 praescriptos,
1512 2487 1745 2557 injuriis
1776 2485 2112 2557 vigilantem

457 2577 721 2633 adoritur
749 2577 891 2648 (19):
946 2577 1003 2629 in
1038 2577 1261 2631 somnis
1290 2577 1679 2632 dormientem
1717 2575 1949 2631 excitat.
1985 2574 2112 2630 Non

460 2670 660 2721 noctes
685 2666 914 2738 quetiaz,
949 2682 1064 2720 non
1115 2666 1240 2721 dies
1295 2665 1491 2721 suavis
1543 2669 1651 2733 est,
1704 2681 1817 2719 non
1877 2663 1964 2718 sol
2012 2666 2110 2735 ju-

457 2756 707 2812 cundus.
739 2753 1137 2811 Detrahuntur
1180 2753 1463 2826 paulatim
1496 2754 1785 2809 deaurata:
1817 2769 1882 2808 ac
1913 2753 2110 2808 serica

455 2849 666 2909 vestes,
726 2850 779 2899 et
811 2847 1066 2898 veneunt
1106 2842 1353 2898 dimidio
1403 2841 1670 2899 minoris.
1752 2841 1920 2896 Ponit
1974 2857 2110 2896 cum

455 2931 731 3005 lacrymis
761 2935 1108 2987 ornamenta
1135 2930 1281 2987 597
1319 2931 1530 3004 conjux
1552 2932 1677 3002 jam
1708 2929 1950 2997 tristior,
1982 2945 2110 2986 em-

456 3026 557 3093 pto.
618 3020 833 3093 carius,
892 3020 1181 3074 vendenta
1237 3018 1430 3074 vilius.
1503 3021 1562 3076 In
1621 3018 1889 3074 auctione
1944 3020 2109 3091 pueri

456 3109 893 3166 constituuntur
917 3125 1133 3164 monete
1165 3107 1441 3171 ministri,
1489 3112 1543 3162 et
1569 3107 1719 3163 male
1750 3108 1963 3163 assueti
1996 3107 2109 3179 (20)

2247 532 2645 589 sollicitudine
2675 534 2856 604 (Prov.
2916 550 3009 600 xv,
3060 534 3169 605 t7).
3212 532 3334 588 Non
3391 534 3642 606 oportuit
3691 532 3849 591 aliena

2248 637 2527 694 quaerere.
2591 620 2810 677 Deinde
2880 621 3201 677 incideram
3269 622 3499 689 debita,
3566 623 3636 678 de
3731 623 3851 680 meis

2244 710 2504 780 oportuit
2583 709 2841 764 fontibus
2919 710 3239 766 remedinm
3343 728 3615 782 querere.
3707 712 3853 768 Erant

2243 798 2403 853 domi
2487 815 2626 853 vasa
2696 798 3046 855 minutiora:
3133 799 3343 855 melius
3428 806 3549 854 erat
3631 800 3853 857 ministe-

2241 885 2396 941 rium
2428 887 2650 956 deesse,
2689 904 2866 960 quam
2897 888 3095 944 cibum
3122 905 3135 944 :
3168 887 3378 944 melius
3394 893 3609 945 vestem
3623 888 3852 945 venalem

2240 991 2586 1048 pr0ponere,
2618 993 2797 1049 quam
2828 975 3160 1033 libertatem
3208 977 3495 1033 addicere.
3552 977 3698 1042 Quid
3748 994 3852 1051 pro-

2238 1063 2349 1118 tuit
2378 1065 2531 1136 quod
2565 1064 2863 1135 publicare
2890 1068 3294 1138 paupertatem
3348 1081 3542 1121 meam
3609 1082 3852 1122 verecun-

2238 1152 2413 1209 datus
2444 1169 2576 1208 sum
2601 1157 2624 1208 ἒ
2652 1154 2797 1209 Ecce
2825 1152 2980 1210 alius
3013 1152 3345 1227 publicavit.
3397 1154 3515 1227 Ego
3562 1152 3718 1210 nolui
3759 1171 3853 1211 nu-

2236 1241 2469 1298 tritores
2500 1242 2609 1314 (2'2)
2671 1242 2939 1313 vendere,
2988 1260 3120 1299 ecce
3149 1242 3299 1299 alius
3321 1242 3638 1314 adjudicat.

2302 1333 2394 1386 22.
2455 1331 2595 1386 Sera
2642 1330 2765 1386 haec
2823 1332 3230 1399 consideratio,
3295 1332 3460 1387 Tunc
3516 1332 3706 1389 decuit
3754 1348 3853 1389 me-

2233 1418 2417 1475 tuisse
2436 1419 2575 1485 tuis,
2608 1436 2741 1475 eum
2775 1421 3067 1493 acciperes
3093 1419 3320 1476 aliena:
3355 1426 3492 1476 tunc
3532 1420 3719 1478 decuit
3746 1437 3852 1478 suc-

2233 1524 2486 1576 currere,
2520 1525 2653 1563 cum
2676 1507 2918 1564 vulnera
2958 1509 3147 1581 prima
3190 1513 3618 1583 proserperent.
3677 1508 3854 1565 Melius

2232 1596 2417 1652 fuerat
2446 1598 2505 1652 in
2540 1597 2826 1669 principio
2847 1601 3088 1654 tenuare
3109 1604 3433 1670 sumptum,
3469 1603 3529 1655 et
3559 1599 3846 1655 necessita-

2227 1688 2345 1741 tem
2378 1685 2554 1741 debiti
2590 1685 2670 1741 rei
2706 1685 3013 1743 t‘amiliaris
3043 1688 3335 1760 angustiis
3393 1686 3664 1753 allevare,
3693 1703 3845 1761 quam

2230 1778 2296 1829 ut
2324 1774 2397 1830 ad
2421 1774 2623 1830 horam
2673 1775 2893 1831 ditatus
2941 1774 3167 1844 alienis,
3229 1780 3431 1849 postea
3482 1776 3766 1833 exuereris
3804 1780 3851 1831 et

2229 1862 2500 1935 propriis.

2894 1970 3125 2027 CAPUT
3147 1971 3239 2026 VI.

2228 2060 2445 2127 Quanta
2504 2061 2804 2116 moliantur
2857 2061 3191 2130 feneratores
3247 2064 3307 2115 ut
3366 2063 3621 2118 incautos
3670 2059 3847 2117 adola-

2744 2138 2926 2187 cenle:
2952 2131 3354 2204 depraedentur.

2294 2220 2385 2273 23.
2446 2222 2806 2275 Accusamus
2854 2220 3175 2276 debitorem
3235 2221 3387 2292 quod
3448 2219 3851 2293 imprudentius

2226 2324 2286 2364 se
2316 2308 2600 2380 gesserit:
2661 2309 2763 2365 sed
2794 2313 2991 2365 tamen
3022 2309 3167 2364 nihil
3216 2309 3473 2382 nequius
3528 2309 3851 2365 feneratiori-

2223 2396 2357 2464 bus,
2409 2396 2505 2468 qui
2539 2394 2732 2453 aliena
2761 2397 2977 2454 damna
3008 2396 3171 2453 lucra
3203 2415 3307 2453 sua
3362 2397 3758 2466 arbitrantur;
3805 2401 3852 2452 et

2222 2483 2530 2556 dispendio
2581 2501 2690 2540 suo
2722 2486 3004 2558 deputant
3051 2486 3336 2559 quidquid
3369 2486 3445 2542 ab
3509 2485 3639 2542 aliis
3691 2485 3850 2558 possi-

2223 2572 2409 2628 detur.
2444 2574 2825 2645 Aucupantur
2854 2573 3115 2630 heredes
3160 2591 3360 2642 novos,
3416 2573 3851 2632 adolescentulos

2223 2660 2429 2717 divites
2473 2666 2775 2734 explorant
2805 2680 2906 2735 per
2935 2680 3095 2732 suos,
3132 2664 3463 2737 adjungunt
3485 2680 3576 2732 se,
3602 2661 3853 2719 simulan-

2222 2756 2309 2805 tes
2340 2755 2639 2822 paternam
2671 2757 2727 2807 et
2758 2754 2969 2808 avitam
3020 2753 3365 2820 amicitiam,
3416 2752 3631 2810 volunt
3682 2753 3849 2809 dome-

2221 2839 2397 2895 sticus
2445 2856 2643 2896 eorum
2699 2858 3045 2915 cognoscere
3130 2842 3539 2899 necessitates.
3601 2843 3659 2898 Si
3703 2854 3851 2914 quam

2220 2945 2458 2985 causam
2516 2929 2861 2998 invenerint,
2927 2936 3206 2987 accusant
3264 2932 3702 2997 verecundiam,
3760 2947 3850 3003 pu-

2220 3018 2415 3073 dorem
2448 3022 2726 3092 arguunt,
2776 3020 2933 3091 quod
2985 3036 3099 3076 non
3132 3024 3266 3076 ante
3313 3021 3383 3077 de
3438 3038 3510 3077 se
3578 3024 3846 3094 apemtum

2224 3107 2397 3163 fuerit
2413 3112 2586 3179 atque
2618 3109 3200 3187 praesumptumasm
3242 3126 3374 3165 vero
3406 3109 3611 3167 nullos
3642 3109 3850 3182 laqueos

455 3202 778 3270 emptorem
831 3201 1116 3252 avertunt.
1176 3196 1427 3251 Olfertur
1498 3196 1744 3269 pecunia
1801 3196 2106 3252 creditori:
2140 3182 2183 3248 C
2222 3195 2470 3268 alicujus
2502 3198 2867 3253 necessitatis
2896 3182 3265 3265 offenderint,
3301 3199 3577 3256 intexunt
3626 3197 3848 3262 tabulas,

454 3286 587 3354 Vix,
618 3286 831 3359 inquit,
865 3285 986 3340 haec
1019 3284 1186 3340 solvit
1220 3301 1481 3351 usuram,
1523 3290 1699 3357 caput
1727 3286 1923 3339 debes.

526 3375 615 3431 20.
661 3375 830 3430 Redit
885 3373 1167 3429 exhausto
1202 3373 1552 3445 patrimonio
1595 3373 1801 3446 capitis
1835 3390 2001 3440 reus;
2053 3377 2111 3429 et

458 3463 774 3519 imminuto
806 3463 1023 3525 fenore.
1057 3461 1269 3534 accipit
1314 3461 1590 3519 inducias
1644 3462 1932 3518 tristiores
1988 3462 2106 3517 bel-

454 3550 605 3621 licis,
639 3551 808 3623 quasi
832 3554 966 3623 post
999 3550 1240 3606 biduum
1277 3550 1665 3623 przeliaturus.
1704 3550 1929 3608 Inhello
1950 3550 2106 3607 enim

455 3642 681 3697 incerta
732 3639 996 3701 victoria,
1029 3638 1122 3694 hic
1150 3643 1307 3694 certa
1337 3638 1568 3710 inopia:
1623 3639 1741 3695 illic
1799 3657 1861 3696 se
1910 3640 2107 3712 clypeo

449 3730 613 3803 tegit,
649 3729 745 3785 hic
778 3728 976 3784 nudus
1007 3729 1296 3784 occurrit:
1363 3728 1479 3783 illic
1536 3728 1716 3785 lorica
1773 3733 1975 3801 pectus
2018 3729 2107 3783 in-

454 3818 656 3885 cludit,
689 3817 784 3873 hic
810 3822 971 3872 totus
1017 3834 1244 3873 carcere
1300 3816 1661 3874 includitur:
1721 3817 1840 3872 illic
1896 3834 2109 3874 manus

451 3907 584 3964 telis
612 3910 836 3969 onerat,
872 3911 1062 3961 armat
1090 3905 1340 3978 sagittis,
1376 3905 1474 3961 hic
1504 3923 1613 3961 aere
1668 3923 1884 3961 vacuas
1941 3906 2110 3963 oli'ert

450 3995 702 4052 vinculis
760 3993 1105 4066 alligandas.
1159 3994 1403 4050 Ducitur
1461 3994 1808 4067 plerumque
1863 3999 2109 4067 uterque

453 4085 714 4157 captivus
748 4103 761 4141 :
797 4082 894 4139 ille
932 4084 1107 4139 habet
1137 4100 1309 4155 quem
1344 4088 1576 4139 accuset
1604 4084 1914 4139 adversum
1972 4083 2110 4140 belli

454 4178 748 4240 eventum,
782 4172 876 4227 hic
907 4177 1115 4244 przeter
1169 4187 1231 4227 se
1263 4188 1437 4244 quem
1470 4177 1723 4239 accuset,
1758 4190 1873 4228 non
1912 4172 2105 4229 habet.

456 4262 630 4318 Nihil-
646 4266 735 4319 est
765 4260 1195 4317 intolerabilius
1227 4260 1335 4316 hac
1366 4261 1625 4327 miseria,
1677 4278 1803 4334 quae
1847 4262 2112 4318 excusari

459 4367 575 4405 non
629 4356 839 4424 potest.
903 4351 1151 4405 Acerbat
1207 4350 1567 4406 conscientia
1642 4351 1872 4423 pondus
1954 4351 2109 4424 inju-

456 4455 572 4493 ΓΗΒ.

2219 3284 2386 3340 aiunt
2415 3284 2609 3340 nobile
2641 3285 2922 3357 praedium
2953 3302 3083 3342 esse
3100 3286 3592 3360 venale,amplam
3613 3289 3846 3344 domum:

2217 3372 2599 3429 accumulant
2640 3379 2963 3445 proventus
2984 3375 3302 3444 fructuum,
3351 3392 3591 3433 annuos
3653 3375 3847 3432 reditus

2216 3466 2585 3535 exaggerant,
2618 3461 2933 3520 hortantur
2964 3468 3029 3519 ut
3083 3469 3369 3521 coemant.
3434 3464 3722 3521 Similiter
3779 3463 3848 3517 fa-

2216 3550 2381 3606 ciunt
2410 3550 2698 3623 pretiosas
2726 3556 2943 3624 vestes,
2990 3557 3048 3609 et
3078 3552 3343 3610 monillia
3388 3553 3618 3609 nobilia
3671 3550 3848 3625 pradi-

2216 3642 2435 3694 cantes.
2468 3639 2692 3711 Negant
2745 3656 2806 3694 se
2862 3640 3077 3697 habere
3142 3642 3474 3713 pecuniam,
3517 3642 3669 3700 598
3719 3642 3851 3713 inge-

2216 3731 2355 3783 runt
2401 3745 2569 3783 suam
2616 3728 2908 3785 dicentes:
2958 3729 3131 3786 Utere
3170 3738 3230 3786 ut
3271 3736 3409 3787 tua:
3462 3731 3540 3788 de
3594 3730 3849 3787 fructibus

2219 3821 2426 3889 emptae
2460 3818 2853 3889 possessionis
2883 3819 3137 3891 pretium
3170 3817 3851 3892 multiplicabis,debitam

2219 3906 2447 3962 reddes.
2846 3962 2859 3985 ο

2286 3996 2376 4050 24.
2410 3994 2785 4051 Praetendunt
2821 3995 3044 4053 alienos
3104 3997 3315 4053 fundos
3372 3996 3750 4063 adolescenti,
3799 3995 3853 4049 ut

2218 4100 2352 4139 eum
2385 4084 2511 4140 suis
2540 4084 2862 4157 exspolient
2888 4102 2901 4140 :
2942 4087 3194 4143 tendunt
3224 4087 3388 4156 retia,
3420 4086 3606 4142 simul
3634 4090 3693 4141 ut
3717 4083 3853 4140 inda-

2219 4173 2353 4246 gine
2383 4173 2572 4229 cincta
2603 4175 2790 4246 spatia
2822 4174 2994 4230 fuerit
3024 4176 3344 4248 ingressus,
3399 4178 3628 4248 cogunt
3656 4188 3777 4230 eum
3803 4168 3848 4224 in

2221 4262 2362 4317 retia
2383 4262 2744 4330 cantionum,
2761 4263 2999 4336 laqueos
3022 4280 3362 4330 usurarum;
3389 4268 3609 4336 petunt
3627 4258 3846 4333 obligari

2219 4350 2436 4407 avitum
2500 4353 2833 4423 praetorium
2892 4353 3028 4425 (23),
3085 4357 3393 4426 paternum
3480 4351 3846 4426 sepulcrum:

2220 4440 2605 4511 prastituitur
2636 4441 2761 4498 dies
2789 4440 3089 4509 solutioni,
3124 4441 3539 4498 dissimulatur
3553 4437 3851 4500 conventio,

523 4529 612 4582 2t.
644 4526 807 4583 Tunc
837 4544 1035 4583 secum
1068 4532 1320 4601 reputat,
1352 4532 1489 4585 tunc
1530 4529 1865 4602 Scripturas
1916 4545 2110 4584 recor-
2143 4547 2187 4611 ι)
2220 4529 2452 4600 quando
2482 4533 2672 4601 potest
2701 4529 2914 4585 solutio
2937 4531 3212 4587 sustineri
3243 4548 3255 4597 ;
3290 4530 3389 4586 ubi
3424 4531 3576 4588 satis
3607 4539 3850 4587 securum

455 4617 649 4682 datur,
682 4618 822 4671 tunc
851 4616 1029 4671 dicit:
1061 4618 1261 4672 Nonne
1284 4616 1424 4671 mihi
1460 4617 1740 4689 scriptum
1763 4623 1883 4674 est:
1921 4640 1941 4667 ι
1971 4617 2110 4674 Bibe

454 4721 669 4778 aquam
700 4704 771 4759 de
796 4703 913 4759 tuis
944 4705 1123 4770 vasis,
1155 4710 1211 4758 et.
1240 4704 1310 4758 de
1340 4709 1577 4760 tuorum
1631 4709 1938 4777 puteorum
1984 4706 2107 4761 fon-

453 4794 614 4850 tibus
647 4793 825 4866 (Prov.
863 4810 918 4855 v,
953 4793 1062 4864 15).
1099 4814 1126 4842 ››
1158 4792 1305 4856 Quid
1340 4791 1483 4847 mihi
1513 4809 1646 4849 cum
1681 4799 1852 4866 puteo
1884 4794 2108 4863 tenera;

451 4883 618 4954 toris,
652 4882 753 4938 ubi
784 4887 842 4938 et
865 4897 1018 4954 aqua
1045 4879 1408 4935 includitur?
1438 4880 1720 4937 Suaviora
1750 4885 1915 4938 erant
1952 4882 2110 4940 olera

521 5062 635 5133 (19)
684 5061 815 5117 Era.
863 5064 919 5116 et
973 5060 1111 5115 edit.
1175 5073 1325 5133 seq.,
1368 5058 1585 5133 jurgiz's
1636 5060 1951 5131 vigilantem
1980 5062 2108 5117 ado-

450 5129 622 5188 ritur.
650 5133 885 5189 Amerb.
921 5147 1054 5186 cum
1090 5146 1257 5198 mss.,
1294 5129 1661 5199 injuriis,etc.

523 5205 633 5275 (ἳο)
680 5204 817 5260 Male
862 5203 1083 5264 assueti,
1136 5202 1242 5256 hoc
1293 5207 1404 5267 est,
1426 5217 1559 5275 non
1619 5201 1805 5275 edocti
1853 5220 1886 5258 a
1942 5220 2109 5260 man-

378 5304 391 5315 ο
454 5271 625 5348 gone,
655 5291 768 5346 quo
801 5280 968 5348 pacto
1022 5278 1362 5348 emptorem
1390 5271 1622 5328 allicere
1676 5274 1991 5348 debeant
2017 5275 2109 5348 vel

454 5344 596 5401 ritate
634 5344 860 5411 assueti,
895 5346 1003 5400 hoc
1034 5344 1141 5400 est
1174 5344 1418 5412 deliciis,
1465 5362 1580 5401 non
1632 5349 1824 5400 autem
1868 5345 2108 5402 utiliori-

455 5416 566 5470 bus
598 5417 820 5472 artibus
852 5417 1092 5472 assueti.

546 5486 749 5556 2l)Ita
776 5488 914 5543 edit.
964 5493 1118 5552 Am.,
1196 5492 1253 5543 et
1306 5486 1473 5542 Rom.
1537 5503 1671 5543 cum
1720 5489 1911 5543 tribus
1960 5505 2103 5545 mss.

454 5556 589 5632 gill,
623 5572 754 5613 curn
786 5558 918 5632 aliis
948 5558 1212 5632 totidem,
1243 5574 1410 5632 quam
1437 5558 1620 5632 atieno
1642 5576 1750 5617 mre
1768 5561 1969 5632 cpida,
1996 5567 2105 5618 etc.

452 5630 682 5694 Thuan.
716 5627 900 5701 solus,
949 5644 1109 5705 quam
1144 5627 1328 5688 alieno
1362 5630 1565 5707 epulae,
1623 5635 1730 5695 etc.
1795 5627 1900 5692 Ubi
1960 5632 2108 5695 forte

2217 4618 2596 4684 reddiderint,
2654 4623 2889 4691 repente
2939 4621 3242 4693 ingruunt,
3304 4623 3364 4675 et
3414 4620 3645 4677 instant
3703 4615 3853 4673 vehe-

2220 4706 2494 4771 mentius,
2529 4707 2793 4762 causanti
2823 4707 3176 4764 incumbunt
3223 4707 3511 4764 dicentes:
3563 4709 3648 4763 Tu
3697 4699 3852 4777 possi-

2215 4794 2319 4850 des
2347 4799 2449 4849 tua
2481 4795 2716 4865 praedia,
2741 4812 2848 4851 nos
2878 4801 3150 4853 nostram
3181 4796 3493 4869 pecuniam
3550 4811 3667 4851 non
3695 4790 3849 4848 babe-

2218 4898 2387 4938 mus:
2422 4899 2631 4938 aurum
2662 4883 2953 4952 dedimus,
2985 4884 3211 4958 lignum
3254 4889 3529 4941 tenemus
3586 4881 3732 4957 (24):
3762 4874 3850 4931 tibi

2218 5057 2776 5136 subintelligendum
2807 5060 3109 5136 domicilio,
3135 5062 3241 5136 vel
3278 5062 3553 5136 convivio.
3788 5125 3798 5136 _

2288 5130 2402 5207 (22)
2433 5132 2738 5207 Νυζνίιονᾳε
2777 5133 2953 5203 servi,
3012 5135 3179 5207 queis
3230 5133 3549 5190 liberorum
3601 5130 3845 5188 commit-

2217 5202 2452 5258 tebatur
2480 5202 2767 5259 educatio.

2289 5274 2401 5345 (23)
2432 5275 2765 5347 Prwtorium
2795 5275 2903 5332 hoc
2927 5276 3052 5332 loco
3079 5277 3333 5333 sumitur
3361 5293 3473 5331 non
3524 5289 3637 5347 pro
3690 5271 3843 5347 domo

2218 5342 2503 5430 praeteris,
2530 5351 2644 5430 aut.
2667 5347 2807 5430 eius
2828 5348 2925 5430 qui
2959 5353 3233 5430 praeesset
3262 5342 3559 5415 exercitui,
3611 5342 3708 5401 sed
3759 5351 3846 5430 pl?

2218 5416 2394 5491 domo
2423 5416 2542 5471 ruri
2567 5416 2656 5491 ad
2666 5416 2937 5491 delicias
2962 5416 3294 5485 aedificata;
3346 5435 3459 5491 quo
3515 5431 3689 5473 sensu
3745 5424 3842 5466 non

2219 5487 2397 5561 semel
2431 5487 2584 5561 apud
2613 5487 2809 5561 Titum
2837 5487 3399 5547 Liviuminvenitur.
3506 5559 3517 5561 μ
3563 5557 3578 5561 Α
3668 5560 3673 5561 γ
3794 5549 3805 5561 ,

2290 5560 2403 5645 (Ψ)
2436 5559 2551 5645 Ηηοθ
2582 5564 2691 5643 θῆτ’
2738 5559 2962 5645 ιίεῐιρειε
3001 5562 3231 5645 tabulas
3271 5578 3417 5645 “cera
3469 5557 3764 5621 obductas,
3791 5557 3839 5606 in

2219 5631 2435 5709 quibus
2465 5631 2684 5692 fenoris
2715 5631 2910 5703 cautio
2939 5633 3116 5694 scribi
3148 5633 3387 5694 solebat.
