4052 6196
252 313 377 383 8οὸ
1618 322 1851 390 LIBER
1892 319 1995 388 DE
2037 320 2296 388 TOBIA.
3542 332 3664 396 εοθ

262 456 561 512 fructuum
595 455 990 517 emolumenta
1019 458 1363 533 procedunt,
1400 461 1568 517 nobis
1599 461 1743 516 nihil
1804 478 1897 517 ac-
1931 460 1986 526 Α
2017 458 2130 512 scis
2165 458 2261 528 qui
2293 456 2521 512 fuscina
2549 457 2724 514 fuerit
2752 456 2988 527 inﬁxus,
3041 475 3391 531 quocunque
3452 464 3667 536 fugerit

262 544 474 603 crescit
501 546 781 617 pecunias.
814 546 1014 604 Otiosa
1040 548 1299 607 causatio
1329 553 1439 617 est,
1472 548 1681 606 saltem
1733 566 1904 606 reno-
2016 546 2226 601 vulnus
2254 545 2425 601 vehit.
2455 546 2521 601 Et
2547 562 2678 602 vere
2706 546 2884 618 piscis
2914 546 3009 603 ille
3041 548 3097 603 in
3131 565 3263 604 esca
3297 556 3537 607 mortem
3565 552 3664 609 de-

260 637 428 691 votor
455 633 937 709 chirographum.

265 797 439 872 Quam
463 796 699 872 sollicite
723 725 1287 870 fenerggggzrfu‘ggt
1301 799 1537 864 debitor,
1559 802 1611 856 et
1633 801 1904 872 cujusmo-

332 867 394 923 di
418 869 495 922 sit
517 870 805 943 utriusque
826 884 1081 943 occursus
1109 867 1129 943 ξ
1174 867 1448 943 ’ᾳυρηιοάο
1502 871 1611 943 hic,
1644 867 1910 930 dilatione

336 946 553 1010 accepta
578 941 753 1016 magis
784 940 1031 1016 irretitus
1057 940 1129 996 ad
1155 940 1437 1016 pendentia
1464 942 1676 1016 praedia
1704 945 1908 1016 adiga-

335 1017 426 1066 tur
454 1009 472 1064 ἑ
503 1027 567 1065 ac
593 1009 815 1066 tendum
838 1012 1092 1067 omnibus
1136 1011 1424 1070 destitutus
1451 1009 1506 1070 et
1561 1014 1632 1070 ad
1686 1009 1909 1072 vincula

330 1084 559 1152 paratus
589 1082 649 1135 in
676 1081 1110 1153 desperationem
1138 1084 1361 1140 incidat.

334 1170 425 1225 25.
461 1171 660 1243 Itaque
689 1171 831 1227 dum
859 1172 1116 1245 primum
1146 1172 1486 1230 adolescens
1538 1174 1684 1231 nihil
1743 1179 1910 1248 putat

264 1260 337 1314 de
367 1258 629 1316 vestibus
660 1258 806 1324 suis,
865 1264 967 1316 aut
1019 1261 1197 1318 etiam
1246 1262 1722 1335 possessionibus
1779 1280 1910 1322 esse

263 1347 656 1415 vendendum,
699 1348 772 1403 ad
802 1347 925 1405 haec
982 1348 1247 1405 facienda
1300 1351 1488 1423 poscit
1542 1351 1903 1409 dilationem.

266 1438 468 1494 Usurae
494 1435 868 1510 applicantur
886 1437 957 1493 ad
980 1439 1647 1508 sortem,accumulatur
1664 1441 1907 1499 centesi-

264 1543 384 1583 ma.
407 1524 536 1581 Jam
565 1525 868 1599 suscipare
890 1525 1114 1599 incipit,
1139 1527 1265 1598 jam
1293 1526 1515 1584 malum
1538 1546 1710 1586 suum
1730 1547 1907 1604 agno-

267 1632 447 1672 scere.
486 1615 583 1671 Dic
616 1631 681 1670 ac
710 1620 879 1672 nocte
908 1631 1148 1672 usuram
1182 1616 1400 1689 cogitat
1432 1634 1445 1673 :
1477 1619 1756 1692 quicquid
1812 1637 1908 1677 oc-

265 1704 532 1771 currerit,
566 1707 948 1760 feneratorem
984 1708 1150 1777 putat
1182 1724 1194 1761 :
1254 1706 1539 1779 quidquid
1595 1709 1905 1780 crepuerit,

2012 638 2194 706 vorat,
2227 634 2325 690 ille
2354 634 2598 691 hamum
2629 635 2824 708 glutit,
2858 636 2999 692 dum
3032 637 3227 693 cibum
3261 640 3506 711 quaerit;
3558 643 3662 697 sed

2016 727 2210 780 tamen
2244 723 2487 779 hamum
2518 741 2631 780 non
2665 725 2830 789 vidit,
2877 741 3051 796 quem
3110 727 3254 799 tegit
3308 730 3501 801 praeda
3535 747 3546 786 :
3604 736 3668 786 tu

2016 812 2258 869 hamum
2290 814 2498 881 cernis,
2531 817 2588 869 et
2616 813 2815 887 glutis.
2875 814 3096 870 Hamus
3161 819 3300 872 tuus
3360 817 3528 874 fenus
3579 824 3670 875 est

2016 902 2318 959 creditoris
2352 918 2364 957 :
2398 902 2642 958 hamum
2674 918 2864 968 voras,
2897 903 2994 958 sed
3054 904 3268 960 vermis
3326 908 3383 961 te
3438 923 3670 980 semper

2016 991 2265 1048 obrodit.
2300 992 2433 1063 Ipsa
2455 995 2543 1047 est
2571 1006 2705 1046 esca
2729 1008 2856 1063 quae
2905 991 3138 1063 decipit.
3195 993 3398 1065 Itaque
3447 1000 3505 1051 et
3559 997 3668 1052 tibi

2018 1079 2233 1135 fenoris
2263 1096 2368 1135 nec
2398 1080 2563 1135 cibus
2589 1079 2723 1134 usui
2753 1084 2860 1146 est,
2893 1085 2949 1135 et
2999 1080 3211 1137 hamus
3267 1082 3519 1139 vulneri.
3579 1088 3668 1140 An

2015 1168 2252 1241 ignoras
2282 1168 2421 1241 quia
2451 1169 2628 1224 semel
2662 1168 3009 1241 illaqueatus
3046 1170 3215 1236 nodo,
3248 1188 3309 1227 se
3342 1173 3551 1246 magis,
3613 1174 3665 1230 si

2019 1256 2222 1330 fugiat,
2248 1257 2372 1329 ipse
2402 1255 2749 1331 constringit
2781 1276 2794 1325 ;
2829 1262 2886 1313 et
2916 1257 3071 1313 intra
3095 1260 3240 1315 retia
3290 1261 3515 1333 positus
3579 1262 3670 1318 fu-

2017 1345 2228 1418 giendo
2261 1346 2449 1419 magis
2480 1346 2679 1416 dejicit
2725 1363 2904 1418 super
2934 1364 2997 1402 se
3055 1348 3257 1404 retia?
3322 1349 3385 1404 In
3446 1350 3671 1423 plateas

2018 1434 2194 1507 iugis,
2227 1450 2360 1490 cum
2394 1434 2549 1489 intra
2577 1435 2825 1506 parietes
2860 1439 3018 1490 tutus
3052 1453 3180 1493 esse
3209 1453 3324 1493 non
3347 1439 3561 1509 possis.
3588 1440 3672 1495 ln-

2018 1522 2203 1579 veniet
2234 1527 2285 1577 te
2316 1538 2451 1578 cum
2476 1523 2720 1578 voluerit
2753 1524 3061 1580 fenerator.
3100 1525 3358 1597 Denique
3391 1527 3488 1582 ubi
3523 1531 3669 1583 tem-

2020 1628 2129 1684 pus
2161 1611 2510 1684 impleveris,
2545 1610 2694 1665 sicut
2725 1612 2934 1684 lupsus
2965 1617 3130 1669 nocte
3171 1613 3362 1684 irruit,
3420 1616 3673 1672 dormire

2022 1717 2134 1756 non
2166 1700 2329 1763 sinit.
2363 1704 2704 1772 exspectato
2739 1700 2829 1754 die
2865 1702 2932 1754 ad
2972 1701 3273 1772 publicum
3297 1704 3479 1760 trahit
3537 1705 3673 1777 (25),

261 1810 466 1851 vocem
499 1793 612 1850 sibi
645 1793 875 1848 videtur
933 1793 1274 1851 feneratoris
1329 1795 1534 1851 audire
1582 1796 1640 1852 Si
1700 1796 1906 1866 habes,
1941 1829 1987 1895 Β
2019 1794 2121 1845 ειη
2150 1789 2369 1890 tam“?
2399 1788 2750 1895 veniitionis
2781 1789 3313 1895 ςοείῐηεξιείξιςξβθνθ-
3346 1792 3420 1848 Ut
3460 1794 3674 1895 fureris

263 1900 372 1939 cur
395 1898 510 1938 non
543 1880 767 1938 solvis?
791 1882 850 1937 Si
881 1898 997 1938 non
1053 1882 1259 1949 habes,
1311 1900 1417 1939 cur
1470 1884 1693 1941 malum
1753 1885 1908 1943 malo
1941 1877 1987 1895 "
2020 1877 2260 1951 pudoris
2290 1877 2685 1950 dispendium,
2719 1878 3045 1934 subscribis
3092 1878 3270 1947 illico,
3331 1881 3676 1938 venditurus

264 1970 563 2044 adjungis,
597 1974 653 2027 et
682 1970 753 2025 de
800 1968 1039 2026 vulnere
1093 1972 1418 2028 remedium
1475 1974 1743 2046 quseris?
1798 1976 1914 2032 Cur

263 2059 530 2133 quotidie
558 2058 920 2115 obsidionem
953 2058 1169 2138 pateris
1216 2060 1580 2130 feneratoris,
1611 2079 1912 2137 expugna-

264 2150 488 2205 tionem
517 2148 689 2203 times
719 2147 747 2202 ?
775 2147 955 2203 Vetus
981 2148 1271 2204 sententia
1298 2153 1388 2205 est
1418 2167 1431 2206 :
1465 2151 1827 2209 Feneratoris
1858 2158 1915 2209 et

263 2234 553 2293 debitoris
583 2234 690 2293 sibi
774 2236 1227 2302 occurrentium,
1283 2244 1652 2311 prospectum
1711 2242 1912 2298 ambo-

265 2341 402 2382 rum
434 2325 570 2382 facit
598 2324 882 2381 Dominus
937 2325 1115 2396 (Prov.
1137 2341 1290 2395 χχιχ,
1351 2327 1462 2399 13).
1519 2327 1679 2385 Alter
1744 2331 1915 2403 quasi

269 2413 436 2471 canis
469 2414 722 2487 praedam
757 2414 1021 2486 requirit,
1052 2413 1199 2470 alter
1227 2414 1395 2488 quasi
1427 2415 1547 2473 fera
1583 2419 1915 2490 praedonem

267 2503 529 2560 declinat
559 2519 573 2558 :
605 2501 705 2559 ille
736 2503 904 2575 quasi
934 2503 1021 2559 leo
1052 2503 1262 2576 quaerit
1291 2520 1466 2576 quem
1498 2507 1751 2576 devoret,
1806 2508 1915 2566 iste

266 2592 440 2664 quasi
475 2592 581 2647 bos
607 2590 963 2662 juvenculus
994 2592 1285 2663 praedonis
1317 2592 1605 2665 impetum
1648 2595 1913 2652 reformi-

264 2681 372 2736 dat
407 2699 419 2736 :
452 2679 546 2736 ille
572 2679 737 2751 quasi
770 2680 1048 2752 accipiter
1079 2681 1399 2752 unguibus,
1432 2681 1653 2739 olorem
1712 2686 1919 2757 quaerit

261 2769 543 2825 invadere
576 2786 589 2835 ;
622 2768 751 2836 iste,
784 2767 952 2839 quasi
990 2785 1164 2824 anser
1184 2773 1285 2825 aut
1314 2770 1510 2838 fulica,
1571 2772 1794 2829 mavult
1852 2791 1915 2831 se

261 2858 361 2914 vel
391 2858 451 2913 in
487 2861 776 2930 praerupta
805 2857 1074 2927 dejicere,
1106 2856 1269 2913 velin
1303 2860 1594 2932 profunda
1621 2862 1920 2937 demerge-

262 2964 354 3017 re,
386 2962 564 3018 quam
596 2945 775 3001 istum
808 2944 1050 3001 humani
1084 2946 1343 3018 corporis
1371 2948 1709 3022 accipitrem
1741 2952 1918 3008 susti-

260 3051 429 3092 nere.
463 3034 608 3100 Quid
641 3032 898 3106 quotidie
927 3033 1083 3107 fugis
1111 3034 1140 3089 ?
1170 3035 1236 3091 Et
1264 3036 1313 3091 si
1344 3053 1459 3093 non
1517 3044 1787 3095 occurrat
1838 3042 1918 3097 te-

262 3126 526 3190 nerator,
559 3122 811 3179 occurrit
838 3121 942 3177 tibi
972 3121 1171 3195 inopia
1199 3128 1491 3196 tanquam
1536 3126 1729 3185 bonus
1788 3145 1918 3185 cur-

2022 1967 2240 2023 avitum
2293 1965 2651 2038 sepulcrum,
2711 1970 2960 2038 paterna:
3014 1985 3154 2023 sane
3214 1972 3279 2025 ut
3326 1975 3678 2042 prsetexatur

2022 2055 2242 2128 aliquid
2272 2055 2632 2111 verecundiae
2663 2056 2774 2127 (26)
2810 2073 2822 2111 :
2854 2057 3069 2112 emitur
3099 2057 3394 2129 jejunium
3448 2059 3670 2128 solum,

2014 2146 2275 2216 jactatur
2304 2144 2456 2217 quod
2489 2143 2801 2200 infecunda
2828 2146 3503 2220 vendiderit,dispendiis
3534 2166 3676 2205 one-

2024 2233 2233 2289 raverit
2262 2233 2603 2301 debitorem,
2638 2239 2691 2289 et
2721 2234 3039 2306 superioris
3069 2237 3349 2309 temporis
3369 2237 3674 2294 ascribun-

2025 2326 2118 2378 tur
2140 2321 2463 2394 dispendiis
2494 2322 2709 2377 damna
2757 2323 3080 2395 prazsentis.
3145 2324 3276 2381 Mox
3332 2330 3389 2381 et
3437 2326 3675 2385 laudata

2023 2412 2376 2478 venduntur,
2408 2415 2465 2466 et
2495 2410 2828 2485 inferuntur
2849 2412 2973 2483 jam
3008 2429 3122 2468 non
3155 2413 3672 2483 instrumenta,sed

2025 2499 2278 2554 vincula.

2095 2590 2184 2643 27.
2218 2589 2438 2643 Tamen
2472 2588 2663 2643 adhuc
2696 2589 2991 2660 quaerendi
3031 2590 3426 2661 ﬁdejussores,
3486 2593 3671 2649 tribu-

2026 2682 2206 2733 untur
2234 2677 2478 2732 induciae
2510 2692 2626 2732 non
2657 2680 2722 2731 ut
2752 2677 3005 2749 praedam
3052 2677 3339 2735 libertatis
3392 2681 3672 2750 inveniat,

2027 2765 2127 2822 sed
2161 2770 2227 2820 ut
2258 2769 2584 2821 consortem
2621 2765 2918 2822 servitutis
2948 2767 3255 2840 adjungat,
3289 2768 3389 2841 qui
3411 2785 3473 2826 se
3493 2770 3676 2826 societ

2026 2871 2375 2910 aerumnosa.
2412 2859 2486 2909 At
2517 2854 2655 2926 quid
2685 2856 2882 2926 iuvare
2912 2858 3105 2927 potest
3135 2856 3335 2913 alienae
3368 2858 3672 2916 calamita-

2027 2943 2103 2998 tis
2132 2942 2386 2998 accessio
2414 2941 2443 2997 ?
2470 2943 2600 2998 Jam
2633 2948 2689 2998 et
2717 2943 2888 2999 amici
2922 2944 3177 3018 fugiunt,
3227 2947 3480 3002 conviva:
3557 2964 3674 3004 non

2028 3030 2655 3104 recognoscuntzipse
2713 3048 2946 3105 quoque
3002 3038 3352 3106 conspectus
3408 3036 3674 3093 omnium

2028 3120 2260 3192 refugit,
2291 3122 2348 3174 et
2378 3123 2443 3174 ut
2469 3120 2626 3192 pugil
2662 3120 2811 3175 ictus
2840 3121 3032 3176 varios
3062 3123 3543 3193 concertantium,
3594 3126 3677 3181 ita

262 3230 389 3271 sor.
422 3212 642 3267 Ambos
670 3228 807 3285 ergo
837 3211 992 3267 videt
1034 3195 1340 3285 Dominus,
1399 3215 1804 3287 feneratorem,
1862 3223 1921 3276 et
1950 3195 1992 3263 C
2030 3209 2142 3265 iste
2172 3209 2550 3265 honestarum
2575 3209 2717 3264 vitat
2750 3226 3053 3280 occursus,
3106 3215 3163 3267 et
3209 3211 3515 3280 sollicitus,
3575 3214 3676 3269 ubi

262 3301 595 3357 debitorem
623 3316 635 3354 :
660 3303 1030 3356 occurrentes
1046 3299 1155 3357 sibi
1180 3305 1445 3374 spectant
1475 3304 1701 3374 ambos,
1751 3306 1919 3364 testis

263 3389 517 3447 alterius
536 3387 865 3460 iniquitatis
883 3387 1124 3443 alterius
1144 3388 1371 3462 injuriae
1396 3406 1408 3446 :
1435 3389 1592 3448 illius
1613 3393 1918 3451 avaritiam

260 3479 645 3545 condemnat,
669 3476 847 3549 hujus
869 3476 1200 3535 stultitiam.
1226 3477 1327 3534 Ille
1349 3495 1588 3553 gressus
1637 3482 1919 3541 debitoris

262 3564 543 3638 singulos
564 3569 853 3630 numerat,
879 3569 1206 3637 aucupatur
1224 3566 1481 3624 deﬂexus
1506 3585 1519 3624 :
1570 3568 1680 3625 iste
1728 3570 1916 3627 conti-

262 3671 391 3711 nuo
408 3658 542 3726 post
563 3652 867 3709 columnas
890 3658 1065 3726 caput
1084 3653 1415 3712 obumbrat.
1440 3656 1614 3713 Nulla
1632 3658 1786 3715 enim
1819 3659 1919 3716 ha-

260 3744 369 3800 bet
391 3743 620 3799 debitor
640 3742 1066 3798 auctoritatem.
1092 3743 1392 3802 Ambobus
1411 3746 1471 3801 in
1491 3745 1690 3819 digitis
1711 3765 1818 3804 usu
1828 3766 1918 3805 ra-

258 3848 405 3890 rum
428 3830 941 3904 repetiturstepius
961 3830 1286 3889 calculatio.
1307 3832 1417 3889 Par
1458 3850 1619 3904 cura,
1645 3837 1746 3893 sed
1795 3837 1916 3894 dis-

260 3938 380 3996 par
400 3920 663 3976 aﬂ‘ectus.
693 3918 854 3975 Alter
875 3919 1103 3975 laetatur
1123 3920 1483 3979 incremento
1514 3924 1749 3994 fenoris,
1774 3926 1921 3983 alter

261 4007 511 4066 cumulo
533 4008 849 4065 debitionis
870 4008 1145 4082 anigitur.
1170 4008 1270 4067 Ille
1318 4016 1578 4084 quastus
1627 4020 1916 4083 numerat,

260 4098 367 4154 hic
399 4112 713 4153 erumnas.

339 4188 436 4241 26.
470 4184 619 4251 Quid
653 4185 805 4259 fugis
834 4185 1134 4243 hominem
1165 4204 1340 4260 quem
1370 4195 1603 4262 poteras
1631 4195 1689 4248 et
1719 4209 1833 4249 non
1852 4193 1920 4249 ti-

262 4290 433 4333 mere
461 4274 491 4329 ?
517 4273 665 4338 Quid
698 4274 875 4348 fugis,
908 4279 1013 4331 aut
1040 4292 1346 4349 quousque
1389 4278 1577 4353 fugies
1605 4279 1635 4336 ?
1664 4281 1723 4337 Si
1781 4283 1917 4354 quis

265 4365 428 4422 599
459 4361 778 4435 pulsaverit
806 4368 993 4432 nocte,
1025 4364 1407 4423 feneratorem
1440 4373 1634 4442 putas,
1668 4371 1778 4427 sub
1812 4370 1920 4428 lec-

260 4459 435 4511 ctum
474 4451 629 4508 illico
664 4469 677 4508 :
713 4451 761 4507 si
793 4468 967 4526 quem
1001 4453 1196 4510 subito
1243 4454 1460 4513 intrare
1517 4459 1792 4531 senseris,
1854 4465 1919 4518 tu

2026 3297 2085 3352 in
2117 3297 2372 3369 aliquem
2402 3296 2729 3361 offenderit,
2763 3297 3026 3370 vigilanti
3057 3299 3173 3355 exit
3219 3302 3446 3357 obtutu.
3508 3304 3680 3359 Redit

2028 3390 2266 3458 paratus
2297 3386 2368 3441 ad
2399 3385 2652 3453 vincula,
2675 3386 2824 3442 redit
2846 3393 3092 3444 mortem
3134 3395 3363 3462 optans,
3411 3392 3677 3465 cogitans

2026 3491 2154 3530 eam
2178 3473 2287 3530 sibi
2312 3473 2359 3529 si
2388 3479 2731 3543 moreretur,
2746 3476 3002 3547 quietem
3027 3476 3259 3535 inferre.
3280 3480 3450 3535 Redit
3468 3482 3677 3538 misere

2026 3580 2087 3618 se
2104 3564 2228 3635 ipse
2248 3563 2836 3634 condemnans,quod
2862 3564 3111 3621 alienam
3136 3568 3440 3639 pecuniam
3465 3587 3579 3627 non
3594 3586 3678 3627 re-

2025 3652 2258 3722 fugerit,
2282 3654 2340 3706 et
2369 3652 2707 3706 feneratoris
2738 3668 2800 3707 se
2829 3670 2939 3709 aere
2970 3654 3310 3713 devinxerit.

2094 3742 2185 3796 28.
2218 3739 2262 3796 O
2292 3744 2544 3812 quantos
2592 3739 2840 3796 miseros
2897 3742 3084 3798 aliena
3142 3745 3403 3801 fecerunt
3456 3747 3612 3804 bona
3649 3748 3678 3803 τ

2024 3829 2192 3894 Quid,
2225 3828 2416 3901 inquit
2446 3829 2671 3900 (larem.
2708 3846 2769 3897 ιι,
2803 3830 2913 3901 48),
2965 3831 3070 3885 tibi
3114 3838 3178 3888 ut
3232 3834 3402 3889 bibas
3461 3852 3676 3907 aquam

2025 3917 2182 3973 Geon
2216 3918 2245 3971 ‘I
2274 3917 2420 3982 Quid
2455 3917 2715 3989 inquam,
2742 3918 2868 3985 tibi,
2895 3925 2959 3972 ut
2988 3919 3217 3975 biberes
3249 3921 3485 3976 calicem
3516 3925 3678 3978 fene-

2026 4005 2236 4062 ratoris
2258 4005 2493 4070 ?Multi,
2525 4006 2739 4078 inquit,
2798 4008 3046 4063 mutuati
3096 4008 3168 4064 ad
3201 4012 3453 4082 tempus,
3486 4016 3544 4066 et
3572 4027 3677 4067 ne-

2026 4095 2397 4151 cessitatibus
2426 4094 2849 4151 consuluerunt
2871 4097 3018 4164 suis,
3071 4101 3129 4153 et
3184 4099 3491 4170 pecuniam
3550 4101 3678 4156 red-

2025 4185 2253 4239 derunt.
2282 4184 2354 4239 Et
2382 4184 2583 4256 quanti
2614 4201 2674 4239 se
2691 4188 2929 4256 propter
2951 4185 3119 4243 fenus
3140 4187 3675 4260 strangulaveruntl

2026 4271 2163 4328 Illos
2192 4273 2547 4329 consideras.
2575 4272 2682 4330 hos
2726 4290 2839 4330 non
2872 4291 3221 4332 enumeres:
3284 4278 3681 4335 reminisceris

2026 4362 2278 4417 evasisse
2308 4361 2554 4434 aliquos.
2582 4378 2695 4416 non
2726 4363 3122 4419 reminisceris
3139 4367 3434 4439 oppetisse
3462 4384 3475 4423 :
3501 4384 3680 4423 num-

2027 4466 2154 4505 mos
2186 4450 2442 4505 redditos
2475 4451 2751 4522 imputas,
2784 4449 3024 4524 laqueos
3055 4455 3344 4526 appetitos
3374 4473 3491 4512 non
3522 4472 3681 4513 com-

260 4542 430 4599 foras
462 4539 682 4598 exsilis.
716 4542 891 4598 Canis
920 4540 1114 4610 latrat,
1146 4547 1204 4598 et
1232 4559 1332 4600 cor
1360 4549 1528 4601 tuum
1556 4546 1922 4620 palpitat,su-
1949 4564 1997 4629 D
2027 4542 2219 4629 Plit“;
2253 4555 2401 4629 quos
2432 4538 2785 4629 deformitati
2818 4545 2938 4597 tam
2970 4542 3329 4600 ἀθάθοονοεω
3351 4545 3680 4602 conventio-

259 4631 378 4687 dor
407 4629 749 4699 effunditur,
782 4630 1075 4687 anhelitus
1106 4631 1296 4703 quatit
1320 4637 1505 4711 artus,
1536 4636 1749 4708 quaeris
1779 4639 1920 4711 quid
1949 4626 1984 4629 _
2031 4627 2125 4683 nis
2151 4626 2411 4699 Plerique
2440 4628 2881 4685 verecundiores
2913 4631 2980 4686 ad
3016 4633 3455 4702 contumeliam»
3508 4631 3685 4705 ῖναεί-

250 4717 580 4791 ,ωθοιὶειινὶε
608 4723 675 4775 ut
701 4719 1080 4775 feneratorem
1112 4721 1385 4791 differas;
1417 4728 1476 4780 et
1514 4740 1648 4781 cum
1690 4726 1922 4784 dilatio-

257 4824 409 4865 nem
440 4807 866 4880 impetraveris,
897 4808 1140 4881 gaudes.
1177 4808 1395 4868 Fenore
1423 4815 1525 4868 tuo
1566 4812 1807 4872 simulat
1836 4816 1923 4873 fe-

259 4900 512 4952 nerator
539 4897 764 4969 gravari
803 4915 816 4953 :
849 4897 948 4953 sed
977 4896 1227 4954 libenter
1250 4898 1529 4972 impertit,
1562 4903 1724 4974 quasi
1756 4921 1924 4961 vena-

256 4991 365 5041 tor
396 4985 500 5056 qui
529 4984 711 5041 feram
743 4986 1008 5056 cinxerit,
1041 5003 1283 5044 securus
1317 4992 1404 5045 est
1434 4991 1659 5062 praedae.

342 5078 430 5129 Tu
460 5073 744 5131 oscularis
772 5080 967 5147 caput,
992 5075 1360 5149 amplecteris
1390 5093 1603 5152 genua,
1644 5084 1700 5136 et
1753 5083 1922 5155 quasi

260 5178 483 5218 cervus
513 5163 727 5235 sagitta
758 5163 1011 5219 toxicata
1058 5164 1232 5232 ictus,
1287 5164 1530 5238 paulum
1581 5170 1924 5241 procedens,

262 5250 516 5306 tandem
549 5250 738 5307 victus
768 5268 987 5309 veneno
1019 5253 1355 5325 procumbis
1391 5271 1404 5310 :
1456 5258 1557 5311 aut
1611 5258 1778 5329 quasi
1839 5259 1923 5332 pi-

347 5421 462 5491 (25)
492 5421 641 5496 Edit.
669 5438 893 5492 omnes,
925 5440 995 5480 ea:
1024 5424 1157 5481 lecto
1176 5424 1247 5481 ad
1272 5426 1556 5496 publicum
1577 5428 1767 5485 trahit.
1799 5430 1924 5487 Non

258 5491 648 5550 incommode
680 5512 694 5563 ;
728 5496 830 5551 sed
862 5500 1057 5553 tamen
1087 5491 1288 5553 contra
1315 5512 1766 5557 communonem
1779 5516 1924 5561 mss.

257 5577 488 5623 οοιιεθη
495 5580 627 5623 sum
636 5607 649 5624 .

350 5634 695 5717 (26)0mnes
744 5638 907 5713 edit.,
941 5647 1003 5699 ut
1023 5643 1293 5721 parcatur
1318 5639 1538 5719 aliquid
1564 5644 1922 5712 verecundia.

2031 4714 2206 4772 liores
2235 4716 2306 4771 ad
2338 4716 2638 4787 injuriam,
2671 4719 2921 4790 expetito
2977 4719 3216 4777 interitu
3278 4721 3680 4795 praetulerunt,

2033 4804 2383 4877 oppobrium
2413 4804 2541 4861 vitae
2570 4805 2826 4878 amplius
2856 4824 3032 4880 quam
3068 4811 3275 4865 mortis
3327 4807 3681 4881 supplicium

2034 4894 2527 4967 pertimescentes.

2532 5021 2687 5075 600
2743 5021 2976 5078 CAPUT
3030 5022 3181 5078 VIII.

2035 5107 2251 5163 Liberos
2284 5123 2386 5181 pro
2414 5110 2660 5179 paternis
2706 5108 2901 5165 debitis
2960 5127 3058 5181 per
3110 5126 3381 5166 summam
3437 5108 3683 5181 indigni-

2104 5186 2271 5233 tatem
2287 5179 2398 5234 sub
2428 5183 2594 5236 hasta
2621 5182 2813 5236 venire
2842 5199 2862 5234 :
2890 5179 2984 5237 sed
3033 5181 3162 5237 huic
3190 5182 3337 5239 malo
3393 5179 3687 5237 subvenire

2103 5266 2254 5321 posse
2305 5253 2608 5317 neminem,
2646 5266 2769 5305 cum
2799 5253 3018 5323 expleri
3072 5261 3307 5324 nequeat
3355 5255 3683 5324 feneratoris

2034 5417 2242 5492 Aptius
2273 5428 2533 5492 mss.,gnt
2558 5420 2923 5492 prmtexatnr,
2954 5424 3063 5476 etc.
3100 5421 3536 5492 Consequenter
3582 5440 3682 5479 au-

2035 5489 2352 5567 _tem_Rom_.
2405 5489 2586 5567 edit.,_
2630 5489 2929 5561 diapendiis
2985 5489 3632 5567 oneraverit—emptorem
3661 5512 3681 5553 :

2033 5560 2193 5621 haud
2225 5558 2399 5632 male,
2432 5559 2481 5618 si
2505 5559 2592 5622 vel
2622 5558 2778 5623 unus
2809 5578 2952 5627 mss.
2983 5562 3066 5623 illi
3097 5565 3412 5627 accederet.
