4052 6196
478 210 595 272 807

1946 208 2010 267 S.
2055 203 2430 271 AMBROSII
3710 207 3803 274 nos

452 352 461 355 “
548 340 805 423 auaritia,
840 356 1001 423 quam
1026 344 1093 423 in.
1114 356 1229 396 rem
1256 342 1560 423 Scriptura)
1598 342 1745 422 locus
1794 340 2125 423 emplz'ratur,
2159 340 2214 407 Α
2245 342 2413 413 quasi
2444 341 2752 399 feneratori
2784 356 2883 396 eos
2915 340 3022 412 (29)
3059 337 3233 395 aiicul
3263 340 3528 395 dominus
3573 342 3811 400 vendidis-

547 414 815 502 simutque
845 412 1153 502 ostenditur
1182 412 1473 467 materiam
1500 414 1984 484 prmarirationis
2016 426 2131 466 esse
2237 433 2326 485 set
2356 430 2539 502 digna
2590 446 2779 501 pmna.
2837 429 3152 485 Dominum
3212 428 3592 500 relinquentes
3640 428 3813 485 habent

543 487 964 561 fenerationem.

543 611 635 666 29.
668 609 802 664 Vidi
838 625 944 681 ego
975 607 1310 663 miserabile
1340 606 1763 679 spectaculum,
1796 604 1977 661 libros
2020 623 2124 678 pro

473 705 717 772 paterno
748 698 942 754 debito
965 698 1021 751 in
1056 697 1383 753 auctionem
1418 696 1650 761 deduci,
1683 701 1741 751 et
1788 695 1969 750 teneri
2029 711 2125 750 ca-

477 784 762 844 lamitatis
794 788 1071 851 bmredes,
1104 785 1201 857 qui
1235 802 1351 841 non
1384 790 1581 841 essent
1618 784 1933 857 participes
1973 801 2123 845 .suc-

473 877 752 934 cessionis
787 894 801 943 ;
835 880 890 930 et
920 876 1029 930 hnc
1059 880 1177 929 tam
1223 874 1482 931 immane
1512 874 1797 947 ﬂagitium
1824 890 1940 929 non
1997 889 2126 927 eru~

472 967 707 1022 bescere
737 963 1102 1019 creditorem.
1138 964 1340 1027 Instet,
1372 967 1559 1035 urget,
1587 954 1828 1018 addicit.
1859 962 2007 1032 Mea,
2037 960 2124 1015 in-

470 1053 617 1127 quit,
651 1052 854 1109 nutriti
889 1052 1154 1125 pecunia,
1206 1069 1310 1124 pro
1341 1051 1618 1107 alimonia
1674 1050 1973 1107 servitium
2032 1065 2122 1104 re-

469 1146 932 1217 cognoscantpro
964 1146 1206 1213 sumptu
1241 1140 1622 1196 licitationem
1680 1140 1948 1195 subeant.
1983 1138 2119 1211 Agi-

468 1237 625 1288 tetur
654 1231 825 1287 hasta
854 1231 924 1286 de
956 1230 1159 1302 pretiis
1191 1230 1582 1303 singulorum.
1637 1230 1763 1284 Non
1826 1228 2120 1283 immerito

467 1321 637 1377 hasta
666 1320 941 1393 agitatur,
975 1319 1074 1375 ubi
1104 1323 1280 1392 caput
1311 1319 1627 1391 quaeritur:
1688 1335 1803 1373 non
1858 1317 2116 1372 immeri-

468 1414 527 1465 to
570 1409 640 1465 ad
701 1408 1030 1464 auctionem
1093 1408 1445 1479 pervcnitur,
1508 1406 1607 1460 ubi
1658 1423 1786 1461 sors
1835 1406 2115 1478 poscitur.

468 1499 596 1554 Hac
626 1503 715 1554 est
774 1498 1116 1554 feneratoris
1172 1496 1600 1563 inhumanitas,
1664 1496 1785 1550 hmo
1838 1494 2119 1550 debitoris

470 1586 742 1655 stultitia,
777 1591 841 1641 ut
872 1586 1009 1641 ﬁliis
1040 1586 1257 1656 quibus
1290 1602 1406 1639 non
1454 1583 1731 1655 relinquit
1784 1585 2116 1654 pecuniam,

466 1676 793 1732 libertatem
825 1676 1072 1735 auferat,
1119 1690 1222 1745 pro
1253 1677 1602 1728 testamento
1661 1671 2117 1743 chirographum

466 1764 746 1829 dimittat,
779 1780 882 1834 pro
916 1761 1312 1816 emolumento
1340 1760 1695 1815 ha‘reditatis
1719 1759 2112 1833 syngrapham

467 1852 859 1925 obligationis.
904 1852 1049 1916 Quid
1074 1850 1183 1904 sibi
1215 1848 1339 1905 vult
1369 1849 1593 1921 paterni
1624 1850 1682 1904 in
1720 1849 1932 1904 liberos
1976 1849 2114 1904 scri-

466 1947 636 2014 ptura
666 1939 984 2003 maledicti,
1017 1940 1114 1995 ubi
1150 1937 1312 1993 nulla
1341 1944 1429 1993 est
1459 1938 1625 2010 impii
1657 1938 1878 1993 offensa
1917 1954 2111 2009 pecca-

468 2030 572 2086 ti?
602 2035 689 2084 An
722 2033 913 2101 potest
961 2027 1167 2083 durius
1228 2027 1460 2098 aliquod
1524 2043 1652 2083 esse
1712 2026 2111 2091 maledictum,

469 2119 821 2190 graviusque
850 2116 1149 2173 servitium
1186 2117 1297 2187 (27)
1332 2117 1359 2170 ?
1392 2117 1457 2170 Et
1486 2115 1586 2169 illa
1618 2122 1767 2188 sirpe
1796 2119 1927 2187 post
1959 2132 2111 2170 mor-

465 2214 583 2263 tem
610 2207 784 2262 habet
814 2206 1123 2261 det‘unctus
1153 2204 1519 2276 compendia,
1550 2204 1701 2276 quod
1736 2221 1849 2259 non
1891 2208 2114 2275 spectat

467 2296 734 2352 miserias
766 2294 1041 2351 filiorum.

536 2384 842 2441 30.Vendit
874 2384 1218 2457 plerumque
1250 2387 1303 2438 et
1339 2381 1734 2455 paterliberos
1768 2382 2113 2437 auctoritate

467 2474 877 2548 generationis,
913 2474 1010 2527 sed
1045 2489 1157 2526 non
1193 2488 1329 2525 voce
1359 2470 1587 2543 pietatis
1622 2488 1634 2525 :
1670 2471 1741 2525 ad
1784 2472 2110 2526 auctionem

468 2563 811 2634 pudibundo
843 2562 1005 2616 vultu
1039 2563 1150 2633 (28)
1184 2562 1429 2615 miseros
1459 2559 1639 2613 trahit
1667 2558 1869 2614 dicens
1908 2577 1920 2614 :
1979 2559 2108 2615 Sol-

463 2654 600 2721 vite,
634 2652 759 2721 filii,
806 2651 956 2724 gulis
1009 2667 1150 2707 mete
1208 2652 1535 2721 sumptum,
1594 2647 1798 2703 solvite
1856 2653 2109 2720 paternae

465 2758 679 2798 mensae
709 2741 960 2813 pretium
997 2756 1009 2793 :
1041 2738 1256 2793 vomite
1286 2738 1439 2810 quod
1475 2754 1588 2792 non
1607 2738 1947 2804 dcvorastis,
1982 2738 2109 2793 red-

464 2831 584 2886 dite
614 2830 767 2901 quod
799 2845 911 2884 non
950 2827 1255 2898 accepistis
1290 2826 1434 2894 ;hoc
1468 2825 1755 2890 meliores,
1791 2826 1944 2897 quod
1983 2842 2111 2881 ves-

464 2924 555 2977 tro
588 2918 771 2991 pretio
802 2904 1092 2972 redimitis
1124 2919 1370 2987 patrem,
1403 2919 1595 2970 vestra
1626 2914 1909 2970 servitute
1927 2918 2110 2985 pater-

464 3026 602 3066 nam
635 3007 831 3064 emitis
862 3006 1208 3062 libertatem.

2237 519 2383 574 servi
2418 519 2569 591 quod
2604 517 2861 589 amplius
2891 534 3067 589 quam
3099 516 3346 574 carceris
3377 533 3571 590 poenas
3596 517 3817 591 etvincn-

2236 606 2293 661 la
2319 606 2699 662 reformident
2731 623 2743 660 :
2780 606 2997 662 habent
3025 606 3194 662 liberi
3225 607 3376 678 quod
3407 610 3638 677 paveant
3662 622 3748 678 pro
3763 605 3815 661 li-

2236 695 2482 750 bertatis
2511 696 2755 751 incuria.

2306 786 2450 839 60]
2488 785 2577 839 3'2.
2624 783 2815 839 Simul
2866 783 3012 839 illud
3071 785 3324 851 adverte,
3382 783 3534 856 quod
3590 783 3819 840 feneratio

2233 872 2722 945 praevaricationis
2754 872 2999 928 materia
3016 873 3285 945 judicata
3313 872 3391 927 sit
3423 889 3438 939 ;
3497 872 3642 944 quod
3669 870 3713 927 is
3759 873 3819 928 fa-

2231 960 2339 1016 cile
2373 962 2604 1017 recedat
2632 979 2667 1016 a
2715 961 2975 1029 domino,
3005 961 3106 1033 qui
3161 960 3469 1017 feneratori
3500 976 3560 1016 se
3613 960 3821 1032 potuerit

2231 1049 2509 1123 obligare.
2544 1052 2735 1106 Fenus
2760 1050 2917 1107 enim
2947 1050 3109 1106 radix
3142 1050 3451 1115 mendacii,
3483 1066 3651 1105 causa
3684 1049 3819 1121 perﬁ-

2231 1139 2337 1193 dia:
2368 1143 2455 1195 est
2489 1158 2500 1195 :
2538 1162 2564 1188 ‹‹
2596 1140 2734 1211 Ego,
2765 1138 2976 1212 inquit,
3008 1156 3109 1195 vos
3139 1157 3255 1195 non
3284 1138 3515 1194 vendidi
3549 1156 3561 1206 ;
3593 1139 3687 1194 sed
3722 1154 3822 1209 per-

2229 1227 2375 1283 eatis
2401 1228 2611 1295 vestris
2631 1227 2849 1283 venditi
2872 1227 3014 1284 estis
3043 1227 3250 1299 (Ibid.).
3290 1250 3315 1275 ››
3344 1228 3491 1299 Ergo
3520 1225 3615 1298 qui
3634 1227 3824 1282 sefene-

2229 1315 2404 1370 ratori
2436 1315 2675 1388 obligat,
2709 1314 2831 1387 ipse
2863 1332 2923 1371 se
2951 1316 3152 1372 vendit
3184 1335 3196 1384 ;
3230 1320 3304 1385 et,
3338 1316 3494 1388 quod
3537 1316 3695 1388 pejus
3739 1320 3822 1383 est,

2225 1405 2429 1459 vendit
2457 1422 2518 1460 se
2549 1421 2663 1459 non
2696 1422 2826 1470 aere,
2858 1405 2958 1460 sed
2990 1404 3181 1477 culpa.

2858 1492 3085 1548 CAPUT
3143 1493 3233 1548 IX.

2228 1563 2445 1618 Peecati
2498 1567 2868 1634 feneratorem
2924 1564 3206 1620 diabolum
3261 1580 3393 1625 esse.
3449 1568 3544 1636 qui
3597 1564 3825 1636 Saluatori

2296 1636 2463 1689 etiam
2490 1632 2714 1689 divitias
2742 1652 2869 1689 sua:
2900 1638 3200 1704 attentarit,
3234 1638 3291 1691 ei
3316 1632 3670 1704 feneratorem
3712 1632 3824 1689 haud

2148 1710 2196 1775 Β
2298 1706 2628 1768 absimilem.
2659 1709 2822 1777 atque
2870 1707 3073 1762 ibidem
3103 1707 3168 1762 de
3223 1709 3520 1763 centesima
3575 1723 3736 1763 usura
3777 1722 3825 1777 ac

2297 1779 2591 1851 centesima
2619 1776 2737 1844 ove,
2754 1778 2923 1849 deque
2951 1779 3233 1834 creditoris
3290 1782 3515 1835 nomine
3567 1778 3696 1851 quod
3740 1776 3822 1831 sibi

2296 1850 2529 1919 imponit
2562 1866 2716 1904 verus
2745 1857 2981 1905 exactor.

2290 1938 2378 1992 33.
2412 1937 2551 2002 Quis
2583 1937 2693 1993 iste
2726 1939 2941 2010 peccati
2975 1942 3063 1994 est
3117 1939 3432 2010 fenerator,
3492 1939 3603 1995 nisi
3658 1937 3820 1993 diabo-

2220 2025 2335 2095 lus,
2370 2043 2403 2080 a
2432 2042 2547 2097 quo
2576 2026 2691 2082 Eva
2721 2031 2988 2083 mutuata
3008 2032 3315 2100 peccatum
3353 2028 3613 2084 obnoxiae
3639 2042 3822 2083 succes.

2222 2114 2425 2181 sionis,
2458 2115 2656 2171 usuris
2684 2115 3038 2171 defeneravit
3065 2133 3239 2173 omne
3297 2132 3491 2189 genus
3545 2116 3820 2172 humanum

2222 2204 2365 2275 (Vid.
2399 2204 2456 2259 S.
2489 2206 2733 2275 August.
2766 2204 2865 2259 lib.
2902 2222 2918 2259 ι
2951 2204 3102 2273 Cant,
3158 2206 3270 2262 Jul.
3333 2205 3530 2275 Pelag.
3588 2222 3699 2278 cap.
3740 2201 3821 2270 3)?

2223 2293 2484 2364 Denique
2514 2294 2679 2365 quasi
2714 2292 2906 2349 malus
2938 2294 3227 2350 fenerator
3271 2294 3713 2367 chirographum
3760 2296 3819 2347 te-

2223 2383 2370 2450 nuit,
2404 2382 2557 2454 quod
2618 2386 2815 2453 postea
2871 2382 3157 2438 Dominus
3214 2400 3322 2439 suo
3381 2400 3584 2439 cruore
3634 2379 3818 2437 delevit.

2222 2470 2445 2526 Etenim
2479 2472 2633 2542 quod
2667 2472 2873 2527 mortis
2901 2476 3025 2527 erat
3050 2471 3336 2544 scriptum
3359 2472 3642 2545 apicibus,
3662 2468 3821 2527 debuit

2224 2565 2409 2616 morte
2442 2560 2695 2616 dissolvi.
2731 2561 3040 2617 Fcnerator
3068 2577 3205 2633 ergo
3252 2560 3550 2617 diabolus.
3607 2558 3820 2629 Denique

2221 2649 2559 2706 ostendebat
2592 2647 2871 2703 Salvatori
2904 2648 3134 2704 divitias
3165 2666 3307 2704 suas
3352 2649 3552 2706 dicens
3584 2666 3595 2704 :
3650 2671 3674 2699 ι(
3721 2646 3819 2702 Haec

2221 2736 2418 2793 omnia
2448 2736 2552 2791 tibi
2583 2736 2754 2801 dabo,
2788 2736 2833 2793 si
2869 2733 3816 2809 procidensadoraverisme(Matth.

2221 2842 2296 2894 Iv,
2327 2829 2404 2895 9).
2439 2847 2467 2875 »
2500 2829 2573 2880 At
2602 2842 2734 2881 vero
2764 2825 3051 2882 Dominus
3079 2825 3211 2882 aeris
3241 2826 3473 2883 solutor
3524 2826 3704 2893 alieni,
3751 2822 3819 2879 ni-

2222 2915 2303 2971 hil
2336 2915 2446 2987 ipsi
2474 2915 2740 2983 debebat,
2774 2914 2873 2987 qui
2904 2919 3130 2988 poterat
3183 2914 3383 2971 dicere
3416 2934 3429 2971 :
3463 2940 3488 2965 ‹‹
3523 2917 3654 2971 Ecce
3700 2912 3820 2968 venit

2223 3005 2402 3075 hujus
2433 3003 2638 3059 mundi
2669 3003 2959 3076 princeps,
2991 3008 3049 3060 et
3076 3004 3136 3060 in
3167 3021 3261 3061 me
3290 3022 3476 3061 suum
3507 3022 3617 3062 non
3645 3000 3820 3059 invenit

479 3108 494 3122 '
535 3097 624 3154 3t.
663 3098 796 3151 Esto
828 3098 893 3149 ut
921 3092 1134 3165 aliquis
1163 3093 1259 3163 qui
1322 3093 1628 3148 subvenire
1686 3093 1891 3163 possit,
1951 3108 2111 3148 acce-
2143 3067 2185 3133 (ἶ
2225 3067 2371 3150 nihil
2401 3093 2512 3165 (30)
2538 3067 2713 3163 (Joali.
2751 3067 3005 3166 xxv,-3(l).
3044 3117 3070 3142 ››
3104 3093 3258 3149 Nihil
3287 3095 3565 3161 debebat,
3595 3093 3685 3149 sed
3732 3088 3817 3146 sol-

465 3189 582 3244 dat.
614 3185 755 3252 Quis
786 3188 1010 3239 tantam
1043 3180 1264 3253 expleat
1285 3181 1614 3254 Charybdin
1646 3181 1673 3236 ?
1703 3182 1836 3253 quis
1858 3182 2112 3238 rationes

466 3273 812 3331 feneratoris
842 3275 1123 3343 agnoscat
1152 3269 1179 3324 ?
1201 3271 1333 3342 quis
1363 3269 1666 3325 avaritiam
1701 3270 1875 3326 satiet
1903 3271 1930 3325 ‘2
1983 3289 2111 3343 quae

466 3381 583 3420 non
616 3365 726 3418 iste
756 3361 944 3433 pretia
975 3364 1300 3432 exaggeret,
1335 3376 1467 3413 cum
1510 3360 1721 3414 viderit
1779 3360 2114 3432 redempto-

464 3453 604 3508 res?
633 3451 757 3506 Non
787 3449 943 3503 enim
977 3465 1083 3503 suo
1117 3447 1303 3520 magis
1333 3447 1495 3502 lucro
1525 3464 1702 3519 quam
1762 3448 1949 3502 alieno
2007 3448 2113 3502 de-

463 3542 739 3597 trimento
770 3538 1050 3611 pascitur.
1085 3536 1229 3591 Vera
1258 3537 1532 3607 profecto,
1581 3553 1715 3592 vera
1744 3541 1851 3606 est,
1912 3541 2112 3607 utpote

462 3629 588 3693 Dei,
621 3627 816 3683 divina
845 3626 1155 3689 sententia,
1190 3625 1287 3696 qui
1323 3641 1455 3679 cum
1479 3625 1665 3680 iratus
1693 3623 1846 3680 esset
1876 3629 2114 3697 propter

465 3716 824 3791 impietatem
857 3713 1056 3787 populi
1088 3714 1451 3781 Judaeorum,
1486 3714 1641 3786 quod
1674 3718 1806 3785 post
1834 3714 1973 3769 deos
1995 3714 2113 3768 abi-

464 3812 552 3865 ret
582 3806 845 3863 alienos:
882 3826 909 3855 (ι
940 3802 1067 3867 Cui,
1097 3801 1312 3874 inquit,
1353 3803 1587 3857 vendidi
1646 3818 1746 3857 vos
1805 3802 2111 3857 feneratori

465 3898 591 3969 (Isa.
627 3913 676 3951 ι..
714 3896 765 3965 1)
793 3894 821 3950 ?
855 3915 882 3942 »
913 3891 1202 3947 Venditur
1231 3891 1388 3945 enim
1421 3890 1518 3962 qui
1548 3889 1842 3962 obligatus
1890 3890 2111 3946 fenera-

462 3985 574 4041 tori
608 3983 801 4052 fuerit,
833 3986 892 4037 et.
919 3980 1191 4035 venditur
1220 3996 1333 4034 non
1365 3995 1485 4034 uno
1516 3978 1721 4050 pretio,
1756 3979 1856 4035 sed
1916 3980 2112 4052 quoti-

463 4075 639 4129 diano
672 4087 685 4125 :
718 4070 989 4125 venditur
1037 4085 1150 4123 non
1214 4083 1348 4121 cum
1403 4066 1760 4130 deﬁnitione,
1819 4068 1920 4123 sed
1978 4084 2112 4122 cum

464 4162 797 4217 accessione
826 4159 1127 4214 diuturna.
1183 4156 1339 4211 Nova
1386 4172 1701 4211 usurarum
1760 4157 1953 4211 auctio
2012 4172 2115 4228 per

465 4264 696 4304 menses
726 4247 1011 4318 singulos,
1046 4263 1195 4301 nova
1245 4245 1356 4300 sub
1413 4244 1755 4316 quotidiana
1797 4243 2115 4301 licitatione

464 4335 740 4391 venditio.
775 4336 879 4400 Qui
915 4336 1045 4407 plus
1076 4334 1374 4399 obtulerit,
1409 4333 1589 4388 trahit
1614 4350 1868 4406 semper,
1890 4334 2114 4390 venalis

2220 3184 2390 3240 vebat
2418 3199 2521 3254 pro
2570 3182 2867 3248 omnibus,
2928 3182 3080 3237 sicut
3134 3183 3258 3255 ipse
3322 3187 3569 3240 testatur
3618 3180 3817 3237 dicens:

2224 3298 2249 3321 ‹‹
2286 3274 2418 3337 Quae
2450 3286 2562 3325 non
2596 3269 2782 3341 rapui,
2841 3274 2981 3325 tunc
3035 3268 3408 3326 exsolvcbam
3458 3269 3616 3342 (Psal.
3668 3281 3817 3331 una,

2221 3360 2297 3431 5).

2293 3449 2382 3503 ΒΞ.
2418 3448 2566 3512 Quid
2602 3447 2780 3502 distat
2808 3446 3033 3503 malitia
3060 3447 3239 3518 hujus
3270 3447 3561 3519 principis
3604 3441 3818 3502 mundi?

2227 3540 2564 3595 Faenerator
2593 3536 2849 3609 pecunia:
2908 3539 3083 3607 caput
3110 3534 3357 3609 obligat,
3418 3550 3649 3591 manum
3696 3531 3819 3587 tenet

2224 3628 2342 3699 (31)
2368 3630 2523 3681 sorte
2554 3624 2731 3681 ducit.
2765 3623 2809 3679 Ο
2842 3640 3050 3679 nomen
3083 3623 3245 3678 triste
3276 3624 3352 3679 de
3410 3624 3563 3679 dulci
3595 3623 3606 3677 l
3663 3617 3817 3677 Domi-

2225 3732 2337 3771 nus
2368 3732 2533 3770 ovem
2565 3712 2944 3768 centesimam
2975 3711 3245 3768 liberavit
3271 3731 3284 3779 ;
3312 3713 3415 3768 illa
3444 3711 3737 3768 centesima
3752 3722 3817 3760 sa-

2223 3804 2383 3868 lutis,
2416 3803 2539 3858 haec
2570 3802 2776 3857 mortis
2806 3807 2939 3856 est:
2997 3804 3055 3857 et
3106 3805 3263 3857 terra
3319 3802 3475 3857 bona
3529 3795 3817 3869 centuplum

2223 3895 2478 3949 fructum
2513 3890 2720 3948 reddit.
2753 3891 2846 3944 Va»
2877 3891 2961 3946 eis
2991 3890 3091 3962 qui
3132 3890 3338 3946 dicunt
3393 3890 3547 3963 quod
3596 3897 3815 3943 amarum

2224 3987 2333 4049 est,
2366 3980 2534 4036 dulce
2570 3998 2582 4048 ;
2615 3983 2671 4034 et
2701 3979 2858 4051 quod
2889 3977 3353 4047 dulce,amarum
3391 3979 3403 4034 !
3438 3978 3582 4044 Quid
3610 3972 3821 4034 amarius

2225 4087 2427 4135 usura,
2461 4069 2600 4141 quid
2632 4068 2865 4123 dulcius
2894 4067 3081 4141 gratia
3108 4068 3136 4122 ?
3164 4068 3371 4123 Nonne
3401 4069 3511 4124 hoc
3564 4068 3680 4139 ipso
3728 4077 3820 4117 ser-

2225 4176 2397 4216 mone
2438 4175 2552 4231 quo
2584 4157 2966 4213 centesimam
2998 4155 3319 4229 appellant,
3371 4171 3633 4213 revocare
3681 4151 3820 4207 debe-

2225 4254 2355 4305 rcnt
2384 4248 2442 4302 in
2474 4246 2819 4302 memoriam
2846 4246 3274 4317 redemptorem
3308 4247 3412 4319 qui
3443 4246 3596 4301 venit
3621 4235 3820 4298 centesi-

2226 4353 2380 4392 mam
2414 4351 2578 4392 ovem
2613 4333 2986 4401 salvare,non
3019 4334 3263 4404 perdere
3293 4334 3323 4389 ‘I

465 4423 776 4490 addicitur,
848 4440 1149 4495 nunquam
1210 4424 1378 4495 quasi
1439 4423 1709 4478 venditus
1764 4423 2107 4479 aestimatur.
2142 4434 2188 4498 ι)
2288 4427 2377 4481 35.
2412 4425 2554 4489 Quis
2584 4423 2814 4496 gravior
2840 4428 3074 4479 exactor
3101 4428 3191 4479 est
3217 4423 3246 4477 ‘I
3276 4424 3345 4478 Et
3393 4423 3504 4479 hoc
3556 4421 3705 4478 triste
3749 4427 3822 4469 n0-

446 4516 675 4586 Magna
705 4511 884 4584 igitur
937 4513 1025 4566 vis
1092 4512 1342 4568 cmlestis
1396 4511 1720 4567 sententias.
1780 4512 1906 4567 Non
1966 4513 2112 4568 satis

456 4600 747 4677 judicavit
780 4600 1060 4655 Dominus
1092 4600 1281 4654 dicere
1314 4616 1326 4652 :
1366 4599 1518 4654 «Cui
1553 4601 1785 4655 vendidi
1809 4618 1928 4669 vos,
1956 4623 1984 4652 η
2010 4602 2111 4657 sed

412 4726 420 4732 -
464 4682 696 4750 addidit
720 4690 1020 4761 fenm'atori
1047 4692 1073 4741 .9
1118 4688 1388 4742 Offensus
1422 4688 1567 4742 nihil
1628 4689 1816 4760 potuit
1877 4691 2112 4762 gravius

463 4780 740 4846 invenire,
774 4795 890 4852 quo
934 4778 1257 4831 vindicaret
1314 4776 1372 4830 in
1431 4778 1703 4848 perﬁdos.
1794 4778 2113 4835 Derelictus

463 4868 814 4945 expostulat,
883 4883 989 4923 cur
1063 4866 1144 4921 ita
1204 4866 1461 4937 fugerint
1526 4865 1733 4922 salutis
1789 4872 2109 4939 auctorem,

536 5031 647 5101 (27)
680 5030 844 5086 Rom.
877 5028 1020 5096 edit,
1048 5027 1192 5092 sola,
1222 5029 1549 5101 graviuqu
1575 5043 1739 5101 quam
1768 5031 2020 5084 servitus.

539 5099 649 5172 (28)
685 5101 900 5156 Omnes
953 5101 1117 5166 cdit.,
1173 5099 1476 5171 furibundo
1532 5100 1736 5160 vultu;
1796 5115 2115 5172 omnesque

470 5188 638 5236 mss.,
667 5172 994 5244 pudibunda
1022 5173 1200 5227 vultu.

539 5240 783 5312 (29)’Hic
814 5249 947 5312 vet.,
978 5244 1116 5299 edit.
1150 5259 1215 5298 ac
1248 5242 1414 5297 Rom.
1447 5240 1506 5295 in
1540 5256 1607 5296 eo
1654 5244 1885 5296 tantum
1943 5241 2115 5297 dissi-

469 5312 627 5378 dent,
662 5315 814 5383 quod
849 5315 978 5380 illae,
1012 5315 1230 5370 omissa
1258 5328 1397 5368 voce
1438 5329 1549 5377 eos,
1581 5329 1820 5367 sensum
1880 5313 2112 5368 nonnisi

471 5388 606 5457 post
633 5399 824 5457 vocem
868 5386 1265 5457 relinquentes,
1299 5384 1654 5457 absolvunt._
1697 5384 1839 5457 Mss.
1866 5400 2020 5453 vero,
2054 5385 2113 5440 in

470 5454 709 5528 punctis
738 5457 984 5529 agendis
1014 5454 1231 5529 parum
1250 5460 1608 5529 constantes,
1644 5454 1861 5529 habent
1912 5472 2112 5529 vocem

470 5526 580 5599 eos,
611 5541 745 5588 cum
774 5526 911 5585 edit.
946 5526 1111 5586 Rom.
1142 5527 1313 5587 Salus
1341 5526 1501 5587 Colb.
1535 5528 1616 5588 ita
1656 5526 1852 5588 locum
1882 5527 2115 5592 exhibet

2224 4532 2378 4571 men.
2410 4512 2670 4583 Denique
2700 4511 2987 4568 Dominus
3017 4512 3098 4567 ait
3130 4529 3143 4566 :
3182 4534 3203 4561 ιι
3242 4511 3501 4584 Populus
3530 4523 3701 4574 meus,
3727 4517 3822 4560 exa-

2223 4608 2411 4660 ctores
2440 4601 2615 4657 vestri
2648 4600 3109 4655 cirumscribunt
3137 4616 3239 4656 vos
3271 4601 3401 4671 (15a.
3437 4617 3521 4665 ιιι,
3569 4598 3670 4667 42).
3700 4616 3725 4643 n
3770 4588 3821 4644 Et

2220 4692 2280 4747 in
2314 4689 2620 4760 Evangelio
2650 4689 2831 4744 habes
2863 4705 2876 4744 :
2909 4712 2937 4739 ‹‹
2972 4689 3121 4744 Dum
3152 4690 3318 4745 vadis
3350 4706 3485 4745 cum
3541 4677 3819 4743 adversario

2221 4786 2321 4838 tuo
2353 4780 2425 4835 ad
2457 4778 2890 4851 magistratum,
2924 4778 3001 4834 da
3028 4794 3265 4851 cperam
3322 4776 3557 4835 liberari
3586 4775 3653 4831 ab
3701 4767 3780 4825 illo
3807 4782 3817 4827 ς

2221 4871 2367 4925 forte
2398 4868 2679 4941 perducat
2708 4871 2765 4923 te
2793 4867 2867 4923 ad
2889 4867 3176 4939 judicem,
3223 4873 3281 4923 et
3330 4868 3515 4939 judex
3566 4861 3735 4920 tradat
3776 4859 3819 4907 ω

2224 5030 2421 5085 forsan
2453 5044 2568 5082 non
2600 5026 2773 5093 male,
2805 5029 2967 5099 quasi
2993 5028 3295 5099 fenero/ori
3344 5043 3541 5084 eos.....
3581 5020 3817 5078 dominum

2224 5102 2607 5171 relinquentis.
2642 5099 2849 5171 Habent
2878 5102 3045 5155 servi.
3079 5107 3190 5155 etc.
3623 5165 3651 5171 η
3677 5161 3702 5171 η
3756 5159 3765 5169 ,

2287 5161 2400 5243 (30)
2432 5171 2648 5243 omnes
2676 5170 2815 5239 edit,
2846 5187 2910 5225 ac
2938 5187 3082 5226 mss.
3117 5171 3361 5243 aliquot,
3391 5184 3548 5225 suum
3573 5161 3702 5243 nihil

2222 5224 2325 5299 nit.
2383 5224 2763 5314 [Aptiquiores
2802 5224 3360 5314 Nabaliae‘iai
3398 5224 3625 5314 inuenit
3679 5224 3811 5314 nihil:

2225 5316 2411 5380 Quam
2443 5302 2779 5378 lectionem,
2809 5302 3156 5370 Ambrosius
3186 5312 3435 5385 explicat
3464 5309 3559 5365 lib.
3590 5308 3657 5363 De
3700 5302 3811 5372 fit?“

2222 5387 2433 5451 siccati,
2467 5402 2517 5440 c.
2553 5388 2605 5440 4.
2636 5401 2798 5440 num.
2832 5386 2922 5443 24.
3398 5452 3412 5455 _
3593 5448 3608 5455 _
3644 5446 3657 5455 _
3681 5443 3709 5455 ,,
3752 5435 3784 5455 ί,

2296 5446 2661 5531 (31)⁷Μᾳηιινῃ
2687 5458 2853 5523 tenet,
2911 5456 2967 5513 id
3000 5460 3090 5516 est
3144 5452 3529 5531 syngrapham
3577 5446 3809 5505 debitoris

2225 5528 2405 5589 manu
2435 5528 2852 5603 subscriptam.
