  <div class='ocr_page' id='page_1' title='image "/cluster/home/n/w/nwhite01/storage/ocr_20150623/14/hvd.32044048207138/410.png"; bbox 0 0 4052 6196; ppageno 0'>
   <div class='ocr_carea' id='block_1_1' title="bbox 236 299 390 369">
    <p class='ocr_par' dir='ltr' id='par_1_1' title="bbox 236 299 390 369">
     <span class='ocr_line' id='line_1_1' title="bbox 236 299 390 369; baseline 0 0"><span class='ocrx_word' id='word_1_1' title='bbox 236 356 243 361; x_wconf 85' lang='grc'>.</span> <span class='ocrx_word' id='word_1_2' title='bbox 271 299 390 369; x_wconf 84' lang='lat'>809</span> 
     </span>
    </p>
   </div>
   <div class='ocr_carea' id='block_1_2' title="bbox 271 432 1996 505">
    <p class='ocr_par' dir='ltr' id='par_1_2' title="bbox 271 432 1996 505">
     <span class='ocr_line' id='line_1_2' title="bbox 271 432 1996 505; baseline -0.001 -17"><span class='ocrx_word' id='word_1_3' title='bbox 271 432 537 503; x_wconf 53' lang='lat' dir='ltr'>exactori,</span> <span class='ocrx_word' id='word_1_4' title='bbox 573 437 629 489; x_wconf 88' lang='lat' dir='ltr'>et</span> <span class='ocrx_word' id='word_1_5' title='bbox 659 438 887 505; x_wconf 76' lang='lat' dir='ltr'>exactor</span> <span class='ocrx_word' id='word_1_6' title='bbox 917 434 1113 490; x_wconf 87' lang='lat' dir='ltr'>mittat</span> <span class='ocrx_word' id='word_1_7' title='bbox 1140 437 1195 489; x_wconf 89' lang='lat' dir='ltr'>te</span> <span class='ocrx_word' id='word_1_8' title='bbox 1225 435 1282 489; x_wconf 90' lang='lat' dir='ltr'>in</span> <span class='ocrx_word' id='word_1_9' title='bbox 1317 450 1601 489; x_wconf 78' lang='lat' dir='ltr'>carcerem</span> <span class='ocrx_word' id='word_1_10' title='bbox 1636 436 1779 499; x_wconf 46' lang='lat' dir='ltr'>,Lur.</span> <span class='ocrx_word' id='word_1_11' title='bbox 1811 451 1912 498; x_wconf 77' lang='lat' dir='ltr'>xii,</span> <span class='ocrx_word' id='word_1_12' title='bbox 1944 435 1996 498; x_wconf 58' lang='grc' dir='ltr'><strong>Α</strong></span> 
     </span>
    </p>
   </div>
   <div class='ocr_carea' id='block_1_3' title="bbox 269 521 1916 597">
    <p class='ocr_par' dir='ltr' id='par_1_3' title="bbox 269 521 1916 597">
     <span class='ocr_line' id='line_1_3' title="bbox 269 521 1916 597; baseline -0.001 -18"><span class='ocrx_word' id='word_1_13' title='bbox 269 526 428 594; x_wconf 73' lang='grc'>58).»</span> <span class='ocrx_word' id='word_1_14' title='bbox 481 521 620 588; x_wconf 77' lang='lat' dir='ltr'>Quis</span> <span class='ocrx_word' id='word_1_15' title='bbox 684 523 796 578; x_wconf 88' lang='lat' dir='ltr'>iste</span> <span class='ocrx_word' id='word_1_16' title='bbox 850 524 927 580; x_wconf 88' lang='lat' dir='ltr'>sit</span> <span class='ocrx_word' id='word_1_17' title='bbox 981 528 1216 580; x_wconf 81' lang='lat' dir='ltr'>exactor</span> <span class='ocrx_word' id='word_1_18' title='bbox 1265 540 1533 597; x_wconf 89' lang='lat' dir='ltr'>agnosce,</span> <span class='ocrx_word' id='word_1_19' title='bbox 1585 523 1684 595; x_wconf 87' lang='lat' dir='ltr'>qui</span> <span class='ocrx_word' id='word_1_20' title='bbox 1743 522 1916 578; x_wconf 85' lang='lat' dir='ltr'>etiam</span> 
     </span>
    </p>
   </div>
   <div class='ocr_carea' id='block_1_4' title="bbox 271 610 1918 684">
    <p class='ocr_par' dir='ltr' id='par_1_4' title="bbox 271 610 1918 684">
     <span class='ocr_line' id='line_1_4' title="bbox 271 610 1918 684; baseline -0.003 -15"><span class='ocrx_word' id='word_1_21' title='bbox 271 612 656 669; x_wconf 89' lang='lat' dir='ltr'>novissimum</span> <span class='ocrx_word' id='word_1_22' title='bbox 697 612 1083 684; x_wconf 82' lang='lat' dir='ltr'>quadrantem</span> <span class='ocrx_word' id='word_1_23' title='bbox 1113 613 1310 684; x_wconf 76' lang='lat' dir='ltr'>exigit,</span> <span class='ocrx_word' id='word_1_24' title='bbox 1341 615 1399 668; x_wconf 88' lang='lat' dir='ltr'>et</span> <span class='ocrx_word' id='word_1_25' title='bbox 1426 611 1581 667; x_wconf 91' lang='lat' dir='ltr'>idem</span> <span class='ocrx_word' id='word_1_26' title='bbox 1614 628 1677 667; x_wconf 89' lang='lat' dir='ltr'>se</span> <span class='ocrx_word' id='word_1_27' title='bbox 1733 610 1918 666; x_wconf 88' lang='lat' dir='ltr'>credi-</span> 
     </span>
    </p>
   </div>
   <div class='ocr_carea' id='block_1_5' title="bbox 268 699 1917 774">
    <p class='ocr_par' dir='ltr' id='par_1_5' title="bbox 268 699 1917 774">
     <span class='ocr_line' id='line_1_5' title="bbox 268 699 1917 774; baseline -0.004 -16"><span class='ocrx_word' id='word_1_28' title='bbox 268 707 451 758; x_wconf 82' lang='lat' dir='ltr'>torem</span> <span class='ocrx_word' id='word_1_29' title='bbox 481 703 665 770; x_wconf 90' lang='lat' dir='ltr'>vocat,</span> <span class='ocrx_word' id='word_1_30' title='bbox 697 704 872 774; x_wconf 88' lang='lat' dir='ltr'>atque</span> <span class='ocrx_word' id='word_1_31' title='bbox 901 700 961 756; x_wconf 91' lang='lat' dir='ltr'>in</span> <span class='ocrx_word' id='word_1_32' title='bbox 991 700 1101 757; x_wconf 88' lang='lat' dir='ltr'>hoc</span> <span class='ocrx_word' id='word_1_33' title='bbox 1143 701 1318 757; x_wconf 88' lang='lat' dir='ltr'>etiam</span> <span class='ocrx_word' id='word_1_34' title='bbox 1360 699 1596 756; x_wconf 86' lang='lat' dir='ltr'>nomine</span> <span class='ocrx_word' id='word_1_35' title='bbox 1653 699 1917 755; x_wconf 85' lang='lat' dir='ltr'>fraudem</span> 
     </span>
    </p>
   </div>
   <div class='ocr_carea' id='block_1_6' title="bbox 272 787 1918 862">
    <p class='ocr_par' dir='ltr' id='par_1_6' title="bbox 272 787 1918 862">
     <span class='ocr_line' id='line_1_6' title="bbox 272 787 1918 862; baseline -0.002 -17"><span class='ocrx_word' id='word_1_36' title='bbox 272 791 439 847; x_wconf 80' lang='lat' dir='ltr'>facit:</span> <span class='ocrx_word' id='word_1_37' title='bbox 485 794 547 844; x_wconf 90' lang='lat' dir='ltr'>ut</span> <span class='ocrx_word' id='word_1_38' title='bbox 578 788 679 862; x_wconf 90' lang='lat' dir='ltr'>qui</span> <span class='ocrx_word' id='word_1_39' title='bbox 737 790 943 847; x_wconf 83' lang='lat' dir='ltr'>veneni</span> <span class='ocrx_word' id='word_1_40' title='bbox 976 789 1185 861; x_wconf 90' lang='lat' dir='ltr'>pocula</span> <span class='ocrx_word' id='word_1_41' title='bbox 1252 788 1422 845; x_wconf 83' lang='lat' dir='ltr'>melle</span> <span class='ocrx_word' id='word_1_42' title='bbox 1454 788 1648 858; x_wconf 85' lang='lat' dir='ltr'>illinit,</span> <span class='ocrx_word' id='word_1_43' title='bbox 1697 791 1754 843; x_wconf 91' lang='lat' dir='ltr'>et</span> <span class='ocrx_word' id='word_1_44' title='bbox 1809 787 1918 842; x_wconf 91' lang='lat' dir='ltr'>sub</span> 
     </span>
    </p>
   </div>
   <div class='ocr_carea' id='block_1_7' title="bbox 266 876 1923 955">
    <p class='ocr_par' dir='ltr' id='par_1_7' title="bbox 266 876 1923 955">
     <span class='ocr_line' id='line_1_7' title="bbox 266 876 1923 955; baseline -0.004 -20"><span class='ocrx_word' id='word_1_45' title='bbox 266 884 432 955; x_wconf 87' lang='lat' dir='ltr'>grato</span> <span class='ocrx_word' id='word_1_46' title='bbox 464 879 637 935; x_wconf 91' lang='lat' dir='ltr'>odore</span> <span class='ocrx_word' id='word_1_47' title='bbox 696 894 855 935; x_wconf 90' lang='lat' dir='ltr'>mors</span> <span class='ocrx_word' id='word_1_48' title='bbox 900 878 1096 945; x_wconf 83' lang='lat' dir='ltr'>lateat,</span> <span class='ocrx_word' id='word_1_49' title='bbox 1149 883 1325 950; x_wconf 89' lang='lat' dir='ltr'>atque</span> <span class='ocrx_word' id='word_1_50' title='bbox 1383 877 1530 933; x_wconf 79' lang='lat' dir='ltr'>illita</span> <span class='ocrx_word' id='word_1_51' title='bbox 1575 876 1774 933; x_wconf 91' lang='lat' dir='ltr'>calicis</span> <span class='ocrx_word' id='word_1_52' title='bbox 1821 892 1923 931; x_wconf 89' lang='lat' dir='ltr'>ora</span> 
     </span>
    </p>
   </div>
   <div class='ocr_carea' id='block_1_8' title="bbox 265 963 1923 1037">
    <p class='ocr_par' dir='ltr' id='par_1_8' title="bbox 265 963 1923 1037">
     <span class='ocr_line' id='line_1_8' title="bbox 265 963 1923 1037; baseline -0.001 -17"><span class='ocrx_word' id='word_1_53' title='bbox 265 968 382 1021; x_wconf 90' lang='lat' dir='ltr'>vim</span> <span class='ocrx_word' id='word_1_54' title='bbox 417 965 638 1023; x_wconf 81' lang='lat' dir='ltr'>fraudis</span> <span class='ocrx_word' id='word_1_55' title='bbox 668 964 1048 1020; x_wconf 84' lang='lat' dir='ltr'>abscondant.</span> <span class='ocrx_word' id='word_1_56' title='bbox 1097 964 1359 1021; x_wconf 85' lang='lat' dir='ltr'>Creditor</span> <span class='ocrx_word' id='word_1_57' title='bbox 1390 964 1724 1037; x_wconf 60' lang='lat' dir='ltr'>praetexitur</span> <span class='ocrx_word' id='word_1_58' title='bbox 1753 963 1923 1036; x_wconf 87' lang='lat' dir='ltr'>quasi</span> 
     </span>
    </p>
   </div>
   <div class='ocr_carea' id='block_1_9' title="bbox 268 1051 1923 1125">
    <p class='ocr_par' dir='ltr' id='par_1_9' title="bbox 268 1051 1923 1125">
     <span class='ocr_line' id='line_1_9' title="bbox 268 1051 1923 1125; baseline -0.002 -15"><span class='ocrx_word' id='word_1_59' title='bbox 268 1054 481 1125; x_wconf 80' lang='lat' dir='ltr'>ﬁdelis,</span> <span class='ocrx_word' id='word_1_60' title='bbox 513 1056 568 1109; x_wconf 89' lang='lat' dir='ltr'>et</span> <span class='ocrx_word' id='word_1_61' title='bbox 597 1052 761 1125; x_wconf 86' lang='lat' dir='ltr'>quasi</span> <span class='ocrx_word' id='word_1_62' title='bbox 793 1052 1150 1121; x_wconf 85' lang='lat' dir='ltr'>incredulus,</span> <span class='ocrx_word' id='word_1_63' title='bbox 1212 1053 1284 1108; x_wconf 90' lang='lat' dir='ltr'>ad</span> <span class='ocrx_word' id='word_1_64' title='bbox 1344 1070 1518 1125; x_wconf 83' lang='lat' dir='ltr'>quem</span> <span class='ocrx_word' id='word_1_65' title='bbox 1575 1051 1780 1108; x_wconf 73' lang='lat' dir='ltr'>tidelis&#39;</span> <span class='ocrx_word' id='word_1_66' title='bbox 1825 1069 1923 1125; x_wconf 93' lang='lat' dir='ltr'>op-</span> 
     </span>
    </p>
   </div>
   <div class='ocr_carea' id='block_1_10' title="bbox 265 1142 557 1217">
    <p class='ocr_par' dir='ltr' id='par_1_10' title="bbox 265 1142 557 1217">
     <span class='ocr_line' id='line_1_10' title="bbox 265 1142 557 1217; baseline -0.007 -19"><span class='ocrx_word' id='word_1_67' title='bbox 265 1142 557 1217; x_wconf 82' lang='lat' dir='ltr'>pignorat.</span> 
     </span>
    </p>
   </div>
   <div class='ocr_carea' id='block_1_11' title="bbox 841 1230 1350 1291">
    <p class='ocr_par' dir='ltr' id='par_1_11' title="bbox 841 1230 1350 1291">
     <span class='ocr_line' id='line_1_11' title="bbox 841 1230 1350 1291; baseline -0.004 -4"><span class='ocrx_word' id='word_1_68' title='bbox 841 1231 993 1291; x_wconf 69' lang='lat'>602</span> <span class='ocrx_word' id='word_1_69' title='bbox 1024 1230 1252 1286; x_wconf 83' lang='lat' dir='ltr'>CAPUT</span> <span class='ocrx_word' id='word_1_70' title='bbox 1284 1230 1350 1285; x_wconf 90' lang='lat' dir='ltr'>X.</span> 
     </span>
    </p>
   </div>
   <div class='ocr_carea' id='block_1_12' title="bbox 262 1318 1923 1392">
    <p class='ocr_par' dir='ltr' id='par_1_12' title="bbox 262 1318 1923 1392">
     <span class='ocr_line' id='line_1_12' title="bbox 262 1318 1923 1392; baseline -0.001 -17"><span class='ocrx_word' id='word_1_71' title='bbox 262 1322 644 1389; x_wconf 69' lang='lat' dir='ltr'>queratoris,</span> <span class='ocrx_word' id='word_1_72' title='bbox 677 1336 769 1392; x_wconf 4' lang='lat' dir='ltr'>pne</span> <span class='ocrx_word' id='word_1_73' title='bbox 822 1318 1360 1392; x_wconf 11' lang='lat' dir='ltr'>debitoriswcadaver</span> <span class='ocrx_word' id='word_1_74' title='bbox 1432 1318 1503 1374; x_wconf 84' lang='lat' dir='ltr'>ad</span> <span class='ocrx_word' id='word_1_75' title='bbox 1572 1320 1923 1392; x_wconf 76' lang='lat' dir='ltr'>sepulturam</span> 
     </span>
    </p>
   </div>
   <div class='ocr_carea' id='block_1_13' title="bbox 620 1390 1564 1463">
    <p class='ocr_par' dir='ltr' id='par_1_13' title="bbox 620 1390 1564 1463">
     <span class='ocr_line' id='line_1_13' title="bbox 620 1390 1564 1463; baseline -0.001 -16"><span class='ocrx_word' id='word_1_76' title='bbox 620 1391 927 1463; x_wconf 66' lang='lat' dir='ltr'>ejferretur,</span> <span class='ocrx_word' id='word_1_77' title='bbox 944 1390 1281 1462; x_wconf 72' lang='lat' dir='ltr'>prohibentis</span> <span class='ocrx_word' id='word_1_78' title='bbox 1312 1390 1564 1446; x_wconf 77' lang='lat' dir='ltr'>historia.</span> 
     </span>
    </p>
   </div>
   <div class='ocr_carea' id='block_1_14' title="bbox 338 1478 1924 1547">
    <p class='ocr_par' dir='ltr' id='par_1_14' title="bbox 338 1478 1924 1547">
     <span class='ocr_line' id='line_1_14' title="bbox 338 1478 1924 1547; baseline -0.001 -10"><span class='ocrx_word' id='word_1_79' title='bbox 338 1482 427 1537; x_wconf 83' lang='lat'>36.</span> <span class='ocrx_word' id='word_1_80' title='bbox 460 1479 696 1547; x_wconf 83' lang='lat' dir='ltr'>Quoties</span> <span class='ocrx_word' id='word_1_81' title='bbox 724 1478 841 1535; x_wconf 90' lang='lat' dir='ltr'>vidi</span> <span class='ocrx_word' id='word_1_82' title='bbox 873 1494 907 1534; x_wconf 92' lang='lat' dir='ltr'>a</span> <span class='ocrx_word' id='word_1_83' title='bbox 932 1478 1372 1534; x_wconf 64' lang='lat' dir='ltr'>faeneratoribus</span> <span class='ocrx_word' id='word_1_84' title='bbox 1406 1478 1589 1534; x_wconf 83' lang='lat' dir='ltr'>teneri</span> <span class='ocrx_word' id='word_1_85' title='bbox 1618 1480 1924 1535; x_wconf 82' lang='lat' dir='ltr'>defunctos</span> 
     </span>
    </p>
   </div>
   <div class='ocr_carea' id='block_1_15' title="bbox 261 1566 1923 1643">
    <p class='ocr_par' dir='ltr' id='par_1_15' title="bbox 261 1566 1923 1643">
     <span class='ocr_line' id='line_1_15' title="bbox 261 1566 1923 1643; baseline -0.001 -19"><span class='ocrx_word' id='word_1_86' title='bbox 261 1588 371 1643; x_wconf 90' lang='lat' dir='ltr'>pro</span> <span class='ocrx_word' id='word_1_87' title='bbox 402 1570 664 1643; x_wconf 88' lang='lat' dir='ltr'>pignore,</span> <span class='ocrx_word' id='word_1_88' title='bbox 696 1573 753 1624; x_wconf 91' lang='lat' dir='ltr'>et</span> <span class='ocrx_word' id='word_1_89' title='bbox 782 1567 981 1639; x_wconf 84' lang='lat' dir='ltr'>negari</span> <span class='ocrx_word' id='word_1_90' title='bbox 1019 1566 1336 1634; x_wconf 88' lang='lat' dir='ltr'>tumulum,</span> <span class='ocrx_word' id='word_1_91' title='bbox 1357 1568 1498 1623; x_wconf 91' lang='lat' dir='ltr'>dum</span> <span class='ocrx_word' id='word_1_92' title='bbox 1530 1568 1718 1624; x_wconf 81' lang='lat' dir='ltr'>fceuus</span> <span class='ocrx_word' id='word_1_93' title='bbox 1749 1585 1923 1640; x_wconf 85' lang='lat' dir='ltr'>expo-</span> 
     </span>
    </p>
   </div>
   <div class='ocr_carea' id='block_1_16' title="bbox 259 1657 1918 1729">
    <p class='ocr_par' dir='ltr' id='par_1_16' title="bbox 259 1657 1918 1729">
     <span class='ocr_line' id='line_1_16' title="bbox 259 1657 1918 1729; baseline -0.004 -12"><span class='ocrx_word' id='word_1_94' title='bbox 259 1661 492 1717; x_wconf 84' lang='lat' dir='ltr'>scitur‘?</span> <span class='ocrx_word' id='word_1_95' title='bbox 557 1659 777 1722; x_wconf 82' lang='lat' dir='ltr'>Quibus</span> <span class='ocrx_word' id='word_1_96' title='bbox 822 1675 927 1729; x_wconf 90' lang='lat' dir='ltr'>ego</span> <span class='ocrx_word' id='word_1_97' title='bbox 967 1657 1227 1729; x_wconf 83' lang='lat' dir='ltr'>acquievi</span> <span class='ocrx_word' id='word_1_98' title='bbox 1276 1657 1547 1723; x_wconf 81' lang='lat' dir='ltr'>libenter,</span> <span class='ocrx_word' id='word_1_99' title='bbox 1611 1661 1675 1713; x_wconf 91' lang='lat' dir='ltr'>ut</span> <span class='ocrx_word' id='word_1_100' title='bbox 1738 1673 1918 1712; x_wconf 85' lang='lat' dir='ltr'>suum</span> 
     </span>
    </p>
   </div>
   <div class='ocr_carea' id='block_1_17' title="bbox 256 1745 1925 1821">
    <p class='ocr_par' dir='ltr' id='par_1_17' title="bbox 256 1745 1925 1821">
     <span class='ocr_line' id='line_1_17' title="bbox 256 1745 1925 1821; baseline -0.002 -16"><span class='ocrx_word' id='word_1_101' title='bbox 256 1750 730 1821; x_wconf 70' lang='lat' dir='ltr'>constringet-ent</span> <span class='ocrx_word' id='word_1_102' title='bbox 756 1747 1096 1814; x_wconf 83' lang='lat' dir='ltr'>debitorem,</span> <span class='ocrx_word' id='word_1_103' title='bbox 1134 1750 1197 1801; x_wconf 88' lang='lat' dir='ltr'>ut</span> <span class='ocrx_word' id='word_1_104' title='bbox 1223 1745 1403 1802; x_wconf 88' lang='lat' dir='ltr'>electo</span> <span class='ocrx_word' id='word_1_105' title='bbox 1460 1764 1547 1814; x_wconf 93' lang='lat' dir='ltr'>eo,</span> <span class='ocrx_word' id='word_1_106' title='bbox 1610 1747 1925 1818; x_wconf 84' lang='lat' dir='ltr'>tidejussor</span> 
     </span>
    </p>
   </div>
   <div class='ocr_carea' id='block_1_18' title="bbox 259 1800 2000 1907">
    <p class='ocr_par' dir='ltr' id='par_1_18' title="bbox 259 1800 2000 1907">
     <span class='ocr_line' id='line_1_18' title="bbox 260 1800 1911 1821; baseline -0.002 -15"><span class='ocrx_word' id='word_1_107' title='bbox 260 1800 723 1821; x_wconf 43' lang='grc' dir='ltr'>--η----πηρρρ</span> <span class='ocrx_word' id='word_1_108' title='bbox 764 1800 813 1803; x_wconf 31' lang='grc' dir='ltr'>πί</span> <span class='ocrx_word' id='word_1_109' title='bbox 846 1800 937 1802; x_wconf 50' lang='grc' dir='ltr'>η-</span> <span class='ocrx_word' id='word_1_110' title='bbox 992 1800 1027 1801; x_wconf 45' lang='grc' dir='ltr'>ρ</span> <span class='ocrx_word' id='word_1_111' title='bbox 1064 1800 1096 1814; x_wconf 58' lang='lat'>,,</span> 
     </span>
     <span class='ocr_line' id='line_1_19' title="bbox 259 1800 2000 1907; baseline -0.002 -13"><span class='ocrx_word' id='word_1_112' title='bbox 259 1838 573 1903; x_wconf 83' lang='lat' dir='ltr'>evaderet;</span> <span class='ocrx_word' id='word_1_113' title='bbox 607 1837 692 1891; x_wconf 71' lang='lat' dir='ltr'>ba:</span> <span class='ocrx_word' id='word_1_114' title='bbox 722 1842 863 1892; x_wconf 88' lang='lat' dir='ltr'>sunt</span> <span class='ocrx_word' id='word_1_115' title='bbox 883 1836 1039 1891; x_wconf 85' lang='lat' dir='ltr'>enim</span> <span class='ocrx_word' id='word_1_116' title='bbox 1072 1835 1434 1891; x_wconf 76' lang='lat' dir='ltr'>fceneratoris</span> <span class='ocrx_word' id='word_1_117' title='bbox 1460 1835 1637 1907; x_wconf 81' lang='lat' dir='ltr'>leges.</span> <span class='ocrx_word' id='word_1_118' title='bbox 1667 1834 1791 1890; x_wconf 81' lang='lat' dir='ltr'>Dixi</span> <span class='ocrx_word' id='word_1_119' title='bbox 1813 1835 1918 1891; x_wconf 85' lang='lat' dir='ltr'>ita-</span> <span class='ocrx_word' id='word_1_120' title='bbox 1953 1800 2000 1864; x_wconf 81' lang='grc' dir='ltr'><strong>Β</strong></span> 
     </span>
    </p>
   </div>
   <div class='ocr_carea' id='block_1_19' title="bbox 259 1922 1925 1998">
    <p class='ocr_par' dir='ltr' id='par_1_19' title="bbox 259 1922 1925 1998">
     <span class='ocr_line' id='line_1_20' title="bbox 259 1922 1925 1998; baseline -0.002 -17"><span class='ocrx_word' id='word_1_121' title='bbox 259 1943 419 1998; x_wconf 87' lang='lat' dir='ltr'>que:</span> <span class='ocrx_word' id='word_1_122' title='bbox 451 1927 666 1981; x_wconf 85' lang='lat' dir='ltr'>Tenete</span> <span class='ocrx_word' id='word_1_123' title='bbox 722 1940 887 1980; x_wconf 91' lang='lat' dir='ltr'>reum</span> <span class='ocrx_word' id='word_1_124' title='bbox 935 1929 1216 1991; x_wconf 86' lang='lat' dir='ltr'>vestrum,</span> <span class='ocrx_word' id='word_1_125' title='bbox 1282 1927 1338 1979; x_wconf 90' lang='lat' dir='ltr'>et</span> <span class='ocrx_word' id='word_1_126' title='bbox 1396 1941 1467 1979; x_wconf 90' lang='lat' dir='ltr'>ne</span> <span class='ocrx_word' id='word_1_127' title='bbox 1525 1922 1689 1979; x_wconf 86' lang='lat' dir='ltr'>vobis</span> <span class='ocrx_word' id='word_1_128' title='bbox 1737 1925 1925 1995; x_wconf 87' lang='lat' dir='ltr'>possit</span> 
     </span>
    </p>
   </div>
   <div class='ocr_carea' id='block_1_20' title="bbox 255 2010 1925 2081">
    <p class='ocr_par' dir='ltr' id='par_1_20' title="bbox 255 2010 1925 2081">
     <span class='ocr_line' id='line_1_21' title="bbox 255 2010 1925 2081; baseline -0.002 -9"><span class='ocrx_word' id='word_1_129' title='bbox 255 2016 437 2079; x_wconf 84' lang='lat' dir='ltr'>elabi,</span> <span class='ocrx_word' id='word_1_130' title='bbox 470 2014 711 2070; x_wconf 88' lang='lat' dir='ltr'>domum</span> <span class='ocrx_word' id='word_1_131' title='bbox 741 2010 1214 2078; x_wconf 89' lang='lat' dir='ltr'>ducite,clandite</span> <span class='ocrx_word' id='word_1_132' title='bbox 1243 2012 1303 2067; x_wconf 91' lang='lat' dir='ltr'>in</span> <span class='ocrx_word' id='word_1_133' title='bbox 1335 2011 1525 2069; x_wconf 92' lang='lat' dir='ltr'>cubilo</span> <span class='ocrx_word' id='word_1_134' title='bbox 1555 2019 1770 2081; x_wconf 88' lang='lat' dir='ltr'>vestro,</span> <span class='ocrx_word' id='word_1_135' title='bbox 1804 2030 1925 2068; x_wconf 86' lang='lat' dir='ltr'>car-</span> 
     </span>
    </p>
   </div>
   <div class='ocr_carea' id='block_1_21' title="bbox 256 2101 1923 2173">
    <p class='ocr_par' dir='ltr' id='par_1_21' title="bbox 256 2101 1923 2173">
     <span class='ocr_line' id='line_1_22' title="bbox 256 2101 1923 2173; baseline -0.004 -11"><span class='ocrx_word' id='word_1_136' title='bbox 256 2105 540 2162; x_wconf 79' lang='lat' dir='ltr'>niﬁcibus</span> <span class='ocrx_word' id='word_1_137' title='bbox 567 2102 832 2159; x_wconf 90' lang='lat' dir='ltr'>duriores</span> <span class='ocrx_word' id='word_1_138' title='bbox 856 2119 869 2170; x_wconf 87' lang='lat'><strong>;</strong></span> <span class='ocrx_word' id='word_1_139' title='bbox 902 2102 1181 2173; x_wconf 89' lang='lat' dir='ltr'>quoniam</span> <span class='ocrx_word' id='word_1_140' title='bbox 1204 2118 1381 2173; x_wconf 85' lang='lat' dir='ltr'>quem</span> <span class='ocrx_word' id='word_1_141' title='bbox 1404 2118 1506 2158; x_wconf 90' lang='lat' dir='ltr'>vos</span> <span class='ocrx_word' id='word_1_142' title='bbox 1538 2101 1771 2167; x_wconf 87' lang='lat' dir='ltr'>tenetis,</span> <span class='ocrx_word' id='word_1_143' title='bbox 1802 2118 1923 2156; x_wconf 91' lang='lat' dir='ltr'>car-</span> 
     </span>
    </p>
   </div>
   <div class='ocr_carea' id='block_1_22' title="bbox 254 2189 1926 2263">
    <p class='ocr_par' dir='ltr' id='par_1_22' title="bbox 254 2189 1926 2263">
     <span class='ocr_line' id='line_1_23' title="bbox 254 2189 1926 2263; baseline -0.003 -12"><span class='ocrx_word' id='word_1_144' title='bbox 254 2211 365 2251; x_wconf 89' lang='lat' dir='ltr'>cer</span> <span class='ocrx_word' id='word_1_145' title='bbox 386 2211 501 2250; x_wconf 88' lang='lat' dir='ltr'>non</span> <span class='ocrx_word' id='word_1_146' title='bbox 524 2191 790 2263; x_wconf 89' lang='lat' dir='ltr'>suscipit,</span> <span class='ocrx_word' id='word_1_147' title='bbox 815 2194 1045 2247; x_wconf 82' lang='lat' dir='ltr'>exactor</span> <span class='ocrx_word' id='word_1_148' title='bbox 1064 2189 1312 2246; x_wconf 88' lang='lat' dir='ltr'>absolvit</span> <span class='ocrx_word' id='word_1_149' title='bbox 1335 2207 1347 2245; x_wconf 93' lang='lat'>:</span> <span class='ocrx_word' id='word_1_150' title='bbox 1386 2195 1758 2262; x_wconf 85' lang='lat' dir='ltr'>peccatorum</span> <span class='ocrx_word' id='word_1_151' title='bbox 1796 2208 1926 2247; x_wconf 88' lang='lat' dir='ltr'>reos</span> 
     </span>
    </p>
   </div>
   <div class='ocr_carea' id='block_1_23' title="bbox 253 2278 1923 2357">
    <p class='ocr_par' dir='ltr' id='par_1_23' title="bbox 253 2278 1923 2357">
     <span class='ocr_line' id='line_1_24' title="bbox 253 2278 1923 2357; baseline -0.004 -18"><span class='ocrx_word' id='word_1_152' title='bbox 253 2287 400 2357; x_wconf 87' lang='lat' dir='ltr'>post</span> <span class='ocrx_word' id='word_1_153' title='bbox 431 2285 676 2337; x_wconf 89' lang='lat' dir='ltr'>mortem</span> <span class='ocrx_word' id='word_1_154' title='bbox 702 2296 898 2335; x_wconf 89' lang='lat' dir='ltr'>carcer</span> <span class='ocrx_word' id='word_1_155' title='bbox 918 2280 1149 2345; x_wconf 84' lang='lat' dir='ltr'>emittit,</span> <span class='ocrx_word' id='word_1_156' title='bbox 1212 2295 1315 2333; x_wconf 89' lang='lat' dir='ltr'>vos</span> <span class='ocrx_word' id='word_1_157' title='bbox 1360 2278 1663 2346; x_wconf 88' lang='lat' dir='ltr'>clauditis;</span> <span class='ocrx_word' id='word_1_158' title='bbox 1730 2279 1923 2350; x_wconf 86' lang='lat' dir='ltr'>legum</span> 
     </span>
    </p>
   </div>
   <div class='ocr_carea' id='block_1_24' title="bbox 252 2365 1923 2432">
    <p class='ocr_par' dir='ltr' id='par_1_24' title="bbox 252 2365 1923 2432">
     <span class='ocr_line' id='line_1_25' title="bbox 252 2365 1923 2432; baseline -0.007 -2"><span class='ocrx_word' id='word_1_159' title='bbox 252 2371 575 2430; x_wconf 83' lang='lat' dir='ltr'>severitate</span> <span class='ocrx_word' id='word_1_160' title='bbox 637 2368 948 2423; x_wconf 79' lang='lat' dir='ltr'>defunctus</span> <span class='ocrx_word' id='word_1_161' title='bbox 1022 2365 1364 2432; x_wconf 84' lang='lat' dir='ltr'>absolvitur,</span> <span class='ocrx_word' id='word_1_162' title='bbox 1437 2367 1602 2422; x_wconf 86' lang='lat' dir='ltr'>vobis</span> <span class='ocrx_word' id='word_1_163' title='bbox 1671 2371 1923 2423; x_wconf 90' lang='lat' dir='ltr'>tenetur.</span> 
     </span>
    </p>
   </div>
   <div class='ocr_carea' id='block_1_25' title="bbox 249 2456 1925 2529">
    <p class='ocr_par' dir='ltr' id='par_1_25' title="bbox 249 2456 1925 2529">
     <span class='ocr_line' id='line_1_26' title="bbox 249 2456 1925 2529; baseline -0.004 -11"><span class='ocrx_word' id='word_1_164' title='bbox 249 2462 429 2518; x_wconf 85' lang='lat' dir='ltr'>Certe</span> <span class='ocrx_word' id='word_1_165' title='bbox 451 2458 545 2513; x_wconf 88' lang='lat' dir='ltr'>hic</span> <span class='ocrx_word' id='word_1_166' title='bbox 576 2462 792 2512; x_wconf 87' lang='lat' dir='ltr'>sortem</span> <span class='ocrx_word' id='word_1_167' title='bbox 824 2471 993 2511; x_wconf 87' lang='lat' dir='ltr'>suam</span> <span class='ocrx_word' id='word_1_168' title='bbox 1017 2456 1143 2526; x_wconf 87' lang='lat' dir='ltr'>jam</span> <span class='ocrx_word' id='word_1_169' title='bbox 1179 2460 1544 2510; x_wconf 84' lang='lat' dir='ltr'>memoratur</span> <span class='ocrx_word' id='word_1_170' title='bbox 1606 2456 1925 2529; x_wconf 88' lang='lat' dir='ltr'>implesse;</span> 
     </span>
    </p>
   </div>
   <div class='ocr_carea' id='block_1_26' title="bbox 253 2543 1916 2616">
    <p class='ocr_par' dir='ltr' id='par_1_26' title="bbox 253 2543 1916 2616">
     <span class='ocr_line' id='line_1_27' title="bbox 253 2543 1916 2616; baseline -0.004 -10"><span class='ocrx_word' id='word_1_171' title='bbox 253 2567 384 2606; x_wconf 88' lang='lat' dir='ltr'>non</span> <span class='ocrx_word' id='word_1_172' title='bbox 438 2546 665 2603; x_wconf 86' lang='lat' dir='ltr'>invideo</span> <span class='ocrx_word' id='word_1_173' title='bbox 732 2550 947 2612; x_wconf 89' lang='lat' dir='ltr'>tamen,</span> <span class='ocrx_word' id='word_1_174' title='bbox 1000 2543 1215 2616; x_wconf 85' lang='lat' dir='ltr'>pignus</span> <span class='ocrx_word' id='word_1_175' title='bbox 1278 2547 1538 2599; x_wconf 91' lang='lat' dir='ltr'>vestrum</span> <span class='ocrx_word' id='word_1_176' title='bbox 1606 2550 1916 2601; x_wconf 87' lang='lat' dir='ltr'>reservate.</span> 
     </span>
    </p>
   </div>
   <div class='ocr_carea' id='block_1_27' title="bbox 248 2632 1927 2697">
    <p class='ocr_par' dir='ltr' id='par_1_27' title="bbox 248 2632 1927 2697">
     <span class='ocr_line' id='line_1_28' title="bbox 248 2632 1927 2697; baseline -0.004 -2"><span class='ocrx_word' id='word_1_177' title='bbox 248 2636 421 2695; x_wconf 84' lang='lat' dir='ltr'>Nihil</span> <span class='ocrx_word' id='word_1_178' title='bbox 452 2636 696 2692; x_wconf 90' lang='lat' dir='ltr'>interest</span> <span class='ocrx_word' id='word_1_179' title='bbox 753 2633 905 2689; x_wconf 89' lang='lat' dir='ltr'>inter</span> <span class='ocrx_word' id='word_1_180' title='bbox 960 2632 1137 2688; x_wconf 81' lang='lat' dir='ltr'>funus</span> <span class='ocrx_word' id='word_1_181' title='bbox 1188 2636 1246 2688; x_wconf 90' lang='lat' dir='ltr'>et</span> <span class='ocrx_word' id='word_1_182' title='bbox 1288 2633 1497 2697; x_wconf 78' lang='lat' dir='ltr'>fmnus,</span> <span class='ocrx_word' id='word_1_183' title='bbox 1557 2632 1703 2687; x_wconf 87' lang='lat' dir='ltr'>nihil</span> <span class='ocrx_word' id='word_1_184' title='bbox 1770 2633 1927 2688; x_wconf 91' lang='lat' dir='ltr'>inter</span> 
     </span>
    </p>
   </div>
   <div class='ocr_carea' id='block_1_28' title="bbox 249 2724 1922 2795">
    <p class='ocr_par' dir='ltr' id='par_1_28' title="bbox 249 2724 1922 2795">
     <span class='ocr_line' id='line_1_29' title="bbox 249 2724 1922 2795; baseline -0.005 -10"><span class='ocrx_word' id='word_1_185' title='bbox 249 2732 516 2785; x_wconf 83' lang='lat' dir='ltr'>mortem</span> <span class='ocrx_word' id='word_1_186' title='bbox 545 2724 724 2781; x_wconf 86' lang='lat' dir='ltr'>distat</span> <span class='ocrx_word' id='word_1_187' title='bbox 749 2725 808 2779; x_wconf 90' lang='lat' dir='ltr'>et</span> <span class='ocrx_word' id='word_1_188' title='bbox 854 2726 1106 2778; x_wconf 82' lang='lat' dir='ltr'>sortem:</span> <span class='ocrx_word' id='word_1_189' title='bbox 1150 2725 1441 2793; x_wconf 86' lang='lat' dir='ltr'>personat,</span> <span class='ocrx_word' id='word_1_190' title='bbox 1501 2726 1775 2795; x_wconf 86' lang='lat' dir='ltr'>personat</span> <span class='ocrx_word' id='word_1_191' title='bbox 1835 2724 1922 2777; x_wconf 81' lang='lat' dir='ltr'>fu—</span> 
     </span>
    </p>
   </div>
   <div class='ocr_carea' id='block_1_29' title="bbox 249 2810 1925 2883">
    <p class='ocr_par' dir='ltr' id='par_1_29' title="bbox 249 2810 1925 2883">
     <span class='ocr_line' id='line_1_30' title="bbox 249 2810 1925 2883; baseline -0.004 -10"><span class='ocrx_word' id='word_1_192' title='bbox 249 2816 507 2873; x_wconf 82' lang='lat' dir='ltr'>nebrem</span> <span class='ocrx_word' id='word_1_193' title='bbox 549 2810 842 2869; x_wconf 85' lang='lat' dir='ltr'>ululatum</span> <span class='ocrx_word' id='word_1_194' title='bbox 874 2810 1112 2866; x_wconf 81' lang='lat' dir='ltr'>fcenoris</span> <span class='ocrx_word' id='word_1_195' title='bbox 1139 2827 1338 2866; x_wconf 90' lang='lat' dir='ltr'>usura.</span> <span class='ocrx_word' id='word_1_196' title='bbox 1370 2811 1535 2865; x_wconf 88' lang='lat' dir='ltr'>Nunc</span> <span class='ocrx_word' id='word_1_197' title='bbox 1562 2827 1696 2867; x_wconf 91' lang='lat' dir='ltr'>vere</span> <span class='ocrx_word' id='word_1_198' title='bbox 1734 2811 1925 2883; x_wconf 87' lang='lat' dir='ltr'>capite</span> 
     </span>
    </p>
   </div>
   <div class='ocr_carea' id='block_1_30' title="bbox 249 2898 1931 2973">
    <p class='ocr_par' dir='ltr' id='par_1_30' title="bbox 249 2898 1931 2973">
     <span class='ocr_line' id='line_1_31' title="bbox 249 2898 1931 2973; baseline -0.005 -9"><span class='ocrx_word' id='word_1_199' title='bbox 249 2908 541 2964; x_wconf 85' lang='lat' dir='ltr'>minutus</span> <span class='ocrx_word' id='word_1_200' title='bbox 560 2902 672 2973; x_wconf 84' lang='lat'>(32)</span> <span class='ocrx_word' id='word_1_201' title='bbox 690 2905 781 2957; x_wconf 88' lang='lat' dir='ltr'>est</span> <span class='ocrx_word' id='word_1_202' title='bbox 802 2916 976 2972; x_wconf 84' lang='lat' dir='ltr'>quem</span> <span class='ocrx_word' id='word_1_203' title='bbox 996 2898 1319 2955; x_wconf 88' lang='lat' dir='ltr'>convenitis</span> <span class='ocrx_word' id='word_1_204' title='bbox 1346 2917 1359 2965; x_wconf 90' lang='lat'><strong>;</strong></span> <span class='ocrx_word' id='word_1_205' title='bbox 1391 2898 1931 2955; x_wconf 86' lang='lat' dir='ltr'>vehementioribus</span> 
     </span>
    </p>
   </div>
   <div class='ocr_carea' id='block_1_31' title="bbox 250 2988 1929 3061">
    <p class='ocr_par' dir='ltr' id='par_1_31' title="bbox 250 2988 1929 3061">
     <span class='ocr_line' id='line_1_32' title="bbox 250 2988 1929 3061; baseline -0.006 -8"><span class='ocrx_word' id='word_1_206' title='bbox 250 3002 467 3053; x_wconf 85' lang='lat' dir='ltr'>tamen</span> <span class='ocrx_word' id='word_1_207' title='bbox 500 2992 745 3048; x_wconf 77' lang='lat' dir='ltr'>nexibus</span> <span class='ocrx_word' id='word_1_208' title='bbox 777 2989 1033 3061; x_wconf 88' lang='lat' dir='ltr'>alligate,</span> <span class='ocrx_word' id='word_1_209' title='bbox 1063 3005 1134 3043; x_wconf 90' lang='lat' dir='ltr'>ne</span> <span class='ocrx_word' id='word_1_210' title='bbox 1160 2988 1398 3043; x_wconf 90' lang='lat' dir='ltr'>vincula</span> <span class='ocrx_word' id='word_1_211' title='bbox 1428 2995 1621 3043; x_wconf 83' lang='lat' dir='ltr'>vestra</span> <span class='ocrx_word' id='word_1_212' title='bbox 1649 3005 1764 3044; x_wconf 91' lang='lat' dir='ltr'>non</span> <span class='ocrx_word' id='word_1_213' title='bbox 1797 3004 1929 3044; x_wconf 89' lang='lat' dir='ltr'>sen-</span> 
     </span>
    </p>
   </div>
   <div class='ocr_carea' id='block_1_32' title="bbox 247 3076 1925 3150">
    <p class='ocr_par' dir='ltr' id='par_1_32' title="bbox 247 3076 1925 3150">
     <span class='ocr_line' id='line_1_33' title="bbox 247 3076 1925 3150; baseline -0.005 -9"><span class='ocrx_word' id='word_1_214' title='bbox 247 3088 408 3141; x_wconf 82' lang='lat' dir='ltr'>tiat:</span> <span class='ocrx_word' id='word_1_215' title='bbox 443 3083 627 3137; x_wconf 85' lang='lat' dir='ltr'>durus</span> <span class='ocrx_word' id='word_1_216' title='bbox 670 3083 728 3134; x_wconf 88' lang='lat' dir='ltr'>et</span> <span class='ocrx_word' id='word_1_217' title='bbox 756 3077 980 3150; x_wconf 83' lang='lat' dir='ltr'>rigidus</span> <span class='ocrx_word' id='word_1_218' title='bbox 1008 3083 1099 3139; x_wconf 68' lang='lat' dir='ltr'>rst</span> <span class='ocrx_word' id='word_1_219' title='bbox 1126 3076 1374 3143; x_wconf 83' lang='lat' dir='ltr'>debitor,</span> <span class='ocrx_word' id='word_1_220' title='bbox 1407 3081 1461 3132; x_wconf 88' lang='lat' dir='ltr'>et</span> <span class='ocrx_word' id='word_1_221' title='bbox 1492 3077 1591 3148; x_wconf 91' lang='lat' dir='ltr'>qui</span> <span class='ocrx_word' id='word_1_222' title='bbox 1630 3094 1746 3133; x_wconf 91' lang='lat' dir='ltr'>non</span> <span class='ocrx_word' id='word_1_223' title='bbox 1800 3079 1925 3149; x_wconf 91' lang='lat' dir='ltr'>jam</span> 
     </span>
    </p>
   </div>
   <div class='ocr_carea' id='block_1_33' title="bbox 1639 296 2315 365">
    <p class='ocr_par' dir='ltr' id='par_1_33' title="bbox 1639 296 2315 365">
     <span class='ocr_line' id='line_1_34' title="bbox 1639 296 2315 365; baseline -0.001 -3"><span class='ocrx_word' id='word_1_224' title='bbox 1639 296 1871 363; x_wconf 81' lang='lat' dir='ltr'>LIBER</span> <span class='ocrx_word' id='word_1_225' title='bbox 1911 298 2016 365; x_wconf 85' lang='lat' dir='ltr'><strong>DE</strong></span> <span class='ocrx_word' id='word_1_226' title='bbox 2058 300 2315 363; x_wconf 83' lang='lat' dir='ltr'>TOBIA.</span> 
     </span>
    </p>
   </div>
   <div class='ocr_carea' id='block_1_34' title="bbox 3556 306 3675 377">
    <p class='ocr_par' dir='ltr' id='par_1_34' title="bbox 3556 306 3675 377">
     <span class='ocr_line' id='line_1_35' title="bbox 3556 306 3675 377; baseline 0 -16"><span class='ocrx_word' id='word_1_227' title='bbox 3556 306 3675 377; x_wconf 61' lang='lat' dir='ltr'>sio</span> 
     </span>
    </p>
   </div>
   <div class='ocr_carea' id='block_1_35' title="bbox 2031 504 3678 576">
    <p class='ocr_par' dir='ltr' id='par_1_35' title="bbox 2031 504 3678 576">
     <span class='ocr_line' id='line_1_36' title="bbox 2031 504 3678 576; baseline -0.001 -14"><span class='ocrx_word' id='word_1_228' title='bbox 2031 508 2202 562; x_wconf 60' lang='grc' dir='ltr'>(ἴρειίνιι</span> <span class='ocrx_word' id='word_1_229' title='bbox 2234 507 2401 559; x_wconf 74' lang='lat' dir='ltr'>etiam</span> <span class='ocrx_word' id='word_1_230' title='bbox 2430 504 2497 558; x_wconf 82' lang='lat' dir='ltr'>ab</span> <span class='ocrx_word' id='word_1_231' title='bbox 2526 504 2861 561; x_wconf 71' lang='lat' dir='ltr'>aleatoribus</span> <span class='ocrx_word' id='word_1_232' title='bbox 2888 506 3159 575; x_wconf 67' lang='lat' dir='ltr'>exigitur,</span> <span class='ocrx_word' id='word_1_233' title='bbox 3194 520 3425 576; x_wconf 87' lang='lat' dir='ltr'>quorum</span> <span class='ocrx_word' id='word_1_234' title='bbox 3458 509 3517 562; x_wconf 78' lang='lat' dir='ltr'>in</span> <span class='ocrx_word' id='word_1_235' title='bbox 3554 509 3678 561; x_wconf 79' lang='lat' dir='ltr'>lusu.</span> 
     </span>
    </p>
   </div>
   <div class='ocr_carea' id='block_1_36' title="bbox 2097 576 3676 647">
    <p class='ocr_par' dir='ltr' id='par_1_36' title="bbox 2097 576 3676 647">
     <span class='ocr_line' id='line_1_37' title="bbox 2097 576 3676 647; baseline 0.003 -17"><span class='ocrx_word' id='word_1_236' title='bbox 2097 577 2256 630; x_wconf 84' lang='lat' dir='ltr'>varia</span> <span class='ocrx_word' id='word_1_237' title='bbox 2297 579 2519 646; x_wconf 73' lang='lat' dir='ltr'>fortuna</span> <span class='ocrx_word' id='word_1_238' title='bbox 2566 582 2660 643; x_wconf 79' lang='lat' dir='ltr'>est,</span> <span class='ocrx_word' id='word_1_239' title='bbox 2725 576 2817 631; x_wconf 66' lang='lat' dir='ltr'>sed</span> <span class='ocrx_word' id='word_1_240' title='bbox 2875 578 3091 632; x_wconf 83' lang='lat' dir='ltr'>lucrum</span> <span class='ocrx_word' id='word_1_241' title='bbox 3140 576 3279 631; x_wconf 81' lang='lat' dir='ltr'>cedit</span> <span class='ocrx_word' id='word_1_242' title='bbox 3330 577 3676 647; x_wconf 66' lang='lat' dir='ltr'>faeneratori.</span> 
     </span>
    </p>
   </div>
   <div class='ocr_carea' id='block_1_37' title="bbox 2100 647 3681 719">
    <p class='ocr_par' dir='ltr' id='par_1_37' title="bbox 2100 647 3681 719">
     <span class='ocr_line' id='line_1_38' title="bbox 2100 647 3681 719; baseline 0.002 -17"><span class='ocrx_word' id='word_1_243' title='bbox 2100 649 2268 718; x_wconf 83' lang='lat' dir='ltr'>Hujus</span> <span class='ocrx_word' id='word_1_244' title='bbox 2308 648 2369 701; x_wconf 83' lang='lat' dir='ltr'>in</span> <span class='ocrx_word' id='word_1_245' title='bbox 2396 647 2522 701; x_wconf 81' lang='lat' dir='ltr'>illos</span> <span class='ocrx_word' id='word_1_246' title='bbox 2559 657 2764 719; x_wconf 81' lang='lat' dir='ltr'>quanta</span> <span class='ocrx_word' id='word_1_247' title='bbox 2793 651 3071 718; x_wconf 77' lang='lat' dir='ltr'>tyrannis,</span> <span class='ocrx_word' id='word_1_248' title='bbox 3109 652 3162 704; x_wconf 85' lang='lat' dir='ltr'>et</span> <span class='ocrx_word' id='word_1_249' title='bbox 3188 663 3308 718; x_wconf 64' lang='lat' dir='ltr'>qum</span> <span class='ocrx_word' id='word_1_250' title='bbox 3339 649 3481 715; x_wconf 84' lang='lat' dir='ltr'>leges</span> <span class='ocrx_word' id='word_1_251' title='bbox 3528 650 3681 705; x_wconf 82' lang='lat' dir='ltr'>alea-</span> 
     </span>
    </p>
   </div>
   <div class='ocr_carea' id='block_1_38' title="bbox 2097 719 3683 791">
    <p class='ocr_par' dir='ltr' id='par_1_38' title="bbox 2097 719 3683 791">
     <span class='ocr_line' id='line_1_39' title="bbox 2097 719 3683 791; baseline 0.001 -19"><span class='ocrx_word' id='word_1_252' title='bbox 2097 722 2297 774; x_wconf 86' lang='lat' dir='ltr'>torum.</span> <span class='ocrx_word' id='word_1_253' title='bbox 2372 720 2647 791; x_wconf 71' lang='lat' dir='ltr'>Postremo</span> <span class='ocrx_word' id='word_1_254' title='bbox 2694 719 3052 775; x_wconf 74' lang='lat' dir='ltr'>barbarorum</span> <span class='ocrx_word' id='word_1_255' title='bbox 3097 720 3456 791; x_wconf 81' lang='lat' dir='ltr'>quorumdam</span> <span class='ocrx_word' id='word_1_256' title='bbox 3524 722 3683 791; x_wconf 76' lang='lat' dir='ltr'>furor</span> 
     </span>
    </p>
   </div>
   <div class='ocr_carea' id='block_1_39' title="bbox 2103 789 2753 845">
    <p class='ocr_par' dir='ltr' id='par_1_39' title="bbox 2103 789 2753 845">
     <span class='ocr_line' id='line_1_40' title="bbox 2103 789 2753 845; baseline -0.002 -1"><span class='ocrx_word' id='word_1_257' title='bbox 2103 793 2162 844; x_wconf 79' lang='lat' dir='ltr'>in</span> <span class='ocrx_word' id='word_1_258' title='bbox 2193 790 2371 844; x_wconf 82' lang='lat' dir='ltr'>aleam</span> <span class='ocrx_word' id='word_1_259' title='bbox 2399 789 2753 845; x_wconf 78' lang='lat' dir='ltr'>describitur.</span> 
     </span>
    </p>
   </div>
   <div class='ocr_carea' id='block_1_40' title="bbox 2100 860 3677 936">
    <p class='ocr_par' dir='ltr' id='par_1_40' title="bbox 2100 860 3677 936">
     <span class='ocr_line' id='line_1_41' title="bbox 2100 860 3677 936; baseline 0.002 -21"><span class='ocrx_word' id='word_1_260' title='bbox 2100 862 2187 917; x_wconf 88' lang='lat'>38.</span> <span class='ocrx_word' id='word_1_261' title='bbox 2229 860 2399 915; x_wconf 84' lang='lat' dir='ltr'>Aliud</span> <span class='ocrx_word' id='word_1_262' title='bbox 2444 878 2560 915; x_wconf 90' lang='lat' dir='ltr'>non</span> <span class='ocrx_word' id='word_1_263' title='bbox 2594 861 2837 917; x_wconf 86' lang='lat' dir='ltr'>minoris</span> <span class='ocrx_word' id='word_1_264' title='bbox 2869 861 3201 919; x_wconf 82' lang='lat' dir='ltr'>acerbitatis</span> <span class='ocrx_word' id='word_1_265' title='bbox 3259 862 3519 936; x_wconf 89' lang='lat' dir='ltr'>accipite.</span> <span class='ocrx_word' id='word_1_266' title='bbox 3566 862 3677 918; x_wconf 92' lang='lat' dir='ltr'>Ob-</span> 
     </span>
    </p>
   </div>
   <div class='ocr_carea' id='block_1_41' title="bbox 2032 949 3679 1025">
    <p class='ocr_par' dir='ltr' id='par_1_41' title="bbox 2032 949 3679 1025">
     <span class='ocr_line' id='line_1_42' title="bbox 2032 949 3679 1025; baseline 0.001 -19"><span class='ocrx_word' id='word_1_267' title='bbox 2032 954 2265 1006; x_wconf 85' lang='lat' dir='ltr'>servant</span> <span class='ocrx_word' id='word_1_268' title='bbox 2295 949 2391 1005; x_wconf 85' lang='lat' dir='ltr'>isti</span> <span class='ocrx_word' id='word_1_269' title='bbox 2423 949 2743 1007; x_wconf 87' lang='lat' dir='ltr'>aleatorum</span> <span class='ocrx_word' id='word_1_270' title='bbox 2804 950 3225 1018; x_wconf 87' lang='lat' dir='ltr'>conventicula,</span> <span class='ocrx_word' id='word_1_271' title='bbox 3282 957 3338 1008; x_wconf 90' lang='lat' dir='ltr'>et</span> <span class='ocrx_word' id='word_1_272' title='bbox 3379 952 3679 1025; x_wconf 89' lang='lat' dir='ltr'>perdentis</span> 
     </span>
    </p>
   </div>
   <div class='ocr_carea' id='block_1_42' title="bbox 2033 1039 3681 1113">
    <p class='ocr_par' dir='ltr' id='par_1_42' title="bbox 2033 1039 3681 1113">
     <span class='ocr_line' id='line_1_43' title="bbox 2033 1039 3681 1113; baseline 0.001 -20"><span class='ocrx_word' id='word_1_273' title='bbox 2033 1054 2360 1095; x_wconf 63' lang='lat' dir='ltr'>aerumnam</span> <span class='ocrx_word' id='word_1_274' title='bbox 2383 1039 2856 1095; x_wconf 86' lang='lat' dir='ltr'>commoditatem</span> <span class='ocrx_word' id='word_1_275' title='bbox 2871 1056 3038 1096; x_wconf 89' lang='lat' dir='ltr'>suam</span> <span class='ocrx_word' id='word_1_276' title='bbox 3045 1040 3069 1113; x_wconf 88' lang='lat' dir='ltr'>j</span> <span class='ocrx_word' id='word_1_277' title='bbox 3080 1040 3320 1095; x_wconf 89' lang='lat' dir='ltr'>udicaut</span> <span class='ocrx_word' id='word_1_278' title='bbox 3343 1058 3356 1107; x_wconf 90' lang='lat'>;</span> <span class='ocrx_word' id='word_1_279' title='bbox 3388 1041 3681 1113; x_wconf 89' lang='lat' dir='ltr'>spondent</span> 
     </span>
    </p>
   </div>
   <div class='ocr_carea' id='block_1_43' title="bbox 2033 1127 3677 1202">
    <p class='ocr_par' dir='ltr' id='par_1_43' title="bbox 2033 1127 3677 1202">
     <span class='ocr_line' id='line_1_44' title="bbox 2033 1127 3677 1202; baseline 0.001 -20"><span class='ocrx_word' id='word_1_280' title='bbox 2033 1144 2136 1199; x_wconf 90' lang='lat' dir='ltr'>pro</span> <span class='ocrx_word' id='word_1_281' title='bbox 2163 1127 2434 1202; x_wconf 87' lang='lat' dir='ltr'>singulis.</span> <span class='ocrx_word' id='word_1_282' title='bbox 2467 1127 2671 1183; x_wconf 87' lang='lat' dir='ltr'>Varios</span> <span class='ocrx_word' id='word_1_283' title='bbox 2705 1128 2895 1201; x_wconf 90' lang='lat' dir='ltr'>primo</span> <span class='ocrx_word' id='word_1_284' title='bbox 2927 1146 3054 1184; x_wconf 90' lang='lat' dir='ltr'>sors</span> <span class='ocrx_word' id='word_1_285' title='bbox 3084 1128 3237 1183; x_wconf 90' lang='lat' dir='ltr'>ludit</span> <span class='ocrx_word' id='word_1_286' title='bbox 3285 1132 3546 1199; x_wconf 87' lang='lat' dir='ltr'>eventus,</span> <span class='ocrx_word' id='word_1_287' title='bbox 3606 1128 3677 1184; x_wconf 90' lang='lat' dir='ltr'>ad</span> 
     </span>
    </p>
   </div>
   <div class='ocr_carea' id='block_1_44' title="bbox 2033 1216 3680 1291">
    <p class='ocr_par' dir='ltr' id='par_1_44' title="bbox 2033 1216 3680 1291">
     <span class='ocr_line' id='line_1_45' title="bbox 2033 1216 3680 1291; baseline 0.001 -19"><span class='ocrx_word' id='word_1_288' title='bbox 2033 1217 2293 1273; x_wconf 88' lang='lat' dir='ltr'>diversos</span> <span class='ocrx_word' id='word_1_289' title='bbox 2353 1233 2505 1288; x_wconf 65' lang='lat' dir='ltr'>saepe</span> <span class='ocrx_word' id='word_1_290' title='bbox 2553 1216 2903 1272; x_wconf 77' lang='lat' dir='ltr'>transfertur</span> <span class='ocrx_word' id='word_1_291' title='bbox 2955 1217 3211 1283; x_wconf 89' lang='lat' dir='ltr'>victoria,</span> <span class='ocrx_word' id='word_1_292' title='bbox 3270 1217 3680 1291; x_wconf 87' lang='lat' dir='ltr'>stipendiaque</span> 
     </span>
    </p>
   </div>
   <div class='ocr_carea' id='block_1_45' title="bbox 2034 1305 3683 1378">
    <p class='ocr_par' dir='ltr' id='par_1_45' title="bbox 2034 1305 3683 1378">
     <span class='ocr_line' id='line_1_46' title="bbox 2034 1305 3683 1378; baseline 0.002 -18"><span class='ocrx_word' id='word_1_293' title='bbox 2034 1307 2162 1376; x_wconf 84' lang='lat' dir='ltr'>ejus</span> <span class='ocrx_word' id='word_1_294' title='bbox 2219 1305 2480 1361; x_wconf 88' lang='lat' dir='ltr'>vicissim</span> <span class='ocrx_word' id='word_1_295' title='bbox 2530 1310 2706 1378; x_wconf 87' lang='lat' dir='ltr'>atque</span> <span class='ocrx_word' id='word_1_296' title='bbox 2762 1324 3024 1362; x_wconf 65' lang='lat' dir='ltr'>aerumna</span> <span class='ocrx_word' id='word_1_297' title='bbox 3080 1311 3414 1362; x_wconf 88' lang='lat' dir='ltr'>mutantur:</span> <span class='ocrx_word' id='word_1_298' title='bbox 3477 1322 3683 1373; x_wconf 83' lang='lat' dir='ltr'>omnes</span> 
     </span>
    </p>
   </div>
   <div class='ocr_carea' id='block_1_46' title="bbox 2032 1393 3679 1468">
    <p class='ocr_par' dir='ltr' id='par_1_46' title="bbox 2032 1393 3679 1468">
     <span class='ocr_line' id='line_1_47' title="bbox 2032 1393 3679 1468; baseline 0 -19"><span class='ocrx_word' id='word_1_299' title='bbox 2032 1394 2347 1450; x_wconf 89' lang='lat' dir='ltr'>vincuntur</span> <span class='ocrx_word' id='word_1_300' title='bbox 2383 1398 2439 1449; x_wconf 90' lang='lat' dir='ltr'>et</span> <span class='ocrx_word' id='word_1_301' title='bbox 2492 1394 2755 1461; x_wconf 85' lang='lat' dir='ltr'>vincunt,</span> <span class='ocrx_word' id='word_1_302' title='bbox 2815 1394 3126 1451; x_wconf 72' lang='lat' dir='ltr'>faenerator</span> <span class='ocrx_word' id='word_1_303' title='bbox 3166 1393 3327 1452; x_wconf 87' lang='lat' dir='ltr'>solus</span> <span class='ocrx_word' id='word_1_304' title='bbox 3385 1394 3679 1468; x_wconf 86' lang='lat' dir='ltr'>acquirit:</span> 
     </span>
    </p>
   </div>
   <div class='ocr_carea' id='block_1_47' title="bbox 2033 1482 3685 1559">
    <p class='ocr_par' dir='ltr' id='par_1_47' title="bbox 2033 1482 3685 1559">
     <span class='ocr_line' id='line_1_48' title="bbox 2033 1482 3685 1559; baseline 0 -20"><span class='ocrx_word' id='word_1_305' title='bbox 2033 1501 2210 1555; x_wconf 88' lang='lat' dir='ltr'>penes</span> <span class='ocrx_word' id='word_1_306' title='bbox 2240 1482 2384 1539; x_wconf 88' lang='lat' dir='ltr'>alios</span> <span class='ocrx_word' id='word_1_307' title='bbox 2415 1482 2587 1540; x_wconf 90' lang='lat' dir='ltr'>inane</span> <span class='ocrx_word' id='word_1_308' title='bbox 2621 1500 2831 1539; x_wconf 88' lang='lat' dir='ltr'>nomen</span> <span class='ocrx_word' id='word_1_309' title='bbox 2861 1484 3016 1556; x_wconf 91' lang='lat' dir='ltr'>quod</span> <span class='ocrx_word' id='word_1_310' title='bbox 3048 1483 3312 1555; x_wconf 85' lang='lat' dir='ltr'>vicerint,</span> <span class='ocrx_word' id='word_1_311' title='bbox 3359 1500 3535 1559; x_wconf 85' lang='lat' dir='ltr'>penes</span> <span class='ocrx_word' id='word_1_312' title='bbox 3590 1482 3685 1559; x_wconf 63' lang='lat' dir='ltr'>fie-</span> 
     </span>
    </p>
   </div>
   <div class='ocr_carea' id='block_1_48' title="bbox 2036 1570 3685 1640">
    <p class='ocr_par' dir='ltr' id='par_1_48' title="bbox 2036 1570 3685 1640">
     <span class='ocr_line' id='line_1_49' title="bbox 2036 1570 3685 1640; baseline 0 -13"><span class='ocrx_word' id='word_1_313' title='bbox 2036 1577 2363 1628; x_wconf 88' lang='lat' dir='ltr'>noratorem</span> <span class='ocrx_word' id='word_1_314' title='bbox 2389 1571 2579 1627; x_wconf 88' lang='lat' dir='ltr'>solum</span> <span class='ocrx_word' id='word_1_315' title='bbox 2611 1570 2837 1627; x_wconf 81' lang='lat' dir='ltr'>fructus</span> <span class='ocrx_word' id='word_1_316' title='bbox 2867 1576 2975 1640; x_wconf 88' lang='lat' dir='ltr'>est,</span> <span class='ocrx_word' id='word_1_317' title='bbox 3008 1588 3123 1627; x_wconf 89' lang='lat' dir='ltr'>non</span> <span class='ocrx_word' id='word_1_318' title='bbox 3157 1589 3409 1639; x_wconf 86' lang='lat' dir='ltr'>annuus,</span> <span class='ocrx_word' id='word_1_319' title='bbox 3429 1572 3530 1629; x_wconf 88' lang='lat' dir='ltr'>sed</span> <span class='ocrx_word' id='word_1_320' title='bbox 3561 1588 3685 1627; x_wconf 88' lang='lat' dir='ltr'>mo-</span> 
     </span>
    </p>
   </div>
   <div class='ocr_carea' id='block_1_49' title="bbox 2035 1658 3686 1719">
    <p class='ocr_par' dir='ltr' id='par_1_49' title="bbox 2035 1658 3686 1719">
     <span class='ocr_line' id='line_1_50' title="bbox 2035 1658 3686 1719; baseline 0 -4"><span class='ocrx_word' id='word_1_321' title='bbox 2035 1660 2397 1715; x_wconf 88' lang='lat' dir='ltr'>mentarius:</span> <span class='ocrx_word' id='word_1_322' title='bbox 2462 1658 2546 1714; x_wconf 87' lang='lat' dir='ltr'>illi</span> <span class='ocrx_word' id='word_1_323' title='bbox 2607 1659 2713 1715; x_wconf 88' lang='lat' dir='ltr'>soli</span> <span class='ocrx_word' id='word_1_324' title='bbox 2775 1660 2997 1715; x_wconf 76' lang='lat' dir='ltr'>faciunt</span> <span class='ocrx_word' id='word_1_325' title='bbox 3052 1659 3281 1715; x_wconf 86' lang='lat' dir='ltr'>lucrum</span> <span class='ocrx_word' id='word_1_326' title='bbox 3322 1661 3379 1716; x_wconf 90' lang='lat' dir='ltr'>in</span> <span class='ocrx_word' id='word_1_327' title='bbox 3420 1661 3686 1719; x_wconf 89' lang='lat' dir='ltr'>omnium</span> 
     </span>
    </p>
   </div>
   <div class='ocr_carea' id='block_1_50' title="bbox 2035 1746 3686 1818">
    <p class='ocr_par' dir='ltr' id='par_1_50' title="bbox 2035 1746 3686 1818">
     <span class='ocr_line' id='line_1_51' title="bbox 2035 1746 3686 1818; baseline 0.001 -15"><span class='ocrx_word' id='word_1_328' title='bbox 2035 1748 2404 1812; x_wconf 76' lang='lat' dir='ltr'>detrimento,</span> <span class='ocrx_word' id='word_1_329' title='bbox 2438 1747 2555 1803; x_wconf 88' lang='lat' dir='ltr'>illis</span> <span class='ocrx_word' id='word_1_330' title='bbox 2589 1746 2730 1803; x_wconf 89' lang='lat' dir='ltr'>solis</span> <span class='ocrx_word' id='word_1_331' title='bbox 2762 1754 2851 1803; x_wconf 88' lang='lat' dir='ltr'>est</span> <span class='ocrx_word' id='word_1_332' title='bbox 2880 1766 3062 1804; x_wconf 87' lang='lat' dir='ltr'>usura</span> <span class='ocrx_word' id='word_1_333' title='bbox 3118 1748 3367 1804; x_wconf 71' lang='lat' dir='ltr'>victoriae</span> <span class='ocrx_word' id='word_1_334' title='bbox 3421 1750 3556 1818; x_wconf 84' lang='grc'>(34).</span> <span class='ocrx_word' id='word_1_335' title='bbox 3588 1748 3686 1804; x_wconf 85' lang='lat' dir='ltr'>Vi-</span> 
     </span>
    </p>
   </div>
   <div class='ocr_carea' id='block_1_51' title="bbox 2033 1836 3688 1909">
    <p class='ocr_par' dir='ltr' id='par_1_51' title="bbox 2033 1836 3688 1909">
     <span class='ocr_line' id='line_1_52' title="bbox 2033 1836 3688 1909; baseline 0.001 -17"><span class='ocrx_word' id='word_1_336' title='bbox 2033 1838 2171 1892; x_wconf 83' lang='lat' dir='ltr'>deas</span> <span class='ocrx_word' id='word_1_337' title='bbox 2195 1837 2451 1909; x_wconf 89' lang='lat' dir='ltr'>reliquos</span> <span class='ocrx_word' id='word_1_338' title='bbox 2477 1836 2671 1891; x_wconf 89' lang='lat' dir='ltr'>subito</span> <span class='ocrx_word' id='word_1_339' title='bbox 2694 1842 2953 1909; x_wconf 89' lang='lat' dir='ltr'>egentes,</span> <span class='ocrx_word' id='word_1_340' title='bbox 2976 1840 3211 1909; x_wconf 90' lang='lat' dir='ltr'>repente</span> <span class='ocrx_word' id='word_1_341' title='bbox 3233 1837 3463 1903; x_wconf 87' lang='lat' dir='ltr'>divites,</span> <span class='ocrx_word' id='word_1_342' title='bbox 3479 1837 3688 1893; x_wconf 86' lang='lat' dir='ltr'>deinde</span> 
     </span>
    </p>
   </div>
   <div class='ocr_carea' id='block_1_52' title="bbox 2035 1924 3684 1997">
    <p class='ocr_par' dir='ltr' id='par_1_52' title="bbox 2035 1924 3684 1997">
     <span class='ocr_line' id='line_1_53' title="bbox 2035 1924 3684 1997; baseline 0.001 -17"><span class='ocrx_word' id='word_1_343' title='bbox 2035 1927 2244 1993; x_wconf 88' lang='lat' dir='ltr'>nudos,</span> <span class='ocrx_word' id='word_1_344' title='bbox 2288 1924 2539 1997; x_wconf 85' lang='lat' dir='ltr'>singulis</span> <span class='ocrx_word' id='word_1_345' title='bbox 2560 1924 2818 1996; x_wconf 86' lang='lat' dir='ltr'>jaclibus</span> <span class='ocrx_word' id='word_1_346' title='bbox 2859 1930 3079 1983; x_wconf 89' lang='lat' dir='ltr'>statum</span> <span class='ocrx_word' id='word_1_347' title='bbox 3149 1927 3301 1983; x_wconf 70' lang='grc' dir='ltr'>θυι</span> <span class='ocrx_word' id='word_1_348' title='bbox 3363 1930 3684 1982; x_wconf 84' lang='lat' dir='ltr'>mutantes.</span> 
     </span>
    </p>
   </div>
   <div class='ocr_carea' id='block_1_53' title="bbox 2033 2014 3692 2085">
    <p class='ocr_par' dir='ltr' id='par_1_53' title="bbox 2033 2014 3692 2085">
     <span class='ocr_line' id='line_1_54' title="bbox 2033 2014 3692 2085; baseline 0 -16"><span class='ocrx_word' id='word_1_349' title='bbox 2033 2015 2314 2070; x_wconf 86' lang='lat' dir='ltr'>Versatur</span> <span class='ocrx_word' id='word_1_350' title='bbox 2342 2014 2498 2070; x_wconf 91' lang='lat' dir='ltr'>enim</span> <span class='ocrx_word' id='word_1_351' title='bbox 2545 2031 2747 2070; x_wconf 89' lang='lat' dir='ltr'>eorum</span> <span class='ocrx_word' id='word_1_352' title='bbox 2794 2015 2932 2079; x_wconf 87' lang='lat' dir='ltr'>vita,</span> <span class='ocrx_word' id='word_1_353' title='bbox 2996 2020 3061 2071; x_wconf 92' lang='lat' dir='ltr'>ut</span> <span class='ocrx_word' id='word_1_354' title='bbox 3121 2020 3380 2085; x_wconf 84' lang='lat' dir='ltr'>tessera;</span> <span class='ocrx_word' id='word_1_355' title='bbox 3438 2014 3692 2075; x_wconf 86' lang='lat' dir='ltr'>volvitur</span> 
     </span>
    </p>
   </div>
   <div class='ocr_carea' id='block_1_54' title="bbox 2034 2102 3692 2177">
    <p class='ocr_par' dir='ltr' id='par_1_54' title="bbox 2034 2102 3692 2177">
     <span class='ocr_line' id='line_1_55' title="bbox 2034 2102 3692 2177; baseline 0 -17"><span class='ocrx_word' id='word_1_356' title='bbox 2034 2120 2246 2160; x_wconf 85' lang='lat' dir='ltr'>census</span> <span class='ocrx_word' id='word_1_357' title='bbox 2277 2104 2335 2158; x_wconf 90' lang='lat' dir='ltr'>in</span> <span class='ocrx_word' id='word_1_358' title='bbox 2366 2102 2586 2169; x_wconf 87' lang='lat' dir='ltr'>tabula,</span> <span class='ocrx_word' id='word_1_359' title='bbox 2620 2103 2685 2159; x_wconf 81' lang='lat' dir='ltr'>ﬁt</span> <span class='ocrx_word' id='word_1_360' title='bbox 2713 2103 2891 2160; x_wconf 88' lang='lat' dir='ltr'>ludus</span> <span class='ocrx_word' id='word_1_361' title='bbox 2924 2104 2994 2159; x_wconf 91' lang='lat' dir='ltr'>de</span> <span class='ocrx_word' id='word_1_362' title='bbox 3024 2103 3306 2177; x_wconf 89' lang='lat' dir='ltr'>periculo,</span> <span class='ocrx_word' id='word_1_363' title='bbox 3338 2108 3396 2160; x_wconf 88' lang='lat' dir='ltr'>et</span> <span class='ocrx_word' id='word_1_364' title='bbox 3425 2104 3496 2160; x_wconf 88' lang='lat' dir='ltr'>de</span> <span class='ocrx_word' id='word_1_365' title='bbox 3553 2103 3692 2160; x_wconf 92' lang='lat' dir='ltr'>ludo</span> 
     </span>
    </p>
   </div>
   <div class='ocr_carea' id='block_1_55' title="bbox 2038 2191 3690 2266">
    <p class='ocr_par' dir='ltr' id='par_1_55' title="bbox 2038 2191 3690 2266">
     <span class='ocr_line' id='line_1_56' title="bbox 2038 2191 3690 2266; baseline -0.001 -17"><span class='ocrx_word' id='word_1_366' title='bbox 2038 2191 2400 2266; x_wconf 89' lang='lat' dir='ltr'>periculum:</span> <span class='ocrx_word' id='word_1_367' title='bbox 2436 2197 2578 2263; x_wconf 88' lang='lat' dir='ltr'>quot</span> <span class='ocrx_word' id='word_1_368' title='bbox 2609 2192 3058 2264; x_wconf 84' lang='lat' dir='ltr'>propositiones,</span> <span class='ocrx_word' id='word_1_369' title='bbox 3088 2196 3176 2249; x_wconf 87' lang='lat' dir='ltr'>tot</span> <span class='ocrx_word' id='word_1_370' title='bbox 3214 2192 3690 2266; x_wconf 81' lang='lat' dir='ltr'>proscriptiones.</span> 
     </span>
    </p>
   </div>
   <div class='ocr_carea' id='block_1_56' title="bbox 2038 2279 3694 2355">
    <p class='ocr_par' dir='ltr' id='par_1_56' title="bbox 2038 2279 3694 2355">
     <span class='ocr_line' id='line_1_57' title="bbox 2038 2279 3694 2355; baseline 0.001 -19"><span class='ocrx_word' id='word_1_371' title='bbox 2038 2281 2269 2337; x_wconf 87' lang='lat' dir='ltr'>Clamor</span> <span class='ocrx_word' id='word_1_372' title='bbox 2292 2279 2720 2353; x_wconf 88' lang='lat' dir='ltr'>plaudentium,</span> <span class='ocrx_word' id='word_1_373' title='bbox 2754 2282 2924 2337; x_wconf 85' lang='lat' dir='ltr'>ﬂetus</span> <span class='ocrx_word' id='word_1_374' title='bbox 2968 2281 3447 2354; x_wconf 83' lang='lat' dir='ltr'>despoliatorum,</span> <span class='ocrx_word' id='word_1_375' title='bbox 3509 2284 3694 2355; x_wconf 87' lang='lat' dir='ltr'>gemi-</span> 
     </span>
    </p>
   </div>
   <div class='ocr_carea' id='block_1_57' title="bbox 2037 2368 3687 2444">
    <p class='ocr_par' dir='ltr' id='par_1_57' title="bbox 2037 2368 3687 2444">
     <span class='ocr_line' id='line_1_58' title="bbox 2037 2368 3687 2444; baseline 0.001 -19"><span class='ocrx_word' id='word_1_376' title='bbox 2037 2375 2134 2425; x_wconf 90' lang='lat' dir='ltr'>tus</span> <span class='ocrx_word' id='word_1_377' title='bbox 2162 2368 2610 2441; x_wconf 74' lang='lat' dir='ltr'>deplorantiuzn.</span> <span class='ocrx_word' id='word_1_378' title='bbox 2643 2370 2815 2426; x_wconf 78' lang='lat' dir='ltr'>Sedet</span> <span class='ocrx_word' id='word_1_379' title='bbox 2864 2370 3015 2426; x_wconf 89' lang='lat' dir='ltr'>inter</span> <span class='ocrx_word' id='word_1_380' title='bbox 3045 2371 3153 2427; x_wconf 89' lang='lat' dir='ltr'>bos</span> <span class='ocrx_word' id='word_1_381' title='bbox 3182 2370 3435 2428; x_wconf 90' lang='lat' dir='ltr'>creditor</span> <span class='ocrx_word' id='word_1_382' title='bbox 3468 2375 3533 2427; x_wconf 90' lang='lat' dir='ltr'>ut</span> <span class='ocrx_word' id='word_1_383' title='bbox 3597 2376 3687 2444; x_wconf 85' lang='lat' dir='ltr'>ty-</span> 
     </span>
    </p>
   </div>
   <div class='ocr_carea' id='block_1_58' title="bbox 2040 2458 3695 2532">
    <p class='ocr_par' dir='ltr' id='par_1_58' title="bbox 2040 2458 3695 2532">
     <span class='ocr_line' id='line_1_59' title="bbox 2040 2458 3695 2532; baseline 0.001 -20"><span class='ocrx_word' id='word_1_384' title='bbox 2040 2475 2280 2524; x_wconf 82' lang='lat' dir='ltr'>rannus,</span> <span class='ocrx_word' id='word_1_385' title='bbox 2313 2458 2601 2513; x_wconf 83' lang='lat' dir='ltr'>damnans</span> <span class='ocrx_word' id='word_1_386' title='bbox 2621 2458 2729 2527; x_wconf 44' lang='lat'>‘35)</span> <span class='ocrx_word' id='word_1_387' title='bbox 2753 2475 3238 2531; x_wconf 80' lang='lat' dir='ltr'>unumquemque</span> <span class='ocrx_word' id='word_1_388' title='bbox 3259 2464 3417 2516; x_wconf 86' lang='lat' dir='ltr'>sorte</span> <span class='ocrx_word' id='word_1_389' title='bbox 3434 2458 3695 2532; x_wconf 83' lang='lat' dir='ltr'>capitali,</span> 
     </span>
    </p>
   </div>
   <div class='ocr_carea' id='block_1_59' title="bbox 2038 2546 3698 2621">
    <p class='ocr_par' dir='ltr' id='par_1_59' title="bbox 2038 2546 3698 2621">
     <span class='ocr_line' id='line_1_60' title="bbox 2038 2546 3698 2621; baseline 0.002 -19"><span class='ocrx_word' id='word_1_390' title='bbox 2038 2548 2218 2620; x_wconf 79' lang='lat' dir='ltr'>agitat</span> <span class='ocrx_word' id='word_1_391' title='bbox 2245 2546 2465 2616; x_wconf 86' lang='lat' dir='ltr'>hastas,</span> <span class='ocrx_word' id='word_1_392' title='bbox 2500 2546 2739 2603; x_wconf 77' lang='lat' dir='ltr'>feralem</span> <span class='ocrx_word' id='word_1_393' title='bbox 2771 2546 3027 2602; x_wconf 88' lang='lat' dir='ltr'>instituit</span> <span class='ocrx_word' id='word_1_394' title='bbox 3057 2547 3127 2602; x_wconf 89' lang='lat' dir='ltr'>de</span> <span class='ocrx_word' id='word_1_395' title='bbox 3160 2548 3527 2621; x_wconf 87' lang='lat' dir='ltr'>singulorum</span> <span class='ocrx_word' id='word_1_396' title='bbox 3558 2565 3698 2613; x_wconf 76' lang='lat' dir='ltr'>exu-</span> 
     </span>
    </p>
   </div>
   <div class='ocr_carea' id='block_1_60' title="bbox 2036 2634 3696 2707">
    <p class='ocr_par' dir='ltr' id='par_1_60' title="bbox 2036 2634 3696 2707">
     <span class='ocr_line' id='line_1_61' title="bbox 2036 2634 3696 2707; baseline 0.002 -18"><span class='ocrx_word' id='word_1_397' title='bbox 2036 2636 2143 2692; x_wconf 85' lang='lat' dir='ltr'>viis</span> <span class='ocrx_word' id='word_1_398' title='bbox 2174 2636 2541 2692; x_wconf 88' lang='lat' dir='ltr'>auctionem:</span> <span class='ocrx_word' id='word_1_399' title='bbox 2576 2634 2723 2691; x_wconf 87' lang='lat' dir='ltr'>alios</span> <span class='ocrx_word' id='word_1_400' title='bbox 2784 2636 3200 2707; x_wconf 88' lang='lat' dir='ltr'>proscriptioni</span> <span class='ocrx_word' id='word_1_401' title='bbox 3259 2636 3499 2704; x_wconf 81' lang='lat' dir='ltr'>addicit,</span> <span class='ocrx_word' id='word_1_402' title='bbox 3550 2637 3696 2695; x_wconf 86' lang='lat' dir='ltr'>alios</span> 
     </span>
    </p>
   </div>
   <div class='ocr_carea' id='block_1_61' title="bbox 2036 2724 3693 2797">
    <p class='ocr_par' dir='ltr' id='par_1_61' title="bbox 2036 2724 3693 2797">
     <span class='ocr_line' id='line_1_62' title="bbox 2036 2724 3693 2797; baseline 0 -16"><span class='ocrx_word' id='word_1_403' title='bbox 2036 2725 2333 2781; x_wconf 84' lang='lat' dir='ltr'>servituti:</span> <span class='ocrx_word' id='word_1_404' title='bbox 2374 2741 2490 2780; x_wconf 89' lang='lat' dir='ltr'>non</span> <span class='ocrx_word' id='word_1_405' title='bbox 2524 2724 2666 2779; x_wconf 88' lang='lat' dir='ltr'>tanti</span> <span class='ocrx_word' id='word_1_406' title='bbox 2700 2724 2874 2779; x_wconf 90' lang='lat' dir='ltr'>occisi</span> <span class='ocrx_word' id='word_1_407' title='bbox 2908 2726 3018 2782; x_wconf 86' lang='lat' dir='ltr'>sub</span> <span class='ocrx_word' id='word_1_408' title='bbox 3052 2725 3319 2797; x_wconf 74' lang='lat' dir='ltr'>tyrannis</span> <span class='ocrx_word' id='word_1_409' title='bbox 3354 2728 3517 2781; x_wconf 89' lang='lat' dir='ltr'>sunt.</span> <span class='ocrx_word' id='word_1_410' title='bbox 3551 2725 3693 2781; x_wconf 74' lang='lat' dir='ltr'>Vitas</span> 
     </span>
    </p>
   </div>
   <div class='ocr_carea' id='block_1_62' title="bbox 2038 2812 3688 2887">
    <p class='ocr_par' dir='ltr' id='par_1_62' title="bbox 2038 2812 3688 2887">
     <span class='ocr_line' id='line_1_63' title="bbox 2038 2812 3688 2887; baseline 0.002 -20"><span class='ocrx_word' id='word_1_411' title='bbox 2038 2814 2218 2887; x_wconf 77' lang='lat' dir='ltr'>igitur</span> <span class='ocrx_word' id='word_1_412' title='bbox 2251 2813 2403 2869; x_wconf 86' lang='lat' dir='ltr'>hanc</span> <span class='ocrx_word' id='word_1_413' title='bbox 2435 2813 2624 2869; x_wconf 89' lang='lat' dir='ltr'>aleam</span> <span class='ocrx_word' id='word_1_414' title='bbox 2656 2812 2870 2868; x_wconf 88' lang='lat' dir='ltr'>rectius</span> <span class='ocrx_word' id='word_1_415' title='bbox 2892 2814 3161 2881; x_wconf 79' lang='lat' dir='ltr'>dixerim,</span> <span class='ocrx_word' id='word_1_416' title='bbox 3195 2830 3374 2886; x_wconf 90' lang='lat' dir='ltr'>quam</span> <span class='ocrx_word' id='word_1_417' title='bbox 3406 2814 3688 2886; x_wconf 66' lang='lat' dir='ltr'>pecunia:</span> 
     </span>
    </p>
   </div>
   <div class='ocr_carea' id='block_1_63' title="bbox 2035 2902 3683 2973">
    <p class='ocr_par' dir='ltr' id='par_1_63' title="bbox 2035 2902 3683 2973">
     <span class='ocr_line' id='line_1_64' title="bbox 2035 2902 3683 2973; baseline 0.002 -16"><span class='ocrx_word' id='word_1_418' title='bbox 2035 2903 2144 2958; x_wconf 85' lang='lat' dir='ltr'>sub</span> <span class='ocrx_word' id='word_1_419' title='bbox 2196 2906 2495 2959; x_wconf 71' lang='lat' dir='ltr'>momento</span> <span class='ocrx_word' id='word_1_420' title='bbox 2550 2902 2755 2969; x_wconf 75' lang='lat' dir='ltr'>fertur,</span> <span class='ocrx_word' id='word_1_421' title='bbox 2816 2902 2973 2973; x_wconf 85' lang='lat' dir='ltr'>quod</span> <span class='ocrx_word' id='word_1_422' title='bbox 3023 2902 3210 2958; x_wconf 84' lang='lat' dir='ltr'>valeat</span> <span class='ocrx_word' id='word_1_423' title='bbox 3265 2903 3326 2958; x_wconf 90' lang='lat' dir='ltr'>in</span> <span class='ocrx_word' id='word_1_424' title='bbox 3376 2907 3683 2963; x_wconf 78' lang='lat' dir='ltr'>aeternum.</span> 
     </span>
    </p>
   </div>
   <div class='ocr_carea' id='block_1_64' title="bbox 2036 2989 3688 3063">
    <p class='ocr_par' dir='ltr' id='par_1_64' title="bbox 2036 2989 3688 3063">
     <span class='ocr_line' id='line_1_65' title="bbox 2036 2989 3688 3063; baseline 0.001 -14"><span class='ocrx_word' id='word_1_425' title='bbox 2036 2992 2295 3049; x_wconf 84' lang='lat' dir='ltr'>Ebrietas</span> <span class='ocrx_word' id='word_1_426' title='bbox 2317 2990 2567 3062; x_wconf 87' lang='lat' dir='ltr'>judicat,</span> <span class='ocrx_word' id='word_1_427' title='bbox 2598 2996 2654 3046; x_wconf 89' lang='lat' dir='ltr'>et</span> <span class='ocrx_word' id='word_1_428' title='bbox 2681 2989 2880 3046; x_wconf 83' lang='lat' dir='ltr'>nullus</span> <span class='ocrx_word' id='word_1_429' title='bbox 2909 2990 3182 3063; x_wconf 77' lang='lat' dir='ltr'>appellat.</span> <span class='ocrx_word' id='word_1_430' title='bbox 3219 2991 3406 3049; x_wconf 82' lang='lat' dir='ltr'>Habet</span> <span class='ocrx_word' id='word_1_431' title='bbox 3451 2996 3509 3048; x_wconf 87' lang='lat' dir='ltr'>et</span> <span class='ocrx_word' id='word_1_432' title='bbox 3561 2992 3688 3050; x_wconf 85' lang='lat' dir='ltr'>alea</span> 
     </span>
    </p>
   </div>
   <div class='ocr_carea' id='block_1_65' title="bbox 2034 3080 3688 3154">
    <p class='ocr_par' dir='ltr' id='par_1_65' title="bbox 2034 3080 3688 3154">
     <span class='ocr_line' id='line_1_66' title="bbox 2034 3080 3688 3154; baseline -0.001 -17"><span class='ocrx_word' id='word_1_433' title='bbox 2034 3098 2171 3137; x_wconf 81' lang='lat' dir='ltr'>suae</span> <span class='ocrx_word' id='word_1_434' title='bbox 2197 3080 2375 3154; x_wconf 84' lang='lat' dir='ltr'>leges,</span> <span class='ocrx_word' id='word_1_435' title='bbox 2409 3096 2556 3153; x_wconf 91' lang='lat' dir='ltr'>quas</span> <span class='ocrx_word' id='word_1_436' title='bbox 2599 3080 2706 3135; x_wconf 81' lang='lat' dir='ltr'>fori</span> <span class='ocrx_word' id='word_1_437' title='bbox 2729 3080 2867 3149; x_wconf 88' lang='lat' dir='ltr'>jura</span> <span class='ocrx_word' id='word_1_438' title='bbox 2898 3097 3012 3136; x_wconf 90' lang='lat' dir='ltr'>non</span> <span class='ocrx_word' id='word_1_439' title='bbox 3035 3080 3282 3137; x_wconf 88' lang='lat' dir='ltr'>solvant.</span> <span class='ocrx_word' id='word_1_440' title='bbox 3315 3080 3583 3150; x_wconf 82' lang='lat' dir='ltr'>Notatur,</span> <span class='ocrx_word' id='word_1_441' title='bbox 3634 3081 3688 3143; x_wconf 75' lang='lat' dir='ltr'>si</span> 
     </span>
    </p>
   </div>
   <div class='ocr_carea' id='block_1_66' title="bbox 251 3164 3692 3241">
    <p class='ocr_par' dir='ltr' id='par_1_66' title="bbox 251 3164 3692 3241">
     <span class='ocr_line' id='line_1_67' title="bbox 251 3164 3692 3241; baseline 0 -14"><span class='ocrx_word' id='word_1_442' title='bbox 251 3170 497 3231; x_wconf 82' lang='lat' dir='ltr'>noverit</span> <span class='ocrx_word' id='word_1_443' title='bbox 527 3169 888 3226; x_wconf 88' lang='lat' dir='ltr'>erubescere.</span> <span class='ocrx_word' id='word_1_444' title='bbox 935 3165 1123 3222; x_wconf 89' lang='lat' dir='ltr'>Unum</span> <span class='ocrx_word' id='word_1_445' title='bbox 1156 3183 1297 3227; x_wconf 81' lang='lat' dir='ltr'>sane</span> <span class='ocrx_word' id='word_1_446' title='bbox 1341 3172 1432 3221; x_wconf 92' lang='lat' dir='ltr'>est</span> <span class='ocrx_word' id='word_1_447' title='bbox 1487 3166 1643 3237; x_wconf 91' lang='lat' dir='ltr'>quod</span> <span class='ocrx_word' id='word_1_448' title='bbox 1701 3182 1817 3222; x_wconf 91' lang='lat' dir='ltr'>non</span> <span class='ocrx_word' id='word_1_449' title='bbox 1849 3166 1921 3222; x_wconf 89' lang='lat' dir='ltr'>ti-</span> <span class='ocrx_word' id='word_1_450' title='bbox 1953 3164 1994 3230; x_wconf 90' lang='lat' dir='ltr'>C</span> <span class='ocrx_word' id='word_1_451' title='bbox 2036 3171 2191 3225; x_wconf 86' lang='lat' dir='ltr'>credi</span> <span class='ocrx_word' id='word_1_452' title='bbox 2223 3173 2413 3241; x_wconf 91' lang='lat' dir='ltr'>potest</span> <span class='ocrx_word' id='word_1_453' title='bbox 2445 3168 2708 3236; x_wconf 76' lang='lat' dir='ltr'>infamia,</span> <span class='ocrx_word' id='word_1_454' title='bbox 2743 3168 2840 3240; x_wconf 86' lang='lat' dir='ltr'>qui</span> <span class='ocrx_word' id='word_1_455' title='bbox 2891 3169 3179 3240; x_wconf 85' lang='lat' dir='ltr'>putaverit</span> <span class='ocrx_word' id='word_1_456' title='bbox 3208 3168 3602 3236; x_wconf 84' lang='lat' dir='ltr'>renitendum,</span> <span class='ocrx_word' id='word_1_457' title='bbox 3634 3173 3692 3227; x_wconf 88' lang='lat' dir='ltr'>et</span> 
     </span>
    </p>
   </div>
   <div class='ocr_carea' id='block_1_67' title="bbox 249 3254 1807 3331">
    <p class='ocr_par' dir='ltr' id='par_1_67' title="bbox 249 3254 1807 3331">
     <span class='ocr_line' id='line_1_68' title="bbox 249 3254 1807 3331; baseline -0.006 -12"><span class='ocrx_word' id='word_1_458' title='bbox 249 3277 429 3319; x_wconf 87' lang='lat' dir='ltr'>mere</span> <span class='ocrx_word' id='word_1_459' title='bbox 459 3259 718 3331; x_wconf 89' lang='lat' dir='ltr'>possitis,</span> <span class='ocrx_word' id='word_1_460' title='bbox 754 3256 894 3329; x_wconf 86' lang='lat' dir='ltr'>quia</span> <span class='ocrx_word' id='word_1_461' title='bbox 925 3270 1165 3327; x_wconf 87' lang='lat' dir='ltr'>poscere</span> <span class='ocrx_word' id='word_1_462' title='bbox 1194 3272 1309 3309; x_wconf 90' lang='lat' dir='ltr'>non</span> <span class='ocrx_word' id='word_1_463' title='bbox 1333 3254 1490 3309; x_wconf 90' lang='lat' dir='ltr'>novit</span> <span class='ocrx_word' id='word_1_464' title='bbox 1510 3254 1807 3311; x_wconf 86' lang='lat' dir='ltr'>alimenta.</span> 
     </span>
    </p>
   </div>
   <div class='ocr_carea' id='block_1_68' title="bbox 326 3343 1919 3419">
    <p class='ocr_par' dir='ltr' id='par_1_68' title="bbox 326 3343 1919 3419">
     <span class='ocr_line' id='line_1_69' title="bbox 326 3343 1919 3419; baseline -0.004 -12"><span class='ocrx_word' id='word_1_465' title='bbox 326 3352 429 3407; x_wconf 89' lang='lat'>37.</span> <span class='ocrx_word' id='word_1_466' title='bbox 457 3347 619 3405; x_wconf 85' lang='lat' dir='ltr'>Jussi</span> <span class='ocrx_word' id='word_1_467' title='bbox 650 3346 830 3419; x_wconf 90' lang='lat' dir='ltr'>igitur</span> <span class='ocrx_word' id='word_1_468' title='bbox 858 3344 1036 3400; x_wconf 87' lang='lat' dir='ltr'>levari</span> <span class='ocrx_word' id='word_1_469' title='bbox 1087 3359 1317 3417; x_wconf 87' lang='lat' dir='ltr'>corpus,</span> <span class='ocrx_word' id='word_1_470' title='bbox 1350 3348 1407 3400; x_wconf 89' lang='lat' dir='ltr'>et</span> <span class='ocrx_word' id='word_1_471' title='bbox 1436 3343 1505 3398; x_wconf 89' lang='lat' dir='ltr'>ad</span> <span class='ocrx_word' id='word_1_472' title='bbox 1557 3343 1919 3400; x_wconf 75' lang='lat' dir='ltr'>fmneratoris</span> 
     </span>
    </p>
   </div>
   <div class='ocr_carea' id='block_1_69' title="bbox 248 3432 1916 3507">
    <p class='ocr_par' dir='ltr' id='par_1_69' title="bbox 248 3432 1916 3507">
     <span class='ocr_line' id='line_1_70' title="bbox 248 3432 1916 3507; baseline -0.007 -9"><span class='ocrx_word' id='word_1_473' title='bbox 248 3442 514 3498; x_wconf 88' lang='lat' dir='ltr'>domum</span> <span class='ocrx_word' id='word_1_474' title='bbox 564 3433 979 3507; x_wconf 83' lang='lat' dir='ltr'>exsequiarum</span> <span class='ocrx_word' id='word_1_475' title='bbox 1032 3432 1296 3489; x_wconf 90' lang='lat' dir='ltr'>ordinem</span> <span class='ocrx_word' id='word_1_476' title='bbox 1353 3432 1524 3488; x_wconf 90' lang='lat' dir='ltr'>duci:</span> <span class='ocrx_word' id='word_1_477' title='bbox 1580 3433 1682 3488; x_wconf 87' lang='lat' dir='ltr'>sed</span> <span class='ocrx_word' id='word_1_478' title='bbox 1740 3432 1916 3488; x_wconf 84' lang='lat' dir='ltr'>etiam</span> 
     </span>
    </p>
   </div>
   <div class='ocr_carea' id='block_1_70' title="bbox 238 3521 1919 3596">
    <p class='ocr_par' dir='ltr' id='par_1_70' title="bbox 238 3521 1919 3596">
     <span class='ocr_line' id='line_1_71' title="bbox 238 3521 1919 3596; baseline -0.005 -10"><span class='ocrx_word' id='word_1_479' title='bbox 238 3531 399 3586; x_wconf 85' lang='lat' dir='ltr'>inde</span> <span class='ocrx_word' id='word_1_480' title='bbox 430 3526 766 3584; x_wconf 88' lang='lat' dir='ltr'>clausorum</span> <span class='ocrx_word' id='word_1_481' title='bbox 817 3523 1048 3596; x_wconf 90' lang='lat' dir='ltr'>mugitu</span> <span class='ocrx_word' id='word_1_482' title='bbox 1080 3522 1220 3577; x_wconf 87' lang='lat' dir='ltr'>talia</span> <span class='ocrx_word' id='word_1_483' title='bbox 1249 3522 1640 3595; x_wconf 87' lang='lat' dir='ltr'>personabant</span> <span class='ocrx_word' id='word_1_484' title='bbox 1668 3523 1803 3594; x_wconf 86' lang='lat'>(33).</span> <span class='ocrx_word' id='word_1_485' title='bbox 1835 3521 1919 3578; x_wconf 83' lang='lat' dir='ltr'>Ibi</span> 
     </span>
    </p>
   </div>
   <div class='ocr_carea' id='block_1_71' title="bbox 238 3610 1918 3692">
    <p class='ocr_par' dir='ltr' id='par_1_71' title="bbox 238 3610 1918 3692">
     <span class='ocr_line' id='line_1_72' title="bbox 238 3610 1918 3692; baseline -0.005 -17"><span class='ocrx_word' id='word_1_486' title='bbox 238 3633 499 3692; x_wconf 85' lang='lat' dir='ltr'>quoque</span> <span class='ocrx_word' id='word_1_487' title='bbox 528 3615 705 3671; x_wconf 81' lang='lat' dir='ltr'>funus</span> <span class='ocrx_word' id='word_1_488' title='bbox 761 3630 888 3668; x_wconf 90' lang='lat' dir='ltr'>esse</span> <span class='ocrx_word' id='word_1_489' title='bbox 926 3611 1209 3677; x_wconf 89' lang='lat' dir='ltr'>crederes,</span> <span class='ocrx_word' id='word_1_490' title='bbox 1268 3610 1347 3666; x_wconf 92' lang='lat' dir='ltr'>ibi</span> <span class='ocrx_word' id='word_1_491' title='bbox 1402 3617 1664 3667; x_wconf 88' lang='lat' dir='ltr'>mortuos</span> <span class='ocrx_word' id='word_1_492' title='bbox 1718 3610 1918 3686; x_wconf 86' lang='lat' dir='ltr'>plangi</span> 
     </span>
    </p>
   </div>
   <div class='ocr_carea' id='block_1_72' title="bbox 239 3696 1919 3782">
    <p class='ocr_par' dir='ltr' id='par_1_72' title="bbox 239 3696 1919 3782">
     <span class='ocr_line' id='line_1_73' title="bbox 239 3696 1919 3782; baseline -0.003 -21"><span class='ocrx_word' id='word_1_493' title='bbox 239 3696 544 3782; x_wconf 81' lang='lat' dir='ltr'>putares:</span> <span class='ocrx_word' id='word_1_494' title='bbox 578 3719 682 3759; x_wconf 89' lang='lat' dir='ltr'>nec</span> <span class='ocrx_word' id='word_1_495' title='bbox 714 3700 951 3756; x_wconf 81' lang='lat' dir='ltr'>fallebat</span> <span class='ocrx_word' id='word_1_496' title='bbox 982 3700 1269 3756; x_wconf 71' lang='lat' dir='ltr'>sententia</span> <span class='ocrx_word' id='word_1_497' title='bbox 1304 3743 1317 3767; x_wconf 90' lang='lat'>,</span> <span class='ocrx_word' id='word_1_498' title='bbox 1353 3700 1463 3755; x_wconf 90' lang='lat' dir='ltr'>nisi</span> <span class='ocrx_word' id='word_1_499' title='bbox 1506 3700 1660 3771; x_wconf 91' lang='lat' dir='ltr'>quod</span> <span class='ocrx_word' id='word_1_500' title='bbox 1721 3699 1919 3772; x_wconf 88' lang='lat' dir='ltr'>plures</span> 
     </span>
    </p>
   </div>
   <div class='ocr_carea' id='block_1_73' title="bbox 234 3787 1919 3862">
    <p class='ocr_par' dir='ltr' id='par_1_73' title="bbox 234 3787 1919 3862">
     <span class='ocr_line' id='line_1_74' title="bbox 234 3787 1919 3862; baseline -0.005 -8"><span class='ocrx_word' id='word_1_501' title='bbox 234 3793 589 3859; x_wconf 85' lang='lat' dir='ltr'>constabat,</span> <span class='ocrx_word' id='word_1_502' title='bbox 650 3790 769 3846; x_wconf 88' lang='lat' dir='ltr'>illic</span> <span class='ocrx_word' id='word_1_503' title='bbox 801 3806 930 3846; x_wconf 91' lang='lat' dir='ltr'>esse</span> <span class='ocrx_word' id='word_1_504' title='bbox 969 3789 1304 3844; x_wconf 89' lang='lat' dir='ltr'>morituros.</span> <span class='ocrx_word' id='word_1_505' title='bbox 1361 3788 1561 3844; x_wconf 85' lang='lat' dir='ltr'>Victus</span> <span class='ocrx_word' id='word_1_506' title='bbox 1620 3787 1919 3862; x_wconf 87' lang='lat' dir='ltr'>religionis</span> 
     </span>
    </p>
   </div>
   <div class='ocr_carea' id='block_1_74' title="bbox 236 3876 1921 3950">
    <p class='ocr_par' dir='ltr' id='par_1_74' title="bbox 236 3876 1921 3950">
     <span class='ocr_line' id='line_1_75' title="bbox 236 3876 1921 3950; baseline -0.005 -8"><span class='ocrx_word' id='word_1_507' title='bbox 236 3880 690 3942; x_wconf 90' lang='lat' dir='ltr'>consuetudine</span> <span class='ocrx_word' id='word_1_508' title='bbox 724 3879 1032 3935; x_wconf 66' lang='lat' dir='ltr'>fenerator</span> <span class='ocrx_word' id='word_1_509' title='bbox 1061 3878 1220 3950; x_wconf 90' lang='lat' dir='ltr'>(nam</span> <span class='ocrx_word' id='word_1_510' title='bbox 1254 3876 1392 3932; x_wconf 90' lang='lat' dir='ltr'>alibi</span> <span class='ocrx_word' id='word_1_511' title='bbox 1424 3877 1645 3949; x_wconf 88' lang='lat' dir='ltr'>suscipi</span> <span class='ocrx_word' id='word_1_512' title='bbox 1676 3877 1921 3950; x_wconf 87' lang='lat' dir='ltr'>pignora</span> 
     </span>
    </p>
   </div>
   <div class='ocr_carea' id='block_1_75' title="bbox 233 3965 1916 4040">
    <p class='ocr_par' dir='ltr' id='par_1_75' title="bbox 233 3965 1916 4040">
     <span class='ocr_line' id='line_1_76' title="bbox 233 3965 1916 4040; baseline -0.006 -8"><span class='ocrx_word' id='word_1_513' title='bbox 233 3976 436 4032; x_wconf 83' lang='lat' dir='ltr'>etiam</span> <span class='ocrx_word' id='word_1_514' title='bbox 463 3972 579 4026; x_wconf 88' lang='lat' dir='ltr'>ista</span> <span class='ocrx_word' id='word_1_515' title='bbox 606 3969 905 4040; x_wconf 90' lang='lat' dir='ltr'>dicuntur)</span> <span class='ocrx_word' id='word_1_516' title='bbox 933 3972 1101 4040; x_wconf 87' lang='lat' dir='ltr'>rogat</span> <span class='ocrx_word' id='word_1_517' title='bbox 1129 3970 1193 4022; x_wconf 91' lang='lat' dir='ltr'>ut</span> <span class='ocrx_word' id='word_1_518' title='bbox 1222 3967 1291 4022; x_wconf 89' lang='lat' dir='ltr'>ad</span> <span class='ocrx_word' id='word_1_519' title='bbox 1322 3965 1535 4022; x_wconf 89' lang='lat' dir='ltr'>tumuli</span> <span class='ocrx_word' id='word_1_520' title='bbox 1584 3965 1779 4022; x_wconf 90' lang='lat' dir='ltr'>locum</span> <span class='ocrx_word' id='word_1_521' title='bbox 1830 3984 1916 4023; x_wconf 89' lang='lat' dir='ltr'>re-</span> 
     </span>
    </p>
   </div>
   <div class='ocr_carea' id='block_1_76' title="bbox 233 4055 1917 4136">
    <p class='ocr_par' dir='ltr' id='par_1_76' title="bbox 233 4055 1917 4136">
     <span class='ocr_line' id='line_1_77' title="bbox 233 4055 1917 4136; baseline -0.005 -16"><span class='ocrx_word' id='word_1_522' title='bbox 233 4061 463 4136; x_wconf 64' lang='lat' dir='ltr'>liquiae</span> <span class='ocrx_word' id='word_1_523' title='bbox 485 4060 825 4115; x_wconf 86' lang='lat' dir='ltr'>deferantur</span> <span class='ocrx_word' id='word_1_524' title='bbox 849 4075 861 4112; x_wconf 91' lang='lat'>:</span> <span class='ocrx_word' id='word_1_525' title='bbox 887 4060 1027 4113; x_wconf 91' lang='lat' dir='ltr'>tunc</span> <span class='ocrx_word' id='word_1_526' title='bbox 1048 4059 1276 4111; x_wconf 89' lang='lat' dir='ltr'>tantum</span> <span class='ocrx_word' id='word_1_527' title='bbox 1298 4055 1409 4112; x_wconf 86' lang='lat' dir='ltr'>vidi</span> <span class='ocrx_word' id='word_1_528' title='bbox 1435 4055 1725 4112; x_wconf 90' lang='lat' dir='ltr'>humanos</span> <span class='ocrx_word' id='word_1_529' title='bbox 1743 4055 1917 4112; x_wconf 73' lang='lat' dir='ltr'>foene-</span> 
     </span>
    </p>
   </div>
   <div class='ocr_carea' id='block_1_77' title="bbox 234 4144 1918 4223">
    <p class='ocr_par' dir='ltr' id='par_1_77' title="bbox 234 4144 1918 4223">
     <span class='ocr_line' id='line_1_78' title="bbox 234 4144 1918 4223; baseline -0.005 -14"><span class='ocrx_word' id='word_1_530' title='bbox 234 4160 489 4209; x_wconf 85' lang='lat' dir='ltr'>ratores</span> <span class='ocrx_word' id='word_1_531' title='bbox 512 4148 738 4223; x_wconf 88' lang='lat' dir='ltr'>gravari</span> <span class='ocrx_word' id='word_1_532' title='bbox 763 4163 853 4203; x_wconf 91' lang='lat' dir='ltr'>me</span> <span class='ocrx_word' id='word_1_533' title='bbox 874 4164 886 4201; x_wconf 93' lang='lat'>:</span> <span class='ocrx_word' id='word_1_534' title='bbox 913 4149 1108 4223; x_wconf 85' lang='lat' dir='ltr'>tamen</span> <span class='ocrx_word' id='word_1_535' title='bbox 1134 4161 1239 4219; x_wconf 85' lang='lat' dir='ltr'>ego</span> <span class='ocrx_word' id='word_1_536' title='bbox 1265 4161 1465 4201; x_wconf 90' lang='lat' dir='ltr'>eorum</span> <span class='ocrx_word' id='word_1_537' title='bbox 1489 4144 1918 4201; x_wconf 87' lang='lat' dir='ltr'>humanitatem</span> 
     </span>
    </p>
   </div>
   <div class='ocr_carea' id='block_1_78' title="bbox 239 4222 1920 4309">
    <p class='ocr_par' dir='ltr' id='par_1_78' title="bbox 239 4222 1920 4309">
     <span class='ocr_line' id='line_1_79' title="bbox 239 4222 1920 4309; baseline -0.007 -9"><span class='ocrx_word' id='word_1_538' title='bbox 239 4222 663 4300; x_wconf 80' lang='lat' dir='ltr'>memorabam</span> <span class='ocrx_word' id='word_1_539' title='bbox 698 4222 1049 4309; x_wconf 80' lang='lat' dir='ltr'>prospicere,</span> <span class='ocrx_word' id='word_1_540' title='bbox 1084 4251 1155 4290; x_wconf 90' lang='lat' dir='ltr'>ne</span> <span class='ocrx_word' id='word_1_541' title='bbox 1186 4238 1388 4306; x_wconf 87' lang='lat' dir='ltr'>postea</span> <span class='ocrx_word' id='word_1_542' title='bbox 1418 4250 1480 4289; x_wconf 90' lang='lat' dir='ltr'>se</span> <span class='ocrx_word' id='word_1_543' title='bbox 1536 4238 1920 4307; x_wconf 89' lang='lat' dir='ltr'>quererentur</span> 
     </span>
    </p>
   </div>
   <div class='ocr_carea' id='block_1_79' title="bbox 235 4323 1918 4395">
    <p class='ocr_par' dir='ltr' id='par_1_79' title="bbox 235 4323 1918 4395">
     <span class='ocr_line' id='line_1_80' title="bbox 235 4323 1918 4395; baseline -0.007 -7"><span class='ocrx_word' id='word_1_544' title='bbox 235 4328 565 4389; x_wconf 68' lang='lat' dir='ltr'>[mandatos</span> <span class='ocrx_word' id='word_1_545' title='bbox 597 4341 746 4393; x_wconf 90' lang='lat' dir='ltr'>esse,</span> <span class='ocrx_word' id='word_1_546' title='bbox 793 4325 975 4381; x_wconf 91' lang='lat' dir='ltr'>donec</span> <span class='ocrx_word' id='word_1_547' title='bbox 1030 4324 1237 4379; x_wconf 80' lang='lat' dir='ltr'>feretro</span> <span class='ocrx_word' id='word_1_548' title='bbox 1289 4323 1437 4378; x_wconf 69' lang='lat' dir='ltr'>colla</span> <span class='ocrx_word' id='word_1_549' title='bbox 1485 4323 1755 4393; x_wconf 88' lang='lat' dir='ltr'>subjecti,</span> <span class='ocrx_word' id='word_1_550' title='bbox 1807 4323 1918 4395; x_wconf 89' lang='lat' dir='ltr'>ipsi</span> 
     </span>
    </p>
   </div>
   <div class='ocr_carea' id='block_1_80' title="bbox 234 4411 1916 4488">
    <p class='ocr_par' dir='ltr' id='par_1_80' title="bbox 234 4411 1916 4488">
     <span class='ocr_line' id='line_1_81' title="bbox 234 4411 1916 4488; baseline -0.005 -10"><span class='ocrx_word' id='word_1_551' title='bbox 234 4421 609 4478; x_wconf 78' lang='lat' dir='ltr'>defunctum</span> <span class='ocrx_word' id='word_1_552' title='bbox 643 4416 714 4471; x_wconf 91' lang='lat' dir='ltr'>ad</span> <span class='ocrx_word' id='word_1_553' title='bbox 772 4411 1039 4488; x_wconf 80' lang='lat' dir='ltr'>sepulcra</span> <span class='ocrx_word' id='word_1_554' title='bbox 1067 4414 1439 4482; x_wconf 84' lang='lat' dir='ltr'>deducerent,</span> <span class='ocrx_word' id='word_1_555' title='bbox 1472 4412 1719 4487; x_wconf 86' lang='lat' dir='ltr'>graviori</span> <span class='ocrx_word' id='word_1_556' title='bbox 1776 4430 1916 4469; x_wconf 79' lang='lat' dir='ltr'>mce-</span> 
     </span>
    </p>
   </div>
   <div class='ocr_carea' id='block_1_81' title="bbox 234 4503 1417 4585">
    <p class='ocr_par' dir='ltr' id='par_1_81' title="bbox 234 4503 1417 4585">
     <span class='ocr_line' id='line_1_82' title="bbox 234 4503 1417 4585; baseline -0.008 -18"><span class='ocrx_word' id='word_1_557' title='bbox 234 4524 395 4567; x_wconf 86' lang='lat' dir='ltr'>rore</span> <span class='ocrx_word' id='word_1_558' title='bbox 426 4506 748 4563; x_wconf 83' lang='lat' dir='ltr'>defluentes</span> <span class='ocrx_word' id='word_1_559' title='bbox 776 4503 1036 4585; x_wconf 73' lang='lat' dir='ltr'>pecunia:</span> <span class='ocrx_word' id='word_1_560' title='bbox 1063 4521 1180 4558; x_wconf 73' lang='lat' dir='ltr'>suae</span> <span class='ocrx_word' id='word_1_561' title='bbox 1223 4503 1417 4558; x_wconf 82' lang='lat' dir='ltr'>funus.</span> 
     </span>
    </p>
   </div>
   <div class='ocr_carea' id='block_1_82' title="bbox 331 4616 1926 4697">
    <p class='ocr_par' dir='ltr' id='par_1_82' title="bbox 331 4616 1926 4697">
     <span class='ocr_line' id='line_1_83' title="bbox 331 4616 1926 4697; baseline -0.005 -18"><span class='ocrx_word' id='word_1_562' title='bbox 331 4622 454 4697; x_wconf 63' lang='lat'>(3:2)</span> <span class='ocrx_word' id='word_1_563' title='bbox 489 4621 679 4692; x_wconf 77' lang='lat' dir='ltr'>Capite</span> <span class='ocrx_word' id='word_1_564' title='bbox 721 4619 1129 4697; x_wconf 28' lang='lat' dir='ltr'>minutushhoc</span> <span class='ocrx_word' id='word_1_565' title='bbox 1168 4623 1277 4685; x_wconf 88' lang='lat' dir='ltr'>est,</span> <span class='ocrx_word' id='word_1_566' title='bbox 1310 4616 1926 4697; x_wconf 75' lang='lat' dir='ltr'>nobilitatisdejectus</span> 
     </span>
    </p>
   </div>
   <div class='ocr_carea' id='block_1_83' title="bbox 294 4688 1929 4764">
    <p class='ocr_par' dir='ltr' id='par_1_83' title="bbox 294 4688 1929 4764">
     <span class='ocr_line' id='line_1_84' title="bbox 294 4688 1929 4764; baseline -0.004 -13"><span class='ocrx_word' id='word_1_567' title='bbox 294 4688 481 4762; x_wconf 79' lang='lat' dir='ltr'>radu,</span> <span class='ocrx_word' id='word_1_568' title='bbox 517 4688 689 4764; x_wconf 78' lang='lat' dir='ltr'>atque</span> <span class='ocrx_word' id='word_1_569' title='bbox 730 4692 790 4747; x_wconf 92' lang='lat' dir='ltr'>in</span> <span class='ocrx_word' id='word_1_570' title='bbox 836 4690 1195 4764; x_wconf 89' lang='lat' dir='ltr'>plebeiorum</span> <span class='ocrx_word' id='word_1_571' title='bbox 1246 4690 1511 4745; x_wconf 89' lang='lat' dir='ltr'>ominum</span> <span class='ocrx_word' id='word_1_572' title='bbox 1542 4688 1807 4744; x_wconf 87' lang='lat' dir='ltr'>ordinem</span> <span class='ocrx_word' id='word_1_573' title='bbox 1842 4704 1929 4745; x_wconf 85' lang='lat' dir='ltr'>re-</span> 
     </span>
    </p>
   </div>
   <div class='ocr_carea' id='block_1_84' title="bbox 297 4771 506 4822">
    <p class='ocr_par' dir='ltr' id='par_1_84' title="bbox 297 4771 506 4822">
     <span class='ocr_line' id='line_1_85' title="bbox 297 4771 506 4822; baseline -0.019 0"><span class='ocrx_word' id='word_1_574' title='bbox 297 4771 506 4822; x_wconf 82' lang='lat' dir='ltr'>actus.</span> 
     </span>
    </p>
   </div>
   <div class='ocr_carea' id='block_1_85' title="bbox 339 4830 1933 4907">
    <p class='ocr_par' dir='ltr' id='par_1_85' title="bbox 339 4830 1933 4907">
     <span class='ocr_line' id='line_1_86' title="bbox 339 4830 1933 4907; baseline -0.005 -14"><span class='ocrx_word' id='word_1_575' title='bbox 339 4838 460 4907; x_wconf 81' lang='lat'>(33)</span> <span class='ocrx_word' id='word_1_576' title='bbox 504 4836 671 4890; x_wconf 79' lang='lat' dir='ltr'>Rom.</span> <span class='ocrx_word' id='word_1_577' title='bbox 704 4834 868 4907; x_wconf 85' lang='lat' dir='ltr'>edit.,</span> <span class='ocrx_word' id='word_1_578' title='bbox 900 4834 1211 4887; x_wconf 76' lang='lat' dir='ltr'>clauserum</span> <span class='ocrx_word' id='word_1_579' title='bbox 1255 4833 1497 4907; x_wconf 63' lang='lat' dir='ltr'>mugitus</span> <span class='ocrx_word' id='word_1_580' title='bbox 1544 4830 1614 4885; x_wconf 87' lang='lat' dir='ltr'>ad</span> <span class='ocrx_word' id='word_1_581' title='bbox 1671 4830 1785 4885; x_wconf 83' lang='lat' dir='ltr'>alta</span> <span class='ocrx_word' id='word_1_582' title='bbox 1809 4846 1933 4903; x_wconf 83' lang='lat' dir='ltr'>per-</span> 
     </span>
    </p>
   </div>
   <div class='ocr_carea' id='block_1_86' title="bbox 232 4904 1932 4966">
    <p class='ocr_par' dir='ltr' id='par_1_86' title="bbox 232 4904 1932 4966">
     <span class='ocr_line' id='line_1_87' title="bbox 232 4904 1932 4966; baseline -0.006 0"><span class='ocrx_word' id='word_1_583' title='bbox 232 4904 563 4966; x_wconf 67' lang='lat' dir='ltr'>sonabant.</span> <span class='ocrx_word' id='word_1_584' title='bbox 598 4911 664 4961; x_wconf 81' lang='lat' dir='ltr'>At</span> <span class='ocrx_word' id='word_1_585' title='bbox 694 4906 1003 4960; x_wconf 89' lang='lat' dir='ltr'>nobiscum</span> <span class='ocrx_word' id='word_1_586' title='bbox 1053 4910 1167 4959; x_wconf 86' lang='lat' dir='ltr'>vet.</span> <span class='ocrx_word' id='word_1_587' title='bbox 1218 4904 1339 4958; x_wconf 89' lang='lat' dir='ltr'>edit</span> <span class='ocrx_word' id='word_1_588' title='bbox 1383 4908 1440 4957; x_wconf 91' lang='lat' dir='ltr'>et</span> <span class='ocrx_word' id='word_1_589' title='bbox 1495 4918 1637 4957; x_wconf 88' lang='lat' dir='ltr'>mss.</span> <span class='ocrx_word' id='word_1_590' title='bbox 1693 4918 1932 4957; x_wconf 87' lang='lat' dir='ltr'>consen-</span> 
     </span>
    </p>
   </div>
   <div class='ocr_carea' id='block_1_87' title="bbox 240 4974 1933 5048">
    <p class='ocr_par' dir='ltr' id='par_1_87' title="bbox 240 4974 1933 5048">
     <span class='ocr_line' id='line_1_88' title="bbox 240 4974 1933 5048; baseline -0.005 -12"><span class='ocrx_word' id='word_1_591' title='bbox 240 4983 455 5045; x_wconf 76' lang='lat' dir='ltr'>tiunt,</span> <span class='ocrx_word' id='word_1_592' title='bbox 488 4978 600 5033; x_wconf 88' lang='lat' dir='ltr'>nisi</span> <span class='ocrx_word' id='word_1_593' title='bbox 635 4977 793 5048; x_wconf 91' lang='lat' dir='ltr'>quod</span> <span class='ocrx_word' id='word_1_594' title='bbox 828 4976 1263 5048; x_wconf 68' lang='lat' dir='ltr'>illaescriptoris</span> <span class='ocrx_word' id='word_1_595' title='bbox 1296 4974 1431 5029; x_wconf 90' lang='lat' dir='ltr'>vitio</span> <span class='ocrx_word' id='word_1_596' title='bbox 1462 4991 1586 5045; x_wconf 90' lang='lat' dir='ltr'>pro,</span> <span class='ocrx_word' id='word_1_597' title='bbox 1620 4974 1933 5048; x_wconf 77' lang='lat' dir='ltr'>clausorum</span> 
     </span>
    </p>
   </div>
   <div class='ocr_carea' id='block_1_88' title="bbox 245 5045 1931 5120">
    <p class='ocr_par' dir='ltr' id='par_1_88' title="bbox 245 5045 1931 5120">
     <span class='ocr_line' id='line_1_89' title="bbox 245 5045 1931 5120; baseline -0.005 -13"><span class='ocrx_word' id='word_1_598' title='bbox 245 5052 523 5117; x_wconf 74' lang='lat' dir='ltr'>habent,</span> <span class='ocrx_word' id='word_1_599' title='bbox 550 5045 896 5120; x_wconf 74' lang='lat' dir='ltr'>plauserunt.</span> <span class='ocrx_word' id='word_1_600' title='bbox 925 5045 1107 5120; x_wconf 75' lang='lat' dir='ltr'>Porro</span> <span class='ocrx_word' id='word_1_601' title='bbox 1132 5051 1263 5120; x_wconf 83' lang='lat' dir='ltr'>post</span> <span class='ocrx_word' id='word_1_602' title='bbox 1312 5062 1496 5109; x_wconf 87' lang='lat' dir='ltr'>voces,</span> <span class='ocrx_word' id='word_1_603' title='bbox 1547 5045 1696 5120; x_wconf 70' lang='lat' dir='ltr'>talia</span> <span class='ocrx_word' id='word_1_604' title='bbox 1744 5060 1931 5116; x_wconf 84' lang='lat' dir='ltr'>perso-</span> 
     </span>
    </p>
   </div>
   <div class='ocr_carea' id='block_1_89' title="bbox 240 5117 1932 5190">
    <p class='ocr_par' dir='ltr' id='par_1_89' title="bbox 240 5117 1932 5190">
     <span class='ocr_line' id='line_1_90' title="bbox 240 5117 1932 5190; baseline -0.005 -11"><span class='ocrx_word' id='word_1_605' title='bbox 240 5122 509 5187; x_wconf 79' lang='lat' dir='ltr'>nabant,</span> <span class='ocrx_word' id='word_1_606' title='bbox 541 5117 774 5174; x_wconf 79' lang='lat' dir='ltr'>videtur</span> <span class='ocrx_word' id='word_1_607' title='bbox 803 5117 1388 5190; x_wconf 76' lang='lat' dir='ltr'>subintelligendiim,</span> <span class='ocrx_word' id='word_1_608' title='bbox 1432 5117 1621 5189; x_wconf 85' lang='lat' dir='ltr'>qualia</span> <span class='ocrx_word' id='word_1_609' title='bbox 1676 5118 1736 5171; x_wconf 82' lang='lat' dir='ltr'>in</span> <span class='ocrx_word' id='word_1_610' title='bbox 1787 5131 1932 5171; x_wconf 74' lang='lat' dir='ltr'>exse-</span> 
     </span>
    </p>
   </div>
   <div class='ocr_carea' id='block_1_90' title="bbox 244 5194 762 5268">
    <p class='ocr_par' dir='ltr' id='par_1_90' title="bbox 244 5194 762 5268">
     <span class='ocr_line' id='line_1_91' title="bbox 244 5194 762 5268; baseline -0.008 -20"><span class='ocrx_word' id='word_1_611' title='bbox 244 5195 438 5268; x_wconf 70' lang='lat' dir='ltr'>quiis</span> <span class='ocrx_word' id='word_1_612' title='bbox 452 5194 762 5268; x_wconf 63' lang='lat' dir='ltr'>personant.</span> 
     </span>
    </p>
   </div>
   <div class='ocr_carea' id='block_1_91' title="bbox 350 5256 1933 5335">
    <p class='ocr_par' dir='ltr' id='par_1_91' title="bbox 350 5256 1933 5335">
     <span class='ocr_line' id='line_1_92' title="bbox 350 5256 1933 5335; baseline -0.003 -18"><span class='ocrx_word' id='word_1_613' title='bbox 350 5256 688 5335; x_wconf 68' lang='lat' dir='ltr'>(34)0mnes</span> <span class='ocrx_word' id='word_1_614' title='bbox 718 5261 883 5329; x_wconf 91' lang='lat' dir='ltr'>edit.,</span> <span class='ocrx_word' id='word_1_615' title='bbox 934 5278 1115 5316; x_wconf 75' lang='lat' dir='ltr'>usura:</span> <span class='ocrx_word' id='word_1_616' title='bbox 1170 5262 1440 5325; x_wconf 79' lang='lat' dir='ltr'>victoria;</span> <span class='ocrx_word' id='word_1_617' title='bbox 1490 5275 1634 5315; x_wconf 91' lang='lat' dir='ltr'>mss.</span> <span class='ocrx_word' id='word_1_618' title='bbox 1690 5258 1806 5313; x_wconf 80' lang='lat' dir='ltr'>fere</span> <span class='ocrx_word' id='word_1_619' title='bbox 1862 5256 1933 5312; x_wconf 91' lang='lat' dir='ltr'>ad</span> 
     </span>
    </p>
   </div>
   <div class='ocr_carea' id='block_1_92' title="bbox 244 5335 973 5396">
    <p class='ocr_par' dir='ltr' id='par_1_92' title="bbox 244 5335 973 5396">
     <span class='ocr_line' id='line_1_93' title="bbox 244 5335 973 5396; baseline -0.011 0"><span class='ocrx_word' id='word_1_620' title='bbox 244 5352 471 5396; x_wconf 80' lang='lat' dir='ltr'>unum</span> <span class='ocrx_word' id='word_1_621' title='bbox 488 5348 676 5391; x_wconf 63' lang='lat' dir='ltr'>usurae</span> <span class='ocrx_word' id='word_1_622' title='bbox 708 5335 973 5390; x_wconf 52' lang='lat' dir='ltr'>victoria.</span> 
     </span>
    </p>
   </div>
   <div class='ocr_carea' id='block_1_93' title="bbox 354 5398 1934 5489">
    <p class='ocr_par' dir='ltr' id='par_1_93' title="bbox 354 5398 1934 5489">
     <span class='ocr_line' id='line_1_94' title="bbox 354 5398 1934 5489; baseline -0.006 -27"><span class='ocrx_word' id='word_1_623' title='bbox 536 5404 686 5489; x_wconf 79' lang='lat' dir='ltr'>Edi_t.</span> <span class='ocrx_word' id='word_1_624' title='bbox 710 5403 1104 5489; x_wconf 35' lang='lat' dir='ltr'>&#39;ﬁ‘omw&#39;ﬁed</span> <span class='ocrx_word' id='word_1_625' title='bbox 1156 5404 1207 5489; x_wconf 69' lang='lat' dir='ltr'>et</span> <span class='ocrx_word' id='word_1_626' title='bbox 1232 5402 1346 5458; x_wconf 85' lang='lat' dir='ltr'>hos.</span> <span class='ocrx_word' id='word_1_627' title='bbox 1382 5443 1393 5455; x_wconf 94' lang='lat'>.</span> <span class='ocrx_word' id='word_1_628' title='bbox 1432 5398 1774 5489; x_wconf 37' lang='lat' dir='ltr'>.mflarriuat.‘r</span> <span class='ocrx_word' id='word_1_629' title='bbox 1805 5402 1934 5489; x_wconf 56' lang='lat' dir='ltr'>Yet,</span> 
     </span>
    </p>
   </div>
   <div class='ocr_carea' id='block_1_94' title="bbox 234 5470 1932 5537">
    <p class='ocr_par' dir='ltr' id='par_1_94' title="bbox 234 5470 1932 5537">
     <span class='ocr_line' id='line_1_95' title="bbox 234 5470 1932 5537; baseline -0.007 0"><span class='ocrx_word' id='word_1_630' title='bbox 234 5470 421 5537; x_wconf 75' lang='lat' dir='ltr'>edit.</span> <span class='ocrx_word' id='word_1_631' title='bbox 452 5470 511 5533; x_wconf 77' lang='lat' dir='ltr'>et</span> <span class='ocrx_word' id='word_1_632' title='bbox 549 5477 676 5532; x_wconf 79' lang='lat' dir='ltr'>end.</span> <span class='ocrx_word' id='word_1_633' title='bbox 710 5475 836 5531; x_wconf 84' lang='lat' dir='ltr'>Vat.</span> <span class='ocrx_word' id='word_1_634' title='bbox 872 5481 926 5531; x_wconf 87' lang='lat' dir='ltr'>et</span> <span class='ocrx_word' id='word_1_635' title='bbox 958 5476 1103 5529; x_wconf 71' lang='lat' dir='ltr'>Vict.</span> <span class='ocrx_word' id='word_1_636' title='bbox 1141 5474 1423 5529; x_wconf 56' lang='lat' dir='ltr'>damnans.</span> <span class='ocrx_word' id='word_1_637' title='bbox 1455 5470 1707 5535; x_wconf 89' lang='lat' dir='ltr'>Tbuan.,</span> <span class='ocrx_word' id='word_1_638' title='bbox 1751 5470 1932 5526; x_wconf 87' lang='lat' dir='ltr'>Laud.</span> 
     </span>
    </p>
   </div>
   <div class='ocr_carea' id='block_1_95' title="bbox 238 5541 1937 5609">
    <p class='ocr_par' dir='ltr' id='par_1_95' title="bbox 238 5541 1937 5609">
     <span class='ocr_line' id='line_1_96' title="bbox 238 5541 1937 5609; baseline -0.006 0"><span class='ocrx_word' id='word_1_639' title='bbox 238 5559 325 5609; x_wconf 77' lang='lat' dir='ltr'>et</span> <span class='ocrx_word' id='word_1_640' title='bbox 385 5550 571 5604; x_wconf 87' lang='lat' dir='ltr'>Dion..</span> <span class='ocrx_word' id='word_1_641' title='bbox 606 5548 708 5605; x_wconf 69' lang='lat' dir='ltr'>Sed</span> <span class='ocrx_word' id='word_1_642' title='bbox 737 5552 789 5603; x_wconf 75' lang='lat' dir='ltr'>ct</span> <span class='ocrx_word' id='word_1_643' title='bbox 837 5552 999 5602; x_wconf 77' lang='lat' dir='ltr'>inter.</span> <span class='ocrx_word' id='word_1_644' title='bbox 1046 5549 1204 5602; x_wconf 75' lang='lat' dir='ltr'>lius...</span> <span class='ocrx_word' id='word_1_645' title='bbox 1238 5546 1527 5599; x_wconf 62' lang='lat' dir='ltr'>(hiemans.</span> <span class='ocrx_word' id='word_1_646' title='bbox 1583 5541 1739 5598; x_wconf 88' lang='lat' dir='ltr'>Colb.</span> <span class='ocrx_word' id='word_1_647' title='bbox 1775 5541 1937 5599; x_wconf 88' lang='lat' dir='ltr'>solus</span> 
     </span>
    </p>
   </div>
   <div class='ocr_carea' id='block_1_96' title="bbox 239 5616 1933 5703">
    <p class='ocr_par' dir='ltr' id='par_1_96' title="bbox 239 5616 1933 5703">
     <span class='ocr_line' id='line_1_97' title="bbox 239 5616 1933 5703; baseline -0.004 -25"><span class='ocrx_word' id='word_1_648' title='bbox 239 5621 576 5703; x_wconf 65' lang='lat' dir='ltr'>praeluxit,</span> <span class='ocrx_word' id='word_1_649' title='bbox 636 5624 701 5675; x_wconf 88' lang='lat' dir='ltr'>ut</span> <span class='ocrx_word' id='word_1_650' title='bbox 774 5619 1099 5675; x_wconf 89' lang='lat' dir='ltr'>scribarum</span> <span class='ocrx_word' id='word_1_651' title='bbox 1176 5616 1408 5691; x_wconf 90' lang='lat' dir='ltr'>lapsum</span> <span class='ocrx_word' id='word_1_652' title='bbox 1462 5629 1933 5688; x_wconf 83' lang='lat' dir='ltr'>agnosceremus,</span> 
     </span>
    </p>
   </div>
   <div class='ocr_carea' id='block_1_97' title="bbox 612 5745 1087 5813">
    <p class='ocr_par' dir='ltr' id='par_1_97' title="bbox 612 5745 1087 5813">
     <span class='ocr_line' id='line_1_98' title="bbox 612 5745 1087 5813; baseline 0 -4"><span class='ocrx_word' id='word_1_653' title='bbox 612 5747 876 5812; x_wconf 72' lang='lat' dir='ltr'>PATROL.</span> <span class='ocrx_word' id='word_1_654' title='bbox 924 5745 1087 5813; x_wconf 80' lang='lat' dir='ltr'>XIV.</span> 
     </span>
    </p>
   </div>
   <div class='ocr_carea' id='block_1_98' title="bbox 2028 3257 3689 3329">
    <p class='ocr_par' dir='ltr' id='par_1_98' title="bbox 2028 3257 3689 3329">
     <span class='ocr_line' id='line_1_99' title="bbox 2028 3257 3689 3329; baseline 0.001 -15"><span class='ocrx_word' id='word_1_655' title='bbox 2028 3259 2345 3314; x_wconf 85' lang='lat' dir='ltr'>inl’amium</span> <span class='ocrx_word' id='word_1_656' title='bbox 2389 3258 2678 3315; x_wconf 87' lang='lat' dir='ltr'>sententia</span> <span class='ocrx_word' id='word_1_657' title='bbox 2726 3258 2962 3329; x_wconf 83' lang='lat' dir='ltr'>gravius</span> <span class='ocrx_word' id='word_1_658' title='bbox 3001 3274 3180 3328; x_wconf 88' lang='lat' dir='ltr'>quam</span> <span class='ocrx_word' id='word_1_659' title='bbox 3240 3274 3489 3315; x_wconf 86' lang='lat' dir='ltr'>censura</span> <span class='ocrx_word' id='word_1_660' title='bbox 3526 3257 3689 3329; x_wconf 79' lang='lat' dir='ltr'>judi-</span> 
     </span>
    </p>
   </div>
   <div class='ocr_carea' id='block_1_99' title="bbox 2027 3345 3694 3417">
    <p class='ocr_par' dir='ltr' id='par_1_99' title="bbox 2027 3345 3694 3417">
     <span class='ocr_line' id='line_1_100' title="bbox 2027 3345 3694 3417; baseline 0.001 -15"><span class='ocrx_word' id='word_1_661' title='bbox 2027 3347 2252 3403; x_wconf 88' lang='lat' dir='ltr'>dicialis</span> <span class='ocrx_word' id='word_1_662' title='bbox 2277 3347 2458 3402; x_wconf 88' lang='lat' dir='ltr'>inurit</span> <span class='ocrx_word' id='word_1_663' title='bbox 2478 3346 2859 3417; x_wconf 90' lang='lat' dir='ltr'>opprobrium</span> <span class='ocrx_word' id='word_1_664' title='bbox 2896 3363 2908 3400; x_wconf 93' lang='lat'>:</span> <span class='ocrx_word' id='word_1_665' title='bbox 2934 3347 3213 3416; x_wconf 89' lang='lat' dir='ltr'>quoniam</span> <span class='ocrx_word' id='word_1_666' title='bbox 3235 3346 3337 3417; x_wconf 88' lang='lat' dir='ltr'>qui</span> <span class='ocrx_word' id='word_1_667' title='bbox 3370 3345 3694 3417; x_wconf 78' lang='lat' dir='ltr'>apudjudi-</span> 
     </span>
    </p>
   </div>
   <div class='ocr_carea' id='block_1_100' title="bbox 2028 3432 3689 3506">
    <p class='ocr_par' dir='ltr' id='par_1_100' title="bbox 2028 3432 3689 3506">
     <span class='ocr_line' id='line_1_101' title="bbox 2028 3432 3689 3506; baseline -0.001 -15"><span class='ocrx_word' id='word_1_668' title='bbox 2028 3453 2155 3492; x_wconf 86' lang='lat' dir='ltr'>cem</span> <span class='ocrx_word' id='word_1_669' title='bbox 2186 3437 2563 3500; x_wconf 85' lang='lat' dir='ltr'>damnantur,</span> <span class='ocrx_word' id='word_1_670' title='bbox 2596 3435 2751 3506; x_wconf 89' lang='lat' dir='ltr'>apud</span> <span class='ocrx_word' id='word_1_671' title='bbox 2778 3433 2911 3489; x_wconf 86' lang='lat' dir='ltr'>illos</span> <span class='ocrx_word' id='word_1_672' title='bbox 2926 3432 3166 3505; x_wconf 83' lang='lat' dir='ltr'>gloriosi</span> <span class='ocrx_word' id='word_1_673' title='bbox 3198 3437 3339 3491; x_wconf 87' lang='lat' dir='ltr'>sunt</span> <span class='ocrx_word' id='word_1_674' title='bbox 3361 3451 3375 3491; x_wconf 90' lang='lat'>:</span> <span class='ocrx_word' id='word_1_675' title='bbox 3401 3434 3501 3506; x_wconf 91' lang='lat' dir='ltr'>qui</span> <span class='ocrx_word' id='word_1_676' title='bbox 3534 3435 3689 3506; x_wconf 83' lang='lat' dir='ltr'>apud</span> 
     </span>
    </p>
   </div>
   <div class='ocr_carea' id='block_1_101' title="bbox 2022 3521 3686 3593">
    <p class='ocr_par' dir='ltr' id='par_1_101' title="bbox 2022 3521 3686 3593">
     <span class='ocr_line' id='line_1_102' title="bbox 2022 3521 3686 3593; baseline -0.002 -12"><span class='ocrx_word' id='word_1_677' title='bbox 2022 3525 2161 3590; x_wconf 85' lang='lat' dir='ltr'>illos</span> <span class='ocrx_word' id='word_1_678' title='bbox 2216 3524 2590 3589; x_wconf 85' lang='lat' dir='ltr'>damnantur,</span> <span class='ocrx_word' id='word_1_679' title='bbox 2626 3522 2779 3593; x_wconf 85' lang='lat' dir='ltr'>apud</span> <span class='ocrx_word' id='word_1_680' title='bbox 2823 3521 3092 3592; x_wconf 85' lang='lat' dir='ltr'>judicem</span> <span class='ocrx_word' id='word_1_681' title='bbox 3140 3521 3444 3579; x_wconf 88' lang='lat' dir='ltr'>criminosi</span> <span class='ocrx_word' id='word_1_682' title='bbox 3528 3526 3686 3581; x_wconf 74' lang='lat' dir='ltr'>sunt.</span> 
     </span>
    </p>
   </div>
   <div class='ocr_carea' id='block_1_102' title="bbox 2028 3609 3688 3684">
    <p class='ocr_par' dir='ltr' id='par_1_102' title="bbox 2028 3609 3688 3684">
     <span class='ocr_line' id='line_1_103' title="bbox 2028 3609 3688 3684; baseline -0.001 -14"><span class='ocrx_word' id='word_1_683' title='bbox 2028 3612 2231 3670; x_wconf 88' lang='lat' dir='ltr'>Nobile</span> <span class='ocrx_word' id='word_1_684' title='bbox 2259 3610 2565 3667; x_wconf 83' lang='lat' dir='ltr'>constituit</span> <span class='ocrx_word' id='word_1_685' title='bbox 2598 3609 2825 3682; x_wconf 87' lang='lat' dir='ltr'>Moyses</span> <span class='ocrx_word' id='word_1_686' title='bbox 2856 3609 3155 3666; x_wconf 89' lang='lat' dir='ltr'>seniorum</span> <span class='ocrx_word' id='word_1_687' title='bbox 3183 3610 3473 3680; x_wconf 89' lang='lat' dir='ltr'>judicium</span> <span class='ocrx_word' id='word_1_688' title='bbox 3494 3611 3688 3684; x_wconf 71' lang='lat' dir='ltr'>(Exod.</span> 
     </span>
    </p>
   </div>
   <div class='ocr_carea' id='block_1_103' title="bbox 2026 3697 3690 3770">
    <p class='ocr_par' dir='ltr' id='par_1_103' title="bbox 2026 3697 3690 3770">
     <span class='ocr_line' id='line_1_104' title="bbox 2026 3697 3690 3770; baseline -0.002 -11"><span class='ocrx_word' id='word_1_689' title='bbox 2026 3720 2186 3766; x_wconf 83' lang='lat' dir='ltr'>xvui,</span> <span class='ocrx_word' id='word_1_690' title='bbox 2234 3698 2455 3769; x_wconf 71' lang='lat'>24-26):</span> <span class='ocrx_word' id='word_1_691' title='bbox 2508 3697 2564 3752; x_wconf 88' lang='lat' dir='ltr'>hi</span> <span class='ocrx_word' id='word_1_692' title='bbox 2612 3700 2808 3754; x_wconf 88' lang='lat' dir='ltr'>tamen</span> <span class='ocrx_word' id='word_1_693' title='bbox 2859 3698 2929 3753; x_wconf 90' lang='lat' dir='ltr'>de</span> <span class='ocrx_word' id='word_1_694' title='bbox 2976 3697 3294 3754; x_wconf 87' lang='lat' dir='ltr'>levioribus</span> <span class='ocrx_word' id='word_1_695' title='bbox 3339 3700 3690 3770; x_wconf 83' lang='lat' dir='ltr'>judicabant</span> 
     </span>
    </p>
   </div>
   <div class='ocr_carea' id='block_1_104' title="bbox 2025 3786 3689 3861">
    <p class='ocr_par' dir='ltr' id='par_1_104' title="bbox 2025 3786 3689 3861">
     <span class='ocr_line' id='line_1_105' title="bbox 2025 3786 3689 3861; baseline -0.003 -13"><span class='ocrx_word' id='word_1_696' title='bbox 2025 3791 2266 3847; x_wconf 83' lang='lat' dir='ltr'>verbum</span> <span class='ocrx_word' id='word_1_697' title='bbox 2298 3804 2489 3861; x_wconf 89' lang='lat' dir='ltr'>grave,</span> <span class='ocrx_word' id='word_1_698' title='bbox 2523 3786 2632 3841; x_wconf 91' lang='lat' dir='ltr'>hoc</span> <span class='ocrx_word' id='word_1_699' title='bbox 2665 3786 2850 3841; x_wconf 86' lang='lat' dir='ltr'>estde</span> <span class='ocrx_word' id='word_1_700' title='bbox 2882 3786 3210 3857; x_wconf 90' lang='lat' dir='ltr'>potioribus</span> <span class='ocrx_word' id='word_1_701' title='bbox 3234 3788 3480 3860; x_wconf 84' lang='lat' dir='ltr'>negotiis</span> <span class='ocrx_word' id='word_1_702' title='bbox 3504 3788 3689 3860; x_wconf 74' lang='lat' dir='ltr'>Moysi</span> 
     </span>
    </p>
   </div>
   <div class='ocr_carea' id='block_1_105' title="bbox 2018 3874 3685 3952">
    <p class='ocr_par' dir='ltr' id='par_1_105' title="bbox 2018 3874 3685 3952">
     <span class='ocr_line' id='line_1_106' title="bbox 2018 3874 3685 3952; baseline -0.003 -17"><span class='ocrx_word' id='word_1_703' title='bbox 2018 3878 2246 3952; x_wconf 89' lang='lat' dir='ltr'>judicio</span> <span class='ocrx_word' id='word_1_704' title='bbox 2279 3891 2570 3932; x_wconf 89' lang='lat' dir='ltr'>reservare</span> <span class='ocrx_word' id='word_1_705' title='bbox 2602 3877 3046 3929; x_wconf 73' lang='lat' dir='ltr'>consueverant.</span> <span class='ocrx_word' id='word_1_706' title='bbox 3082 3874 3184 3929; x_wconf 90' lang='lat' dir='ltr'>Hic</span> <span class='ocrx_word' id='word_1_707' title='bbox 3215 3874 3468 3929; x_wconf 92' lang='lat' dir='ltr'>dicitur:</span> <span class='ocrx_word' id='word_1_708' title='bbox 3520 3875 3685 3931; x_wconf 86' lang='lat' dir='ltr'>Aleo-</span> 
     </span>
    </p>
   </div>
   <div class='ocr_carea' id='block_1_106' title="bbox 2028 3961 3690 4035">
    <p class='ocr_par' dir='ltr' id='par_1_106' title="bbox 2028 3961 3690 4035">
     <span class='ocr_line' id='line_1_107' title="bbox 2028 3961 3690 4035; baseline -0.004 -12"><span class='ocrx_word' id='word_1_709' title='bbox 2028 3984 2170 4023; x_wconf 89' lang='lat' dir='ltr'>num</span> <span class='ocrx_word' id='word_1_710' title='bbox 2210 3964 2523 4021; x_wconf 89' lang='lat' dir='ltr'>consilium</span> <span class='ocrx_word' id='word_1_711' title='bbox 2562 3963 2871 4034; x_wconf 85' lang='lat' dir='ltr'>judicavit,</span> <span class='ocrx_word' id='word_1_712' title='bbox 2925 3968 2982 4018; x_wconf 87' lang='lat' dir='ltr'>et</span> <span class='ocrx_word' id='word_1_713' title='bbox 3012 3961 3149 4035; x_wconf 88' lang='lat' dir='ltr'>plus</span> <span class='ocrx_word' id='word_1_714' title='bbox 3196 3978 3400 4018; x_wconf 91' lang='lat' dir='ltr'>eorum</span> <span class='ocrx_word' id='word_1_715' title='bbox 3449 3961 3690 4019; x_wconf 90' lang='lat' dir='ltr'>timetur</span> 
     </span>
    </p>
   </div>
   <div class='ocr_carea' id='block_1_107' title="bbox 2030 4050 3687 4129">
    <p class='ocr_par' dir='ltr' id='par_1_107' title="bbox 2030 4050 3687 4129">
     <span class='ocr_line' id='line_1_108' title="bbox 2030 4050 3687 4129; baseline -0.004 -17"><span class='ocrx_word' id='word_1_716' title='bbox 2030 4055 2308 4129; x_wconf 89' lang='lat' dir='ltr'>potentia,</span> <span class='ocrx_word' id='word_1_717' title='bbox 2344 4070 2520 4127; x_wconf 86' lang='lat' dir='ltr'>quam</span> <span class='ocrx_word' id='word_1_718' title='bbox 2550 4051 2789 4109; x_wconf 87' lang='lat' dir='ltr'>leonum</span> <span class='ocrx_word' id='word_1_719' title='bbox 2820 4052 2951 4123; x_wconf 79' lang='lat'>(36).</span> <span class='ocrx_word' id='word_1_720' title='bbox 2987 4051 3142 4108; x_wconf 89' lang='lat' dir='ltr'>Inter</span> <span class='ocrx_word' id='word_1_721' title='bbox 3180 4050 3288 4109; x_wconf 81' lang='lat' dir='ltr'>has</span> <span class='ocrx_word' id='word_1_722' title='bbox 3335 4051 3488 4111; x_wconf 80' lang='lat' dir='ltr'>feras</span> <span class='ocrx_word' id='word_1_723' title='bbox 3542 4050 3687 4113; x_wconf 64' lang='lat' dir='ltr'>vittis</span> 
     </span>
    </p>
   </div>
   <div class='ocr_carea' id='block_1_108' title="bbox 2031 4140 3688 4217">
    <p class='ocr_par' dir='ltr' id='par_1_108' title="bbox 2031 4140 3688 4217">
     <span class='ocr_line' id='line_1_109' title="bbox 2031 4140 3688 4217; baseline -0.003 -16"><span class='ocrx_word' id='word_1_724' title='bbox 2031 4148 2540 4214; x_wconf 78' lang='lat' dir='ltr'>lorueratoratque</span> <span class='ocrx_word' id='word_1_725' title='bbox 2575 4142 2847 4198; x_wconf 87' lang='lat' dir='ltr'>versaris.</span> <span class='ocrx_word' id='word_1_726' title='bbox 2884 4141 2986 4197; x_wconf 89' lang='lat' dir='ltr'>His</span> <span class='ocrx_word' id='word_1_727' title='bbox 3013 4141 3210 4196; x_wconf 80' lang='lat' dir='ltr'>bestiis</span> <span class='ocrx_word' id='word_1_728' title='bbox 3257 4140 3453 4196; x_wconf 89' lang='lat' dir='ltr'>cibum</span> <span class='ocrx_word' id='word_1_729' title='bbox 3484 4140 3688 4217; x_wconf 79' lang='lat' dir='ltr'>eripis,</span> 
     </span>
    </p>
   </div>
   <div class='ocr_carea' id='block_1_109' title="bbox 2032 4229 3613 4302">
    <p class='ocr_par' dir='ltr' id='par_1_109' title="bbox 2032 4229 3613 4302">
     <span class='ocr_line' id='line_1_110' title="bbox 2032 4229 3613 4302; baseline -0.002 -11"><span class='ocrx_word' id='word_1_730' title='bbox 2032 4236 2124 4291; x_wconf 89' lang='lat' dir='ltr'>bis</span> <span class='ocrx_word' id='word_1_731' title='bbox 2156 4233 2356 4290; x_wconf 90' lang='lat' dir='ltr'>tetrior</span> <span class='ocrx_word' id='word_1_732' title='bbox 2387 4231 2717 4298; x_wconf 71' lang='lat' dir='ltr'>zestimaris,</span> <span class='ocrx_word' id='word_1_733' title='bbox 2753 4231 2845 4287; x_wconf 90' lang='lat' dir='ltr'>his</span> <span class='ocrx_word' id='word_1_734' title='bbox 2876 4229 3168 4286; x_wconf 90' lang='lat' dir='ltr'>crudelior</span> <span class='ocrx_word' id='word_1_735' title='bbox 3201 4229 3334 4302; x_wconf 90' lang='lat' dir='ltr'>plus</span> <span class='ocrx_word' id='word_1_736' title='bbox 3369 4230 3613 4301; x_wconf 83' lang='lat' dir='ltr'>timeris.</span> 
     </span>
    </p>
   </div>
   <div class='ocr_carea' id='block_1_110' title="bbox 2095 4317 3676 4393">
    <p class='ocr_par' dir='ltr' id='par_1_110' title="bbox 2095 4317 3676 4393">
     <span class='ocr_line' id='line_1_111' title="bbox 2095 4317 3676 4393; baseline 0.003 -18"><span class='ocrx_word' id='word_1_737' title='bbox 2095 4324 2184 4378; x_wconf 79' lang='grc'>39.</span> <span class='ocrx_word' id='word_1_738' title='bbox 2225 4325 2435 4377; x_wconf 84' lang='lat' dir='ltr'>Ferunt</span> <span class='ocrx_word' id='word_1_739' title='bbox 2464 4320 2804 4375; x_wconf 86' lang='lat' dir='ltr'>Chunorum</span> <span class='ocrx_word' id='word_1_740' title='bbox 2833 4317 3079 4393; x_wconf 89' lang='lat' dir='ltr'>populos</span> <span class='ocrx_word' id='word_1_741' title='bbox 3132 4319 3408 4376; x_wconf 89' lang='lat' dir='ltr'>omnibus</span> <span class='ocrx_word' id='word_1_742' title='bbox 3458 4319 3676 4380; x_wconf 88' lang='lat' dir='ltr'>bellum</span> 
     </span>
    </p>
   </div>
   <div class='ocr_carea' id='block_1_111' title="bbox 2028 4406 3690 4485">
    <p class='ocr_par' dir='ltr' id='par_1_111' title="bbox 2028 4406 3690 4485">
     <span class='ocr_line' id='line_1_112' title="bbox 2028 4406 3690 4485; baseline 0 -17"><span class='ocrx_word' id='word_1_743' title='bbox 2028 4406 2241 4485; x_wconf 72' lang='lat' dir='ltr'>inferre</span> <span class='ocrx_word' id='word_1_744' title='bbox 2276 4409 2603 4465; x_wconf 88' lang='lat' dir='ltr'>rationibus</span> <span class='ocrx_word' id='word_1_745' title='bbox 2637 4408 2770 4479; x_wconf 77' lang='lat'>(37),</span> <span class='ocrx_word' id='word_1_746' title='bbox 2821 4407 3267 4463; x_wconf 83' lang='lat' dir='ltr'>fceneratoribus</span> <span class='ocrx_word' id='word_1_747' title='bbox 3311 4412 3505 4466; x_wconf 87' lang='lat' dir='ltr'>tamen</span> <span class='ocrx_word' id='word_1_748' title='bbox 3561 4427 3690 4468; x_wconf 86' lang='lat' dir='ltr'>esse</span> 
     </span>
    </p>
   </div>
   <div class='ocr_carea' id='block_1_112' title="bbox 1951 4494 3692 4599">
    <p class='ocr_par' dir='ltr' id='par_1_112' title="bbox 1951 4494 3692 4599">
     <span class='ocr_line' id='line_1_113' title="bbox 1951 4494 3692 4599; baseline -0.001 -42"><span class='ocrx_word' id='word_1_749' title='bbox 1951 4534 1999 4599; x_wconf 82' lang='lat' dir='ltr'><strong>D</strong></span> <span class='ocrx_word' id='word_1_750' title='bbox 2028 4500 2343 4570; x_wconf 89' lang='lat' dir='ltr'>subjectos,</span> <span class='ocrx_word' id='word_1_751' title='bbox 2364 4502 2420 4552; x_wconf 90' lang='lat' dir='ltr'>et</span> <span class='ocrx_word' id='word_1_752' title='bbox 2449 4512 2582 4551; x_wconf 92' lang='lat' dir='ltr'>cum</span> <span class='ocrx_word' id='word_1_753' title='bbox 2607 4495 2734 4551; x_wconf 91' lang='lat' dir='ltr'>sine</span> <span class='ocrx_word' id='word_1_754' title='bbox 2772 4494 3001 4567; x_wconf 89' lang='lat' dir='ltr'>legibus</span> <span class='ocrx_word' id='word_1_755' title='bbox 3058 4495 3273 4564; x_wconf 89' lang='lat' dir='ltr'>vivant,</span> <span class='ocrx_word' id='word_1_756' title='bbox 3320 4497 3458 4554; x_wconf 72' lang='lat' dir='ltr'>aleae</span> <span class='ocrx_word' id='word_1_757' title='bbox 3506 4499 3692 4555; x_wconf 88' lang='lat' dir='ltr'>solius</span> 
     </span>
    </p>
   </div>
   <div class='ocr_carea' id='block_1_113' title="bbox 2033 4610 3689 4684">
    <p class='ocr_par' dir='ltr' id='par_1_113' title="bbox 2033 4610 3689 4684">
     <span class='ocr_line' id='line_1_114' title="bbox 2033 4610 3689 4684; baseline -0.002 -11"><span class='ocrx_word' id='word_1_758' title='bbox 2033 4631 2232 4673; x_wconf 85' lang='lat' dir='ltr'>vocem</span> <span class='ocrx_word' id='word_1_759' title='bbox 2262 4613 2402 4669; x_wconf 84' lang='lat' dir='ltr'>sedet</span> <span class='ocrx_word' id='word_1_760' title='bbox 2433 4611 2491 4666; x_wconf 91' lang='lat' dir='ltr'>in</span> <span class='ocrx_word' id='word_1_761' title='bbox 2525 4610 2657 4667; x_wconf 90' lang='lat' dir='ltr'>aliis</span> <span class='ocrx_word' id='word_1_762' title='bbox 2690 4627 2834 4666; x_wconf 90' lang='lat' dir='ltr'>mss.</span> <span class='ocrx_word' id='word_1_763' title='bbox 2884 4611 2943 4665; x_wconf 91' lang='lat' dir='ltr'>in</span> <span class='ocrx_word' id='word_1_764' title='bbox 2977 4612 3128 4667; x_wconf 88' lang='lat' dir='ltr'>duas</span> <span class='ocrx_word' id='word_1_765' title='bbox 3185 4618 3379 4684; x_wconf 90' lang='lat' dir='ltr'>partes</span> <span class='ocrx_word' id='word_1_766' title='bbox 3428 4614 3689 4671; x_wconf 83' lang='lat' dir='ltr'>dividen-</span> 
     </span>
    </p>
   </div>
   <div class='ocr_carea' id='block_1_114' title="bbox 2038 4694 3682 4829">
    <p class='ocr_par' dir='ltr' id='par_1_114' title="bbox 2038 4694 3682 4829">
     <span class='ocr_line' id='line_1_115' title="bbox 2038 4694 3682 4829; baseline -0.004 -16"><span class='ocrx_word' id='word_1_767' title='bbox 2038 4694 2697 4829; x_wconf 31' lang='lat' dir='ltr'>“1323.)Cunctae‘cdit”</span> <span class='ocrx_word' id='word_1_768' title='bbox 2736 4770 2896 4829; x_wconf 70' lang='lat' dir='ltr'>quam</span> <span class='ocrx_word' id='word_1_769' title='bbox 2927 4752 3263 4829; x_wconf 62' lang='lat' dir='ltr'>daemonum.</span> <span class='ocrx_word' id='word_1_770' title='bbox 3288 4754 3492 4829; x_wconf 77' lang='lat' dir='ltr'>cuncti</span> <span class='ocrx_word' id='word_1_771' title='bbox 3539 4770 3682 4808; x_wconf 89' lang='lat' dir='ltr'>mss.</span> 
     </span>
    </p>
   </div>
   <div class='ocr_carea' id='block_1_115' title="bbox 2038 4824 3686 4901">
    <p class='ocr_par' dir='ltr' id='par_1_115' title="bbox 2038 4824 3686 4901">
     <span class='ocr_line' id='line_1_116' title="bbox 2038 4824 3686 4901; baseline -0.004 -17"><span class='ocrx_word' id='word_1_772' title='bbox 2038 4824 2211 4901; x_wconf 55' lang='lat' dir='ltr'>quam&#39;</span> <span class='ocrx_word' id='word_1_773' title='bbox 2236 4828 2474 4901; x_wconf 71' lang='lat' dir='ltr'>leonum.</span> <span class='ocrx_word' id='word_1_774' title='bbox 2508 4824 2783 4897; x_wconf 73' lang='lat' dir='ltr'>Optime;</span> <span class='ocrx_word' id='word_1_775' title='bbox 2820 4826 2882 4901; x_wconf 76' lang='lat' dir='ltr'>fit</span> <span class='ocrx_word' id='word_1_776' title='bbox 2904 4826 3069 4901; x_wconf 80' lang='lat' dir='ltr'>enim</span> <span class='ocrx_word' id='word_1_777' title='bbox 3095 4825 3303 4901; x_wconf 76' lang='lat' dir='ltr'>allusio</span> <span class='ocrx_word' id='word_1_778' title='bbox 3332 4826 3492 4901; x_wconf 82' lang='lat' dir='ltr'>inter</span> <span class='ocrx_word' id='word_1_779' title='bbox 3519 4840 3686 4901; x_wconf 76' lang='lat' dir='ltr'>voces</span> 
     </span>
    </p>
   </div>
   <div class='ocr_carea' id='block_1_116' title="bbox 2039 4896 3687 4969">
    <p class='ocr_par' dir='ltr' id='par_1_116' title="bbox 2039 4896 3687 4969">
     <span class='ocr_line' id='line_1_117' title="bbox 2039 4896 3687 4969; baseline -0.004 -13"><span class='ocrx_word' id='word_1_780' title='bbox 2039 4896 2295 4956; x_wconf 65' lang='lat' dir='ltr'>alentium</span> <span class='ocrx_word' id='word_1_781' title='bbox 2326 4902 2383 4952; x_wconf 88' lang='lat' dir='ltr'>et</span> <span class='ocrx_word' id='word_1_782' title='bbox 2411 4896 2647 4962; x_wconf 79' lang='lat' dir='ltr'>leonum,</span> <span class='ocrx_word' id='word_1_783' title='bbox 2679 4913 2806 4968; x_wconf 64' lang='lat' dir='ltr'>qua;</span> <span class='ocrx_word' id='word_1_784' title='bbox 2839 4898 3027 4969; x_wconf 76' lang='lat' dir='ltr'>figura</span> <span class='ocrx_word' id='word_1_785' title='bbox 3054 4896 3112 4951; x_wconf 93' lang='lat' dir='ltr'>in</span> <span class='ocrx_word' id='word_1_786' title='bbox 3136 4896 3244 4952; x_wconf 91' lang='lat' dir='ltr'>hoc</span> <span class='ocrx_word' id='word_1_787' title='bbox 3291 4899 3542 4953; x_wconf 87' lang='lat' dir='ltr'>tractatu</span> <span class='ocrx_word' id='word_1_788' title='bbox 3581 4896 3687 4951; x_wconf 87' lang='lat' dir='ltr'>fre-</span> 
     </span>
    </p>
   </div>
   <div class='ocr_carea' id='block_1_117' title="bbox 2041 4969 2566 5044">
    <p class='ocr_par' dir='ltr' id='par_1_117' title="bbox 2041 4969 2566 5044">
     <span class='ocr_line' id='line_1_118' title="bbox 2041 4969 2566 5044; baseline -0.008 -17"><span class='ocrx_word' id='word_1_789' title='bbox 2041 4969 2434 5044; x_wconf 73' lang='lat' dir='ltr'>quentissima</span> <span class='ocrx_word' id='word_1_790' title='bbox 2458 4973 2566 5023; x_wconf 84' lang='lat' dir='ltr'>est.</span> 
     </span>
    </p>
   </div>
   <div class='ocr_carea' id='block_1_118' title="bbox 2112 5037 3687 5124">
    <p class='ocr_par' dir='ltr' id='par_1_118' title="bbox 2112 5037 3687 5124">
     <span class='ocr_line' id='line_1_119' title="bbox 2112 5037 3687 5124; baseline -0.003 -27"><span class='ocrx_word' id='word_1_791' title='bbox 2112 5044 2223 5124; x_wconf 49' lang='lat' dir='ltr'>Q37)</span> <span class='ocrx_word' id='word_1_792' title='bbox 2272 5037 2866 5124; x_wconf 36' lang='lat' dir='ltr'>Sicnms&#39;s.”Thua.n,n</span> <span class='ocrx_word' id='word_1_793' title='bbox 2912 5042 2969 5094; x_wconf 89' lang='lat' dir='ltr'>et</span> <span class='ocrx_word' id='word_1_794' title='bbox 3018 5037 3148 5124; x_wconf 69' lang='lat' dir='ltr'>alii:</span> <span class='ocrx_word' id='word_1_795' title='bbox 3214 5042 3435 5124; x_wconf 53' lang='lat' dir='ltr'>cuncta;</span> <span class='ocrx_word' id='word_1_796' title='bbox 3472 5040 3687 5124; x_wconf 47' lang='lat' dir='ltr'>‘autrem</span> 
     </span>
    </p>
   </div>
   <div class='ocr_carea' id='block_1_119' title="bbox 2040 5108 3687 5184">
    <p class='ocr_par' dir='ltr' id='par_1_119' title="bbox 2040 5108 3687 5184">
     <span class='ocr_line' id='line_1_120' title="bbox 2040 5108 3687 5184; baseline -0.004 -14"><span class='ocrx_word' id='word_1_797' title='bbox 2040 5108 2211 5184; x_wconf 45' lang='lat' dir='ltr'>edit,,&#39;</span> <span class='ocrx_word' id='word_1_798' title='bbox 2230 5110 2477 5184; x_wconf 77' lang='lat' dir='ltr'>omnibus</span> <span class='ocrx_word' id='word_1_799' title='bbox 2515 5109 2723 5184; x_wconf 78' lang='lat' dir='ltr'>bellum</span> <span class='ocrx_word' id='word_1_800' title='bbox 2744 5109 3342 5184; x_wconf 65' lang='lat' dir='ltr'>__iuferre_aationil_ms,</span> <span class='ocrx_word' id='word_1_801' title='bbox 3377 5108 3544 5184; x_wconf 89' lang='lat' dir='ltr'>M_a_le.</span> <span class='ocrx_word' id='word_1_802' title='bbox 3578 5108 3687 5184; x_wconf 79' lang='lat' dir='ltr'>Qui</span> 
     </span>
    </p>
   </div>
   <div class='ocr_carea' id='block_1_120' title="bbox 2042 5178 3687 5262">
    <p class='ocr_par' dir='ltr' id='par_1_120' title="bbox 2042 5178 3687 5262">
     <span class='ocr_line' id='line_1_121' title="bbox 2042 5178 3687 5262; baseline -0.003 -22"><span class='ocrx_word' id='word_1_803' title='bbox 2042 5178 2198 5262; x_wconf 68' lang='lat' dir='ltr'>enini</span> <span class='ocrx_word' id='word_1_804' title='bbox 2230 5182 2505 5262; x_wconf 76' lang='lat' dir='ltr'>omnibus</span> <span class='ocrx_word' id='word_1_805' title='bbox 2530 5178 2873 5262; x_wconf 69' lang='lat' dir='ltr'>nationibus</span> <span class='ocrx_word' id='word_1_806' title='bbox 2908 5178 3128 5262; x_wconf 72' lang='lat' dir='ltr'>bellum</span> <span class='ocrx_word' id='word_1_807' title='bbox 3153 5180 3373 5262; x_wconf 30' lang='lat' dir='ltr'>“inferre</span> <span class='ocrx_word' id='word_1_808' title='bbox 3418 5180 3515 5262; x_wconf 75' lang='lat' dir='ltr'>hic</span> <span class='ocrx_word' id='word_1_809' title='bbox 3572 5179 3687 5235; x_wconf 90' lang='lat' dir='ltr'>dici</span> 
     </span>
    </p>
   </div>
   <div class='ocr_carea' id='block_1_121' title="bbox 2043 5250 3692 5396">
    <p class='ocr_par' dir='ltr' id='par_1_121' title="bbox 2043 5250 3692 5396">
     <span class='ocr_line' id='line_1_122' title="bbox 2043 5250 3686 5334; baseline -0.002 -23"><span class='ocrx_word' id='word_1_810' title='bbox 2043 5256 2270 5329; x_wconf 86' lang='lat' dir='ltr'>possint</span> <span class='ocrx_word' id='word_1_811' title='bbox 2301 5254 2340 5308; x_wconf 92' lang='lat' dir='ltr'>ii</span> <span class='ocrx_word' id='word_1_812' title='bbox 2373 5253 2594 5334; x_wconf 70' lang='lat' dir='ltr'>p0puli,</span> <span class='ocrx_word' id='word_1_813' title='bbox 2625 5267 2873 5331; x_wconf 82' lang='lat' dir='ltr'>quorum</span> <span class='ocrx_word' id='word_1_814' title='bbox 2898 5250 3191 5332; x_wconf 83' lang='lat' dir='ltr'>Ambrosii</span> <span class='ocrx_word' id='word_1_815' title='bbox 3223 5256 3483 5324; x_wconf 89' lang='lat' dir='ltr'>tempore</span> <span class='ocrx_word' id='word_1_816' title='bbox 3500 5250 3686 5307; x_wconf 89' lang='lat' dir='ltr'>levem</span> 
     </span>
     <span class='ocr_line' id='line_1_123' title="bbox 2043 5323 3692 5396; baseline -0.004 -12"><span class='ocrx_word' id='word_1_817' title='bbox 2043 5328 2361 5384; x_wconf 88' lang='lat' dir='ltr'>admodum</span> <span class='ocrx_word' id='word_1_818' title='bbox 2384 5328 2770 5396; x_wconf 83' lang='lat' dir='ltr'>cognitionem</span> <span class='ocrx_word' id='word_1_819' title='bbox 2787 5323 2967 5396; x_wconf 79' lang='lat' dir='ltr'>fuisse</span> <span class='ocrx_word' id='word_1_820' title='bbox 2985 5338 3043 5375; x_wconf 86' lang='lat' dir='ltr'>in</span> <span class='ocrx_word' id='word_1_821' title='bbox 3057 5324 3460 5396; x_wconf 80' lang='lat' dir='ltr'>confessoest‘?</span> <span class='ocrx_word' id='word_1_822' title='bbox 3476 5324 3692 5396; x_wconf 85' lang='lat' dir='ltr'>Legen-</span> 
     </span>
    </p>
   </div>
   <div class='ocr_carea' id='block_1_122' title="bbox 2043 5392 3687 5469">
    <p class='ocr_par' dir='ltr' id='par_1_122' title="bbox 2043 5392 3687 5469">
     <span class='ocr_line' id='line_1_124' title="bbox 2043 5392 3687 5469; baseline -0.001 -14"><span class='ocrx_word' id='word_1_823' title='bbox 2043 5400 2183 5455; x_wconf 90' lang='lat' dir='ltr'>dum</span> <span class='ocrx_word' id='word_1_824' title='bbox 2218 5392 2483 5469; x_wconf 53' lang='lat' dir='ltr'>itaque”:</span> <span class='ocrx_word' id='word_1_825' title='bbox 2513 5393 2839 5469; x_wconf 63' lang='lat' dir='ltr'>rationibus,</span> <span class='ocrx_word' id='word_1_826' title='bbox 2876 5392 2985 5469; x_wconf 81' lang='lat' dir='ltr'>hoc</span> <span class='ocrx_word' id='word_1_827' title='bbox 3016 5396 3126 5464; x_wconf 88' lang='lat' dir='ltr'>est,</span> <span class='ocrx_word' id='word_1_828' title='bbox 3159 5392 3687 5469; x_wconf 12' lang='lat' dir='ltr'>omnibusgmo&#39;dis.</span> 
     </span>
    </p>
   </div>
   <div class='ocr_carea' id='block_1_123' title="bbox 2045 5461 3691 5543">
    <p class='ocr_par' dir='ltr' id='par_1_123' title="bbox 2045 5461 3691 5543">
     <span class='ocr_line' id='line_1_125' title="bbox 2045 5461 3691 5543; baseline -0.002 -17"><span class='ocrx_word' id='word_1_829' title='bbox 2045 5461 2368 5543; x_wconf 76' lang='lat' dir='ltr'>Siquidem,</span> <span class='ocrx_word' id='word_1_830' title='bbox 2400 5467 2505 5520; x_wconf 87' lang='lat' dir='ltr'>Am</span> <span class='ocrx_word' id='word_1_831' title='bbox 2552 5461 2904 5543; x_wconf 7' lang='lat' dir='ltr'>Marcellino,</span> <span class='ocrx_word' id='word_1_832' title='bbox 2950 5461 3118 5520; x_wconf 55' lang='lat' dir='ltr'>teste&#39;</span> <span class='ocrx_word' id='word_1_833' title='bbox 3145 5463 3392 5543; x_wconf 83' lang='lat' dir='ltr'>aliisque</span> <span class='ocrx_word' id='word_1_834' title='bbox 3449 5466 3691 5543; x_wconf 78' lang='lat' dir='ltr'>histori-</span> 
     </span>
    </p>
   </div>
   <div class='ocr_carea' id='block_1_124' title="bbox 2044 5536 3693 5611">
    <p class='ocr_par' dir='ltr' id='par_1_124' title="bbox 2044 5536 3693 5611">
     <span class='ocr_line' id='line_1_126' title="bbox 2044 5536 3693 5611; baseline -0.001 -13"><span class='ocrx_word' id='word_1_835' title='bbox 2044 5536 2149 5608; x_wconf 59' lang='lat' dir='ltr'>cis&#39;,</span> <span class='ocrx_word' id='word_1_836' title='bbox 2172 5541 2413 5611; x_wconf 88' lang='lat' dir='ltr'>hujusce</span> <span class='ocrx_word' id='word_1_837' title='bbox 2431 5536 2622 5611; x_wconf 84' lang='lat' dir='ltr'>gentis</span> <span class='ocrx_word' id='word_1_838' title='bbox 2640 5550 2766 5590; x_wconf 89' lang='lat' dir='ltr'>mos</span> <span class='ocrx_word' id='word_1_839' title='bbox 2791 5539 2913 5591; x_wconf 79' lang='lat' dir='ltr'>erat</span> <span class='ocrx_word' id='word_1_840' title='bbox 2931 5553 3190 5611; x_wconf 83' lang='lat' dir='ltr'>pugnare</span> <span class='ocrx_word' id='word_1_841' title='bbox 3212 5536 3423 5610; x_wconf 77' lang='lat' dir='ltr'>partim</span> <span class='ocrx_word' id='word_1_842' title='bbox 3448 5541 3693 5596; x_wconf 81' lang='lat' dir='ltr'>circum-</span> 
     </span>
    </p>
   </div>
   <div class='ocr_carea' id='block_1_125' title="bbox 2045 5608 3693 5691">
    <p class='ocr_par' dir='ltr' id='par_1_125' title="bbox 2045 5608 3693 5691">
     <span class='ocr_line' id='line_1_127' title="bbox 2045 5608 3693 5691; baseline -0.003 -17"><span class='ocrx_word' id='word_1_843' title='bbox 2045 5608 2379 5691; x_wconf 79' lang='lat' dir='ltr'>equitando,</span> <span class='ocrx_word' id='word_1_844' title='bbox 2412 5609 2623 5681; x_wconf 87' lang='lat' dir='ltr'>partim</span> <span class='ocrx_word' id='word_1_845' title='bbox 2653 5608 3008 5666; x_wconf 82' lang='lat' dir='ltr'>excurrendo</span> <span class='ocrx_word' id='word_1_846' title='bbox 3028 5608 3095 5666; x_wconf 86' lang='lat' dir='ltr'>et</span> <span class='ocrx_word' id='word_1_847' title='bbox 3123 5608 3447 5684; x_wconf 79' lang='lat' dir='ltr'>opportune</span> <span class='ocrx_word' id='word_1_848' title='bbox 3504 5615 3693 5670; x_wconf 80' lang='lat' dir='ltr'>retro-</span> 
     </span>
    </p>
   </div>
   <div class='ocr_carea' id='block_1_126' title="bbox 3296 5737 3374 5805">
    <p class='ocr_par' dir='ltr' id='par_1_126' title="bbox 3296 5737 3374 5805">
     <span class='ocr_line' id='line_1_128' title="bbox 3296 5737 3374 5805; baseline 0.026 -2"><span class='ocrx_word' id='word_1_849' title='bbox 3296 5737 3374 5805; x_wconf 78' lang='grc'><strong>26</strong></span> 
     </span>
    </p>
   </div>
  </div>
