4104 6156
276 322 368 387 813

1616 324 1841 385 LIBER
1894 326 1995 384 DE
2041 326 2303 425 ᾝΟΒῙΑ.

3549 328 3668 389 8M

276 460 440 515 dolore
471 457 679 530 incipit
700 461 759 513 et
816 457 889 513 ab
925 457 1329 532 obligatione?
1387 460 1636 532 Lepores
1697 459 1973 524 ferunt},
2024 462 2210 517 utitur
2240 462 2351 518 nisi
2385 462 2898 534 addispendium:
2951 461 3068 517 illic
3126 462 3448 518 multorum
3510 478 3669 517 com-

277 550 369 621 (44)
388 563 660 622 generare
682 545 859 602 simul
883 551 940 603 et
960 548 1305 616 educare,et
1343 548 1618 605 continuo
1642 546 1893 621 parturi-

277 656 353 694 re:
374 637 498 693 istis
519 653 752 709 quoque
775 634 1213 709 anaglyphariis
1238 655 1553 694 usurarum
1585 640 1905 712 generatur

274 728 289 797 (
303 728 367 799 l5)
387 731 438 783 et
459 732 953 799 supergeneratur
976 743 1173 794 usura,
1201 727 1496 782 enutritur
1516 745 1581 782 ac
1618 726 1899 789 nascitur,

274 820 323 870 et
340 821 460 871 nata
474 815 599 885 jam
623 813 895 886 parturit.
916 814 1162 870 Radices
1185 832 1417 888 quoque
1456 817 1733 873 arborum
1782 813 1891 886 pri-

271 922 352 960 mo
368 903 702 975 plantantur
720 909 783 958 ut
805 903 1092 975 prendanl
1118 921 1279 967 ;cum
1304 905 1794 977 prinderint,tunc
1816 902 1899 956 vi-

271 1008 469 1048 rescere
500 991 809 1064 incipiunt,
845 997 1047 1063 postea
1079 991 1371 1063 pullulare
1406 1010 1418 1047 :
1454 999 1513 1048 at
1545 1010 1676 1049 vero
1726 1009 1898 1064 pecu-

268 1083 352 1137 nia
376 1081 650 1136 fmnebris
678 1081 772 1135 vix
829 1080 1089 1152 plantata
1138 1083 1268 1151 jum
1333 1081 1603 1154 pullulat.
1663 1081 1901 1136 Semina

270 1178 505 1243 tempore
549 1176 887 1241 erumpunt,
949 1170 1231 1224 animalia
1290 1176 1553 1242 tempore
1612 1171 1893 1243 pariunt:

273 1261 572 1331 «Tempus
603 1258 759 1312 enim
811 1258 1095 1329 pariendi,
1155 1263 1212 1313 et
1258 1263 1493 1330 tempus
1556 1258 1894 1326 moriendi;

267 1356 480 1421 tempus
512 1346 927 1419 plantandi,~et
957 1350 1189 1418 tempus
1222 1347 1506 1401 evellendi
1541 1347 1895 1418 plantatum;

264 1444 482 1509 tempus
512 1435 834 1502 occidendi,
869 1440 926 1490 et
956 1440 1190 1507 tempus
1223 1436 1472 1491 sanandi
1506 1437 1704 1506 (Eccle.
1756 1453 1840 1503 III,
1863 1439 1898 1490 2

260 1528 330 1597 3).
364 1549 387 1576 ››
417 1525 660 1581 Etinlra
694 1543 705 1580 :
743 1544 770 1575 α
809 1525 1068 1596 Tempus
1126 1524 1491 1596 acquirendi,
1550 1529 1608 1578 et
1659 1528 1896 1597 tempus

261 1615 525 1673 reddendi
559 1632 571 1668 :
603 1620 831 1685 tempus
882 1612 1271 1681 custodiendi,
1304 1617 1361 1668 et
1417 1617 1653 1684 tempus
1703 1613 1894 1684 expel-

258 1704 399 1761 lendi
439 1703 597 1775 (Ibid.
626 1704 703 1773 6),
742 1725 761 1750 ι
798 1708 862 1756 ut
892 1701 1272 1757 Ecclesiastes
1299 1701 1380 1756 ait
1414 1720 1425 1756 :
1489 1700 1744 1774 pecunia
1800 1703 1896 1756 fce-

254 1793 438 1851 nebris
470 1792 644 1847 hodie
674 1791 1019 1858 seminatur,
1052 1806 1181 1845 cras
1229 1790 1553 1845 fructificat
1586 1807 1599 1844 :
1663 1805 1897 1862 semper

252 1884 411 1956 parit,
443 1886 502 1937 et
529 1896 831 1952 nunquam
864 1878 1097 1934 interit:
1132 1894 1365 1950 semper
1418 1878 1742 1950 plantatur,
1798 1878 1893 1933 vix

251 1971 525 2029 evellitur.
558 1967 694 2023 Vult
725 1984 956 2040 semper
1004 1967 1319 2023 faenerator
1349 1967 1677 2039 acquirere,
1734 1984 1892 2022 nun-

252 2077 417 2134 quam
503 2059 787 2131 perdere:
850 2072 1156 2127 nunquam
1219 2057 1520 2112 custodire
1579 2056 1891 2128 pecuniam

247 2166 430 2218 suam,
463 2164 695 2220 semper
737 2144 1019 2217 expellere
1088 2147 1251 2217 (116);
1318 2162 1625 2217 nunquam
1683 2162 1891 2201 sanare

248 2249 471 2311 semper
499 2236 774 2292 occidere.

314 2403 399 2457 44.
431 2404 497 2455 Et
524 2397 663 2469 quia
688 2397 878 2452 bonus
926 2396 995 2451 ad
1050 2395 1245 2450 omnia
1270 2395 1552 2467 magister
1578 2393 1891 2451 Ecclesias-

242 2496 331 2547 tes
351 2489 495 2544 liber
513 2491 601 2542 est
620 2484 973 2551 Salomonis,
999 2482 1302 2555 paulisper
1330 2482 1442 2555 ipsi
1493 2482 1889 2539 inbaareamus

240 2581 373 2652 (47):
397 2576 553 2633 «Non
578 2573 887 2631 satiabitur
907 2571 1136 2640 oculus,
1159 2571 1372 2643 inquit,
1395 2571 1665 2637 videndo,
1690 2576 1747 2626 et
1768 2589 1882 2627 non

238 2668 550 2727 satiabitur
569 2663 728 2720 auris
747 2662 950 2718 auditu
976 2662 1170 2734 (Eccle.
1211 2680 1250 2727 ι,
1273 2664 1348 2730 8).
1379 2683 1407 2713 ‹‹
1459 2677 1566 2717 nec
1599 2661 1887 2716 fenerator

236 2757 505 2830 cupletur
554 2752 913 2825 accipiendo,
947 2767 1053 2807 nec
1084 2751 1328 2806 affectus
1359 2752 1486 2822 ejus
1540 2748 1883 2822 quotidiana

233 2844 583 2905 numerandi
607 2841 737 2897 aeris
759 2839 1010 2897 satiatur
1028 2840 1253 2895 auditu.
1283 2841 1348 2895 Et
1368 2840 1580 2895 iterum
1608 2855 1622 2895 :
1648 2860 1674 2888 ι(
1700 2837 1884 2896 Omne

228 2936 387 3011 quod
420 2935 544 3001 fuit,
569 2933 765 3005 ipsum
782 2935 870 2986 est
892 2929 1044 3002 quod
1071 2928 1182 2983 erit
1212 2928 1371 3000 (Ibid.
1418 2928 1473 2999 9)
1532 2947 1544 2983 :
1582 2951 1609 2978 ‹‹
1667 2928 1885 2984 Crescit

227 3042 466 3098 semper
494 3021 761 3095 pecunia,
781 3019 965 3075 otium
986 3017 1168 3074 nescit
1190 3017 1451 3085 avaritia,
1483 3016 1669 3072 nescit
1702 3034 1883 3073 usura

224 3118 429 3174 ferias.
463 3136 490 3164 «
525 3112 763 3177 Omnes,
797 3107 1007 3181 inquit,
1038 3112 1326 3163 torrentes
1356 3107 1577 3162 vadunt
1606 3105 1664 3160 in
1697 3123 1879 3173 mare,

2018 552 2263 606 modum
2293 556 2402 619 est,
2431 550 2525 606 hic
2556 550 2964 608 universorum
2996 552 3395 625 naufragium.

2091 641 2178 695 45.
2215 640 2399 695 Multa
2429 645 2567 696 sunt
2597 640 2919 696 animantia
2951 658 3077 714 quae
3110 640 3221 696 cito
3252 655 3535 713 generare
3586 638 3674 693 in-

2018 727 2266 799 cipiunt,
2300 730 2398 785 sed
2441 730 2552 784 cito
2584 730 2761 784 etiam
2819 746 3094 802 generare
3151 729 3494 785 desistunt:
3548 744 3677 783 sors

2016 817 2131 872 cito
2162 824 2422 891 generat,
2456 823 2511 873 et
2543 835 2847 889 nunquam
2876 819 3111 887 desinit,
3145 818 3263 874 imo
3313 835 3453 873 cum
3508 833 3677 873 exor-

2014 906 2178 962 dium
2212 906 2509 962 crescendi
2571 907 2879 977 acceperit,
2938 908 2996 961 in
3057 907 3360 962 inﬁnitum
3416 906 3679 964 extendit

2015 1001 2423 1067 augmentum.
2452 996 2636 1051 Omne
2663 996 2874 1051 deinde
2905 997 3059 1065 quod
3108 995 3340 1063 crescit,
3404 1011 3539 1049 curn
3601 997 3674 1052 ad

2013 1092 2235 1139 naturae
2263 1102 2381 1140 sua:
2408 1088 2658 1139 formam
2692 1088 2868 1154 atque
2902 1101 3241 1139 mensuram
3306 1084 3672 1155 magnitudi-

2017 1190 2268 1245 nemque
2300 1173 2642 1245 pervenerit,
2676 1186 2841 1228 vacat
2884 1174 3244 1228 incremento
3281 1191 3294 1239 ;
3324 1174 3430 1227 sed
3488 1172 3669 1230 faene-

2012 1269 2273 1315 ratorum
2306 1260 2551 1332 pecunia
2583 1268 2845 1332 tempore
2878 1278 3109 1332 semper
3129 1266 3405 1332 augetur,
3431 1266 3488 1316 et
3517 1262 3672 1319 ultra

2014 1350 2262 1404 formam
2296 1354 2569 1404 maternae
2602 1349 2777 1405 sortis
2808 1350 3092 1404 excedens
3124 1351 3373 1405 modum
3410 1365 3525 1405 non
3584 1360 3669 1408 te-

2010 1440 2128 1491 net.
2168 1436 2446 1507 Pleraque
2477 1438 2653 1492 etiam
2687 1437 3078 1492 animantium
3113 1455 3249 1493 cum
3293 1438 3574 1509 cmperint
3602 1457 3672 1498 ea

2009 1540 2137 1595 qua
2168 1541 2237 1578 ex
2267 1524 2357 1580 bis
2389 1529 2515 1579 orta
2554 1529 2716 1591 sunt,
2777 1541 3074 1597 generare,
3134 1530 3425 1598 tanquam
3483 1528 3669 1588 effetis

2003 1612 2231 1667 viribus
2263 1628 2440 1667 usum
2474 1612 2874 1685 generationis
2904 1613 3186 1668 amittunt
3218 1632 3230 1669 :
3286 1632 3420 1671 sors
3475 1621 3670 1676 autem

2007 1700 2244 1756 faenoris
2275 1718 2407 1755 eum
2443 1701 2615 1756 fuerit
2643 1701 3045 1757 crescentibus
3071 1708 3380 1775 exaequata
3420 1709 3667 1763 centesi-

2007 1790 2143 1855 mis,
2176 1794 2233 1845 et
2262 1794 2610 1845 vetustatem
2644 1789 2736 1845 sui
2768 1795 3029 1860 renovat,
3089 1795 3147 1846 et
3203 1797 3412 1864 partus
3465 1794 3668 1853 solitos

2008 1878 2383 1949 adjunctione
2415 1877 2784 1949 multiplicat.

2609 1966 2841 2022 CAPUT
2897 1968 3041 2024 XIV.

2007 2040 2240 2116 Usqram
2264 2037 2545 2116 prohiberi
2561 2038 2693 2116 _lege
2718 2039 2950 2116 divina,
2968 2041 3111 2116 unde
3138 2046 3192 2116 et
3242 2046 3530 2116 sumptum
3587 2053 3664 2100 est

2076 2110 2235 2163 illud.
2281 2109 2519 2176 Catonis,
2555 2110 2838 2165 fmnerare
2869 2114 2961 2167 est
3020 2112 3324 2169 hominem
3366 2109 3660 2171 occidere.

2079 2181 2461 2254 Vestimentum
2490 2182 2715 2254 pignori
2761 2190 3041 2254 acceptum
3094 2187 3225 2239 ante
3279 2190 3495 2242 noctem
3543 2186 3668 2242 red-

2072 2252 2308 2329 dendum
2334 2268 2456 2329 esse
2486 2269 2506 2329 ,ἡ
2567 2267 2631 2307 ac
2685 2252 2931 2329 [tenoris
2966 2258 3189 2311 nomine
3242 2258 3666 2329 intelligendum

2074 2324 2342 2402 quidquid
2368 2328 2574 2402 prwter
2600 2327 2804 2402 cortem
2832 2327 3087 2402 estigitur
3115 2346 3138 2392 ;
3152 2337 3279 2402 post
3308 2324 3664 2402 (λακίδεᾳαὶ-

2074 2398 2165 2449 tur
2194 2397 2569 2450 cxtorsionum
2584 2394 2851 2450 divitibus
2880 2394 3254 2467 familiarium
3285 2394 3660 2471 reprehensio.

2071 2484 2159 2538 46.
2194 2483 2318 2539 Non
2352 2500 2565 2538 novum
2594 2500 2697 2538 nec
2744 2484 3210 2555 perfunctorium
3268 2488 3380 2544 hoc
3436 2489 3658 2546 malum

1997 2578 2105 2641 est,
2140 2573 2294 2643 quod
2330 2572 2540 2628 veteris
2573 2577 2747 2643 atque
2777 2573 2991 2629 divina:
3020 2577 3361 2650 praescripto
3392 2577 3537 2651 legis
3567 2580 3654 2633 in-

1998 2661 2250 2717 hibetur.
2276 2661 2535 2733 Populus
2565 2660 2665 2733 qui
2702 2661 3129 2733 despoliaverat
3156 2665 3489 2738 Egyptum,
3551 2667 3651 2738 qui

1996 2750 2141 2821 pede
2172 2749 2485 2805 transierat
2517 2766 2696 2817 mare,
2722 2756 2993 2807 monetur
3033 2753 3358 2810 a‘fmnoris
3406 2754 3653 2827 pecunia

1994 2854 2197 2894 cavere
2219 2838 2545 2911 naufragia.
2572 2839 2639 2893 Et
2659 2855 2793 2893 cum
2819 2839 2892 2895 de
2914 2839 3045 2896 aliis
3066 2843 3324 2913 peccatis
3346 2843 3529 2899 semel
3551 2847 3653 2900 aut

1996 2927 2250 2983 multum
2298 2928 2410 3000 (48)
2468 2928 2678 2984 iterata
2744 2929 3147 2988 admonitione
3205 2934 3649 3006 praescripserit,

1992 3017 2063 3072 de
2117 3017 2334 3071 femore
2391 3016 2605 3089 szepius
2658 3015 2972 3075 intimavit.
3018 3020 3228 3080 Habes
3280 3023 3340 3078 in
3405 3023 3646 3079 Exodo:

1991 3130 2017 3156 ‹‹
2054 3106 2214 3171 Quod
2239 3105 2288 3159 si
2320 3106 2626 3175 pecuniam
2658 3105 3030 3163 l‘oeneraveris
3080 3110 3326 3185 pupillo,
3361 3111 3644 3184 orphano,

223 3213 282 3262 et
303 3218 472 3261 mare
496 3218 608 3257 non
628 3196 986 3271 adimpletur
1006 3195 1162 3269 (Ibid.
1187 3196 1267 3267 7).
1298 3218 1317 3243 ι»
1345 3196 1502 3251 Mare
1524 3196 1679 3251 istud
1706 3195 1874 3252 fcene-
1905 3199 1948 3265 ί]
1984 3194 2249 3267 pauperi,
2283 3195 2437 3265 apud
2471 3200 2526 3250 te
2558 3212 2673 3250 non
2700 3195 3015 3254 sul‘focabis
3038 3216 3196 3269 eum,
3222 3218 3336 3257 non
3371 3202 3641 3272 imponas

220 3301 391 3351 rator
449 3295 577 3358 est;
639 3287 905 3344 omnium
964 3286 1118 3341 606
1175 3284 1526 3357 patrimonia
1594 3289 1877 3356 tanquam

216 3385 452 3440 ﬂuctus
473 3378 767 3447 absorbet,
790 3379 848 3432 et
869 3374 993 3447 ipse
1021 3373 1209 3429 nescit
1236 3372 1471 3445 expleri.
1507 3372 1651 3427 Mari
1683 3375 1877 3428 tamen

207 3472 496 3546 plerique
525 3470 774 3524 utuntur
805 3464 876 3520 ad
928 3468 1241 3535 quaestum,
1305 3462 1650 3518 fmneratore
1708 3478 1877 3518 nemo

200 3598 496 3669 margine
521 3612 534 3661 ;
560 3599 628 3669 at
655 3593 886 3669 inruas,
912 3589 1276 3669 quibusdam.
1292 3588 1618 3669 ignorantia
1640 3586 1880 3669 scripto-

197 3690 274 3727 ru
288 3659 611 3739 mualiquid
632 3663 761 3739 _vitii
780 3662 1060 3739 obrepsit,
1082 3678 1133 3739 v.
1157 3659 1321 3739 g.,_in
1364 3661 1543 3714 Laud.
1568 3675 1683 3739 pro_
1721 3659 1877 3739 luga-

193 3748 306 3799 bre
323 3730 510 3803 ceree:
534 3736 747 3809 legitur
764 3750 880 3809 uno
903 3730 1499 3809 verbolu'gubrescere,
1534 3730 1687 3801 quod
1712 3731 1879 3809 __qui-

189 3816 348 3871 dem
391 3801 978 3882 aperte'mendosum
1010 3807 1118 3882 est.
1160 3801 1339 3882 Porro
1373 3806 1438 3856 ut
1493 3801 1881 3882 corruptionis

186 3901 410 3941 causa
437 3872 775 3935 obscuritas
824 3879 1184 3939 amoveatur,
1243 3874 1483 3928 observa
1534 3873 1627 3928 hic
1660 3872 1751 3944 agi
1811 3874 1882 3928 de

184 3954 515 4012 vocabulo
541 3967 731 4015 usura,
781 3950 953 4018 cujus
1011 3946 1198 4017 prima
1260 3945 1449 4018 littera
1515 3964 1550 4000 ιι
1607 3944 1880 4000 eumdem

183 4029 356 4085 olim
379 4040 603 4081 sonum
623 4015 876 4076 habebat
890 4015 1067 4088 quem
1090 4017 1285 4072 Graaca
1307 4015 1883 4088 dipbtongusou,quo

186 4035 356 4085 olim
379 4040 603 4081 sonum
624 4035 876 4076 habebat
932 4035 1067 4072 uem
1090 4035 1285 4072 uraaca
1307 4035 1665 4088 aipntongus
1686 4035 1883 4088 ou,quo

186 4102 565 4170 etiamnum
596 4093 668 4170 ab
700 4035 1213 4170 ltalisﬂlermanis
1237 4088 1485 4170 aliisque
1504 4087 1734 4160 populis
1754 4106 1885 4170 pro-

186 4168 564 4227 nuntiatur.
598 4166 652 4219 ls
683 4168 879 4218 autem
914 4176 1093 4216 sonus
1126 4176 1256 4215 cum
1293 4164 1512 4214 noctuae
1535 4160 1883 4215 vocemimi-

182 4249 411 4305 tetur,
452 4237 667 4293 dicitur
695 4233 1099 4305 lugubrisseu
1126 4231 1317 4286 feralis
1354 4249 1365 4297 ;
1400 4231 1554 4285 unde
1583 4235 1671 4285 est
1727 4231 1885 4285 istud

178 4318 256 4370 in
302 4303 571 4369 Ausonii
603 4303 1029 4377 Tecnopaegnio
1063 4319 1077 4359 :

489 4422 753 4487 Cecropiis
784 4421 968 4485 ignota
992 4418 1137 4467 sonis
1166 4417 1330 4467 ferale
1362 4429 1639 4465 sonans...

178 4523 474 4584 Videsis
504 4521 556 4577 J.
592 4520 768 4593 Lipsii
791 4518 893 4593 lib.
929 4517 999 4573 de
1030 4519 1187 4593 recta
1216 4514 1645 4593 Pronunt._Lat.
1676 4512 1888 4585 linguae

176 4600 311 4657 ubi
357 4596 573 4667 agitur
601 4586 677 4647 de
702 4591 811 4667 bac
827 4590 1053 4667 littera.
1088 4587 1248 4650 Quod
1272 4586 1525 4667 .verouad
1560 4602 1757 4667 vocem
1805 4602 1889 4667 eor-

172 4689 312 4732 ηε,
344 4658 525 4723 ἰᾶἒῐη
548 4681 617 4720 ea
644 4662 798 4718 valet
827 4661 936 4715 hoc
958 4659 1104 4725 loco,
1139 4675 1205 4713 ac
1235 4658 1283 4712 si
1328 4658 1681 4732 scriberetur
1727 4658 1900 4732 cerati

171 4728 466 4802 corticis,
502 4743 606 4791 aut
660 4734 1016 4796 tabellarum,
1051 4746 1166 4800 quo
1224 4746 1401 4784 sensu
1445 4729 1683 4802 passim
1743 4728 1898 4802 apud

174 4800 526 4885 probatos
558 4812 829 4885 auctores
863 4802 1178 4885 invenitur.
1212 4806 1409 4885 Itaqu‘e
1442 4800 1602 4885 locus
1631 4800 1899 4885 exlsale-

174 4872 414 4942 broso
452 4880 666 4951 planus
698 4878 816 4951 ﬁet,
837 4875 892 4951 _s_i
920 4890 1050 4929 eum
1083 4872 1205 4951 _hoc
1256 4873 1427 4927 modo
1457 4872 1854 4951 interpreteris
1884 4887 1896 4927 :

174 4944 669 5013 Prima-littera
696 4944 1046 5003 tabellarum
1081 4944 1137 4998 in
1196 4961 1444 5015 quarum
1504 4944 1652 4998 ceris
1708 4960 1898 4998 usurae

171 5044 323 5083 vox
369 5022 706 5078 inscrbitur
734 5019 982 5089 lugubre
1014 5020 1201 5071 sonat.
1235 5016 1357 5078 Quo
1380 5019 1524 5070 forte
1556 5031 1733 5070 sensu
1767 5030 1894 5084 cap.

182 5103 273 5156 10
350 5094 649 5159 num.35,
683 5092 907 5146 dictum
961 5092 1093 5143 est:
1128 5090 1411 5154 Personat,
1470 5090 1727 5157 personat
1807 5091 1897 5157 fu-

176 5188 275 5227 nc
289 5169 479 5224 brem
510 5165 786 5220 ululatum
812 5161 1254 5233 [ωηονίεςμδιινα.

282 5238 439 5311 (44)
470 5227 852 5311 Quodliicnd'e
881 5230 1180 5311 leporibus
1210 5247 1278 5311 ex
1307 5228 1501 5311 Basilii
1536 5227 1694 5311 hom“.
1754 5228 1900 5310 23in

174 5299 561 5375 Ps‘al,vx1v,
595 5306 676 5359 uti
712 5304 825 5360 alia
868 5299 1166 5375 permulta
1205 5299 1505 5375 transtulit
1559 5300 1904 5375 Ambrosius

176 5370 475 5445 noster,
512 5380 564 5433 id
596 5370 885 5448 praecipuo
914 5372 1204 5448 cuniculis
1236 5370 1519 5448 convenit,
1583 5370 1756 5448 unde.
1796 5386 1902 5448 na.-

182 5439 358 5512 ita.
410 5439 507 5507 est
540 5439 810 5519 adagium
851 5466 861 5501 ε
897 5446 1121 5512 Saepius
1156 5447 1600 5519 parietibquam
1623 5439 1902 5519 cuniculi.

290 5526 441 5596 (45)
496 5513 682 5578 Rom."
714 5521 877 5596 edit,
938 5521 1053 5596 Isti§
1104 5513 1311 5596 quoque
1363 5513 1700 5596 ΙοιὈῃΙμρΙιίξ
1755 5529 1909 5596 gens:

176 5583 437 5658 raiur;
497 5598 629 5660 etc.,
692 5592 789 5648 ubi
847 5588 1046 5664 procul
1096 5583 1273 5643 dubio
1333 5583 1585 5657 respexit
1633 5584 1703 5639 ad
1763 5583 1905 5664 illud

183 5664 487 5732 Basilii,
550 5689 632 5722 και
721 5672 817 5729 τοῖς
847 5660 862 5664 ’
902 5666 1217 5735 τοκογλύςοις
1301 5666 1362 5715 τὰ
1471 5664 1704 5730 χρήματα
1784 5660 1906 5731 ὁμοῦ

1989 3284 2073 3339 illi
2100 3299 2339 3339 usuram
2380 3284 2570 3354 (Exod.
2623 3301 2759 3353 xxn,
2816 3286 2927 3357 25).
2968 3309 2993 3336 ››
3053 3289 3320 3347 Ostendit
3368 3290 3507 3363 quid
3566 3288 3646 3344 sit

1989 3372 2295 3438 suffocare,
2339 3371 2395 3427 id
2431 3377 2539 3441 est,
2600 3389 2843 3429 usuram
2904 3375 3256 3449 imponere;
3310 3377 3643 3451 strangulat

1988 3461 2169 3531 enim,
2203 3465 2259 3515 et
2287 3462 2441 3530 quod
2471 3462 2638 3533 pejus
2671 3466 2777 3528 est,
2814 3464 3075 3521 animam
3104 3467 3354 3542 laqueus
3385 3468 3636 3524 credito-

1989 3586 2256 3644 δανειζετειι
2336 3588 2419 3631 καὶ
2491 3588 2738 3647 γεννᾶται,
2804 3589 2887 3633 καὶ
2939 3588 3226 3653 ὑποφύεται.
3287 3594 3396 3647 Sed
3491 3590 3636 3646 nihil

1987 3664 2075 3713 est
2113 3673 2301 3712 causae
2328 3672 2432 3710 cur
2464 3674 2604 3712 mss.
2640 3664 2815 3728 atque
2845 3659 2982 3713 edit.
3017 3663 3282 3718 omnium
3331 3662 3638 3717 lectionem

1990 3728 2350 3804 abdicemus,
2386 3746 2517 3804 cum
2554 3745 2685 3783 voce
2714 3729 3133 3804 anaglyphariz's
3162 3735 3308 3804 idem
3335 3733 3641 3804 aptissimo

1991 3800 2403 3872 significetur;
2457 3803 2703 3872 utraque
2732 3800 2889 3855 enim
2938 3818 3049 3856 vox
3111 3806 3174 3857 ﬁt
3229 3802 3326 3849 ἀπὸ
3372 3800 3465 3872 ἓοῠ
3493 3802 3641 3872 -γλιῆέ

1990 3870 2113 3936 φεῐν,
2146 3871 2205 3926 id
2235 3876 2343 3939 est,
2377 3870 2629 3943 sculpee,
2663 3888 2762 3926 seu
2790 3872 3005 3941 fodere,
3040 3874 3194 3929 unde
3239 3870 3642 3943 anaglypharii

1989 3944 2104 3997 dici
2136 3949 2390 4015 possunt
2415 3945 2514 4014 qui
2545 3944 2874 3998 debitorum
2908 3945 3151 4015 nomina
3182 3945 3395 3998 iterum
3423 3947 3525 3997 aut
3544 3958 3642 3997 sas-

1994 4013 2475 4089 pius:in__tabellis
2507 4015 2629 4069 suis
2661 4014 2809 4089 style
2842 4014 3213 4089 insculpunt.

2065 4033 2124 4068 us
2158 4034 2213 4069 in
2244 4033 2475 4070 taoenis
2507 4033 2629 4069 suis
2661 4033 2809 4140 είῖιο
2842 4033 3213 4089 insculpunt.

2065 4085 2347 4157 (.lG)Edit.
2384 4091 2502 4159 ant.
2538 4103 2671 4141 cum
2744 4087 2884 4141 ‘orn.
2931 4087 3084 4156 cod.,
3140 4088 3644 4159 pecunianz_§uum

1992 4155 2205 4228 semper
2249 4158 2505 4230 explere.
2562 4161 2732 4230 ARom.
2772 4201 2782 4212 .
2822 4199 2873 4211 ..
2913 4198 2923 4210 .
2964 4200 2974 4211 .
3015 4200 3028 4224 ,
3068 4155 3079 4214 ζ
3138 4155 3395 4230 fundere.
3457 4155 3644 4230 Magis

1996 4227 2300 4283 commode
2330 4227 2426 4281 alii
2461 4228 2658 4299 scripti
2693 4230 2818 4283 cod.
2851 4232 2919 4299 ut
2973 4230 3029 4282 in
3090 4227 3269 4285 textu.
3331 4229 3435 4283 Hic
3483 4229 3640 4282 enim

1995 4301 2196 4355 Amhr.
2233 4300 2485 4372 respexit
2517 4298 2593 4372 ad
2620 4299 2765 4353 illud
2798 4298 3188 4372 Ecclesiastis,
3217 4304 3430 4372 tempus,
3455 4299 3641 4372 expet:-

1997 4372 2149 4426 lendi
2169 4376 2227 4425 et
2258 4370 2366 4425 hoc
2417 4371 2813 4441 signiﬁcatum
2866 4370 3051 4425 voluit
3104 4369 3435 4427 t'mneratori
3496 4369 3644 4425 nihil

1997 4447 2116 4496 tam
2150 4442 2305 4496 cordi
2337 4458 2484 4505 esse,
2517 4458 2692 4512 quam
2718 4446 2782 4495 ut
2813 4443 3124 4512 pecuniam
3156 4459 3324 4498 suam
3372 4443 3526 4497 foras
3557 4458 3649 4496 ex-

1999 4512 2198 4585 pellat,
2229 4528 2355 4567 eam
2392 4512 2592 4567 l‘oenori
2618 4512 2973 4581 collocando,
3004 4531 3073 4570 ne
3126 4514 3285 4569 domi
3316 4514 3503 4569 otiosa
3560 4529 3649 4567 re-

1922 4571 1968 4636 D
2001 4571 2253 4639 maneat.

2081 4656 2192 4726 (47)
2224 4655 2328 4720 Qui
2364 4671 2531 4709 secus
2566 4655 2875 4718 senserint,
2896 4672 3030 4712 eum
3052 4656 3266 4713 librum
3288 4655 3377 4711 vel
3405 4652 3653 4726 Ezechiae

2009 4722 2095 4781 vel
2128 4722 2309 4792 Isaiae,
2339 4726 2427 4781 vel
2455 4726 2789 4781 Zorobabeli
2825 4728 3373 4795 attribuentes,vide
3403 4724 3555 4795 apud
3591 4722 3650 4775 Ρ.

2012 4801 2153 4874 pan.
2172 4799 2232 4874 _l_l
2244 4816 2275 4852 u
2285 4797 2463 4874 etiam
2476 4869 2486 4874 _
2498 4800 2566 4874 in;
2588 4802 3064 4874 Demonstratione
3088 4799 3318 4874 evangel
3325 4799 3427 4860 ica,
3467 4808 3651 4874 prop.

2011 4868 2136 4952 [ide
2166 4869 2263 4952 lio.
2298 4869 2641 4952 ecclesiastis,
2676 4886 2807 4952 pag.
2841 4871 3362 4952 192,.‘ubieorum‘.
3396 4868 3654 4952 rationes

2010 4940 2339 5005 diluuntur,
2374 4956 2439 4994 ac
2469 4935 2782 4996 Salomoni
2800 4935 3082 4996 asseritur
3110 4940 3267 4993 idem
3305 4936 3401 4993 hic
3458 4935 3604 4989 liber
3635 4952 3650 5001 ;

2010 5014 2180 5081 cujus
2205 5012 2376 5066 etiam
2411 5012 2667 5083 dignitas
2695 5012 3007 5067 confutatis
3063 5008 3527 5065 adversariorum
3561 5023 3653 5061 ar-

2012 5085 2309 5155 gumentis
2336 5083 2551 5155 ibidem
2584 5084 2931 5153 vindicatur.
3240 5152 3251 5155 _
3498 5136 3511 5155 ζ

2082 5155 2193 5225 (48)
2230 5155 2492 5209 Latinius
2524 5149 2835 5225 legendum
2868 5156 3053 5224 putat,
3088 5152 3252 5225 semel
3277 5155 3337 5205 ut
3392 5149 3652 5225 multum.

2013 5219 2123 5282 Sed
2157 5219 2289 5282 cum
2324 5225 2461 5280 edit.
2495 5219 2768 5279 omiiibus
2799 5219 3000 5278 omnes
3049 5221 3286 5277 omnino
3344 5238 3488 5276 mss.
3548 5219 3656 5274 hoc

2012 5298 2135 5352 loco
2167 5296 2560 5353 consentiunt.
2598 5297 2709 5349 Nec
2743 5311 2881 5348 sane
2912 5295 3055 5349 adeo
3087 5298 3282 5364 inepta
3310 5298 3399 5349 est
3429 5296 3660 5364 recepta

2013 5368 2206 5433 lectio,
2240 5373 2303 5423 ut
2326 5384 2438 5422 non
2472 5365 2616 5421 scite
2648 5364 2920 5437 explicari
2952 5363 3212 5437 possitin
3237 5365 3393 5419 bunc
3416 5363 3660 5437 modum

2016 5441 2135 5495 sive
2185 5437 2365 5495 semel
2422 5441 2672 5501 tantum,
2718 5434 2851 5492 'sive
2906 5434 3204 5491 m'ultotios
3263 5441 3465 5491 eadem
3526 5434 3664 5489 vitia

2016 5510 2104 5567 lex
2136 5508 2520 5584 prohibuerit,
2557 5508 2768 5581 smpius
2803 5518 2991 5565 tamen
3026 5527 3201 5565 usura
3234 5527 3409 5584 quam
3434 5507 3551 5564 illis
3576 5507 3661 5563 ins

2017 5583 2267 5639 terdixit.
