4104 6156
516 284 667 351 815

1982 286 2047 347 S.
2094 283 2470 346 AMBROSll
3749 289 3840 359 816

521 424 600 477 ris
637 438 649 476 :
685 436 800 493 quo
829 436 1099 476 sermone
1132 423 1188 476 et
1229 421 1515 492 praedonis
1560 419 1913 475 violentiam.
1952 425 1999 469 nl
2069 420 2164 473 dn-
2203 427 2245 487 Α
2286 419 2437 471 dicat
2484 434 2494 471 :
2532 442 2556 465 ‹‹
2595 419 2792 489 Neque
2825 434 3087 482 usuram,
3119 416 3331 488 inquit,
3363 433 3611 473 escarum
3635 422 3843 494 accipies,

526 509 727 565 formis
758 508 977 564 nodum
1011 508 1219 565 mortis
1248 508 1548 582 expressit.
1586 533 1613 561 «
1643 510 1805 577 Quod
1856 510 1901 563 si
1955 509 2167 581 pignus

522 597 813 671 acceperis
840 597 1258 656 vestimentum
1318 598 1631 672 propinqui
1675 597 1785 670 tui,
1844 602 1977 654 ante
2028 595 2167 652 solis

524 701 795 745 occasum
831 688 1104 744 restitues
1133 686 1275 743 illud
1314 705 1327 743 ε
1373 694 1461 743 est
1491 687 1645 743 enim
1702 686 1811 743 hoc
1867 688 2168 757 cooperto—

525 775 682 833 rium
718 777 847 849 ejus
877 780 1129 844 tantum,
1165 778 1312 833 697
1350 777 1457 832 hoc
1477 778 1889 833 vestimentum
1924 776 2170 847 turpitu-

527 865 685 923 dinis
707 867 833 938 ejus
856 866 911 921 in
946 882 1061 938 quo
1084 866 1524 930 dorniict.Quod
1558 867 1605 921 si
1630 866 1825 937 itaque
1848 863 2169 937 proclama-

525 955 672 1011 verit
702 953 772 1009 ad
805 971 918 1025 me,
952 956 1261 1013 exaudiam
1292 973 1422 1011 eum
1461 955 1617 1027 (Ibid.
1648 957 1741 1024 26,
1798 955 1910 1025 27).
1971 976 1998 1004 n
2059 959 2173 1007 Au-

527 1043 721 1109 distis,
754 1042 1150 1112 fceneratores,
1185 1043 1325 1116 quid
1360 1045 1472 1100 Lex
1502 1045 1677 1112 dicat,
1733 1045 1804 1099 de
1860 1059 1975 1114 qua
2032 1040 2176 1097 dixit

527 1131 814 1189 Dominus
842 1150 856 1188 :
892 1154 919 1182 ‹‹
946 1131 1070 1188 Non
1102 1133 1229 1188 veni
1263 1134 1470 1206 Legem
1503 1133 1742 1197 solvere,
1767 1132 1867 1188 sed
1892 1129 2172 1203 adimple-

530 1237 590 1277 re
620 1221 841 1292 (Matth.
877 1238 931 1286 ν,
958 1222 1047 1293 47)
1077 1221 1105 1277 ?
1135 1244 1160 1270 ι)
1194 1222 1378 1287 Quam
1408 1222 1694 1278 Dominus
1722 1239 1836 1277 non
1868 1220 2175 1287 solvit,vos

530 1308 752 1366 solvitis
780 1310 809 1364 ?
838 1309 1110 1377 Usuiam,
1144 1311 1353 1383 inquit,
1386 1316 1597 1383 petere,
1632 1311 1915 1367 suﬂ‘ocare
1945 1308 2175 1365 est.Hoc

530 1415 764 1471 quoque
788 1399 930 1454 foris
958 1417 1085 1455 sero
1116 1404 1204 1455 est
1234 1400 1455 1455 dictum
1488 1418 1519 1455 a
1561 1400 1914 1471 quibusdam
1975 1414 2174 1453 eorum

532 1488 924 1561 prudentibus
961 1505 972 1543 :
1006 1489 1155 1554 Quid
1189 1494 1277 1544 est
1323 1490 1582 1545 fenerare
1616 1490 1642 1543 2’
1700 1490 2030 1557 Hominem,
2091 1488 2175 1540 in-

531 1577 657 1649 quit
687 1578 925 1649 (Ciccro,
958 1577 1058 1632 lib.
1097 1595 1133 1632 11
1187 1580 1364 1650 O/I'z'c.,
1400 1581 1454 1632 in
1508 1580 1664 1647 ﬁne),
1725 1578 2006 1632 occidere.
2066 1576 2176 1631 Sed

534 1668 735 1738 utique
767 1684 880 1721 non
911 1665 1047 1721 Cato
1078 1667 1237 1737 prior
1268 1685 1445 1738 quam
1506 1666 1751 1739 Moyses,
1813 1666 1909 1737 qui
1971 1666 2176 1736 Legem

533 1755 772 1826 accepit.
808 1753 988 1809 Multo
1022 1753 1118 1809 ille
1147 1755 1455 1826 posterior.

605 1844 691 1898 47.
728 1865 755 1892 ‹‹
788 1843 843 1897 Si
877 1842 1089 1914 pignus
1121 1844 1411 1915 acceperis
1471 1843 1883 1899 vestimentum
1944 1842 2176 1915 propin-

534 1932 634 2004 qui
664 1931 773 1998 tui,
809 1938 941 1986 ante
972 1931 1113 1986 solis
1140 1949 1410 1987 occasum
1446 1933 1717 1988 restitues
1750 1932 1914 2000 illud,
1946 1949 2017 1987 ne
2071 1949 2176 1986 nu-

535 2019 654 2076 dati
687 2024 966 2093 appareat
993 2020 1224 2093 turpido
1250 2022 1441 2093 (Emori.
1477 2039 1613 2092 xxii,
1646 2023 1715 2076 26
1745 2025 1793 2077 et
1830 2023 1941 2093 27).
1979 2044 2005 2069 ››
2062 2020 2181 2075 Vos

534 2125 670 2166 vero
753 2107 988 2166 exuiltis
1072 2113 1247 2181 atque
1306 2110 1568 2177 nudatis,
1629 2114 1686 2167 et
1741 2127 1856 2167 non
1916 2109 2177 2176 redditis,

536 2196 740 2254 Videte
772 2215 842 2254 ne
871 2197 959 2254 sol
989 2198 1214 2255 occidat
1243 2216 1420 2271 super
1450 2200 1752 2256 avaritiam
1781 2203 2059 2265 vestram,
2109 2216 2180 2254 ne

537 2285 624 2343 sol
649 2286 891 2357 justitia-
922 2287 1084 2343 vobis
1106 2288 1348 2359 occidat,
1382 2306 1497 2361 qua
1521 2290 1817 2362 justitiam
1859 2306 1972 2345 non
2022 2292 2180 2343 tene-

538 2375 635 2446 tis,
662 2379 761 2431 aut
787 2375 873 2432 sol
907 2375 1233 2449 iniquitatis
1266 2394 1441 2449 super
1471 2378 1692 2451 ﬂagitia
1721 2383 1911 2435 vestra
1970 2378 2181 2433 conda-

541 2472 656 2521 tur.
691 2464 827 2521 Dies
858 2466 1259 2538 quoqueperit
1284 2467 1481 2533 invito,
1504 2485 1613 2522 nox
1642 2468 1809 2522 irruit
1833 2466 2180 2533 sicutJudze,

539 2552 641 2629 qui
674 2569 807 2609 cum
840 2551 1107 2609 diabolus
1136 2572 1196 2609 se
1232 2554 1486 2611 misisset
1516 2556 1574 2610 in
1609 2572 1707 2611 cor
1737 2558 1887 2628 ejus,
1934 2555 2182 2610 surrexit

540 2638 611 2699 ad
642 2641 1053 2715 proditionem,
1085 2648 1140 2696 et
1175 2643 1321 2698 facta
1353 2648 1439 2699 est
1471 2662 1621 2711 nox;
1654 2643 1739 2700 sol
1762 2645 1917 2700 enim
1940 2644 2183 2714 justitiae

539 2730 831 2791 occiderat
863 2731 937 2799 ei,
968 2735 1023 2787 et
1056 2732 1402 2788 recubuerat
1428 2750 1605 2804 super
1631 2750 1786 2789 eum.
1818 2732 1925 2796 Qui
1962 2733 2018 2788 in
2060 2750 2183 2788 cor-

539 2822 668 2894 ejus
700 2820 959 2889 intravit,
996 2820 1129 2876 fecit
1159 2820 1243 2875 illi
1273 2821 1562 2887 tenebras,
1597 2825 1659 2876 ut
1684 2820 1834 2877 lucis
1866 2839 1980 2877 non
2027 2822 2186 2878 vidc-

541 2913 627 2967 ret
656 2912 970 2965 auctorem.
1006 2908 1089 2964 Ibi
1123 2908 1302 2965 miser
1332 2909 1503 2982 periit
1538 2909 1597 2964 in
1657 2909 1755 2965 illo
1807 2911 2067 2967 convivio
2126 2912 2185 2966 in

540 3014 656 3070 quo
679 2996 777 3054 alii
801 2997 1121 3054 salvantur.
1148 2997 1390 3054 Reddite
1431 2997 1610 3072 igitur
1656 3000 2072 3056 vestimentum
2095 3001 2191 3057 de-

540 3086 736 3155 bitori,
770 3085 828 3143 in
860 3103 975 3159 quo
1001 3085 1255 3142 dormiat
1284 3091 1338 3142 et
1370 3087 1605 3158 quietus
1628 3088 1722 3143 sit.
1764 3112 1782 3136 ι
1820 3089 1879 3144 Si
1922 3089 2185 3145 nolueri-

2284 525 2470 577 neque
2502 507 2766 563 omnium
2789 523 2986 563 rerum
3017 522 3397 579 quascunque
3424 507 3846 569 fmneraveristra-

2280 595 2358 651 tri
2391 600 2513 651 tuo.
2550 620 2572 649 ι
2610 596 2793 652 Fraus
2824 597 2981 652 enim
3018 597 3128 652 ista
3158 599 3215 653 et
3244 596 3679 670 circumscriptio
3720 600 3850 674 Legis

2283 690 2394 751 est,
2429 701 2545 741 non
2577 684 2863 742 custodia.
2900 686 2968 741 Et
2997 688 3169 757 putas
3204 689 3260 741 te
3292 685 3385 759 pie
3440 684 3629 754 facere,
3672 689 3786 760 quia
3827 708 3852 746 a

2287 773 2640 846 negotiatore
2670 774 2830 830 velut
2861 791 3081 829 munus
3112 774 3363 846 suscipis
3395 775 3503 847 (49)
3527 774 3552 829 ?
3578 774 3699 832 Inde
3734 778 3851 834 frau-

2285 863 2417 917 dem
2453 862 2547 918 ille
2580 862 2715 919 facit
2742 864 2800 918 in
2834 863 3115 919 mercium
3146 863 3347 936 pretio,
3382 864 3531 920 unde
3582 865 3674 920 tibi
3724 867 3855 922 solvit

2286 956 2549 1007 usuram.
2586 953 2831 1008 Fraudis
2864 952 3021 1008 illius
3053 955 3115 1006 tu
3147 956 3367 1017 auctor,
3400 956 3460 1007 tu
3493 952 3855 1026 particeps,tibi

2285 1041 2514 1113 proficit
2545 1041 2832 1113 quidquid
2876 1040 2973 1097 ille
3030 1040 3400 1096 fraudaverit.
3440 1041 3508 1096 Et
3559 1057 3676 1097 esca
3718 1059 3856 1099 usura

2286 1135 2393 1197 est,
2427 1136 2481 1186 et
2513 1130 2690 1186 vestis
2724 1148 2905 1186 usura
2934 1134 3060 1186 est:
3093 1134 3148 1185 et
3188 1129 3571 1202 quodcunque
3622 1130 3742 1186 sorti
3788 1148 3858 1187 ac-

2286 1219 2458 1287 cedit,
2496 1237 2673 1275 usura
2704 1224 2793 1275 est
2826 1238 2838 1275 :
2869 1220 3023 1291 quod
3075 1217 3218 1274 velis
3259 1218 3311 1274 ei
3368 1235 3571 1274 nomen
3626 1218 3857 1291 imponas,

2288 1324 2468 1362 usura
2497 1313 2586 1362 est
2619 1326 2631 1362 :
2664 1308 2719 1362 Si
2752 1307 2976 1363 licitum
3012 1312 3117 1375 est,
3150 1324 3253 1362 cur
3305 1306 3640 1363 vocabulum
3668 1308 3860 1382 refugis,

2288 1412 2391 1450 cur
2420 1395 2687 1452 velamen
2720 1396 2941 1453 obtexis
2970 1396 2997 1450 ’τ’
3019 1396 3077 1451 Si
3112 1395 3376 1451 illicitum
3422 1401 3527 1464 cst,
3584 1415 3677 1453 cur
3719 1398 3861 1453 incre-

2290 1489 2552 1540 mentum
2590 1485 2836 1557 requiris
2867 1485 2894 1539 τ

2358 1577 2447 1629 5t).
2484 1576 2643 1639 Quod
2675 1575 2844 1646 pejus
2880 1578 2985 1642 cst,
3020 1575 3125 1630 hoc
3151 1574 3351 1630 vitium
3383 1573 3743 1646 plurimorum
3781 1580 3861 1639 est,

2290 1669 2343 1717 ti
2378 1665 2627 1717 maxime
2660 1663 2928 1731 divitum,
2963 1664 3178 1735 quibus
3210 1664 3317 1719 hoc
3349 1664 3580 1720 nomine
3616 1670 3863 1720 struuntur

2291 1752 2545 1817 cellaria,
2579 1754 2635 1808 Si
2670 1753 2800 1825 quis
2860 1753 3299 1809 instaurandum
3358 1754 3671 1809 convivium
3721 1758 3864 1828 putat,

2288 1842 2357 1896 ad
2396 1841 2813 1913 negotiatorem
2848 1843 3048 1909 mittit,
3086 1847 3148 1897 ut
3203 1843 3558 1916 absyntbiati
3607 1844 3706 1915 (50)
3749 1840 3864 1897 808

2289 1930 2576 2001 capellam
2611 1931 2720 1985 sibi
2753 1932 2935 2003 gratis
2968 1931 3189 1988 deferat
3225 1948 3239 1986 :
3270 1933 3341 1987 ad
3365 1948 3678 2005 cauponem
3697 1931 3864 2004 dirigit,

2293 2025 2355 2074 ut
2387 2020 2665 2075 Picenum
2699 2020 2921 2091 vinum,
2958 2025 3060 2076 aut
3090 2021 3401 2094 Tyriacum
3435 2022 3711 2094 requirat:
3740 2020 3796 2075 ad
3812 2019 3867 2073 la-

2290 2110 2479 2176 nium,
2516 2114 2576 2163 ut
2609 2109 2833 2164 vulvam
2862 2110 2970 2165 sibi
3002 2116 3271 2182 procuret
3303 2130 3314 2167 :
3347 2112 3423 2167 ad
3454 2110 3718 2180 alium,ut
3741 2124 3870 2182 poma

2290 2198 2402 2252 sibi
2452 2198 2713 2253 adornet.
2768 2198 2964 2271 Itaque
3016 2198 3448 2256 humanitatem
3481 2201 3731 2273 judicant
3775 2213 3865 2269 que

2290 2288 2457 2342 aleuo
2490 2286 2745 2358 periculo
2769 2291 3057 2355 constant,
3091 2288 3175 2343 Tu
3208 2288 3383 2355 bibis,
3429 2293 3486 2345 et
3516 2288 3658 2344 alius
3707 2283 3870 2342 difﬂuit

2290 2374 2562 2447 lacrymis
2594 2395 2606 2432 :
2643 2382 2700 2431 tu
2736 2373 3073 2448 epularis,et
3095 2375 3239 2432 alios
3270 2377 3401 2433 cibo
3432 2382 3531 2433 tuo
3560 2375 3867 2450 strangulant

2294 2468 2353 2518 tu
2388 2464 2737 2537 symphonia
2764 2465 3069 2520 delectaris
3101 2470 3155 2520 et
3189 2464 3336 2522 alius
3370 2465 3682 2523 miserabili
3721 2461 3868 2536 deplo-

2292 2556 2381 2607 rat
2415 2552 2639 2608 ululatu
2677 2571 2686 2608 :
2723 2558 2781 2608 tu
2827 2571 3000 2626 poma
3056 2555 3352 2628 dcgustas,
3413 2562 3471 2612 et
3510 2555 3651 2611 alius
3692 2554 3870 2627 spinam

2294 2647 2469 2696 vorat.
2508 2642 2804 2714 Nunquid
2837 2642 3118 2716 Colliguut
3147 2644 3217 2699 de
3248 2645 3439 2717 spinis
3488 2662 3642 2713 uvas,
3695 2647 3780 2700 aut
3822 2641 3874 2696 de

2290 2730 2524 2786 tribulis
2559 2732 2699 2787 tiens
2726 2732 2752 2786 ?
2782 2732 2963 2804 Spina
2994 2736 3102 2803 est,
3135 2733 3305 2806 spina
3334 2734 3651 2791 centesima
3683 2739 3773 2799 est,
3798 2732 3873 2787 tri-

2292 2819 2469 2875 butus
2500 2825 2586 2876 cst
2618 2826 2809 2886 tenus,
2860 2821 3009 2877 male
3035 2823 3168 2878 urit.
3225 2825 3531 2889 Quomodo
3581 2840 3705 2897 ergo
3751 2826 3877 2895 potes

2294 2910 2549 2966 fructum
2583 2910 2795 2966 habere
2825 2910 2895 2966 de
2927 2911 3112 2984 spinis
3142 2912 3169 2967 ?
3197 2912 3257 2968 Si
3289 2912 3399 2971 iste
3432 2915 3654 2970 fructus
3681 2913 3743 2968 de
3784 2910 3874 2984 spi-

2295 3000 2387 3056 nis
2418 3017 2529 3055 non
2564 3000 2846 3066 nascitur,
2881 2999 2977 3055 ille
3008 3006 3283 3058 nascetur
3310 3008 3587 3061 aeternus.
3619 3004 3690 3059 De
3715 3016 3876 3058 mrum-

2295 3088 2389 3145 nis
2419 3088 2643 3145 ditaris.
2679 3088 2748 3143 de
2778 3088 3050 3161 lacrymis
3107 3089 3340 3148 lucrum
3399 3092 3628 3165 quaeris,
3660 3092 3723 3149 de
3763 3091 3880 3146 fama

539 3172 616 3234 tis
647 3176 908 3245 reddere,
939 3175 1271 3243 exaudiam,
1301 3175 1510 3248 inquit,
1580 3194 1711 3233 cum
1748 3195 1760 3233 :
1817 3179 1955 3250 quia
2009 3178 2182 3235 mise-
2218 3168 2260 3234 C
2299 3177 2486 3233 aliena
2518 3177 2794 3249 pasceris,
2829 3178 2899 3233 de
2955 3178 3179 3235 exuviis
3235 3181 3686 3254 despoliatorum
3734 3176 3877 3235 homi-

541 3264 724 3321 ricors
756 3281 887 3320 sum
921 3262 1079 3334 (Ibid.
1113 3263 1227 3335 27).
1260 3285 1287 3313 η
1325 3263 1384 3319 Si
1415 3282 1514 3320 vos
1548 3282 1661 3321 non
1720 3266 2030 3335 exauditis,
2080 3284 2186 3339 ego

542 3352 878 3417 exaudiam,
908 3367 1013 3424 ego
1045 3351 1383 3421 miserebor,
1419 3370 1523 3426 ego
1554 3371 1666 3410 non
1714 3355 2031 3427 despiciam
2061 3355 2184 3413 ino-

546 3441 637 3517 pis
668 3456 920 3513 precem,

618 3531 704 3586 48.
738 3529 798 3585 In
834 3530 1276 3586 Deuteronomio
1298 3548 1529 3604 quoque
1552 3533 1834 3605 scriptum
1858 3537 1946 3590 est
1978 3552 1990 3590 :
2022 3535 2187 3590 «Non

545 3619 796 3693 exigesa
830 3619 1001 3675 fratre
1029 3624 1128 3675 tuo
1186 3638 1429 3677 usuram
1490 3623 1771 3695 pecuniae,
1832 3627 1889 3678 et
1946 3640 2186 3681 usuram

543 3724 833 3775 escarum,
865 3711 924 3763 et
947 3724 1188 3764 usuram
1230 3709 1492 3765 omnium
1553 3728 1748 3766 rerum
1806 3729 2189 3785 quascunque

542 3786 912 3857 fmneraveris
942 3796 1106 3852 fratri
1164 3801 1282 3852 tuo.
1344 3798 1401 3853 Si
1463 3798 1797 3872 alienigenae
1847 3801 2188 3870 credideris,

540 3888 782 3942 usuram
814 3885 1009 3958 exiges
1042 3887 1114 3941 ab
1144 3903 1246 3942 eo:
1282 3904 1315 3941 a
1344 3890 1517 3943 fratre
1550 3893 1745 3943 autem
1785 3893 1886 3945 tuo
1918 3907 2031 3945 non
2062 3890 2183 3946 exi-

539 3990 640 4049 ges
670 3976 850 4047 (Deut.
885 3992 1045 4048 xxm,
1076 3975 1164 4044 19,
1195 3976 1307 4046 20).
1344 3997 1371 4024 ››
1405 3975 1582 4032 Vides
1626 3983 1911 4049 quantum
1956 3979 2186 4051 pondus

542 4065 597 4123 in
628 4064 821 4122 verbis
851 4064 947 4119 sit.
980 4087 1006 4113 ‹‹
1040 4063 1188 4133 Noli,
1220 4063 1432 4136 inquit,
1464 4066 1690 4137 exigere
1724 4084 1963 4123 usuram
1998 4085 2031 4123 a
2068 4069 2181 4125 fra-

537 4158 624 4208 tre
655 4157 776 4222 tuo,
815 4176 842 4202 ››
864 4153 973 4209 hoc
1006 4156 1115 4221 est,
1149 4169 1281 4208 cum
1321 4170 1436 4225 quo
1494 4154 1709 4211 habere
1763 4156 1939 4211 debes
1988 4159 2188 4216 omnia

538 4242 895 4312 communia,
925 4242 995 4297 ab
1030 4258 1095 4297 co
1121 4246 1180 4297 tu
1207 4259 1448 4298 usuram
1503 4243 1733 4316 exigis?
1792 4245 1990 4301 Frater
2045 4250 2185 4304 tuus

540 4347 778 4387 consors
808 4335 1027 4385 naturae
1060 4336 1116 4387 et
1145 4331 1402 4388 cohaeres
1432 4333 1650 4406 gratiae,
1699 4332 1815 4389 noli
1847 4334 1921 4389 ab
1953 4351 2019 4390 eo
2076 4336 2187 4393 exi-

540 4435 675 4492 gere
705 4418 978 4493 amplius,
1013 4438 1046 4476 a
1078 4438 1192 4494 quo
1225 4421 1438 4477 durum
1471 4428 1559 4478 est
1588 4426 1847 4495 repetere
1881 4426 2035 4494 quod
2087 4426 2183 4482 de-

539 4510 717 4576 deris,
752 4510 865 4565 nisi
899 4526 1031 4565 cum
1067 4509 1338 4567 habuerit
1368 4512 1521 4567 unde
1552 4511 1759 4568 solvat.

612 4599 699 4653 49.
724 4598 793 4654 Et
819 4599 959 4672 quia
988 4599 1251 4671 plerique
1292 4600 1645 4672 refugientes
1679 4608 1966 4675 praecepta
2015 4604 2185 4678 chis

538 4686 887 4762 (it,quzest.
940 4689 992 4741 3.
1028 4705 1077 4743 c.
1138 4689 1437 4762 Plerique),
1497 4706 1629 4745 cum
1687 4690 1952 4747 dederint
2010 4710 2184 4764 pecu-

539 4776 697 4833 niam
727 4777 1208 4851 negotiatoribus,
1264 4794 1375 4831 nou
1409 4777 1466 4832 in
1517 4780 1767 4850 pecunia
1798 4798 2010 4837 usuras
2067 4783 2182 4838 exi-

538 4870 706 4939 gunt,
739 4866 839 4923 sed
872 4866 942 4922 de
975 4865 1265 4921 mercibus
1295 4883 1497 4922 eorum
1545 4870 1826 4939 tanquam
1867 4886 2183 4927 usurarum

538 4954 934 5012 emolumenta
963 4954 1339 5028 percipiunt:
1396 4955 1527 5011 ideo
1584 4956 1828 5013 audiant
1869 4958 2009 5030 quid
2072 4962 2186 5017 Lex

610 5116 723 5186 (t9)
751 5116 968 5172 Omnes
1000 5118 1137 5172 edit.
1170 5133 1233 5171 ac
1268 5133 1409 5172 mss.
1436 5118 1583 5185 duo,
1606 5120 1751 5173 velut
1783 5124 2032 5176 mutuum
2072 5140 2184 5178 sus-

537 5189 698 5261 cipis.
735 5187 943 5243 Melius
974 5188 1093 5253 alii,
1122 5190 1268 5243 velut
1298 5206 1499 5243 mzmus
1526 5193 1776 5261 suscipis.
1814 5193 1880 5245 Et
1923 5193 2058 5249 hinc
2092 5196 2184 5250 in-

539 5258 770 5337 telligas
793 5262 917 5328 jam
950 5265 1074 5315 tum
1110 5261 1500 5385 excogitatam
1526 5258 1704 5316 fuisse
1728 5261 2035 5320 hominum
2060 5283 2185 5323 ava-

542 5328 673 5384 ritia
730 5329 1163 5385 distinctionem
1229 5332 1408 5385 itam.
1470 5349 1584 5385 uua
1641 5331 1860 5385 uliuuid
1923 5337 2184 5385 accinem

542 5327 692 5408 ritia‘
730 5327 1163 5389 dietinctiouem
1229 5327 1408 5408 illam,
1470 5349 1584 5403 qua
1641 5331 1860 5408 aliquid
1923 5337 2184 5408 accipere

541 5403 748 5470 prmtcr
778 5408 993 5479 sortem
1029 5420 1130 5475 per
1160 5404 1398 5479 modum
1434 5402 1624 5479 usurae
1656 5402 1922 5479 illicitum
1957 5402 2180 5479 dicunt,

540 5487 824 5556 ποθ-χεῖρ’
847 5474 896 5528 si
926 5474 1289 5556 per'modum
1322 5474 1941 5556 munerisaccipiat‘ur.

611 5542 723 5627 (50)
755 5542 1205 5627 Absgn'thiatum,
1239 5551 1341 5627 aut
1370 5551 1434 5627 ut
1463 5545 1601 5604 alibi
1632 5542 2182 5627 scribiturlubsyn-

537 5613 809 5683 thiacum,
840 5613 1043 5672 vinum
1073 5621 1159 5676 est
1193 5613 1492 5695 'absyntbo
1522 5618 1822 5676 conditum
1858 5636 1870 5678 :
1899 5613 2179 5680 Picenum

2300 3285 2441 3323 num
2473 3267 2640 3323 endis
2661 3272 2966 3340 argentum
3004 3273 3099 3324 :et
3143 3270 3381 3340 judicas
3412 3276 3471 3328 te
3526 3272 3760 3335 divitem,
3807 3264 3883 3338 qui

2300 3356 2512 3429 stipem
2555 3356 2746 3429 poscis
2776 3374 2810 3412 a
2866 3373 3121 3430 paupere
3152 3358 3179 3413 ?
3218 3360 3330 3416 Sed
3391 3361 3531 3417 audi
3590 3360 3715 3435 quid
3766 3358 3884 3413 dicat

2299 3446 2560 3502 Salvator
2595 3462 2605 3500 :
2642 3470 2668 3495 «
2702 3445 2799 3500 Vae
2827 3447 2990 3502 vobis
3021 3446 3324 3518 divitibus,
3349 3450 3453 3523 qui
3485 3450 3703 3506 habetis
3725 3462 3882 3504 conso-

2300 3535 2576 3592 lationem
2606 3540 2855 3591 vcstram
2886 3537 3031 3605 (Luc.
3066 3553 3141 3606 v1,
3171 3538 3292 3608 24)!
3336 3562 3363 3587 ››

2913 3624 3146 3681 CAPUT
3200 3626 3313 3682 XV.

2300 3717 2605 3787 Aticm’gam
2636 3733 2667 3770 α
2703 3732 2803 3787 quo
2863 3732 3058 3772 usuras
3117 3718 3242 3773 licet
3295 3721 3541 3789 exigere,
3596 3721 3755 3775 solum
3802 3728 3883 3789 esse

2368 3784 2513 3863 cani,
2542 3784 2855 3863 qucrn’lz'cet
2882 3789 3147 3856 occidere,
3173 3784 3415 3860 fratrem
3436 3784 3558 3847 vero
3577 3790 3789 3863 ejusdem
3824 3784 3882 3841 vel

2369 3859 2495 3933 ﬁdei
2523 3860 2607 3913 vel
2626 3861 2774 3929 juris
2803 3868 3150 3933 consortem;
3176 3859 3489 3933 quamlibet
3514 3859 3722 3918 usdram
3766 3873 3882 3933 ρῖοεῄ

2367 3928 2702 4005 ρνίὺινεῖάρ
2735 3928 3202 4005 benedictionibus
3225 3934 3345 4004 ejus
3376 3936 3475 4005 qui
3518 3937 3585 3989 ab
3616 3935 3709 3989 illa
3756 3928 3881 4005 absti-

2369 4003 2572 4069 nuerit,
2608 4018 2731 4056 cum
2759 4001 3139 4059 ericortatimie
3165 4001 3695 4063 ad'mz'séricordiam
3723 4007 3766 4058 et
3791 4001 3887 4056 veri-

2367 4081 2548 4129 talem.

2366 4163 2456 4217 5t.
2492 4161 2601 4217 Sed
2636 4160 2778 4217 forte
2803 4162 2961 4218 dices
2993 4163 3133 4235 quia
3173 4164 3468 4238 scriptum
3526 4171 3613 4224 est
3643 4184 3654 4221 :
3709 4190 3732 4215 α
3778 4158 3887 4218 ΛΗΘ·

2298 4252 2519 4323 nigena:
2551 4250 2862 4307 fmnerabis
2893 4253 3068 4322 (Deut.
3102 4238 3260 4320 xxiii,
3293 4256 3393 4325 20)
3427 4273 3441 4325 ;
3477 4278 3507 4305 ››
3538 4259 3593 4312 et
3623 4271 3727 4310 non
3746 4246 3885 4307 censio

2296 4341 2466 4395 deras
2497 4340 2637 4411 quid
2698 4340 3076 4413 Evangelium
3136 4342 3310 4409 dicat,
3345 4345 3507 4417 quod
3555 4350 3641 4402 est
3686 4338 3882 4416 plenius.

2297 4429 2407 4484 Sed
2440 4428 2546 4484 hoc
2577 4429 2810 4485 interim
2843 4436 3299 4502 scqucstremus,
3336 4434 3513 4507 Legis
3540 4435 3715 4507 ipsids
3754 4425 3884 4484 verba

2297 4518 2601 4575 considera
2636 4538 2648 4575 :
2684 4544 2709 4568 ‹‹
2747 4520 2930 4575 Fratri
2967 4526 3087 4588 tuo,
3119 4521 3335 4594 inquit,
3373 4541 3493 4581 non
3528 4519 3807 4581 fmnerabis
3831 4512 3882 4568 ad

2298 4625 2563 4678 usuram,
2594 4608 2693 4663 sed
2727 4607 3113 4682 alienigenam
3145 4613 3340 4683 exiges
3391 4613 3557 4684 (Ibid.
3620 4613 3696 4677 19,
3755 4610 3882 4675 20),

2294 4696 2431 4760 Quis
2462 4700 2586 4752 erat
2616 4700 2753 4752 tunc
2787 4696 3253 4770 alicnigena,nisi
3284 4699 3701 4769 Amalech,nisi
3726 4700 3881 4753 Αωοτ·

2294 4784 2508 4852 rhaeus,
2543 4785 2656 4841 nisi
2703 4785 2902 4842 hostes
2934 4787 2960 4840 ?
3016 4787 3119 4855 Ibi,
3179 4788 3398 4861 inquit,
3461 4807 3694 4848 usuram
3742 4784 3881 4854 exige-

2294 4873 2396 4930 Cui
2430 4876 2637 4931 merito
2668 4892 2874 4931 nocere
2916 4875 3235 4949 desideras,
3269 4880 3365 4934 cui
3417 4881 3555 4952 jure
3610 4875 3882 4934 inferuntur

2294 4979 2477 5032 arma,
2512 4962 2648 5019 huic
2675 4963 2931 5037 legitime
2962 4965 3296 5022 indicantur
3325 4984 3546 5025 usurae.
3581 4970 3744 5035 Quem
3770 4957 3882 5018 bello

2294 5128 2511 5192 autem,
2546 5129 2601 5179 ct
2632 5124 2939 5200 TJvriacum
2972 5127 3055 5200 ita
3081 5127 3364 5185 dicuntur
3394 5147 3429 5186 a
3461 5130 3603 5187 locis
3633 5129 3685 5185 in
3714 5122 3880 5200 qui!)us
3968 5138 3969 5181 ἰ

2296 5184 2637 5274 nascuntur.
2672 5184 2771 5251 Est
2801 5198 2954 5252 enim
2996 5199 3270 5274 Picenum
3306 5184 3750 5274 regioquiedani
3799 5194 3877 5249 Ιίι-

2295 5268 2405 5333 liae,
2432 5268 2619 5342 Tyrus
2649 5285 2780 5342 vero
2815 5274 2954 5342 urbs
2990 5273 3053 5342 in
3079 5273 3240 5328 Asia.
3270 5268 3442 5338 Qu6d
3483 5268 3671 5330 autem
3721 5277 3876 5342 ριᾯνο·
3966 5330 3967 5333 η

2294 5357 2377 5403 ce,
2412 5338 2649 5415 vulvam,
2710 5340 2974 5415 Latinius
3009 5341 3358 5415 _legendum
3419 5347 3651 5415 conjicit
3698 5338 3876 5411 lia/llam,

2294 5428 2420 5483 qua:
2453 5427 2559 5465 vox
2578 5411 2646 5487 in
2681 5412 2973 5487 ant._e*lit.
3009 5411 3312 5487 legebatur
3359 5411 3580 5472 frustra
3630 5418 3728 5487 est,
3777 5417 3876 5487 σίζει]

2292 5475 2497 5539 omnes
2527 5483 2671 5558 edit.
2696 5484 3023 5558 praeferant,
3054 5475 3289 5558 linteam,
3344 5493 3408 5544 et
3431 5505 3522 5556 ea,
3554 5490 3637 5558 ut
3656 5475 3783 5558 jam,
3809 5475 3877 5533 di'

2292 5558 2451 5612 ctum
2481 5559 2591 5626 est,
2622 5553 3056 5635 ab'aucupibus
3085 5553 3437 5617 deliciarum
3470 5553 3699 5634 quaesita
3724 5553 3803 5609 sit.
