4052 6196
244 388 357 457 ΘΠ

1608 386 1840 455 LIBER
1881 381 1984 451 DE
2025 385 2285 453 TOBlA.

3522 324 3678 455 818‘

249 544 359 586 non
394 530 557 601 potes
589 526 756 585 facile
784 524 1036 599 vincere,
1068 526 1139 586 de
1162 525 1274 586 hoc
1305 527 1417 585 cito
1443 530 1603 601 poles
1637 527 1881 581 Pcszli‘si-
1920 524 1963 589 Δ,
2002 544 2142 587 rem.
2176 527 2258 581 vel
2292 525 2367 581 ibi
2402 526 2472 582 sit
2519 523 2716 600 aliqua
2747 524 2934 599 gratia
2966 523 3100 599 (52),
3134 521 3235 581 ubi
3292 520 3452 581 nulla
3511 542 3644 597 spes

249 635 341 677 ma
369 617 666 677 vindicare
695 622 767 676 te.
797 617 882 676 Ab
913 619 1022 677 hoc
1052 636 1296 677 usuram
1328 620 1509 691 exige,
1545 636 1719 690 quem
1777 636 1888 673 non

253 709 326 767 sit
356 708 579 766 crimen
607 710 886 766 occidere.
919 709 1054 766 Sine
1084 710 1234 767 ferro
1252 710 1495 766 dimicat
1526 709 1625 782 qui
1647 724 1889 764 usuram

250 800 521 873 flagitat:
558 800 685 855 sine
724 798 919 872 gladio
972 816 1034 856 se
1064 800 1135 856 de
1190 799 1357 856 hoste
1405 798 1729 868 ulciscitur,
1790 797 1889 870 qui

244 889 416 946 fuerit
446 888 751 945 usurarius
780 892 1013 945 exactor
1049 888 1292 945 inimici.
1326 890 1474 962 Ergo
1533 888 1631 944 ubi
1659 889 1757 959 jus
1774 885 1893 943 bel-

244 977 302 1047 li,
334 978 414 1034 ibi
446 979 621 1033 etiam
644 979 746 1050 jus
776 994 988 1033 usurae.
1022 979 1219 1034 Frater
1250 983 1445 1034 autem
1502 981 1642 1034 tuus
1674 976 1887 1041 omnis,

243 1067 397 1135 fidei,
430 1067 711 1140 primum,
743 1068 951 1123 deinde
983 1066 1230 1124 Romani
1255 1069 1407 1139 juris
1438 1071 1529 1122 est
1586 1064 1839 1138 papulus
1872 1082 1885 1120 :

246 1180 273 1208 «
302 1157 564 1213 Narrabo
591 1173 803 1212 nomen
835 1161 1004 1213 tuum
1039 1158 1320 1214 fratribus
1378 1156 1543 1223 meis,
1578 1156 1639 1210 in
1697 1155 1888 1210 medio

243 1246 508 1303 Ecclesiae
540 1245 793 1302 laudabo
823 1250 879 1302 te
911 1247 1080 1318 (Psal.
1116 1264 1228 1301 xxx.
1264 1248 1374 1317 23).
1412 1269 1439 1294 ››

311 1336 399 1391 52.
432 1334 703 1407 Denique
750 1336 925 1391 etiam
988 1336 1045 1390 in
1106 1335 1358 1391 Levitico
1416 1332 1741 1406 praescribit
1797 1332 1887 1407 lex

245 1441 486 1481 usuram
516 1442 550 1479 a
581 1424 756 1479 fratre
803 1441 918 1479 non
976 1442 1104 1481 esse
1160 1425 1532 1497 poscendam.
1584 1422 1675 1478 Sic
1729 1423 1885 1478 enim

242 1512 422 1569 habes
459 1530 470 1568 :
512 1534 531 1561 α
567 1513 638 1567 Et
674 1512 825 1568 vivet
878 1513 1056 1568 frater
1112 1519 1249 1569 tuus
1306 1517 1519 1577 tecum,
1579 1512 1884 1584 pecuniam

242 1605 403 1658 tuam
437 1618 553 1657 non
586 1601 757 1657 dabis
789 1600 871 1657 illi
904 1602 961 1657 in
997 1618 1260 1671 usuram,
1294 1608 1351 1657 et
1378 1602 1436 1657 in
1483 1600 1740 1674 amplius
1792 1617 1884 1656 re-

245 1690 573 1764 cipiendum
609 1708 723 1746 non
758 1690 925 1746 dabis
958 1690 1042 1745 illi
1101 1707 1265 1747 escas
1320 1695 1452 1747 tuas
1511 1691 1698 1763 (Leuit.
1754 1707 1883 1755 xxv,

238 1780 352 1852 32'»).
385 1803 412 1829 ››
450 1777 810 1836 Generaliter
848 1779 971 1834 haec
1012 1780 1303 1835 sententia
1359 1779 1459 1835 Dei
1488 1796 1662 1836 omne
1710 1779 1885 1835 sortis

2001 617 2310 673 commodi.
2345 618 2412 673 Et
2442 617 2551 673 hoc
2582 616 2908 673 secundum
2940 615 3242 673 avaritiam
3273 619 3525 671 vestram
3560 614 3643 671 lo-

2001 724 2165 780 quor.

2604 824 2834 879 CAPUT
2891 822 3037 879 XVI.

1998 933 2082 988 Ex
2107 932 2421 1004 evangelica
2450 939 2719 1003 praecepto
2757 930 3136 1001 fernerandum
3191 931 3295 999 his,
3351 948 3389 1004 _a
3443 931 3641 1004 quibus

2068 1005 2212 1060 nihil
2242 1001 2573 1072 experietur,
2605 1001 2715 1059 imo
2746 1005 2916 1058 etiam
2954 1004 3197 1058 inimicis
3229 1018 3242 1055 :
3303 1001 3643 1061 uberrimum

2067 1079 2249 1148 [mnus
2297 1077 2453 1131 illius
2505 1092 2639 1140 esse,
2670 1077 2768 1146 qui
2812 1075 3040 1148 Domino
3095 1075 3497 1148 fwneraverit:
3547 1090 3647 1148 nec

2068 1144 2427 1216 difﬁdendum
2460 1150 2632 1219 ipsius
2671 1144 2989 1218 paupertati
3016 1144 3141 1218 quae
3194 1160 3349 1201 veras
3411 1144 3648 1217 largitur

2068 1220 2309 1275 divitias.

2068 1336 2159 1389 54.
2202 1336 2484 1390 Caeterum
2517 1333 2800 1389 Dominus
2831 1332 2890 1388 in
2924 1331 3236 1405 Evangelio
3268 1331 3483 1389 talibus
3530 1348 3647 1391 ma-

2001 1423 2093 1495 gis
2122 1423 2417 1479 existimat
2448 1424 2920 1490 fmnerandum,a
2949 1422 3165 1493 quibus
3197 1421 3507 1479 redhibitio
3529 1438 3644 1479 non

1997 1518 2288 1585 speretur.
2311 1514 2405 1569 Sic
2437 1513 2592 1568 enim
2627 1513 2709 1569 ait
2740 1530 2752 1568 :
2792 1535 2818 1562 «
2851 1514 2916 1567 Et
2946 1511 2995 1567 si
3042 1515 3318 1567 mutuum
3367 1510 3645 1568 dederitis

1997 1619 2029 1656 a
2061 1602 2275 1675 quibus
2306 1602 2551 1674 speratis
2584 1602 2858 1674 recipere,
2892 1619 3020 1674 quae
3066 1601 3230 1657 vobis
3261 1605 3351 1657 est
3405 1599 3593 1675 gratia
3617 1602 3646 1656 ?

1996 1691 2141 1746 Nam
2186 1696 2517 1764 peccatores
2580 1691 2987 1763 peccatoribus
3045 1691 3345 1755 foenerant,
3380 1696 3446 1746 ut
3501 1690 3644 1747 reci-

1994 1781 2157 1853 piant
2190 1799 2203 1849 ;
2239 1786 2639 1836 verumtamen
2670 1785 2859 1836 amate
2890 1780 3159 1835 inimicos
3195 1783 3438 1847 vestros,
3463 1783 3520 1835 et
3548 1780 3643 1836 be-

228 1868 486 1927 .exclusit
514 1873 917 1940 augmentum.
954 1868 1114 1924 Unde
1145 1874 1201 1924 et
1230 1869 1408 1924 David
1440 1873 1497 1924 et
1512 1868 1883 1925 benedictum
1919 1896 1967 1963 B
1998 1869 2243 1925 nefacite
2274 1869 2378 1938 eis,
2412 1874 2469 1925 et
2500 1876 2772 1925 mutuum
2834 1870 2967 1924 date
3028 1867 3176 1924 nihil
3233 1873 3556 1941 sperantes,
3588 1873 3646 1924 et

238 1957 629 2022 mstimavit,et
656 1957 902 2029 dignum
934 1956 1291 2014 habitatione
1320 1957 1560 2024 cmlesti,
1586 1958 1684 2031 qui
1715 1975 1887 2030 pecu-

251 2046 412 2103 niam
444 2062 561 2101 non
592 2046 754 2101 dedit
778 2046 836 2100 in
869 2062 1110 2101 usuram
1142 2048 1312 2118 (Psal.
1358 2065 1472 2114 xw,
1502 2049 1579 2115 5).
1638 2047 1694 2101 Si
1751 2064 1889 2119 ergo

240 2138 345 2211 qui
376 2154 491 2192 non
518 2135 696 2203 dedit,
730 2136 1072 2192 benedictus
1106 2154 1119 2203 ;
1154 2137 1280 2193 sine
1308 2138 1487 2192 dubio
1518 2136 1886 2210 malediqtus,

238 2226 344 2300 qui
375 2226 447 2282 ad
483 2242 723 2281 usuram
755 2224 937 2281 dedit.
969 2225 1085 2281 Cur
1112 2242 1249 2298 ergo
1284 2226 1755 2282 maledictionem
1788 2243 1888 2298 po-

248 2317 370 2372 tius
401 2313 592 2384 eligis,
629 2332 808 2386 quam
866 2315 1331 2371 benedictionem
1363 2316 1391 2370 ?
1420 2316 1667 2371 Potestis
1721 2315 1891 2370 bene-

206 2403 390 2476 .dicti
420 2420 571 2471 esse,
634 2403 682 2458 si
739 2404 952 2473 velitis,
1002 2404 1244 2476 potestis
1292 2405 1439 2476 justi
1498 2420 1646 2459 esse.
1706 2405 1889 2459 Homo

238 2493 398 2550 enim
421 2493 624 2563 justus
651 2493 977 2547 secundum
1008 2492 1266 2548 Ezechiel
1300 2494 1512 2563 (Ezech.
1544 2510 1707 2558 xvm,
1730 2494 1785 2557 7,
1810 2494 1888 2562 8),

236 2583 343 2655 qui
377 2581 595 2655 pignus
619 2580 865 2637 debitori
896 2581 1117 2649 reddet,
1147 2586 1202 2637 et
1232 2583 1539 2654 pecuniam
1599 2598 1767 2638 suam
1828 2583 1887 2636 in

233 2688 487 2728 usuram
512 2687 629 2725 non
659 2670 844 2737 dabit,
878 2674 935 2725 et
964 2672 1569 2743 supei'gbundantiam
1599 2688 1711 2726 non
1745 2670 1889 2727 acci-

238 2762 384 2836 piet,
409 2761 562 2816 σου
595 2764 651 2815 et
679 2760 751 2815 ab
784 2759 1077 2829 injustitia
1117 2765 1337 2815 avertet
1367 2778 1609 2816 manum
1668 2778 1837 2816 suam
1873 2778 1885 2815 :

234 2851 456 2909 Justus
483 2852 570 2904 est
597 2848 727 2913 iste,
753 2848 965 2919 inquit,
1008 2849 1129 2904 vita
1182 2849 1355 2916 vivet,
1408 2848 1549 2905 dicit
1606 2848 1889 2905 Dominus

238 2939 406 3011 (Ibid.
439 2939 518 3009 9).
552 2960 580 2987 ›ι
614 2936 721 3003 Qui
752 2939 951 2993 autem
979 2937 1195 3009 pignus
1224 2955 1337 2993 non
1388 2938 1663 3003 reddidit,
1723 2943 1779 2993 et
1828 2939 1887 2992 in

235 3027 563 3086 simulacra
593 3026 867 3099 apposuit
890 3027 1091 3082 oculos
1122 3043 1283 3091 suos,
1314 3026 1685 3099 iniquitatem
1732 3027 1886 3093 fecit,

236 3131 382 3170 cum
424 3129 604 3169 usura
633 3112 810 3179 dedit,
845 3116 902 3168 et
927 3114 1889 3187 superabundantiamaccepit,bic

232 3205 363 3260 vita
391 3220 508 3258 non
535 3202 703 3257 vivet.
739 3202 954 3258 Omnes
983 3202 1324 3275 iniquitates
1357 3205 1498 3259 istas
1519 3203 1669 3270 fecit,
1702 3209 1888 3259 morte

1998 1960 2109 2015 erit
2138 1975 2361 2016 merces
2391 1963 2583 2015 vestra
2614 1958 2799 2015 multa
2828 1959 2886 2013 in
2920 1957 3085 2029 ccelo,
3118 1961 3175 2014 et
3228 1958 3393 2014 eritis
3416 1957 3523 2013 filii
3553 1957 3645 2014 ΑΙο

1999 2047 2241 2112 tissimi,
2273 2048 2412 2120 quia
2441 2048 2566 2120 ipse
2596 2049 2886 2119 benignus
2919 2063 3096 2119 super
3125 2047 3388 2118 ingratos
3417 2051 3475 2104 et
3517 2063 3645 2105 m8.-

1998 2135 2102 2192 los.
2139 2137 2335 2193 Estote
2365 2138 2795 2205 misericordes,
2826 2137 2983 2192 sicut
3012 2142 3068 2192 et
3098 2136 3266 2192 Pater
3292 2141 3484 2193 vester
3527 2137 3644 2191 mi-

1999 2226 2249 2282 sericors
2277 2231 2365 2282 est
2420 2226 2569 2298 (Luc.
2608 2269 2620 2293 ,
2680 2244 2758 2291 vr,
2806 2226 3022 2297 34-36).
3057 2248 3085 2275 »
3138 2225 3456 2281 Advertitis
3487 2226 3643 2298 quod

1999 2331 2212 2370 nomen
2244 2332 2278 2370 a
2309 2315 2555 2370 Domino
2604 2316 2916 2370 temerator
2971 2314 3277 2386 acceperit,
3337 2315 3491 2387 quod
3548 2331 3644 2370 no-

1999 2420 2132 2458 men
2194 2403 2368 2458 etiam
2427 2403 2527 2474 qui
2586 2404 2791 2460 fmnori
2846 2408 3039 2460 vestro
3096 2404 3273 2460 fuerit
3327 2402 3640 2476 obligatus.

2000 2516 2027 2541 ‹‹
2062 2493 2419 2558 Peccatores,
2451 2492 2666 2563 inquit,
2700 2491 3101 2564 peccatoribus
3135 2493 3439 2561 fcenerant,
3471 2498 3538 2548 ut
3563 2510 3633 2549 re.

1998 2581 2257 2653 cipiant:
2294 2604 2321 2629 ››
2353 2585 2599 2652 uterque
2630 2584 2917 2652 peccator,
2947 2585 3004 2636 et
3028 2581 3356 2649 fmnerator,
3388 2586 3445 2638 et
3490 2581 3645 2640 debi-

1996 2672 2106 2725 tor.
2140 2670 2255 2726 Vos
2285 2675 2503 2734 autem,
2543 2669 2757 2742 inquit,
2819 2674 3012 2726 amate
3069 2668 3342 2726 inimicos
3397 2674 3641 2726 vestros.

1998 2759 2125 2814 Non
2162 2759 2495 2815 discutiatis
2526 2760 2665 2831 quid
2699 2763 3038 2815 mereantur
3062 2757 3307 2826 inimici,
3341 2759 3443 2815 sed
3500 2759 3643 2830 quid

1997 2865 2099 2904 vos
2130 2848 2316 2904 facere
2344 2852 2625 2920 oporteat.
2668 2848 2808 2903 Date
2875 2852 3149 2903 mutuum
3205 2847 3280 2902 iis
3338 2864 3373 2903 a
3426 2847 3644 2919 quibus

1999 2954 2116 2993 non
2146 2937 2396 3009 speratis
2424 2952 2545 3000 vos,
2581 2936 2737 3009 quod
2775 2937 2978 2993 datum
3034 2936 3228 3003 fuerit,
3287 2941 3642 3009 recepturos.

1999 3026 2236 3081 Nullum
2269 3026 2365 3081 hic
2393 3025 2676 3081 damnum
2708 3030 2815 3091 est,
2851 3025 2950 3080 sed
2985 3024 3421 3097 compendium.
3469 3022 3647 3081 Mini-

2000 3131 2162 3169 mum
2189 3114 2366 3181 datis,
2398 3112 2649 3168 multum
2682 3112 2974 3185 recipietis
3006 3128 3019 3167 :
3057 3114 3113 3167 in
3148 3117 3301 3168 terra
3353 3112 3528 3183 datis,
3587 3118 3648 3169 et

2000 3203 2058 3258 id
2089 3203 2252 3260 vobis
2282 3202 2539 3259 solvetur
2570 3202 2626 3257 in
2659 3201 2802 3258 ccelo
2837 3219 2849 3256 :
2884 3202 3072 3256 foenus
3106 3201 3400 3269 amittitis,
3432 3218 3646 3259 merce-

236 3292 575 3350 morietur:
613 3290 855 3361 sanguis
885 3291 1014 3361 ejus
1062 3307 1239 3362 super
1305 3291 1497 3361 ipsum
1558 3292 1684 3347 erit.
1745 3290 1889 3347 Vide
1919 3260 1962 3327 Ο
2002 3291 2133 3347 dem
2157 3308 2430 3364 magnam
2474 3291 2811 3347 habebitis:
2872 3291 3245 3347 faeneratores
3296 3292 3459 3348 810
3514 3305 3647 3357 esse

234 3381 538 3456 quomodo
571 3380 977 3435 fceneratorem
1030 3395 1168 3434 cum
1226 3379 1536 3435 idololatra
1569 3379 1881 3451 copulavit,

235 3469 417 3545 quasi
445 3468 666 3524 crimen
691 3473 964 3540 aequaret.
1000 3468 1156 3539 Elige
1184 3484 1321 3541 ergo
1353 3469 1508 3540 quod
1552 3468 1722 3524 dulce
1778 3474 1886 3524 est.

310 3561 406 3615 53.
437 3558 554 3614 Cur
581 3573 813 3628 semper
842 3556 1059 3623 tristes,
1093 3572 1200 3612 cur
1229 3573 1460 3629 semper
1510 3556 1888 3621 amarissimi,

236 3666 351 3706 cur
381 3662 613 3718 semper
641 3644 874 3701 solliciti
904 3645 932 3700 ‘I
960 3645 1241 3701 Procedat
1295 3644 1611 3716 aliquando
1643 3661 1678 3700 a
1726 3646 1892 3700 vobis

238 3733 670 3801 misericordia,
704 3732 981 3805 procedat
1008 3732 1224 3790 veritas
1260 3750 1271 3789 :
1307 3732 1598 3805 obligetur
1651 3734 1890 3790 menda-

234 3827 429 3896 cium,
460 3824 623 3880 fraus
647 3822 779 3879 odio
810 3822 905 3879 sit.
941 3821 1232 3879 Docuistis
1288 3823 1612 3894 perjurium
1648 3841 1661 3879 :
1714 3822 1891 3878 foene-

239 3912 535 3972 ratorium
564 3914 1000 3968 sacramentum
1031 3910 1265 3978 dicitur,
1296 3911 1394 3966 ubi
1429 3917 1668 3984 paratur
1705 3912 1897 3984 perju-

242 4004 431 4063 rium.
467 3999 724 4057 Parastis
751 3999 1086 4070 frequenter
1114 4001 1227 4071 (51)
1257 4016 1393 4055 cum
1447 4000 1673 4056 reddita
1723 4001 1895 4057 fuerit

232 4092 518 4167 pecunia,
549 4089 704 4161 quod
737 4088 1073 4161 syngrapha
1100 4105 1214 4144 non
1247 4094 1524 4161 appareat
1557 4109 1569 4146 :
1620 4090 1895 4162 pejeratis

233 4184 451 4256 postea
480 4179 635 4251 quod
669 4195 780 4234 non
816 4177 1149 4250 receperitis
1180 4179 1510 4250 pecuniam.
1543 4178 1729 4235 Nolite
1758 4196 1894 4250 ergo

234 4286 480 4343 semper
510 4267 707 4324 miseri
734 4283 883 4334 esse,
916 4282 1148 4338 semper
1176 4267 1353 4333 avari,
1389 4284 1623 4337 semper
1679 4269 1891 4324 mcesti.

235 4361 471 4416 Leones
502 4360 661 4426 Sunt,
694 4361 748 4411 et
770 4355 1059 4411 feritatem
1083 4372 1252 4410 suam
1274 4360 1505 4411 mutant
1530 4373 1541 4410 :
1569 4380 1593 4406 ‹‹
1629 4356 1707 4411 De
1732 4373 1895 4411 man-

233 4450 520 4511 ducante,
550 4444 762 4516 inquit,
793 4444 965 4500 exivit
997 4460 1150 4507 esca,
1182 4449 1239 4498 et
1296 4445 1366 4498 de
1436 4446 1569 4499 forti
1627 4451 1686 4500 et
1743 4444 1890 4500 tristi

230 4534 418 4593 exivit
446 4532 617 4588 dulce
644 4533 847 4600 (Judz'c.
881 4549 997 4599 xxv,
1025 4534 1112 4603 14)
1150 4550 1161 4599 ;
1196 4556 1221 4579 ››
1256 4533 1507 4599 Graecus,
1535 4555 1562 4583 «
1594 4538 1650 4588 et
1681 4533 1830 4589 tristi
1866 4556 1894 4583 ››

2001 3381 2287 3445 desinitis,
2322 3379 2424 3435 ﬁlii
2457 3380 2620 3437 eritis
2641 3379 2927 3437 Altissimi
2962 3397 2974 3436 :
3018 3380 3179 3437 eritis
3237 3381 3646 3439 misericordes

2000 3469 2100 3541 qui
2130 3487 2232 3525 vos
2264 3469 2450 3525 Patris
2479 3470 2677 3524 aeterni
2711 3471 2969 3542 probetis
2999 3470 3278 3527 heredes.

2069 3560 2159 3613 55.
2188 3558 2296 3613 Sed
2330 3558 2743 3613 fceneratorum
2774 3574 2877 3613 vos
2907 3557 3161 3614 delectat
3216 3563 3272 3614 et
3327 3574 3643 3616 usurarum

1999 3644 2372 3702 vocabulum.
2412 3647 2472 3701 Id
2500 3663 2733 3717 quoque
2764 3662 2878 3701 non
2910 3646 3160 3703 invideo.
3216 3647 3442 3704 Docebo
3495 3663 3646 3721 quo-

2003 3736 2176 3791 modo
2228 3733 2366 3789 boni
2416 3734 2792 3790 faeneratores
2848 3751 2976 3790 esse
3032 3736 3295 3807 possitis,
3354 3737 3646 3809 quomodo

2002 3824 2187 3880 bonas
2216 3823 2487 3895 quaeretis
2517 3839 2749 3879 usuras.
2782 3822 2928 3878 Dicit
2965 3822 3242 3880 Salomon
3276 3840 3289 3879 :
3325 3845 3353 3875 α
3386 3826 3651 3882 anerat

2003 3913 2248 3969 Domino
2280 3912 2381 3984 qui
2412 3912 2725 3968 miseretur
2754 3911 2995 3985 pauperi
3029 3927 3041 3967 :
3084 3913 3411 3968 secundum
3442 3913 3647 3970 datum

2004 4006 2199 4059 autem
2232 4002 2360 4072 ejus
2388 4000 2670 4056 retribuet
2695 4001 2745 4056 ei
2776 4001 2957 4072 (Prov.
2989 4017 3107 4066 XIX,
3140 4000 3249 4071 17).
3287 4022 3315 4050 ››
3345 4001 3490 4056 Ecce
3540 4000 3649 4055 bo-

2005 4109 2147 4146 num
2180 4090 2368 4145 ibenus
2400 4090 2471 4145 de
2502 4088 2653 4144 malo
2684 4089 2903 4144 factum
2935 4092 3025 4145 est
3058 4106 3069 4144 :
3104 4105 3234 4145 ecce
3291 4087 3650 4162 irreprehen-

2005 4179 2196 4235 sibilis
2229 4179 2583 4233 t‘mnerator:
2644 4194 2775 4233 ecce
2833 4195 3014 4233 usura
3069 4177 3403 4234 laudabilis.
3458 4175 3651 4233 Nolite

2004 4285 2141 4341 ergo
2168 4269 2287 4337 jam
2318 4266 2666 4322 invidentem
2728 4283 2821 4323 me
2867 4266 3076 4322 vestris
3128 4265 3453 4323 commodis
3507 4264 3654 4322 aesti-

2006 4374 2185 4414 mare.
2217 4356 2440 4411 Putatis
2469 4356 2623 4427 quod
2660 4354 2953 4410 hominem
2983 4354 3325 4410 subtraham
3356 4354 3522 4411 vobis
3553 4354 3651 4410 de-

2006 4448 2252 4503 bitorem
2283 4446 2311 4501 ?
2340 4446 2521 4500 Deum
2555 4444 2852 4515 provideo,
2896 4444 3196 4500 Christum
3254 4445 3530 4516 subrogo,
3589 4444 3655 4500 il-

2006 4536 2128 4591 lum
2161 4536 2499 4591 demonstro
2533 4532 2632 4603 qui
2662 4549 2763 4586 vos
2800 4532 3070 4587 fraudare
3099 4549 3216 4588 non
3275 4533 3479 4605 possit.
3531 4534 3654 4589 Fae-

234 4625 426 4680 habet
460 4639 477 4689 ;
512 4621 596 4677 sic
632 4621 983 4677 invenimus.
1017 4622 1235 4676 Tamen
1270 4621 1340 4676 de
1369 4621 1502 4675 forti
1531 4622 1639 4677 hoc
1687 4622 1895 4678 intelli-
1926 4630 1975 4695 Ι)
2007 4620 2204 4681 nerate
2236 4640 2372 4693 ergo
2402 4621 2649 4676 Domino
2684 4620 2990 4692 pecuniam
3046 4628 3296 4677 vestram
3357 4623 3415 4678 in
3475 4638 3654 4678 manu

235 4715 407 4788 gitur
438 4729 453 4780 ;
481 4710 620 4783 quia
648 4709 738 4766 leo
791 4710 954 4766 fortis
985 4715 1074 4766 est
1130 4711 1356 4765 feritate
1392 4728 1403 4764 :
1464 4715 1522 4765 et
1561 4712 1661 4782 qui
1718 4712 1897 4777 ferus,

235 4801 457 4858 tristis.
491 4800 560 4855 Et
585 4799 656 4855 de
685 4799 850 4855 vobis
881 4799 980 4871 qui
1014 4800 1322 4871 pecuniam
1355 4804 1411 4854 et
1441 4800 1738 4856 avaritiam
1802 4802 1899 4857 de-

237 4890 487 4957 voratis,
536 4892 699 4945 cxeat
756 4888 1209 4953 misericordia;
1271 4888 1390 4943 haec
1422 4888 1574 4943 enim
1633 4905 1765 4943 esca
1815 4895 1903 4946 est

240 4994 571 5053 egenorum
606 4995 619 5031 :
654 4982 710 5033 et
740 4978 811 5033 de
842 4977 996 5032 tristi
1028 4982 1192 5032 exeat
1248 4977 1435 5042 dulce,
1474 4983 1536 5032 ut
1592 4978 1903 5034 dimittatis

239 5068 295 5124 ei
319 5068 425 5140 qui
450 5083 565 5120 non
588 5065 762 5121 habet
782 5065 933 5119 unde
958 5063 1255 5120 dissolvat.
1279 5066 1382 5129 Qui
1416 5065 1648 5122 trahitis
1671 5071 1905 5138 peccata

242 5164 312 5213 ut
337 5156 484 5212 fune
514 5153 686 5226 longo
718 5160 775 5209 et
796 5152 926 5225 jugi
960 5152 1083 5209 loro
1110 5152 1300 5208 vitula:
1329 5154 1356 5208 ?
1387 5154 1548 5219 Quod
1585 5155 1647 5209 iit
1678 5155 1900 5227 utique,

244 5263 390 5302 cum
420 5245 611 5300 fmnus
643 5242 990 5315 producitis.
1025 5243 1261 5299 Tenetis
1306 5260 1622 5315 pauperem
1681 5245 1903 5300 debito-

318 5425 437 5495 (51)
470 5422 623 5487 Era.,
658 5421 791 5478 Gil].
827 5438 893 5477 ac
933 5422 1257 5495 Romaqubig
1278 5425 1521 5495 paratur
1574 5425 1902 5495 perjurz‘um,

239 5493 590 5567 Perjurastis
619 5496 931 5564 frequenter
962 5514 981 5560 ;
1010 5493 1219 5567 Codex
1242 5493 1393 5549 Vict.
1508 5493 1602 5548 ubi
1652 5498 1903 5567 pcrjura-

242 5563 361 5622 tur.
385 5567 703 5635 Periurium
716 5563 957 5637 parastis
986 5566 1317 5637 frequenter,
1364 5563 1506 5637 iAlii,
1542 5563 1716 5637 atque
1743 5563 1902 5623 'Am.

242 5638 392 5694 edit.
421 5635 751 5710 nobiscum,
786 5636 886 5692 ubi
911 5635 1418 5710 subintelligenda
1447 5653 1575 5703 vox,
1597 5635 1907 5710 perjurium

240 5714 384 5781 post
408 5709 673 5777 verbum,
702 5709 964 5779 parastis.

2009 4713 2304 4787 pauperis.
2342 4710 2441 4766 llle
2472 4709 2825 4782 astringitur
2856 4713 2911 4765 et
2969 4714 3201 4766 tenetur
3233 4728 3246 4766 :
3307 4711 3402 4766 ille
3457 4708 3656 4765 scribit

2007 4802 2292 4875 quidquid
2321 4816 2539 4871 egenus
2570 4799 2858 4871 acceperit
2892 4816 2903 4854 :
2937 4798 3313 4871 Evangelium
3365 4800 3493 4869 ejus
3515 4810 3653 4862 cau-

2008 4892 2088 4947 tio
2120 4896 2207 4946 est
2243 4907 2256 4944 :
2290 4888 2384 4944 ille
2417 4887 2704 4959 promittit
2751 4905 2853 4959 pro
2912 4889 3187 4943 omnibus
3233 4885 3655 4959 indigentibus,

2008 4978 2107 5035 ille
2140 4978 2281 5033 dicit
2312 4978 2486 5033 fidem
2521 4995 2534 5045 ;
2571 4978 2713 5048 quid
2746 4977 3035 5033 dubitatis
3067 4976 3203 5031 dare
3231 4975 3258 5030 ?
3302 4975 3361 5031 Si
3393 4973 3525 5046 quis
3556 4992 3654 5030 vo-

2012 5068 2100 5124 bis
2132 5069 2292 5123 divcs
2319 5066 2497 5137 hujus
2528 5065 2726 5121 smculi
2752 5066 3046 5131 offeratur,
3081 5064 3181 5135 qui
3211 5063 3324 5119 fide
3352 5063 3658 5136 promittat

2012 5175 2119 5213 sua
2151 5174 2252 5228 pro
2292 5153 2486 5227 aliquo
2539 5153 2817 5220 debitore,
2852 5152 3050 5208 statim
3102 5148 3423 5207 numeratis
3479 5168 3659 5225 pecu-

2014 5247 2172 5302 niam
2207 5262 2219 5301 :
2258 5261 2479 5317 pauper
2509 5249 2599 5299 est
2626 5242 2789 5297 vobis
2819 5239 3105 5297 Dominus
3134 5239 3284 5307 caeli,
3316 5244 3375 5296 et
3392 5240 3660 5298 conditor

2087 5424 2198 5496 (52)
2230 5421 2378 5478 Ejit.
2412 5435 2641 5496 animos,
2670 5419 2873 5496 et_du_o
2906 5434 3076 5496 mss,
3106 5418 3253 5496 velut
3429 5421 3502 5496 sit
3548 5422 3656 5477 ali-

2052 5489 2119 5550 ud.
2146 5489 2342 5565 gratia.
2377 5491 2486 5544 Alii
2522 5489 2871 5565 probatioris
2904 5494 3073 5555 nota,
3136 5490 3216 5545 vel
3268 5491 3377 5565 ibi‘
3402 5494 3494 5557 sit,
3545 5497 3655 5548 etc.

2052 5516 2119 5550 ηη.
2146 5516 2342 5565 gnum.
2377 5516 2486 5544 Αιιι
2523 5516 2871 5561 [ιιπιυυιιυιίδ
2907 5516 3073 5555 ιιυιω,
3136 5516 3215 5545 ιύι
3268 5516 3346 5545 ιυι
3402 5516 3494 5557 δτι,
3545 5516 3655 5548 (ιω.

2014 5516 2122 5624 libi
2147 5568 2225 5622 uel
2253 5565 2403 5619 idem
2439 5565 2606 5616 sonat
2637 5576 2701 5614 ac
2730 5561 2942 5631 saltem,
2975 5577 3090 5632 quo
3123 5576 3298 5617 sensu
3327 5561 3399 5617 ab
3459 5568 3657 5620 aucto-

2016 5640 2179 5696 ribus
2210 5654 2321 5692 non
2356 5649 2484 5689 raro
2516 5635 2855 5705 usurpatur.
