4104 6156
1895 320 1960 390 S.
2004 314 2384 391 ΛΜΒΗΟΒῙῙ

3678 334 3772 399 δελ

448 461 764 520 invehebar
789 459 853 520 in
882 460 1277 533 faneratores,
1303 463 1429 535 jam
1460 477 1705 537 provoco
1755 461 2095 516 debitorem.
2132 464 2177 526 Α
2213 466 2321 525 set,
2356 460 2597 516 dicens:
2629 483 2657 509 «
2691 458 2916 517 Bonum
2940 458 3272 535 depositum
3314 461 3501 518 cusodi
3548 481 3634 536 per
3676 468 3774 542 Spi-

447 553 636 625 Hujus
668 568 802 625 ergo
829 552 1203 609 fceneratores
1236 552 1489 625 pecuniae
1540 570 1637 608 vos
1670 571 1795 607 esse
1820 553 2105 615 desidero,

455 645 523 698 ut
560 642 633 698 ad
664 659 764 699 vos
795 642 897 714 qui
930 647 1203 697 mutuum
1236 645 1495 710 sumant,
1530 645 1737 714 sponte
1793 639 2103 696 festinent:

454 742 560 805 per
589 746 767 805 quam
799 748 915 787 non
946 747 1279 799 nummum,
1316 731 1415 786 sed
1448 746 1693 803 regnum
1727 728 1966 802 possitis
2015 745 2106 784 ac-

458 822 729 894 quirere:
763 837 867 893 per
895 837 1073 893 quam
1105 836 1220 875 non
1273 820 1587 875 maledicta
1642 820 1940 891 quaeratis,
2005 820 2108 873 sed

453 909 875 967 benedictionis
914 909 1184 982 gratiam.

527 1001 623 1055 66.
647 1000 803 1053 Hanc
819 999 1129 1071 pecuniam
1142 997 1647 1071 faneratpopulus
1669 997 2110 1070 nationum,qui

457 1087 622 1143 scivit
652 1103 903 1155 eernere,
937 1087 1039 1158 qui
1070 1086 1237 1142 scivit
1266 1092 1549 1142 excutere.
1585 1086 1884 1142 Becusasti
1910 1086 2113 1159 indiga

458 1174 694 1233 faenoris
725 1176 1009 1247 spiritalis
1040 1177 1173 1247 (57),
1205 1192 1373 1249 egere
1403 1176 1647 1247 coepisti.
1686 1181 1761 1230 De
1791 1180 1847 1229 te
1878 1191 2015 1247 ergo
2077 1192 2110 1230 a

460 1264 557 1321 Dei
591 1264 732 1321 Filio
764 1265 985 1320 dictum
1019 1270 1142 1319 est:
1171 1287 1197 1311 α
1232 1266 1967 1335 Mutuabiturpeccator,et
1996 1281 2109 1319 non

458 1353 639 1409 solvet
672 1354 841 1425 (Psal.
877 1370 1067 1420 xxxvn,
1090 1354 1205 1424 21).
1238 1375 1265 1403 ››
1280 1353 1409 1408 Tibi
1432 1353 1646 1408 dicitur
1669 1370 1679 1408 :
1703 1377 1731 1403 ‹‹
1758 1354 1993 1409 Advena
2013 1352 2113 1425 qui

459 1445 550 1499 est
579 1442 736 1505 inte,
769 1442 1043 1497 ascendet
1073 1458 1250 1513 super
1280 1446 1366 1497 te:
1401 1447 1459 1495 tu
1497 1446 1690 1496 autem
1714 1441 2031 1498 descendas
2052 1441 2111 1497 in

457 1530 643 1586 imum
677 1532 852 1601 (Deut.
883 1547 1078 1595 xxvm,
1122 1530 1231 1597 43).
1268 1550 1295 1577 ››
1327 1529 1522 1583 Nescit
1569 1531 1723 1585 enim
1785 1547 2110 1595 summum,

456 1621 557 1692 qui
589 1618 889 1676 Christum
925 1620 1189 1689 ignorat:
1235 1619 1290 1672 in
1318 1618 1542 1673 inferno
1574 1634 1805 1689 semper
1847 1624 1955 1686 est,
2009 1620 2110 1691 qui

458 1725 574 1766 non
607 1708 871 1764 ascendit
910 1708 977 1762 ad
1011 1706 1307 1763 Christum
1354 1723 1367 1761 :
1402 1708 1459 1761 in
1494 1724 1727 1764 summo
1758 1712 1955 1763 autem
2008 1725 2109 1779 po~

456 1796 634 1870 pulus
666 1797 763 1868 qui
796 1797 1039 1896 verbum
1087 1794 1456 1896 recipit,.hic
1512 1795 1688 1852 habet
1742 1797 1877 1852 fidei
1928 1799 2106 1869 patri-
2141 1826 2189 1896 Β

457 1886 721 1941 monium
756 1900 948 1939 omne.
985 1885 1064 1940 De
1094 1885 1203 1940 hoc
1234 1883 1377 1940 dicit
1426 1885 1577 1941 Lex:
1629 1908 1657 1935 «
1711 1886 1812 1941 Hic
1870 1886 1972 1941 tibi
2006 1887 2106 1942 foe-

454 1972 700 2040 nerabit,
729 1977 789 2027 tu
818 1977 1013 2029 autem
1066 1989 1178 2027 non
1214 1973 1526 2029 t'oenerabis
1556 1974 1646 2029 ei:
1692 1973 1786 2029 hic
1833 1976 1940 2031 tibi
1999 1976 2110 2031 erit

454 2067 652 2135 caput,
676 2066 739 2117 tu
771 2066 964 2117 autem
1014 2062 1129 2117 eris
1186 2062 1372 2116 cauda
1405 2062 1562 2129 (Ibid.
1600 2064 1709 2133 44),
1750 2085 1776 2108 »ι
1832 2062 1941 2119 hoc
1998 2069 2105 2131 est,

453 2151 554 2208 ille
572 2150 681 2207 erit
711 2150 961 2223 primus.
994 2155 1055 2204 tu
1089 2150 1334 2206 ultimus
1388 2154 1445 2205 et
1497 2151 1784 2222 abjectus.
1834 2153 2107 2207 Auferam

456 2256 490 2295 a
516 2240 719 2294 Judaza
749 2242 923 2305 caput
952 2247 1001 2294 et
1043 2240 1311 2305 caudam,
1364 2238 1593 2294 initium
1626 2244 1682 2295 et
1712 2240 1886 2296 finem
1913 2258 1926 2295 :
1998 2242 2109 2295 ini-

452 2327 602 2383 tium
634 2328 954 2392 Christum,
988 2328 1087 2399 qui
1137 2328 1533 2399 interrogatus
1590 2329 1723 2400 quis
1780 2333 1955 2397 esset,
2018 2348 2104 2385 re-

456 2417 733 2490 spondit:
793 2440 820 2465 ‹‹
880 2417 1141 2483 lnitium,
1203 2416 1301 2487 qui
1356 2422 1412 2471 et
1460 2416 1666 2489 loquor
1712 2419 1876 2474 vobis
1925 2422 2107 2489 (Imm.

451 2522 549 2571 vn,
580 2508 709 2576 25):
746 2527 774 2554 ι)
808 2506 981 2560 ﬁnem
1038 2521 1271 2577 quoque
1326 2504 1627 2561 Christum
1677 2506 1856 2562 dicit:
1903 2530 1930 2557 «
1986 2509 2111 2582 ipse

455 2598 545 2650 est
574 2593 731 2649 enim
767 2594 903 2648 ﬁnis
961 2593 1107 2664 legis
1162 2594 1231 2647 ad
1286 2593 1582 2664 justitiam
1631 2596 1792 2651 omni
1851 2597 2110 2653 credenti

450 2682 625 2754 (Rom.
656 2699 739 2749 x.,
765 2684 840 2751 4).
888 2704 915 2730 ››
946 2681 1094 2753 Ergo
1126 2682 1226 2752 qui
1272 2699 1387 2736 non
1427 2683 1612 2737 credit
1667 2684 1738 2738 ad
1790 2685 2107 2755 justitiam,

448 2787 554 2828 nec
584 2771 839 2839 initium,
872 2786 978 2826 nec
1021 2772 1195 2826 linem
1243 2770 1437 2837 habet,
1497 2772 1600 2826 sed
1653 2772 1779 2844 ipse
1826 2774 1959 2829 finis
2018 2776 2110 2831 sui

453 2863 563 2917 est.

456 3021 749 3076 Praemisso
804 3021 1072 3091 pignoris,
1129 3018 1511 3091 commendati,
1601 3036 1665 3075 ac
1719 3020 1952 3091 depositi
1996 3023 2109 3079 dis-

527 3092 779 3166 crimine,
843 3092 1077 3166 ostendit
1146 3090 1442 3161 spirituale
1500 3092 1705 3166 pignus,
1766 3090 1897 3161 esse,
1971 3097 2110 3166 quod

527 3163 688 3217 reddi
761 3162 874 3230 lege
911 3162 1214 3233 jubeulur;
1266 3177 1613 3233 _corporeum
1688 3165 1871 3233 tamen
1941 3162 2105 3223 etiam

525 3233 681 3288 reddi
710 3231 996 3303 aportere:
1030 3233 1126 3303 qui
1160 3231 1397 3287 rerbum'
1442 3235 1543 3287 Dei
1595 3232 1835 3289 audierit
1894 3236 2102 3293 debito-

526 3322 647 3359 rem
675 3320 807 3369 esse,
840 3320 942 3358 nec
968 3304 1035 3357 ab
1066 3320 1130 3358 eo
1177 3306 1381 3373 pignus
1436 3304 1756 3360 tollendum.
1807 3307 1880 3361 De
1934 3325 2103 3364 evan-

520 3378 711 3451 geticis
740 3377 1109 3451 vestimentis,
1130 3379 1179 3429 et
1209 3374 1274 3429 de
1344 3377 1531 3451 tunica
1560 3393 1723 3447 quam
1776 3393 1961 3451 omnes
2002 3382 2106 3451 ju-

522 3449 716 3503 bemur
772 3446 1020 3500 induere.
1079 3450 1292 3500 Bonum
1345 3446 1608 3501 amictum
1664 3464 1776 3502 esse
1830 3450 1929 3504 Dei
1986 3446 2101 3507 uer-

521 3518 649 3572 bum
674 3534 687 3583 ;
720 3532 835 3570 esse
860 3519 1056 3588 pignus
1085 3518 1382 3591 Dominicae
1412 3520 1594 3582 sortis,
1644 3531 1759 3573 esse
1812 3523 2105 3591 sapientia:

514 3590 899 3715 aestimentum
925 3604 945 3648 ;
1014 3588 1235 3643 tandem
1296 3604 1408 3643 esse
1461 3591 1686 3644 verbum
1742 3588 2101 3663 conn—gustan-

556 3677 671 3714 um.

556 3677 671 3714 um.

515 3750 605 3803 67.
639 3746 1028 3819 Cognovimus
1060 3747 1248 3803 fmnus
1279 3746 1633 3817 legitimum,
1678 3765 2102 3822 cognoscamus

446 3841 503 3892 et
534 3836 748 3909 pignus
771 3837 923 3908 quod
961 3838 1073 3891 Lex
1097 3836 1447 3908 reddijnbet
1469 3842 1601 3891 ante
1633 3837 1773 3892 solis
1804 3855 2098 3897 occasum.

447 3926 595 3991 Quid
623 3926 700 3980 sit
726 3924 880 3981 istud
917 3926 1053 3980 audi
1085 3925 1374 3981 dicentem
1431 3925 1812 3997 Apostolum:
1849 3952 1875 3976 ‹‹
1937 3929 2104 3985 Dedit

447 4014 599 4071 Dens
632 4015 847 4086 pignus
878 4013 1161 4084 Spiritum
1194 4013 1251 4068 in
1284 4014 1560 4069 cordibus
1611 4017 1824 4071 nostris
1880 4018 1950 4083 (11
1980 4019 2099 4073 Cor.

445 4104 603 4172 1,22)
630 4125 655 4150 ›ι
688 4102 1018 4173 'l‘riplieiter
1045 4106 1239 4157 autem
1281 4107 1338 4155 et
1394 4103 1629 4173 pignus,
1688 4109 1744 4158 et
1802 4121 2099 4162 commcn-

444 4192 667 4255 datum,
701 4196 759 4245 et
779 4190 1113 4261 depositum
1144 4189 1374 4245 dicitur.
1438 4190 1653 4261 Pignus
1708 4193 1912 4249 dicunt
1944 4197 2097 4267 quod

442 4297 548 4351 pro
598 4283 805 4334 mutuo
857 4295 965 4334 tere
1018 4283 1354 4349 susceptum
1415 4286 1550 4334 est:
1622 4284 2095 4339 commendatum

439 4370 636 4423 autem
667 4372 723 4421 et
754 4367 1082 4438 depositum
1116 4368 1269 4437 quod
1305 4384 1409 4421 nos
1461 4370 1730 4424 custodiae
1762 4372 1871 4443 (58)
1920 4388 2100 4429 causa

438 4454 612 4511 alicui
665 4455 1093 4511 commisimus.
1130 4456 1291 4511 Unde
1328 4456 1410 4511 ait
1465 4456 1823 4528 Apostolus:
1887 4482 1916 4510 «
1968 4462 2096 4518 Scio

2219 553 2400 606 ritum
2433 556 2702 605 sanctum
2733 549 2833 622 qui
2880 549 3106 607 habitat
3164 551 3222 606 in
3280 550 3441 608 nobis
3483 553 3619 622 (Ibid.
3649 557 3734 629 14).
3761 582 3781 609 »

2216 638 2515 712 Numquid
2572 639 2825 711 Spiritus
2882 639 3271 695 commendati
3330 639 3449 696 auri
3507 647 3784 718 argentique

2219 732 2419 783 custos
2459 731 2585 793 est,
2646 732 2749 783 aut
2796 743 2898 800 per
2951 728 3235 800 Spiritum
3294 734 3544 786 sanctum
3594 738 3791 804 pecunia

2218 815 2594 872 custoditur?
2623 815 2891 888 Spiritale
2921 816 3102 889 igitur
3159 817 3371 891 pignus
3408 820 3695 876 custoditur
3736 825 3790 879 ab

2217 904 2462 977 Spiritu,
2494 922 2567 960 ne
2595 922 2728 960 aves
2759 905 2885 961 ccnli
2929 906 3186 974 veniant,
3218 910 3275 962 et
3303 907 3553 964 auferant
3589 909 3711 965 illud
3742 912 3795 967 de

2219 993 2496 1051 cordibus
2526 994 2768 1050 nostris.

2289 1084 2378 1138 69.
2417 1084 2685 1140 Petamus
2715 1100 2871 1156 ergo,
2915 1087 2980 1139 ut
3018 1084 3311 1139 custodiat
3366 1084 3422 1140 in
3474 1085 3628 1141 nobis
3669 1086 3796 1143 Chri-

2221 1176 2346 1228 stus
2380 1173 2487 1228 hoc
2518 1174 2733 1245 pignus
2765 1173 2919 1244 quod
2954 1172 3078 1246 ipse
3136 1172 3390 1238 donavit,
3421 1177 3475 1229 et
3525 1175 3796 1246 depositum

2221 1278 2395 1317 suum
2454 1264 3049 1334 commendatumque
3105 1264 3419 1317 conservet.
3484 1262 3623 1317 Nihil
3678 1265 3800 1319 enim

2221 1351 2373 1407 815
2433 1350 2656 1421 accepit
2705 1369 2739 1407 a
2795 1350 2987 1415 nobis,
3056 1351 3155 1406 sed
3213 1350 3337 1422 ipse
3394 1351 3553 1407 nobis
3608 1353 3806 1408 credidit

2222 1439 2376 1511 quod
2400 1442 2666 1495 nostrum
2701 1455 2811 1494 non
2844 1443 2985 1495 erat.
3016 1440 3085 1495 Et
3133 1439 3261 1495 ideo
3292 1438 3622 1495 detrimento
3666 1441 3804 1497 hone-

2221 1528 2390 1583 statis
2440 1527 2715 1598 afficitur,
2774 1528 2873 1599 qui
2923 1526 3253 1600 depositum
3311 1527 3535 1583 violarit
3582 1528 3806 1585 alienum.

2220 1617 2277 1671 Si
2311 1617 2788 1672 commandatum
2818 1615 3077 1673 hominis
3109 1616 3271 1672 nulla
3317 1616 3589 1672 debemus
3646 1618 3808 1673 fraude

2201 1704 2453 1771 .violare,
2488 1709 2708 1776 quanto
2732 1706 2920 1778 magis
2959 1706 3222 1761 divinum
3254 1709 3310 1761 et
3340 1705 3592 1778 spiritale
3630 1706 3812 1778 deposi-

2220 1799 2347 1850 tum
2380 1795 2535 1850 bona
2563 1795 2676 1851 {ide
2701 1811 2930 1851 servare
2970 1811 3077 1850 nos
3106 1795 3397 1868 congruit,
3447 1810 3517 1850 ne
3570 1794 3814 1851 existima-

2220 1882 2397 1939 tionis
2427 1886 2483 1939 et
2512 1882 2784 1939 utilitatis
2814 1884 3015 1956 gravia
3042 1883 3255 1939 damna
3286 1885 3630 1940 subeamus!

2289 1972 2378 2025 69.
2433 1970 2551 2027 Hoc
2604 1971 2783 2043 igitur
2829 1972 3046 2044 pignus
3094 1977 3185 2028 est
3241 1973 3399 2045 quod
3457 1972 3544 2028 lex
3600 1972 3819 2045 prohibet

2220 2060 2534 2132 pignerari,
2568 2063 2624 2115 et
2680 2058 2961 2115 violenter
3007 2061 3243 2117 auferri.
3305 2062 3402 2118 Sic
3460 2062 3610 2117 enim
3681 2060 3820 2115 habet

2219 2149 2551 2221 Scriptura:
2588 2172 2614 2199 ‹‹
2650 2149 2709 2205 Si
2740 2149 3001 2205 debitum
3056 2151 3162 2206 tibi
3192 2151 3370 2207 fuerit
3393 2168 3426 2206 a
3455 2151 3698 2224 proximo
3745 2153 3820 2204 tuo

2222 2238 2635 2310 quodcunque,
2669 2254 2784 2294 non
2819 2239 3091 2295 introibis
3144 2239 3204 2295 in
3264 2240 3508 2295 domum
3554 2239 3722 2311 ipsius
3763 2237 3824 2309 pi-

2221 2343 2464 2397 gnerare
2495 2327 2751 2399 pignus;
2783 2331 2839 2384 et
2869 2327 3045 2384 homo
3078 2328 3231 2401 apud
3282 2344 3459 2402 quem
3488 2332 3575 2385 est
3608 2327 3823 2385 debitum

2220 2422 2410 2484 tuum,
2446 2416 2698 2489 proferet
2727 2416 2831 2472 tibi
2875 2418 3032 2473 foras
3067 2417 3302 2490 pignus.
3338 2418 3399 2473 Si
3448 2422 3636 2473 autem
3691 2416 3825 2471 homo

2223 2503 2316 2560 ille
2343 2521 2565 2577 pauper
2610 2504 2804 2571 fuerit,
2838 2523 2953 2562 non
2986 2506 3241 2563 dormies
3291 2507 3353 2563 in
3385 2507 3621 2579 pignore
3659 2505 3827 2576 ipsius,

2220 2594 2322 2649 scd
2356 2593 2677 2649 redditione
2712 2596 2917 2650 reddes
2949 2596 2999 2652 ei
3034 2596 3250 2668 pignus
3278 2595 3471 2668 ipsius
3502 2595 3571 2650 ad
3597 2607 3825 2650 occasum

2220 2682 2387 2749 solis,
2438 2687 2495 2738 et
2568 2684 2819 2739 dormiet
2870 2684 2931 2739 in
2985 2684 3334 2741 vestimento
3413 2701 3542 2750 suo,
3595 2689 3648 2738 et
3693 2682 3829 2737 bene-

2221 2771 2373 2827 dicet
2423 2779 2499 2838 te,
2557 2778 2615 2827 et
2674 2772 2786 2828 erit
2840 2772 2982 2829 inte
3033 2773 3445 2830 misericordia
3485 2773 3653 2844 (Deut.
3704 2785 3826 2833 xxxv,

2221 2859 2412 2931 4013.)

2288 2951 2376 3004 70.
2412 2950 2577 3006 Dices
2609 2949 2804 3023 itaque
2874 2951 3019 3007 mihi
3054 2969 3067 3008 :
3102 2952 3244 3007 Ecce
3278 2951 3399 3008 Lex
3429 2950 3637 3007 auferri
3658 2948 3831 3022 pignus

2220 3037 2537 3110 prohibuit,
2570 3056 2687 3095 non
2720 3040 2977 3112 suscipi:
3004 3041 3245 3113 pauperi
3275 3034 3834 3113 autemjussitreddi,

2219 3144 2331 3183 non
2382 3129 2675 3185 omnibus.
2708 3132 2778 3184 At
2803 3130 2873 3185 de
2908 3130 3312 3202 corporalibus
3373 3129 3610 3202 quidem
3664 3125 3835 3199 pigno-

2137 3197 2181 3264 (ἶ
2219 3217 2381 3271 ribus
2414 3222 2655 3273 sanctus
2686 3220 2863 3274 etiam
2895 3219 3110 3275 Esdras
3137 3220 3344 3275 docuit
3387 3235 3519 3289 nos,
3551 3216 3694 3289 quod
3715 3214 3839 3284 jam.

2214 3305 2609 3373 fceneratores,
2691 3308 2973 3363 adversus
3039 3312 3276 3379 patrum
3356 3312 3684 3362 vestrorum
3747 3315 3838 3354 non

2214 3395 2453 3467 possitis
2482 3396 2679 3450 venire
2712 3394 3157 3467 professionem.
3191 3396 3346 3452 Nam
3381 3411 3518 3452 cum
3536 3394 3842 3465 juberentur

2213 3484 2315 3556 qui
2347 3484 2763 3540 fcsneraverant
2792 3488 2849 3541 et
2869 3490 3212 3557 acceperant
3248 3485 3453 3541 aliena
3494 3485 3744 3557 pignora,
3793 3480 3843 3530 ut

2212 3570 2586 3628 restituerent
2615 3589 2702 3640 ea,
2735 3574 3043 3629 dixerunt:
3081 3596 3108 3625 «
3152 3573 3515 3637 Reddimus,
3547 3576 3601 3627 et
3630 3568 3695 3625 ab
3726 3564 3845 3639 ipsis

2212 3659 2358 3716 nihil
2399 3661 2718 3733 quaerimus
2763 3663 2836 3733 (II
2887 3662 3045 3717 Esdr.
3106 3680 3160 3731 v,
3220 3664 3318 3732 12)
3372 3685 3400 3711 ››
3464 3660 3605 3717 Boni
3662 3659 3843 3730 patres.

2212 3749 2313 3821 qui
2343 3753 2678 3806 statuerunt
2698 3750 2944 3822 pignora
2973 3751 3311 3808 debitorum
3348 3766 3487 3808 esse
3544 3744 3845 3806 reddenda:

2213 3837 2349 3892 boni
2380 3837 2554 3893 etiam
2587 3838 2960 3894 fmusratores
2990 3839 3093 3910 qui
3126 3841 3572 3912 responderunt
3624 3832 3766 3907 quod
3804 3832 3848 3883 et

2214 3926 2458 3997 pignora
2492 3926 2820 3991 redderent,
2852 3926 2902 3982 ei
2944 3927 3256 4000 pecuniam
3324 3944 3447 3985 non
3495 3923 3843 3999 requirerent,

2213 4030 2390 4084 quam
2442 4015 2760 4070 dedissent.
2815 4016 2882 4070 Et
2929 4016 3217 4072 sententia
3271 4034 3378 4073 vos
3434 4020 3687 4088 paterna
3739 4024 3848 4066 cen-

2210 4100 2393 4157 sionis
2417 4103 2507 4157 his
2541 4103 2832 4175 astringit,
2861 4109 2917 4160 et
2944 4103 3226 4175 professio
3271 4106 3662 4161 creditorum.

2278 4192 2368 4246 71.
2411 4191 2510 4247 Est
2542 4195 2736 4246 autem
2769 4197 2823 4247 et
2846 4191 3001 4248 aliud
3027 4193 3243 4265 pignus
3272 4194 3439 4266 quod
3471 4194 3562 4249 lex
3600 4186 3848 4264 spiritalis

2208 4280 2478 4351 prohibet
2510 4281 2759 4348 auferri;
2793 4285 2849 4337 et
2880 4283 2928 4337 si
2969 4282 3174 4337 datum
3233 4283 3447 4347 fuerit,
3501 4278 3660 4337 reddi
3705 4276 3849 4349 jubet

2209 4373 2341 4424 ante
2392 4367 2533 4424 solis
2584 4385 2898 4425 occasum:
2950 4373 3105 4442 quod
3145 4371 3333 4427 homo
3393 4369 3630 4427 debitor
3692 4362 3853 4422 reddit

2208 4458 2342 4529 (59),
2394 4462 2450 4512 et
2502 4457 2627 4529 ipse
2675 4458 2935 4529 protulit.
2985 4459 3224 4516 Debitor
3296 4466 3394 4516 est
3435 4464 3634 4516 autem
3688 4452 3853 4510 omnis

436 4543 531 4599 cui
564 4544 885 4611 credidi,et
914 4548 1108 4599 certus
1157 4561 1312 4611 sum,
1348 4545 1487 4616 quia
1536 4552 1742 4618 potens
1791 4554 1880 4604 est
1939 4565 2096 4606 com-
2130 4568 2175 4632 Β
2208 4547 2306 4617 qui
2341 4546 2505 4602 audit
2535 4547 2776 4603 verbum
2824 4547 2985 4620 regni
3041 4554 3099 4604 et
3154 4565 3278 4605 non
3346 4548 3668 4621 intelligit:
3728 4539 3855 4597 venit

436 4632 777 4689 mandatum
805 4648 1003 4688 meum
1024 4649 1253 4688 servare
1285 4633 1343 4687 in
1384 4633 1549 4689 illum
1610 4634 1764 4691 diem
1824 4637 1900 4707 (II
1957 4640 2090 4694 Tim.

433 4739 473 4789 1,
506 4721 592 4777 42.
630 4744 657 4771 ››
692 4721 1031 4795 Depositum
1092 4737 1323 4793 quoque
1356 4721 1508 4776 idem
1550 4725 1747 4779 docuit
1780 4727 1936 4797 quod
1995 4744 2090 4785 es-

525 4864 616 4936 57)
647 4867 783 4919 Mss.
818 4863 1061 4936 aliquot.
1096 4868 1270 4935 atque
1288 4879 1530 4936 _onines
1588 4866 1754 4935 edit.,
1812 4868 2093 4927 Recusasti

432 4933 640 5010 indicta
695 4933 1453 5010 ﬂeuoris'spirital‘is.Dion.
1481 4933 1748 4993 secunda
1795 4955 1998 5010 manu,
2034 4947 2091 4996 et

431 5007 663 5088 :l‘_huan,
698 5005 906 5088 prima,
958 5005 1234 5088 Reczagusti
1264 5005 1472 5088 indiga,
1506 5011 1638 5070 etc.,
1680 5005 2045 5088 commodius
2073 5031 2086 5078 ;

430 5078 585 5135 idem
617 5077 773 5133 enim
806 5083 897 5134 est
924 5094 989 5132 ac
1018 5078 1067 5133 si
1098 5077 1341 5141 diceres,
1362 5077 1696 5149 _Synagoga
1725 5097 1826 5135 seu
1882 5083 2087 5137 Judaea

430 5150 725 5221 recusavit
776 5150 1081 5221 pecuniam
1127 5146 1575 5221 evangelicum;
1595 5146 1661 5203 eo
1710 5152 1865 5221 quod
1941 5169 2085 5221 gens

425 5218 529 5276 illa
558 5222 746 5294 fumus
776 5218 1037 5294 spiritale
1058 5219 1276 5294 solvere
1298 5218 1677 5292 nequaquam
1713 5218 2087 5293 pnsset.Post

426 5307 639 5363 pauca,
695 5291 863 5352 Rom.
902 5293 1051 5347 edit.
1104 5291 1214 5346 ista
1274 5291 1633 5347 resccaverat
1677 5291 1727 5346 a'
1768 5295 1864 5348 Dei
1920 5298 2082 5363 Filio,

424 5361 511 5416 vel
547 5368 610 5416 ut
634 5367 747 5417 vet.
779 5364 940 5427 edit.,
965 5365 1064 5419 Dei
1091 5365 1249 5418 Filio.
1294 5363 1475 5429 Male;
1540 5363 1686 5418 nihil
1746 5365 1901 5419 enim
1967 5361 2083 5421 sibi

423 5432 609 5507 voluit
639 5433 1005 5507 Ambrosius,
1030 5434 1139 5489 nisi
1172 5434 1444 5507 Davidem
1469 5434 1526 5489 in
1567 5434 1782 5507 Christi
1835 5453 2084 5507 persona

422 5502 918 5583 locutumd‘uisse,
944 5522 1119 5575 quam
1151 5505 1381 5561 dicendi
1415 5506 1661 5561 formam
1703 5502 1850 5561 alibi
1868 5510 2081 5580 secpius

427 5580 752 5645 usurpavit.

496 5646 607 5713 (58)
642 5646 726 5701 Ita
759 5646 925 5699 Rom.
961 5647 1093 5701 edit.
1131 5647 1219 5699 cui
1252 5648 1536 5703 accedunt
1568 5662 1711 5702 mss.
1762 5649 1989 5706 Thuan.
2023 5654 2081 5706 et

2210 4634 2421 4702 malus,
2458 4639 2514 4689 ct
2547 4635 2867 4707 rapitquod
2895 4636 3371 4694 seminatumcst
3392 4637 3456 4693 in
3479 4636 3654 4692 corde
3673 4632 3849 4705 ipsius.

2201 4722 2327 4778 Noli
2361 4739 2495 4795 ergo
2528 4723 2770 4780 introire
2803 4724 2859 4780 in
2893 4726 3131 4782 domum
3163 4727 3328 4798 ejus,
3364 4731 3435 4783 ut
3482 4723 3627 4782 illud
3670 4723 3853 4796 pignus

2199 4864 2357 4940 Colb.
2393 4869 2601 4937 praeter
2629 4883 2843 4940 vocem,
2885 4870 3165 4936 custodian
3221 4886 3337 4940 pro
3413 4886 3540 4940 qua
3606 4861 3851 4940 mendose

2200 4935 2437 5002 habent,
2469 4940 2764 4994 custodiat.
2800 4939 2923 4995 Vet.
2957 4942 3093 4995 edit.
3149 4935 3384 4996 (at—cod.
3425 4935 3637 5002 Laud.,
3695 4935 3853 4989 Casia

2197 5007 2388 5063 diatur
2417 5024 2582 5080 causa
2613 5011 2851 5080 alicujus
2909 5014 3207 5068 commissi.
3266 5012 3448 5068 Dion.
3502 5026 3635 5065 vero
3690 5003 3847 5069 solus,

2196 5079 2521 5157 quodnqbis
2542 5079 2812 5157 custodia!
2835 5083 2954 5149 ille,
2988 5084 3086 5157 qui
3112 5085 3537 5157 commisimus.

2264 5151 2379 5273 (59)
2412 5150 2626 5205 Omnes
2684 5152 2819 5206 edit.
2882 5148 2949 5209 ac
2991 5148 3148 5209 'mss.
3204 5154 3473 5227 aliquot,
3526 5149 3667 5225 quod
3717 5148 3850 5202 homo

2276 5224 2435 5273 litum
2464 5222 2643 5273 redit:
2682 5223 2893 5273 melius
2925 5224 3045 5273 alii-
3103 5224 3335 5273 debimr
3368 5244 3382 5273 ε
3447 5221 3850 5273 consequenter

2193 5220 2435 5276 debitum
2464 5222 2643 5293 redit:
2682 5223 2893 5280 melius
2925 5224 3046 5291 alii,
3103 5220 3337 5282 debitor:
3368 5244 3384 5293 ;
3447 5220 3850 5293 Consequentel'

2194 5293 2349 5369 enim
2386 5292 2637 5369 ponitur,
2669 5292 2879 5349 debitor
2900 5305 2978 5369 est
3026 5306 3232 5369 autem,
3289 5291 3457 5364 etc.;
3529 5291 3686 5369 quod
3739 5300 3848 5343 vero

2194 5364 2436 5440 dicitur,
2478 5371 2533 5440 et
2574 5366 2688 5435 ipse
2730 5368 2983 5436 protulit,
3043 5364 3337 5440 idem'est
3399 5364 3582 5440 atque
3636 5379 3737 5416 non
3767 5373 3849 5429 Ρεν

2194 5436 2302 5489 vim
2330 5453 2393 5490 (ιο
2441 5437 2691 5505 privatus
2736 5441 2831 5496 est.
2870 5439 3191 5505 referrique
3254 5440 3447 5496 debet
3483 5436 3579 5495 'ad
3619 5450 3686 5490 ea
3740 5443 3845 5502 (illi?

2194 5456 2302 5489 run
2330 5456 2393 5490 ('0
2441 5456 2691 5505 privatus
2736 5456 2831 5496 σεε.
2870 5456 3067 5493 reterm
3118 5456 3191 5493 ue
3254 5456 3447 5496 acuet
3506 5456 3579 5495 an
3619 5456 3686 5490 68-
3740 5456 3845 5502 ψιιν

2192 5505 2469 5584 leguntur
2518 5523 2697 5577 supra
2720 5526 2745 5584 :_
2784 5510 3023 5584 proferet
3075 5456 3202 5565 (iibi
3255 5515 3435 5584 foras
3484 5513 3847 5584 pignu§._ﬂ€°

2193 5573 2310 5652 non
2343 5578 2422 5652 ad
2446 5592 2514 5633 ea
2544 5573 2670 5648 quae
2730 5573 2893 5637 intra
2939 5573 3282 5652 sequuntur
3319 5600 3331 5637 :
3373 5583 3437 5637 Si
3484 5573 3598 5637 sua
3633 5573 3843 5631 stultitia

2195 5650 2468 5717 amiserit,
2519 5654 2626 5703 etc.
