4052 6196
230 398 373 466 828’

1594 403 1829 470 LIBER
1870 402 1975 467 DE
2016 402 2276 468 TOBIA.

3516 400 3637 469 826
3664 392 3669 401 ’

231 536 501 610 accipias.
535 528 631 593 ve
671 537 827 595 enim
887 539 986 613 qui
1045 537 1517 597 scandalizaverit
1573 558 1753 595 unum
1808 540 1877 592 de
1911 541 1954 604 Α
1992 538 2271 593 honorem
2300 536 2787 596 abundantiorem
2827 536 3062 608 habent,
3087 537 3227 611 quia
3271 554 3372 612 per
3413 539 3633 612 passio-

229 626 465 701 pusillis
494 625 625 684 istis
643 626 656 683 l
692 627 750 685 Si
774 644 881 684 sua
899 627 1148 687 stultitia
1164 630 1425 687 amiserit
1444 631 1656 703 pignus
1674 647 1871 695 suum,

230 723 292 772 tu
326 733 441 785 non
472 715 719 774 habebis
750 718 1049 775 delictum.
1087 719 1143 773 Si
1188 724 1381 775 autem
1413 736 1633 792 pauper
1680 717 1871 782 fuerit,

228 806 407 862 redde
432 805 649 879 pignus
683 811 817 863 ante
862 805 1013 865 'solis
1062 826 1333 865 occasum
1361 828 1374 877 ;
1407 809 1622 882 pignus
1680 810 1875 863 autem

224 895 643 951 vestimentum
694 900 800 951 est.
862 897 920 952 Si
974 896 1083 952 sibi
1119 898 1278 953 dives
1323 896 1573 963 videtur,
1631 896 1757 969 ipse
1814 911 1875 949 se

229 983 466 1056 decipit,
491 984 539 1039 si
570 985 786 1056 pignus
819 986 1122 1041 tradiderit
1151 1004 1325 1041 suum
1355 1005 1366 1042 :
1402 986 1450 1041 si
1502 990 1698 1041 autem
1728 1002 1872 1057 pau-

230 1089 336 1145 per
365 1073 462 1144 qui
516 1090 628 1128 non
686 1073 898 1129 habeat
946 1075 1175 1131 divitias
1224 1076 1489 1148 spiritus,
1555 1075 1730 1130 redde
1786 1073 1872 1129 illi

231 1162 646 1217 vestimentum
679 1180 851 1218 suum
885 1168 1017 1218 ante
1048 1164 1187 1220 solis
1216 1182 1510 1220 occasum.

302 1254 391 1306 72.
416 1250 470 1305 Si
494 1251 562 1306 de
593 1251 875 1324 corporali
905 1258 1171 1324 ageretur
1199 1253 1458 1326 pignore,
1512 1254 1715 1325 utique
1748 1269 1873 1307 rra-

229 1341 323 1414 gis
343 1358 445 1413 per
492 1339 647 1396 diem
702 1342 1063 1398 reddendum
1091 1343 1220 1408 fuit,
1252 1360 1321 1397 ne
1370 1342 1672 1414 turpitudo
1732 1340 1875 1396 nudi

229 1429 489 1502 corporis
521 1430 731 1486 diurno
762 1428 983 1486 lumine
1018 1432 1357 1502 proderetur
1390 1449 1402 1486 :
1437 1432 1687 1487 tenebrae
1719 1430 1874 1486 enim

228 1520 455 1575 nudum
488 1537 601 1574 non
634 1520 907 1592 produnt.
941 1522 1019 1576 Ac
1051 1521 1098 1576 si
1132 1521 1239 1576 hoc
1270 1526 1525 1575 moveret
1573 1520 1728 1593 quod
1760 1537 1873 1575 non

224 1608 468 1665 haberet
492 1626 731 1681 pauper,
753 1626 865 1681 quo
887 1609 1183 1664 dormiens
1217 1610 1327 1681 tegi
1387 1613 1603 1682 posset,
1676 1609 1877 1680 utique

227 1702 331 1754 aut
352 1696 679 1769 stragulum
721 1702 823 1754 aut
863 1697 1141 1754 amictum
1174 1698 1393 1754 diceret
1442 1716 1570 1754 esse
1630 1699 1873 1753 redden-

224 1788 392 1842 dum.
428 1785 594 1842 Nunc
625 1789 818 1842 autem
850 1785 1093 1843 dicendo
1128 1787 1565 1854 vestimentum,
1613 1786 1875 1842 tunicam

225 1873 419 1946 magis
459 1873 752 1946 signiﬁcat
806 1891 921 1945 quo
973 1874 1278 1929 induimur
1329 1880 1502 1946 atque
1571 1874 1873 1929 vestimur.

225 1963 427 2019 Redde
483 1979 621 2035 ergo
679 1964 922 2035 pauperi
982 1964 1241 2019 tunicam
1274 1980 1465 2031 suam,
1513 1969 1572 2019 ut
1629 1963 1883 2019 dormiat

222 2052 289 2108 in
322 2069 391 2107 ea
422 2057 620 2107 noctu.

298 2143 389 2195 73.
422 2140 625 2196 Nonne
653 2140 756 2195 tibi
778 2140 1008 2196 videtur
1039 2140 1203 2196 illum
1239 2158 1552 2214 pauperem
1587 2142 1885 2213 signiﬁca-

232 2246 324 2296 re,
350 2230 452 2301 qui
482 2246 615 2285 cum
655 2230 853 2284 tunica
884 2246 1000 2285 una
1021 2231 1266 2301 jubetur
1321 2246 1579 2303 pergere,
1642 2231 1881 2285 alteram

222 2336 348 2374 non
394 2319 712 2390 requirere,
745 2319 999 2374 emissus
1030 2336 1063 2374 a
1117 2319 1344 2374 Christo
1393 2321 1461 2374 ad
1511 2319 1884 2392 Evangelium

234 2407 684 2481 prmdicandum
715 2407 923 2476 (Matth.
959 2424 1014 2473 x,
1047 2409 1128 2478 10)
1158 2407 1186 2462 ‘?
1208 2410 1337 2479 Ipse
1356 2413 1445 2462 est
1477 2409 1633 2463 enim
1666 2425 1891 2481 pauper

217 2497 465 2569 spiritu,
498 2497 599 2568 qui
632 2497 887 2551 dormire
945 2497 1162 2569 possit:
1201 2514 1335 2552 nam
1367 2496 1576 2552 satiato
1639 2496 1885 2564 divitiis,

222 2603 348 2641 non
370 2589 463 2642 est
482 2585 581 2657 qui
606 2585 761 2640 sinat
782 2602 916 2640 eum
941 2585 1213 2641 dormire.
1236 2586 1463 2641 Dormit
1482 2585 1642 2642 enim
1667 2603 1891 2659 pauper

228 2690 520 2732 somnum
554 2674 1021 2742 resurrectionis,
1088 2691 1261 2745 quem
1295 2675 1455 2729 dives
1487 2674 1743 2730 dormire
1775 2692 1889 2730 non

229 2765 452 2836 potest,
487 2764 638 2819 ϐω
671 2762 810 2834 quia
840 2762 1060 2819 divitiis
1091 2768 1148 2819 et
1203 2762 1597 2836 voluptatibus
1642 2764 1891 2820 suﬁ‘oca-

227 2858 354 2909 tur.
388 2851 616 2907 Dormit
644 2851 856 2907 Christi
886 2851 1162 2924 quietem,
1196 2852 1445 2908 dicentis
1479 2869 1491 2908 :
1527 2875 1555 2903 «
1604 2854 1722 2925 Ego
1768 2854 1893 2908 dor-

236 2939 385 2997 mivi
415 2945 474 2996 et
504 2941 714 3013 quievi,
746 2944 803 2996 et
859 2942 1103 3006 surrexi,
1130 2942 1298 3011 (Psal.
1336 2959 1419 3009 ιιι,
1450 2944 1525 3013 ὃ).
1562 2964 1589 2991 ››
1649 2941 1778 2997 Haec
1796 2945 1884 2998 est

242 3030 457 3086 tunica
477 3029 575 3085 illa
606 3030 858 3102 desuper
873 3033 1027 3086 texta
1053 3047 1169 3101 qua
1189 3035 1312 3085 erat
1342 3031 1583 3086 indutus
1605 3029 1893 3097 Christus,

236 3136 423 3192 quam
448 3118 713 3175 scindere
730 3135 845 3173 non
871 3123 1187 3191 potuerunt
1214 3118 1294 3175 illi
1318 3118 1532 3176 milites
1546 3136 1693 3192 quos
1724 3136 1899 3192 agno-

1989 644 2124 683 nem
2159 627 2389 682 Domini
2419 643 2664 702 regnum
2696 628 2865 685 nobis
2898 631 3141 702 paratur
3160 632 3441 685 aeternum
3468 646 3481 699 ;
3519 646 3635 701 quo

1986 716 2144 771 enim
2168 716 2299 788 quis
2342 716 2472 789 plus
2520 718 2859 790 peccaverit,
2915 735 2980 774 eo
3012 716 3147 791 plus
3180 717 3392 792 diligit.
3426 718 3638 775 Censeo

1985 806 2279 878 peliamur
2310 806 2491 878 igitur
2538 806 2785 863 Domino
2837 807 3004 875 Jesu,
3064 811 3127 862 ut
3178 808 3495 880 participes
3546 825 3633 863 re-

1984 894 2367 951 surrectionis
2434 896 2562 966 ejus
2628 913 2755 952 esse
2833 913 3183 963 mercamur,
3244 896 3638 969 exspoliemus

1985 983 2579 1040 vetercm‘hominem
2635 1003 2769 1041 cum
2830 985 3056 1042 actibus
3109 986 3259 1057 ejus,
3320 987 3638 1043 induamus

1984 1091 2220 1140 novum,
2249 1074 2305 1128 in
2348 1092 2462 1146 quo
2486 1079 2574 1130 est
2602 1075 2869 1131 remissio
2894 1080 3284 1148 peccatorum.

2052 1164 2141 1217 75.
2178 1163 2371 1217 Bonus
2414 1181 2548 1236 ergo
2580 1164 3049 1237 amictusgatque
3087 1164 3352 1235 vestitus,
3396 1167 3637 1221 verbum

1986 1251 2108 1307 Dei.
2142 1252 2261 1307 IIoc
2286 1252 2498 1307 vestitu
2550 1251 2653 1307 ﬁlii
2713 1254 2829 1309 Noe
2878 1253 3152 1326 pudenda
3183 1254 3368 1326 patris
3398 1271 3636 1327 operue-

1984 1346 2140 1409 runt,
2172 1341 2525 1415 accipientes
2555 1360 2734 1415 super
2762 1343 3041 1399 humeros
3098 1344 3539 1409 vestimentum,
3584 1349 3642 1399 et

1986 1434 2302 1486 retrorsum
2359 1436 2687 1515 pergentes,
2740 1447 2812 1487 ne
2874 1433 3141 1487 viderent
3199 1432 3388 1487 virilia
3432 1433 3637 1505 patris,

1984 1520 2093 1575 hoc
2125 1528 2234 1587 est,
2271 1537 2555 1593 corporea
2587 1538 2715 1591 qum.
2745 1520 2961 1576 habent
3000 1522 3283 1593 pudorem
3326 1522 3639 1593 quemdam

1992 1609 2399 1679 generationis
2432 1610 2741 1664 humanae:
2769 1614 2825 1664 et
2877 1609 3006 1665 ideo
3057 1608 3157 1681 qui
3210 1610 3406 1666 videre
3436 1610 3641 1677 voluit,

1986 1697 2344 1768 angustioris
2400 1698 2580 1752 animi
2614 1699 2853 1770 dignam
2913 1698 3238 1754 mercedem
3280 1699 3516 1771 recepit,
3578 1703 3643 1754 ut

1988 1803 2189 1841 servus
2226 1786 2421 1841 ﬁeret:
2455 1786 2647 1842 omnis
2688 1786 2845 1842 cnim
2879 1787 2980 1858 qui
3015 1786 3149 1842 facit
3171 1793 3495 1859 peccatum,
3527 1804 3643 1843 ser-

1986 1891 2092 1929 vus
2122 1879 2209 1930 est
2240 1875 2480 1946 peccati.
2536 1876 2698 1931 Unde
2760 1876 2856 1931 ille
2914 1876 2973 1930 in
3028 1876 3277 1932 terrenis
3338 1876 3640 1932 remansit.

1997 1964 2111 2019 Hoc
2145 1964 2383 2035 pauperi
2417 1981 2588 2020 nemo
2647 1964 2811 2020 tollat
2857 1963 3308 2034 vestimentum;
3338 1968 3439 2019 aut
3468 1965 3516 2021 si
3548 1968 3643 2019 tu-

1995 2051 2143 2119 lerit,
2176 2051 2264 2109 sol
2290 2070 2401 2108 non
2434 2054 2657 2108 occidat
2690 2071 2867 2126 super
2896 2053 3283 2126 despoliatum
3311 2073 3327 2108 :
3352 2071 3485 2109 eum
3510 2058 3644 2109 ante

1996 2141 2286 2207 restituat,
2320 2160 2391 2197 ne
2422 2148 2723 2215 peceatum
2777 2143 3053 2216 pauperis
3102 2142 3413 2199 feneratori
3461 2142 3646 2215 possit

1996 2230 2245 2297 ascribi;
2281 2234 2474 2287 etnon
2506 2232 2697 2287 solum
2738 2250 2864 2299 suo,
2924 2233 3024 2288 sed
3080 2232 3257 2288 etiam
3307 2231 3496 2288 alieno
3554 2232 3643 2286 in-

1996 2318 2173 2389 cipiat
2200 2318 2463 2375 laborare
2495 2325 2747 2393 peccato.
2785 2322 2904 2376 Hoc
2944 2321 3159 2393 pignus
3215 2320 3273 2376 in
3308 2323 3415 2376 hac
3446 2319 3642 2377 saeculi

1999 2413 2163 2462 nocte
2206 2408 2499 2476 reddatur,
2554 2410 2660 2465 hoc
2691 2410 3032 2466 vestimento
3090 2410 3146 2465 in
3182 2409 3274 2465 his
3305 2409 3509 2466 mundi
3560 2412 3645 2465 te~

1999 2495 2195 2550 nebris
2218 2497 2517 2552 induatur.

2069 2585 2159 2639 76.
2194 2585 2309 2639 Hoc
2339 2585 2556 2658 pignus
2602 2585 2760 2641 illius
2817 2587 3132 2643 Dominicm
3164 2588 3338 2643 sortis
3388 2592 3495 2653 est,
3530 2604 3644 2642 non

2001 2670 2159 2728 illius
2190 2673 2509 2729 contrariae.
2547 2675 2821 2747 Legimus
2858 2675 3015 2730 enim
3048 2676 3195 2731 duas
3227 2679 3414 2731 sortes
3449 2676 3506 2729 in
3549 2676 3650 2731 Le-

2002 2760 2194 2826 vitico,
2224 2763 2292 2817 de
2324 2763 2539 2834 quibus
2573 2765 2795 2819 dictum
2824 2768 2949 2820 est:
3013 2787 3040 2814 «
3067 2764 3255 2819 Unam
3288 2764 3399 2820 Deo
3446 2764 3645 2829 facies,

2004 2849 2247 2906 alteram
2283 2852 2686 2909 transmissori
2718 2854 2906 2925 (Leuit.
2940 2854 3217 2925 xv1,l8).»
3248 2852 3648 2909 Transmissor

2002 2944 2222 2995 sortem
2262 2958 2429 2996 suam
2489 2942 2559 2996 ad
2619 2942 2994 2999 foetieratores
3051 2940 3435 2998 transmittit:
3498 2941 3646 2997 servi

2006 3028 2236 3083 Domini
2265 3030 2321 3083 in
2345 3034 2499 3086 sorte
2522 3034 2662 3086 sunt
2692 3030 2926 3086 Christi.
2967 3032 3029 3085 In
3086 3030 3195 3086 hac
3226 3034 3379 3086 sorte
3424 3029 3648 3086 consti-

2004 3121 2170 3173 tutus
2202 3126 2416 3184 Aaron,
2452 3119 2753 3175 contraria:
2787 3120 2962 3175 sortis
3003 3119 3249 3176 exclusit
3301 3136 3647 3186 aerumnam,

233 3208 380 3264 scis.
434 3207 645 3263 Nullus
708 3208 865 3263 enim
936 3224 1136 3264 eorum
1212 3208 1628 3265 vestimentum
1680 3208 1893 3265 Christi
1946 3278 1971 3285 Α
2007 3225 2139 3262 cum
2173 3208 2324 3263 inter
2350 3208 2497 3263 duas
2525 3214 2719 3281 partes
2748 3209 2943 3282 populi
2978 3209 3355 3276 constitutus,
3398 3213 3646 3265 mortem

231 3297 478 3363 scindit,
512 3297 614 3352 sed
647 3297 853 3353 dividit
884 3314 897 3364 ;
960 3297 1113 3352 sicut
1151 3298 1435 3369 scriptum
1471 3302 1595 3354 est:
1658 3322 1685 3349 «
1752 3298 1895 3353 Divi-
1925 3284 1967 3350 (ἶ
2002 3314 2035 3352 a
2065 3297 2358 3352 defunctis
2391 3315 2620 3370 serpere
2651 3299 2795 3354 617
2854 3299 2908 3353 in
2970 3304 3185 3354 sortem
3244 3299 3504 3354 vivorum
3560 3298 3649 3354 sui

229 3391 446 3442 serunt
476 3386 820 3441 vestimenta
854 3403 982 3442 mea
1013 3386 1141 3451 sibi,
1175 3392 1231 3441 et
1261 3404 1440 3459 super
1458 3392 1678 3443 vestem
1697 3403 1887 3443 meam

231 3474 533 3530 miserunt
564 3479 781 3530 sortem
830 3476 977 3530 I’sul.
1037 3493 1151 3542 xxx,
1192 3477 1267 3549 9).
1302 3497 1329 3525 ››
1398 3475 1725 3531 Diviserunt
1777 3475 1888 3531 sibi

225 3562 606 3636 evangelista:
645 3564 992 3620 vestimenta
1014 3564 1162 3635 ejus,
1196 3569 1252 3620 et
1281 3581 1458 3637 super
1487 3569 1704 3621 vestem
1736 3567 1886 3636 ejus,

228 3652 349 3707 hoc
382 3656 494 3717 est,
553 3669 730 3725 super
778 3653 1248 3726 praedicationem
1289 3653 1579 3727 Evangelii
1630 3670 1746 3726 qua
1793 3670 1887 3709 ve-

228 3740 418 3797 stitur
448 3740 733 3812 hodieque
764 3742 1050 3797 Dominus
1078 3742 1272 3808 Jcsus,
1324 3743 1616 3798 miserunt
1644 3747 1884 3798 sortem.

227 3828 409 3886 Illam
442 3828 647 3902 utique
668 3836 907 3898 sortem,
940 3848 1067 3902 quae
1098 3830 1310 3887 cecidit
1348 3847 1525 3904 super
1556 3831 1888 3898 Matthiam,

223 3918 720 3990 utapostolorum
746 3920 1128 3976 duodecimus
1183 3937 1448 3988 numero,
1505 3920 1737 3976 excluso
1793 3937 1891 3977 no-

227 4006 400 4063 mine
448 4006 779 4078 proditoris,
848 4009 1287 4083 adjungeretur.
1351 4010 1503 4064 Bene
1560 4012 1756 4065 autem
1816 4012 1887 4063 ole

224 4094 612 4168 evangelistis
645 4097 865 4152 dictum
898 4097 1143 4168 estquia
1167 4098 1693 4157 miseruntsortem
1718 4116 1732 4167 ;
1758 4115 1886 4155 sors

224 4186 393 4241 enim
415 4183 594 4240 veluti
626 4184 818 4241 divino
871 4186 1084 4257 pendet
1142 4187 1425 4243 examine.
1486 4187 1556 4241 Et
1583 4187 1710 4242 ideo
1750 4186 1890 4259 quia
1946 4242 1957 4247 -

224 4290 349 4329 non
386 4276 675 4345 potestate
708 4275 946 4347 propria
988 4280 1125 4331 sunt
1183 4274 1381 4345 locuti,
1441 4292 1630 4347 neque
1683 4293 1887 4331 omnes

221 4362 437 4419 eadem
472 4362 687 4417 omnia.
724 4364 823 4418 sed
855 4362 1115 4435 plerique
1148 4363 1415 4419 dixerunt
1462 4364 1710 4434 diversa,
1761 4381 1889 4435 qua:

218 4450 385 4507 alius
418 4466 536 4505 non
595 4450 850 4506 dixerat:
906 4452 1092 4507 sancti
1137 4452 1388 4524 Spiritus
1438 4453 1686 4525 gratiam
1732 4452 1888 4508 velut

220 4539 443 4595 sortito
474 4538 590 4594 illis
620 4556 684 4594 ea
713 4539 992 4595 tribuisse
1037 4542 1469 4613 cognoscimus,
1515 4559 1641 4614 quae
1682 4541 1885 4615 loque-

218 4633 439 4684 rentur
469 4627 683 4701 singuli
715 4628 784 4683 de
813 4630 1089 4701 operibus
1143 4629 1373 4684 Domini
1425 4630 1585 4695 Jesn,
1649 4635 1713 4686 ut
1759 4632 1886 4703 ers
1920 4652 1969 4716 Β

223 4721 408 4791 gesta
437 4715 548 4772 sibi
568 4716 950 4774 describenda
982 4724 1084 4790 pro
1116 4718 1243 4789 ejus
1276 4723 1421 4774 nutu
1443 4718 1789 4776 dividerent.

294 4807 390 4862 75.
426 4805 529 4860 Est
550 4809 606 4861 et
627 4804 730 4861 illa
749 4807 951 4861 tunica
974 4823 1152 4878 quam
1167 4807 1533 4863 demonstrat
1552 4807 1886 4880 Apostolus,

214 4894 466 4950 dicens:
497 4916 526 4943 «
560 4894 788 4951 lnduite
811 4894 1125 4951 Dominum
1157 4895 1361 4951 Jesum
1394 4897 1568 4964 (Rom.
1593 4898 1885 4968 x111,14).»

214 4983 356 5038 Bazc
389 4985 481 5037 est
507 4983 706 5039 tunica
736 5001 861 5055 quze
892 4983 1200 5039 inhonesta
1226 4986 1412 5058 operit
1453 4990 1671 5054 nostra,
1719 4991 1774 5041 et
1824 4987 1884 5042 in

210 5072 299 5126 iis
332 5071 825 5127 abundantiorem
858 5071 1223 5128 honestatem
1247 5073 1572 5129 circumdat
1620 5074 1677 5130 in
1709 5074 1881 5130 Chri-

208 5164 340 5216 sto.
401 5159 711 5216 Induimus
769 5160 995 5217 viscera
1053 5160 1465 5218 misericordiae
1510 5162 1568 5217 in
1627 5162 1878 5229 Christo,

207 5249 532 5304 induimus
553 5247 743 5304 crucis
773 5248 1041 5321 gloriam,
1076 5268 1202 5321 quae
1240 5251 1458 5305 Judmis
1511 5251 1878 5316 scandalum,

205 5337 441 5393 Gracia
470 5335 694 5392 sultitia
720 5338 1045 5394 videbatur.
1093 5338 1177 5393 llli
1210 5340 1585 5402 erubescunt,
1618 5339 1715 5410 qui
1749 5356 1881 5395 eam

212 5425 687 5481 crubescendam
725 5432 937 5498 putant
964 5446 975 5482 :
1012 5427 1179 5483 nobis
1212 5433 1405 5484 autem
1438 5427 1589 5482 absit
1619 5426 1879 5501 gloriari,

211 5512 347 5570 nisi
378 5514 438 5569 in
471 5529 643 5570 cruce
684 5514 914 5571 Domini
958 5516 1119 5571 .lcsu.
1160 5517 1289 5572 Ηωο
1337 5515 1621 5589 ignobilia
1678 5520 1877 5571 nostra

2000 3386 2255 3458 corporis
2290 3404 2401 3441 non
2434 3388 2702 3457 permisit
2723 3388 2974 3459 obiectu.
3002 3388 3188 3459 Hujus
3215 3386 3390 3443 sortis
3428 3387 3647 3443 bonum

2002 3475 2215 3547 pignus
2246 3483 2332 3530 est
2384 3474 2555 3530 Verbi
2620 3477 2896 3532 amictus.
2956 3477 3114 3532 Hanc
3171 3477 3333 3533 vobis
3388 3475 3648 3533 tunicam

1999 3562 2142 3617 nulli
2197 3580 2379 3618 ncnco
2434 3565 2683 3628 auferat,
2758 3564 3100 3634 debitores;
3154 3565 3304 3621 hanc
3386 3565 3646 3621 tunicam

2000 3650 2416 3723 oppigncretis,
2478 3652 2527 3708 si
2589 3651 2767 3709 vultis
2837 3670 3139 3724 nunquam
3219 3654 3647 3726 turpitudinem

2000 3739 2312 3805 sustinere,
2349 3744 2413 3794 ut
2449 3740 2753 3795 dormiatis
2785 3741 2941 3796 inter
2981 3741 3168 3797 cleros
3227 3742 3380 3797 sicut
3430 3746 3644 3808 Aaron,

1998 3828 2303 3884 dormiatis
2326 3828 2479 3884 inter
2499 3829 2613 3884 duo
2640 3830 3034 3896 Testamenta,
3062 3833 3124 3884 ut
3147 3830 3451 3885 dormiatis
3485 3846 3647 3885 som-

1998 3934 2139 3973 num
2173 3917 2637 3986 resurrectionis,
2668 3922 2725 3973 et
2750 3934 2852 3973 vos
2889 3935 3155 3990 reparare
3214 3916 3469 3989 possitis.
3526 3912 3648 3973 Hoc

1998 4008 2085 4061 est
2118 4005 2532 4061 vestimentum
2565 4007 2719 4079 quod
2744 4006 2975 4062 etiamsi
3023 4006 3518 4080 oppigneraveris,
3559 4020 3648 4060 re-

1999 4094 2336 4167 cipiendum
2377 4094 2435 4150 in
2467 4094 2792 4151 Proverbiis
2824 4100 3065 4151 sanctus
3094 4093 3369 4151 Salomon
3415 4094 3644 4161 suadet,

1997 4183 2231 4239 dicens:
2265 4208 2290 4233 ‹‹
2320 4184 2496 4239 Aufer
2524 4183 2936 4239 vestimentum
2971 4189 3136 4240 tuum
3164 4202 3176 4239 :
3211 4183 3464 4256 prasterit
3492 4184 3648 4239 enim

1998 4273 2321 4343 injuriosus
2344 4276 2364 4342 (
2387 4275 2547 4327 Prov.
2581 4290 2755 4341 xxvn,
2785 4273 2892 4343 13).
2928 4296 2955 4323 ››

2064 4364 2151 4416 77.
2190 4362 2499 4433 Sapientia:
2530 4362 2943 4417 vestimentum
2977 4366 3064 4416 est
3094 4378 3158 4417 ex
3202 4358 3667 4419 illisindumen?

1996 4451 2071 4506 tis
2104 4468 2229 4522 quac
2264 4467 2330 4506 ex
2362 4451 2536 4523 bysso
2577 4456 2634 4505 et
2666 4467 2925 4522 purpura
2973 4450 3261 4523 sapientia
3313 4452 3424 4507 sibi
3475 4451 3645 4509 fecit:

1996 4540 2103 4595 hoc
2139 4543 2244 4606 est,
2278 4538 2848 4595 indumentumﬁdei
2880 4544 3109 4596 constat
3138 4557 3207 4596 ex
3241 4541 3649 4613 praedicatione

2001 4628 2346 4695 cmlestium,
2372 4633 2427 4683 et
2457 4628 2770 4684 Dominicae
2803 4629 3091 4703 sanguine
3123 4632 3414 4702 passionis
3441 4631 3648 4702 :bysso

2001 4717 2249 4772 aethere-:1
2282 4717 2633 4789 ﬁgurantur,
2668 4736 2940 4791 purpurae
2964 4720 3154 4791 specie
3186 4719 3529 4792 mysterium
3562 4734 3650 4771 sa-

1998 4806 2078 4861 cri
2111 4805 2415 4878 sanguinis
2456 4806 2803 4872 declaratur,
2838 4825 2957 4879 quo
2991 4824 3233 4880 regnum
3258 4806 3487 4863 cmleste
3518 4821 3649 4860 eon-

2000 4895 2202 4951 ferlur.
2240 4894 2503 4965 Denique
2531 4895 2947 4952 vestimentum
2990 4895 3288 4968 sapientiae
3331 4890 3646 4966 signiﬁcari

2000 4983 2307 5055 superiora
2351 4983 2613 5039 indicant
2674 4986 2785 5057 (60}
2823 5002 2836 5041 :
2887 4984 3172 5057 praemisit
3205 4976 3359 5038 enim
3410 4980 3643 5037 dicens:

1998 5096 2025 5123 ‹‹
2060 5073 2306 5144 Sapiens
2359 5076 2502 5139 esto,
2547 5072 2651 5137 ﬁli,
2703 5077 2769 5127 ut
2815 5072 3041 5128 laetetur
3095 5088 3193 5127 cor
3248 5075 3415 5125 tuum
3465 5069 3645 5140 (Prov.

1993 5180 2171 5229 xxvn,
2228 5162 2335 5232 il).
2376 5184 2401 5207 ››
2434 5162 2505 5216 Et
2548 5162 2697 5216 infra
2728 5161 2874 5216 duos
2939 5176 3142 5215 versus
3194 5158 3316 5214 ait:
3362 5181 3387 5212 ι
3417 5159 3649 5230 Impru—

1994 5252 2200 5306 dentes
2249 5254 2446 5305 autem
2518 5249 2995 5321 supervenientes
3057 5248 3337 5303 damnum
3393 5246 3653 5319 pendent

1993 5341 2348 5409 (Iin'tl.12;.»
2406 5342 2581 5393 Aul'cr
2637 5338 3049 5391 vestimentum
3101 5342 3291 5392 tuum.
3319 5336 3494 5392 Aufer
3540 5335 3649 5409 igi-

1993 5433 2110 5493 tur,
2145 5446 2213 5484 ne
2249 5429 2534 5483 damnum
2568 5426 2824 5497 excipias
2852 5426 3262 5498 imprudentiae
3291 5444 3303 5495 ;
3333 5430 3391 5482 et
3419 5442 3490 5482 ne
3520 5442 3651 5481 exu-

1990 5523 2117 5573 tum
2154 5521 2208 5572 te
2246 5517 2481 5589 proprio
2509 5515 2857 5569 vestin‘ento
2904 5515 3305 5586 nequissimus
3347 5515 3443 5570 ille
3488 5531 3649 5571 rom-

324 5744 431 5818 (60)
467 5744 604 5801 Cod.
641 5745 830 5811 Dion.,
859 5748 1051 5819 pejora
1088 5748 1332 5814 indicat;
1367 5746 1462 5803 alii
1529 5762 1751 5821 omnes,
1805 5750 2096 5821 superiora
2128 5749 2376 5812 indicat;
2408 5745 2638 5803 edit.....
2668 5746 2933 5803 indicant.
