4052 6196
478 309 597 374 827

476 445 674 507 munis
705 445 995 505 fenerator
1022 459 1368 518 agnoscens,
1401 441 1802 502 confusionem
1843 443 1929 501 tui
1960 443 2118 501 dete-
2148 446 2202 512 Α

474 556 608 613 gere
632 543 871 593 conetur
900 535 1217 609 opprobrii,
1267 541 1323 593 et
1376 536 1727 607 persuadeat
1772 535 1901 603 tibi,
1953 539 2016 589 ut
2069 540 2125 591 te

477 628 631 684 loliis
662 631 847 701 tegas,
882 631 940 684 et
969 624 1205 683 nudum’
1222 631 1281 682 te
1317 642 1445 682 esse
1477 625 1867 697 conspiciens,
1930 625 1988 680 in
2023 625 2123 680 Dei

473 718 729 774 verearis
761 716 955 773 venire
986 721 1383 788 conspectum.

546 808 636 861 78.
674 829 702 858 «
726 807 939 873 Redde,
972 806 1182 877 inquit,
1230 806 1490 877 proximo
1527 805 1585 860 in
1619 810 1901 876 tempore,
1950 821 2121 860 coan-

476 901 649 970 gusta
668 898 928 962 verbum,
963 901 1018 951 et
1050 895 1297 950 ﬁdeliter
1335 912 1440 967 age
1483 912 1617 950 cum
1663 895 1783 965 illo,
1842 899 1899 951 et
1963 892 2123 951 omni

474 991 735 1057 tempore
758 985 1014 1039 invenies
1047 985 1203 1057 quod
1236 985 1340 1039 tibi
1376 985 1770 1040 necessarium
1804 984 1879 1039 sit
1906 984 1921 1053 (
1953 984 2118 1039 Eneti.

474 1091 630 1141 xxrx,
653 1076 707 1142 2,
739 1073 816 1145 3).
852 1095 878 1122 ››
911 1074 1034 1128 Non
1065 1079 1223 1128 amat
1269 1074 1472 1130 multis
1524 1073 1858 1130 innocentia
1915 1090 1978 1129 se
2018 1074 2123 1128 ‘de-

476 1163 731 1218 fendere.
791 1163 1059 1219 Susanna
1114 1164 1272 1219 vocis
1330 1164 1652 1219 assertione
1719 1180 1833 1219 non
1893 1163 2054 1236 eguit
2104 1179 2116 1215 :

474 1253 717 1306 verbum
750 1252 1150 1323 coangustavit
1181 1254 1253 1308 ad
1288 1254 1623 1318 Dominum,
1655 1258 1712 1308 et
1742 1253 1941 1308 statim
1997 1251 2120 1307 adi-

470 1342 621 1413 pisci
655 1341 868 1397 meruit
889 1342 1176 1397 castitatis
1211 1343 1454 1414 propriae
1477 1341 1904 1397 testimonium.
1942 1339 2121 1396 Pluri-

477 1448 574 1488 ma
605 1432 924 1503 presbyteri
958 1431 1367 1502 loquebantur,
1402 1431 1502 1503 qui
1546 1430 1893 1487 laborabant
1916 1430 2118 1485 verbo-

478 1540 607 1577 rum
642 1522 770 1576 fuco
801 1521 1088 1576 obducere
1111 1520 1434 1587 veritatem,
1488 1521 1587 1575 sed
1647 1538 1761 1575 non
1795 1519 1915 1574 ﬁlia
1944 1518 2114 1574 Juda.

474 1611 675 1668 Tacuit
706 1611 857 1684 apud
885 1610 1170 1671 homines,
1205 1610 1398 1664 locuta
1428 1614 1516 1665 est
1550 1614 1679 1664 Deo.
1716 1608 2119 1664 Erubescenda

476 1707 599 1757 erat
645 1701 707 1756 in
758 1700 923 1772 plebe
967 1700 1097 1770 ipsa
1144 1698 1403 1753 defensio
1464 1697 1806 1752 muliebris:
1863 1702 1919 1752 et
1975 1698 2114 1751 dum

1948 310 2012 374 S.
2058 309 2435 379 AMBROSII
3718 319 3812 384 828

2301 448 2388 504 81.
2414 447 2632 506 Deinde
2663 464 2775 506 non
2809 445 3032 525 cogitas
3054 444 3468 519 Lhumilitatem
3494 454 3548 508 et
3588 466 3816 510 verecun-

2241 538 2396 594 diam
2430 539 2784 612 postulantis
2805 539 2833 593 ?
2862 538 3056 596 Donec
3080 538 3347 612 accipias,
3374 537 3636 597 oseularis
3656 557 3819 599 manus

2233 628 2593 686 fceneratoris
2624 627 2883 702 superbi,
2916 628 3197 685 humilias
3216 645 3410 684 vocem
3433 632 3606 697 tuam,
3642 647 3704 686 ne
3742 632 3824 688 cla.

2232 717 2351 773 rior
2378 719 2607 774 sonitus
2626 718 2783 774 vocis
2802 722 2915 773 tua:
2938 734 3107 774 aures
3131 719 3259 789 ejus
3281 717 3546 786 offendat,
3568 734 3634 774 ne
3666 718 3820 791 plures

2228 812 2285 863 te
2340 807 2583 863 audiant
2638 808 3067 879 deprecantem.
3139 806 3452 879 Paupertas
3520 823 3627 863 non
3692 808 3827 864 habet

2228 894 2470 959 crimen,
2504 895 2666 951 nulla
2693 896 3028 969 indigentiae
3059 895 3303 951 infamia
3345 898 3466 949 est:
3526 896 3619 950 sed
3650 896 3818 952 debere

2227 986 2620 1040 verecundum
2651 989 2760 1055 est,
2793 1002 2907 1041 non
2954 984 3193 1041 reddere
3252 984 3687 1040 inverecundum
3718 988 3821 1056 (61}.

2230 1072 2557 1129 Postulabis
2585 1073 2946 1140 dilationem,
2979 1090 3114 1130 cum
3145 1073 3386 1145 coeperis
3444 1074 3713 1128 conveniri
3782 1076 3825 1130 in

2229 1167 2491 1235 tempore
2522 1163 2870 1235 praescriptas
2901 1162 3252 1219 solutionis:
3300 1179 3399 1233 pro
3451 1161 3680 1234 pecunia
3713 1163 3821 1218 atla-

2230 1268 2322 1307 res
2362 1250 2553 1318 taedia,
2613 1251 2951 1307 causabsris
3001 1253 3079 1308 de
3137 1255 3421 1323 tempore,
3473 1251 3824 1306 excusationes

2229 1344 2443 1407 strues,
2465 1344 2522 1397 et
2549 1358 2684 1397 cum
2707 1345 2896 1396 totum
2929 1340 3289 1412 promiseris,
3326 1356 3397 1394 ne
3438 1338 3494 1393 in
3546 1341 3828 1395 universum

2231 1429 2501 1485 fraudare
2523 1430 2793 1494 videaris,
2820 1429 2913 1485 vix
2934 1427 3248 1484 dimidium
3273 1428 3566 1482 restitues.
3592 1432 3662 1483 De
3681 1428 3827 1482 amico

2229 1517 2533 1573 inimicum
2564 1518 2759 1585 facies,
2795 1534 2900 1590 pro
2934 1516 3148 1573 honore
3179 1517 3393 1571 referes
3439 1514 3826 1578 contumeliam,

2226 1632 2329 1687 pro
2361 1615 2759 1671 benedictione
2816 1613 3211 1670 maledictum.
3249 1613 3433 1676 Quam
3466 1612 3583 1667 haec
3647 1611 3827 1683 opinio-

2226 1721 2359 1761 nem
2392 1703 2608 1760 laedant
2637 1703 2981 1759 considera:
3016 1720 3193 1774 quam
3228 1719 3262 1757 a
3292 1702 3415 1757 viro
3473 1702 3619 1756 bono
3655 1700 3828 1756 discre-

475 1791 665 1862 pudor
694 1788 1045 1852 defenditur,
1081 1787 1449 1859 impudentia
1490 1788 1974 1857 praetendebatur.
2013 1787 2115 1841 Go-
2152 1814 2199 1880 Β
2229 1796 2366 1866 pent
2388 1809 2765 1866 recognosce.

480 1877 813 1952 angustavit
843 1878 1108 1939 verbum,
1140 1876 1339 1931 dicens
1361 1876 1433 1931 ad
1460 1876 1773 1931 Dominum
1802 1894 1814 1931 :
1844 1900 1863 1925 α
1891 1878 1974 1931 Tu
2006 1876 2123 1932 scis

478 1969 618 2040 quia
664 1966 811 2023 falsa
855 1966 1128 2021 dixerunt
1185 1966 1255 2020 de
1307 1980 1400 2019 me
1450 1966 1610 2035 (Dan.
1652 1984 1776 2033 xm,
1826 1967 1937 2037 43).
1976 1988 2003 2015 »
2053 1968 2122 2021 Et

478 2055 762 2114 Dominus
792 2055 1063 2128 spiritum
1088 2053 1344 2110 Danielis
1372 2054 1835 2126 puericastitatis
1854 2054 2124 2110 excitavit

478 2145 751 2203 ultorem.

545 2236 636 2290 79.
670 2235 1001 2307 Coangusta
1031 2251 1167 2306 ergo
1198 2234 1458 2300 verbum,
1492 2239 1556 2287 ut
1586 2233 1896 2288 redhibitio
1937 2232 2123 2288 credi-

479 2323 611 2391 tori,
644 2341 759 2380 non
792 2323 994 2395 lingua
1048 2323 1416 2394 respondeat.
1452 2322 1579 2377 Sive
1611 2321 1890 2394 mystice:
1936 2325 2122 2376 Coan-

478 2417 651 2487 gusta
679 2413 916 2468 verbum
951 2412 1060 2467 hoc
1097 2416 1204 2475 est,
1256 2426 1622 2465 consumma.
1654 2411 1913 2466 Verbum
1966 2408 2120 2466 enim

478 2518 898 2559 consummans
957 2506 1013 2556 et
1060 2499 1326 2555 brevians
1391 2499 1560 2555 faciet
1607 2499 1892 2555 Dominus
1948 2516 2126 2572 super

479 2597 716 2662 terram,
748 2590 857 2645 hoc
905 2596 1012 2655 est,
1068 2607 1135 2645 ex
1166 2589 1370 2644 multis
1420 2589 1741 2644 ratiociniis
1791 2588 2124 2645 abbreviata

478 2681 583 2736 tibi
615 2697 850 2736 summa
880 2680 1203 2736 conveniat.
1232 2679 1511 2735 Deducito
1564 2678 1716 2749 quod
1749 2679 2019 2750 expensis
2042 2679 2124 2733 di-

476 2770 660 2826 versis
706 2773 1031 2841 erogatum,
1066 2773 1131 2823 ut
1162 2768 1386 2823 salvum
1432 2766 1648 2823 habeas
1706 2769 1861 2838 quod
1921 2784 2123 2838 super-

479 2858 556 2914 sit
588 2876 600 2913 :
629 2858 918 2930 quomodo
947 2858 1225 2911 Dominus
1253 2856 1323 2911 de
1355 2855 1557 2910 multis
1587 2856 2125 2927 dispensationibus

478 2947 837 3013 Judaeorum,
871 2963 939 3000 ex
997 2945 1182 3000 multo
1241 2943 1342 2998 illo
1396 2943 1697 3000 ratiocinio
1755 2950 2123 3016 peccatorum

480 3035 909 3091 consummavit
956 3035 1193 3088 tandem
1252 3038 1427 3104 atque
1458 3032 1756 3101 breviavit,
1794 3038 1858 3088 ut
1888 3033 2122 3106 reliquae

479 3123 648 3181 salven
672 3124 877 3179 ﬁerent
906 3139 1008 3196 per
1037 3121 1378 3177 electionem
1411 3123 1633 3193 gratiae,
1667 3126 1724 3177 et
1752 3127 2125 3179 servarentur

2301 1911 2390 1964 82.
2427 1910 2573 1982 Ergo
2605 1908 2745 1963 dum
2772 1907 2919 1963 liber
2941 1925 3002 1964 es
3026 1924 3060 1962 a
3106 1905 3380 1974 vinculis,
3415 1906 3538 1979 ipse
3594 1909 3645 1961 te
3671 1920 3830 1960 revoca

2232 2016 2266 2053 a
2286 1999 2432 2071 jugo
2464 2001 2521 2054 et
2551 2014 2724 2053 onere
2772 1996 3090 2053 servitutis.
3150 1995 3324 2052 Dives
3373 2012 3436 2052 es
3475 1996 3503 2050 ?
3530 1996 3646 2051 Non
3667 2012 3825 2050 sumas

2231 2091 2527 2143 mutuum.
2561 2086 2788 2159 Pauper
2815 2086 2926 2141 es?
2955 2085 3080 2141 Non
3112 2101 3316 2141 sumas
3361 2089 3647 2139 mutuum.
3700 2083 3829 2139 Dives

2231 2192 2292 2231 es
2313 2175 2341 2230 ‘?
2352 2176 2435 2231 Nu
2445 2174 2583 2230 llam
2597 2174 2810 2247 pateris
2822 2174 3055 2246 petendi
3073 2172 3509 2231 necessitatem.
3544 2173 3829 2244 Pauper-es?

2231 2264 2547 2320 Considera
2576 2263 2831 2320 solvendi
2865 2262 3295 2319 difficultatem.
3340 2260 3643 2334 Opulentia
3676 2258 3829 2315 usuris

2231 2352 2539 2418 minuitur,
2564 2355 2881 2426 paupertas
2911 2351 3109 2407 usuris
3141 2367 3254 2407 non
3280 2351 3528 2407 levatur.
3560 2351 3825 2421 Nunquam

2231 2441 2388 2497 enim
2421 2439 2642 2496 malum
2678 2439 2830 2496 malo
2863 2440 3197 2513 corrigitur,
3230 2456 3339 2495 nec
3385 2439 3596 2495 vulnus
3641 2441 3831 2494 curatur

2232 2528 2493 2595 vulnere,
2519 2530 2619 2587 sed
2652 2534 3029 2601 exasperatur
3058 2528 3272 2585 ulcere.

2301 2656 2390 2711 83.
2428 2655 2544 2711 Hoc
2576 2654 2725 2721 vide,
2761 2670 2831 2710 ne
2888 2654 3031 2710 dum
3080 2654 3393 2725 pecuniam
3440 2654 3604 2727 petis,
3654 2649 3827 2707 molam

2237 2750 2394 2800 tuam
2416 2743 2660 2816 obliges,
2685 2747 2783 2798 aut
2812 2742 3069 2815 lapidem
3094 2742 3576 2815 supermolarem.
3606 2741 3740 2798 Mola
3768 2745 3833 2794 est

2232 2850 2349 2905 qua
2377 2830 2647 2905 similago
2676 2831 3001 2899 conﬁcitur,
3035 2849 3151 2905 qua
3164 2831 3335 2888 molit
3355 2832 3725 2906 similaginem
3744 2844 3830 2883 una

2235 2921 2448 2977 mulier
2476 2938 2603 2994 quae
2638 2920 2983 2989 assumitur,
3016 2925 3075 2977 et
3104 2920 3285 2977 altare
3317 2939 3450 2993 qua:
3508 2919 3827 2992 relinquitur.

2232 3011 2503 3066 Fortasse
2534 3009 2635 3064 illa
2664 3009 3009 3076 assumitur,
3043 3026 3171 3080 qua;
3202 3025 3440 3082 semper
3459 3009 3615 3065 molit
3633 3007 3827 3063 verbum

2235 3099 2358 3167 Dei,
2391 3103 2457 3154 ut
2476 3097 2690 3154 haheat
2701 3096 3120 3171 similaginem,
3142 3103 3200 3154 et
3222 3098 3569 3171 spiritalem,
3588 3097 3711 3153 facit
3728 3093 3830 3150 fari-

479 3214 550 3268 ad
582 3229 804 3276 semen,
827 3228 928 3284 per
948 3227 1096 3283 quos
1125 3210 1575 3266 intermortuam
1608 3228 1773 3283 spem
1806 3212 2121 3285 Synagogae

2237 3204 2395 3256 nam,
2418 3192 2702 3260 expurgat
2733 3191 2899 3243 vetus
2948 3187 3327 3258 fermentum,
3361 3189 3529 3243 utsii:
3571 3188 3674 3260 (62)
3716 3198 3830 3238 nova

481 3301 878 3359 resuscitaret.
1407 3372 1412 3376 η

956 3389 1107 3444 618
1145 3388 1376 3444 CAPUT
1406 3389 1553 3443 XXI.

484 3477 977 3548 [lepra/tenduntur
1003 3479 1048 3532 ii
1068 3479 1165 3548 qui
1219 3493 1343 3531 cum
1381 3477 1633 3533 solvendo
1662 3494 1773 3533 non
1827 3480 1957 3545 sint,
2008 3495 2124 3533 mu-

554 3553 707 3603 tuum
727 3557 966 3621 sumunt.
997 3548 1163 3621 Iidem
1190 3565 1355 3619 quam
1410 3550 1684 3621 aibjecti,et
1711 3550 2127 3621 quemamodum

558 3621 627 3676 ad
650 3620 955 3676 condictam
999 3620 1145 3675 diem
1170 3636 1276 3676 non
1325 3620 1607 3676 reddenles
1655 3620 1731 3676 ea:
1772 3623 1969 3676 amicis
2015 3622 2128 3676 ini-

550 3694 717 3747 micos
743 3693 994 3761 faciant;
1028 3691 1171 3747 unde
1198 3692 1344 3746 milli
1366 3701 1618 3747 mutuum
1650 3692 1973 3747 sumendum
2005 3709 2127 3748 con-

551 3763 807 3836 cluditur.
844 3763 984 3836 Quid
1003 3780 1105 3834 per
1132 3765 1335 3836 molam
1354 3766 1404 3818 et
1430 3764 1672 3836 lapidem
1700 3765 2126 3834 supermolarem

549 3851 661 3890 non
699 3834 1049 3903 obligandum
1075 3834 1438 3905 intelligatur.

550 3924 638 3978 80.
672 3925 857 3989 Quam
889 3924 1148 3978 deforme
1186 3929 1295 3985 est.
1347 3927 1411 3977 ut
1441 3940 1543 3993 pro
1577 3923 1856 3978 beneficio
1915 3924 1965 3978 ei
2023 3918 2122 3996 qui

481 4015 537 4067 te
568 4011 809 4083 adjuvit,
852 4011 1136 4081 rependas
1169 4009 1534 4066 molestiam!
1568 4015 1711 4065 Cum
1744 4011 1916 4066 istam
1970 4012 2126 4067 frau-

483 4100 710 4155 daveris
743 4102 834 4154 cui
866 4100 1063 4165 debes,
1097 4104 1298 4170 postea
1349 4099 1406 4152 in
1440 4105 1699 4170 tempore
1757 4100 2126 4158 necessitatis

480 4194 593 4244 tua
624 4205 738 4243 non
769 4188 1029 4242 invenies
1070 4187 1436 4243 creditorem.
1486 4189 1671 4251 Quam
1700 4188 2030 4261 indignum,
2065 4195 2127 4246 ut

483 4293 616 4331 cum
636 4276 855 4331 victum
880 4280 1047 4330 tuum
1066 4280 1398 4331 sustentare
1417 4292 1531 4331 non
1550 4293 1752 4348 queas,
1777 4294 1912 4333 cum
1935 4278 2126 4334 adhuc

483 4363 630 4419 nihil
661 4365 895 4429 debeas,
922 4370 1089 4436 putes
1120 4365 1275 4437 quod
1306 4369 1363 4420 et
1399 4365 1618 4420 victum
1640 4370 1809 4421 tuum
1835 4367 2046 4438 possis,
2070 4373 2128 4423 ct

482 4451 745 4506 debitum
778 4453 1068 4507 sustinere
1093 4453 1104 4507 ι
1130 4459 1279 4508 Ante
1308 4454 1498 4526 cogita
1527 4454 1682 4509 unde
1711 4454 2018 4525 dissolvas,
2069 4462 2126 4511 et

2232 3275 2589 3349 eonspcrsio,
2650 3276 2911 3332 custodit
2940 3274 3158 3331 molam
3218 3293 3415 3343 suam,
3467 3276 3829 3347 interpretatur

2232 3365 2586 3438 scripturas,
2622 3369 2815 3422 servat
2834 3364 2948 3421 sibi
2975 3364 3231 3438 lapidem
3254 3364 3701 3437 supermolarem
3722 3380 3733 3416 :
3754 3357 3829 3414 illa

2233 3459 2431 3512 autem
2463 3454 2818 3527 relinquitur
2856 3471 2984 3526 quae
3013 3453 3367 3527 oppignerat
3426 3454 3632 3512 molam
3675 3465 3827 3508 suam.

2234 3544 2380 3600 Cum
2423 3543 2647 3616 aliquid
2709 3542 3018 3600 emoluerit
3070 3543 3490 3616 perfunctorie,
3542 3540 3830 3616 Oppignerat

2233 3632 2484 3706 lapidem
2519 3631 2621 3705 qui
2651 3636 2740 3688 est
2768 3648 2947 3705 super
2975 3630 3214 3688 molam.
3249 3632 3393 3698 Quis
3426 3632 3532 3689 iste
3570 3630 3642 3688 sit
3691 3626 3826 3699 lapis,

2235 3739 2450 3795 quaero.
2481 3721 2618 3793 Legi
2644 3740 2657 3778 :
2681 3744 2709 3772 «
2746 3721 3025 3793 Lapidem
3048 3737 3220 3794 quem
3237 3722 3684 3794 reprobaverunt
3708 3714 3827 3772 619

2235 3810 2609 3879 aedificantes,
2640 3810 2738 3866 hic
2768 3810 2957 3867 factus
2987 3814 3078 3866 est
3106 3809 3166 3865 in
3223 3816 3404 3882 caput
3450 3807 3641 3883 anguli
3690 3803 3826 3879 (Psal.

2234 3916 2406 3968 cxvn,
2437 3900 2549 3971 22).
2578 3923 2606 3949 ››
2636 3900 2824 3963 Quare
2880 3914 3057 3972 super
3113 3898 3329 3955 molam
3360 3900 3388 3955 ?
3418 3900 3563 3967 Quia
3613 3899 3723 3968 ipse
3760 3896 3829 3947 est

2236 3988 2336 4061 qui
2368 3987 2652 4045 molentes
2675 3989 2876 4060 juvat:
2912 3987 3038 4060 ipse
3058 3992 3149 4044 est
3204 3987 3309 4059 qui
3363 3988 3540 4044 dicit:
3578 4005 3598 4035 ι
3637 3985 3828 4040 Scruta-

2236 4076 2379 4133 mini
2403 4077 2759 4149 Scripturas,
2792 4076 2852 4132 in
2892 4076 3109 4149 quibus
3139 4076 3365 4150 putatis
3394 4094 3493 4135 vos
3522 4076 3683 4131 vitam
3708 4075 3833 4126 aeter-

2236 4182 2375 4221 nam
2406 4165 2621 4222 habere
2638 4167 2816 4238 (Joan.
2848 4182 2903 4233 v,
2936 4165 2971 4220 3
3006 4168 3045 4235 ).
3074 4185 3101 4214 »

2304 4282 2394 4335 84.
2417 4280 2565 4347 Noli,
2600 4281 2928 4348 faenerator,
2979 4280 3137 4336 hunc
3195 4272 3459 4351 lapidem
3517 4271 3830 4368 supermola-

2237 4386 2359 4425 rem
2381 4368 2787 4442 oppignerare,
2809 4385 2880 4425 ne
2902 4369 3078 4425 cadas
3099 4385 3277 4440 super
3297 4365 3693 4424 illum.0mnis
3708 4365 3831 4418 enim

2235 4457 2336 4531 qui
2366 4458 2641 4514 ceciderit
2669 4474 2848 4531 super
2874 4458 3033 4513 hunc
3070 4456 3349 4531 lapidem,
3374 4452 3832 4527 conquassabitur.

484 4539 567 4597 sic
590 4543 863 4593 mutuum
897 4557 1080 4596 sume.
1108 4542 1374 4609 Fructus,
1399 4541 1610 4613 inquit,
1633 4559 1903 4616 agrorum
1936 4545 2120 4617 capio.
2153 4550 2201 4616 D
2233 4564 2410 4620 super
2458 4563 2635 4619 quem
2675 4551 2869 4603 autem
2928 4547 3223 4612 ceciderit,
3280 4545 3635 4601 comminuet
3683 4538 3833 4595 illum.

482 4628 597 4686 Sed
628 4628 727 4699 qui
761 4645 876 4682 non
907 4628 1210 4683 abundant
1239 4630 1393 4697 usui,
1418 4633 1709 4701 quomodo
1742 4633 2126 4690 abundabunt

482 4717 762 4776 contracti
806 4716 1041 4771 faenoris
1078 4717 1483 4774 incremento?
1523 4720 1633 4774 Sed
1692 4722 2123 4794 possessionem

483 4824 674 4865 meam
727 4807 934 4862 vendo.
999 4806 1063 4860 Et
1122 4806 1277 4862 unde
1343 4808 1589 4872 fructus,
1655 4808 1871 4879 quibus
1941 4813 2126 4869 utaris

481 4899 553 4955 ad
587 4900 893 4969 sumptum
921 4896 948 4949 ἰ)
1006 4896 1215 4951 Faenus
1248 4912 1361 4950 non
1419 4896 1665 4966 pecunia
1721 4914 1830 4954 sua
1860 4899 2122 4958 solvitur.

482 4988 579 5042 sed
615 4991 862 5057 augetur
895 5002 907 5039 :
943 4985 1303 5040 numerando
1336 4991 1707 5040 coacervatur
1735 4991 1788 5042 et
1820 4989 2045 5045 crescit.

557 5144 669 5215 (6|)
708 5146 925 5201 Omnes
972 5146 1109 5200 edit.
1173 5161 1239 5200 ac
1291 5160 1401 5198 ms.
1461 5142 1706 5214 aliquot,
1760 5161 1869 5199 non
1904 5147 2129 5204 reddere

488 5216 858 5289 verecundius.
893 5218 1015 5272 Non
1052 5215 1235 5271 male:
1274 5222 1526 5270 attamen
1552 5217 1815 5289 omnium
1840 5219 2126 5289 antiquis-

491 5284 624 5339 simi
672 5285 892 5358 legunt,
928 5306 1034 5342 non
1056 5289 1276 5343 reddere
1299 5287 1740 5342 inverecundum.
1770 5288 1950 5353 Unus,
1982 5284 2129 5345 inrc-

490 5357 801 5411 recundius.
828 5360 893 5412 Et
914 5359 1021 5415 hoc
1042 5362 1216 5415 etiam
1232 5378 1346 5415 non
1369 5358 1915 5432 absurdeexplicari
1938 5364 2129 5432 potest

490 5441 558 5504 eo
587 5441 760 5481 sensu
782 5446 802 5504 -;
838 5446 970 5483 nam
1005 5432 1102 5500 qui
1136 5432 1297 5504 debet
1335 5430 1965 5504 verecundiaiquadam
1998 5433 2125 5488 affi-

489 5500 664 5575 citur,
695 5500 791 5564 qui
822 5518 959 5575 iero
994 5519 1105 5557 non
1131 5502 1339 5567 red-lit,
1365 5500 1792 5557 inverecundus
1826 5507 2000 5575 atque
2022 5505 2126 5560 im-

492 5566 853 5641 pudensAest.

562 5639 671 5710 (6‘2)
702 5637 915 5695 Omnes
948 5642 1184 5698 omnino
1234 5643 1398 5712 edit.,
1448 5646 1770 5717 Expurgate
1826 5654 1974 5703 vetus
2017 5648 2127 5718 fer-

2230 4635 2346 4693 Nec
2392 4634 2580 4690 viduae
2609 4633 2825 4707 pignus
2853 4634 3164 4707 suscipias.
3223 4633 3407 4690 Grave
3461 4639 3519 4689 et
3574 4636 3836 4697 utrumque

2234 4723 2559 4780 secundum
2603 4722 2880 4787 litteram,
2948 4726 3012 4778 ut
3070 4739 3247 4780 usum
3296 4722 3827 4784 instrumentumque

2232 4812 2459 4868 vivendi
2491 4827 2673 4885 egeno
2704 4812 2955 4881 auferas,
2980 4816 3082 4868 aut
3099 4810 3286 4867 viduae
3325 4812 3539 4885 pignus
3568 4803 3827 4865 detrahas:

2235 4900 2337 4956 sed
2369 4900 2626 4974 gravius,
2659 4899 2710 4955 si
2739 4901 2948 4956 anima).
2979 4916 3106 4972 quae
3136 4900 3293 4956 verbi
3325 4899 3500 4955 vidua
3518 4900 3622 4963 est,
3636 4891 3832 4950 verbum

2232 4994 2456 5056 teneas,
2480 4994 2537 5044 et
2592 4988 2644 5044 ei
2703 4988 3076 5045 sterilitatem
3109 4988 3411 5045 viduitatis
3468 4985 3677 5042 indicas
3718 4976 3822 5047 (63}-

2238 5157 2507 5215 mentum,
2542 5148 3087 5225 utsitis,_etc.7Mss.
3122 5147 3375 5225 Tbuan.,
3406 5145 3649 5225 Dion.-_et
3680 5134 3830 5225 .Colhy

2240 5226 2598 5294 Expurgat...
2634 5228 2695 5275 ut
2738 5222 2855 5294 sit,
2883 5220 3215 5294 etczDocet
3261 5219 3415 5276 enim
3448 5219 3719 5294 pretiosis
3764 5220 3831 5294 sc-

2240 5289 2358 5349 ries
2388 5289 2632 5417 hicdnon
2666 5296 2786 5348 tam
2809 5291 2975 5348 citari
3004 5291 3316 5364 Scriptura
3347 5289 3537 5355 verba,
3569 5297 3725 5357 quam
3760 5290 3830 5331 εισ-

2240 5380 2476 5417 eommo
2525 5379 2638 5417 ari.

2239 5379 2638 5420 commodari.

2310 5436 2423 5507 (63)
2458 5433 2608 5507 Edit.
2632 5449 2871 5507 omnes,
2897 5438 2956 5489 et
2983 5434 3227 5507 quidam
3258 5449 3426 5507 mss.,
3456 5435 3513 5486 ut
3538 5430 3590 5507 ei
3614 5420 3828 5507 διεζίιξξα·

2239 5496 2348 5565 tem
2376 5496 2665 5561 viduitatis
2699 5496 2930 5561 inducas
2963 5496 3121 5562 {alii
3172 5496 3435 5561 melioris
3483 5506 3635 5568 notae,
3663 5496 3707 5547 et
3730 5496 3824 5545 ei...

2236 5577 2475 5646 indicas,
2509 5576 2619 5634 hoc
2648 5581 2735 5633 est
2757 5576 3040 5649 imperes.
