  <div class='ocr_page' id='page_1' title='image "/cluster/home/n/w/nwhite01/storage/ocr_20150623/14/hvd.32044048207138/420.png"; bbox 0 0 4052 6196; ppageno 0'>
   <div class='ocr_carea' id='block_1_1' title="bbox 251 364 1135 461">
    <p class='ocr_par' dir='ltr' id='par_1_1' title="bbox 251 364 1135 461">
     <span class='ocr_line' id='line_1_1' title="bbox 251 364 1135 461; baseline -0.002 -29"><span class='ocrx_word' id='word_1_1' title='bbox 251 364 519 432; x_wconf 59' lang='grc' dir='ltr'>δίο.-</span> <span class='ocrx_word' id='word_1_2' title='bbox 964 396 1135 461; x_wconf 26' lang='grc' dir='ltr'>ε,</span> 
     </span>
    </p>
   </div>
   <div class='ocr_carea' id='block_1_2' title="bbox 858 500 1290 560">
    <p class='ocr_par' dir='ltr' id='par_1_2' title="bbox 858 500 1290 560">
     <span class='ocr_line' id='line_1_2' title="bbox 858 500 1290 560; baseline 0 -1"><span class='ocrx_word' id='word_1_3' title='bbox 858 501 1090 560; x_wconf 84' lang='lat' dir='ltr'>CAPUT</span> <span class='ocrx_word' id='word_1_4' title='bbox 1119 500 1290 559; x_wconf 84' lang='lat' dir='ltr'>XXII.</span> 
     </span>
    </p>
   </div>
   <div class='ocr_carea' id='block_1_3' title="bbox 255 572 1899 646">
    <p class='ocr_par' dir='ltr' id='par_1_3' title="bbox 255 572 1899 646">
     <span class='ocr_line' id='line_1_3' title="bbox 255 572 1899 646; baseline 0.002 -18"><span class='ocrx_word' id='word_1_5' title='bbox 255 573 425 646; x_wconf 78' lang='lat' dir='ltr'>Quem</span> <span class='ocrx_word' id='word_1_6' title='bbox 452 572 833 646; x_wconf 74' lang='lat' dir='ltr'>faeneratorem</span> <span class='ocrx_word' id='word_1_7' title='bbox 863 576 1077 630; x_wconf 88' lang='lat' dir='ltr'>imitari</span> <span class='ocrx_word' id='word_1_8' title='bbox 1103 575 1426 641; x_wconf 74' lang='lat' dir='ltr'>debeamus;</span> <span class='ocrx_word' id='word_1_9' title='bbox 1449 580 1496 629; x_wconf 76' lang='lat' dir='ltr'>et</span> <span class='ocrx_word' id='word_1_10' title='bbox 1524 576 1777 646; x_wconf 58' lang='grc' dir='ltr'>ιῖυιιηῃικῖίι</span> 
     </span>
    </p>
   </div>
   <div class='ocr_carea' id='block_1_4' title="bbox 326 645 1909 773">
    <p class='ocr_par' dir='ltr' id='par_1_4' title="bbox 326 645 1909 773">
     <span class='ocr_line' id='line_1_4' title="bbox 326 645 1903 773; baseline -0.001 -72"><span class='ocrx_word' id='word_1_11' title='bbox 326 645 511 703; x_wconf 72' lang='lat' dir='ltr'>etesiae</span> <span class='ocrx_word' id='word_1_12' title='bbox 542 646 678 700; x_wconf 84' lang='lat' dir='ltr'>Deus</span> <span class='ocrx_word' id='word_1_13' title='bbox 703 646 830 730; x_wconf 79' lang='lat' dir='ltr'>plus</span> <span class='ocrx_word' id='word_1_14' title='bbox 860 646 1084 711; x_wconf 76' lang='lat' dir='ltr'>dederit,</span> <span class='ocrx_word' id='word_1_15' title='bbox 1116 649 1209 701; x_wconf 87' lang='lat' dir='ltr'>cui</span> <span class='ocrx_word' id='word_1_16' title='bbox 1235 656 1285 702; x_wconf 77' lang='lat' dir='ltr'>et</span> <span class='ocrx_word' id='word_1_17' title='bbox 1334 650 1451 719; x_wconf 78' lang='lat' dir='ltr'>ipsa</span> <span class='ocrx_word' id='word_1_18' title='bbox 1494 652 1620 773; x_wconf 65' lang='lat' dir='ltr'>plus</span> <span class='ocrx_word' id='word_1_19' title='bbox 1673 666 1729 701; x_wconf 72' lang='lat' dir='ltr'>re</span> <span class='ocrx_word' id='word_1_20' title='bbox 1750 648 1903 702; x_wconf 71' lang='lat' dir='ltr'>(didit</span> 
     </span>
     <span class='ocr_line' id='line_1_5' title="bbox 326 718 1909 773; baseline 0 0"><span class='ocrx_word' id='word_1_21' title='bbox 326 734 438 773; x_wconf 80' lang='lat' dir='ltr'>non</span> <span class='ocrx_word' id='word_1_22' title='bbox 466 718 710 773; x_wconf 58' lang='lat' dir='ltr'>eminenti</span> <span class='ocrx_word' id='word_1_23' title='bbox 735 735 755 773; x_wconf 89' lang='lat'>:</span> <span class='ocrx_word' id='word_1_24' title='bbox 784 719 952 773; x_wconf 84' lang='lat' dir='ltr'>deaue</span> <span class='ocrx_word' id='word_1_25' title='bbox 979 719 1167 773; x_wconf 81' lang='lat' dir='ltr'>divina</span> <span class='ocrx_word' id='word_1_26' title='bbox 1197 721 1491 773; x_wconf 66' lang='lat' dir='ltr'>misericort</span> <span class='ocrx_word' id='word_1_27' title='bbox 1517 722 1588 773; x_wconf 64' lang='lat' dir='ltr'>ias</span> <span class='ocrx_word' id='word_1_28' title='bbox 1618 737 1682 773; x_wconf 90' lang='lat' dir='ltr'>ac</span> <span class='ocrx_word' id='word_1_29' title='bbox 1714 720 1909 773; x_wconf 84' lang='lat' dir='ltr'>iudicii</span> 
     </span>
    </p>
   </div>
   <div class='ocr_carea' id='block_1_5' title="bbox 326 719 1906 791">
    <p class='ocr_par' dir='ltr' id='par_1_5' title="bbox 326 719 1906 791">
     <span class='ocr_line' id='line_1_6' title="bbox 326 719 1906 791; baseline 0.001 -19"><span class='ocrx_word' id='word_1_30' title='bbox 326 734 438 791; x_wconf 66' lang='lat' dir='ltr'>aen</span> <span class='ocrx_word' id='word_1_31' title='bbox 466 719 715 791; x_wconf 66' lang='lat' dir='ltr'>exigenti</span> <span class='ocrx_word' id='word_1_32' title='bbox 734 735 755 779; x_wconf 79' lang='lat'>,&#39;</span> <span class='ocrx_word' id='word_1_33' title='bbox 784 719 952 790; x_wconf 81' lang='lat' dir='ltr'><strong><em>deque</em></strong></span> <span class='ocrx_word' id='word_1_34' title='bbox 979 719 1167 773; x_wconf 80' lang='lat' dir='ltr'>divina</span> <span class='ocrx_word' id='word_1_35' title='bbox 1197 719 1588 775; x_wconf 55' lang='lat' dir='ltr'>misericordi}?</span> <span class='ocrx_word' id='word_1_36' title='bbox 1618 737 1682 773; x_wconf 90' lang='lat' dir='ltr'>ac</span> <span class='ocrx_word' id='word_1_37' title='bbox 1705 720 1906 791; x_wconf 84' lang='lat' dir='ltr'>judicii</span> 
     </span>
    </p>
   </div>
   <div class='ocr_carea' id='block_1_6' title="bbox 328 789 753 861">
    <p class='ocr_par' dir='ltr' id='par_1_6' title="bbox 328 789 753 861">
     <span class='ocr_line' id='line_1_7' title="bbox 328 789 753 861; baseline 0 -17"><span class='ocrx_word' id='word_1_38' title='bbox 328 789 753 861; x_wconf 76' lang='lat' dir='ltr'>dispensatione.</span> 
     </span>
    </p>
   </div>
   <div class='ocr_carea' id='block_1_7' title="bbox 327 879 1905 951">
    <p class='ocr_par' dir='ltr' id='par_1_7' title="bbox 327 879 1905 951">
     <span class='ocr_line' id='line_1_8' title="bbox 327 879 1905 951; baseline 0 -17"><span class='ocrx_word' id='word_1_39' title='bbox 327 879 416 934; x_wconf 88' lang='lat'>85.</span> <span class='ocrx_word' id='word_1_40' title='bbox 448 880 635 951; x_wconf 83' lang='lat' dir='ltr'>Atque</span> <span class='ocrx_word' id='word_1_41' title='bbox 665 882 729 934; x_wconf 89' lang='lat' dir='ltr'>ut</span> <span class='ocrx_word' id='word_1_42' title='bbox 750 879 948 935; x_wconf 83' lang='lat' dir='ltr'>sciatis</span> <span class='ocrx_word' id='word_1_43' title='bbox 970 880 1127 951; x_wconf 91' lang='lat' dir='ltr'>quod</span> <span class='ocrx_word' id='word_1_44' title='bbox 1150 881 1369 935; x_wconf 78' lang='lat' dir='ltr'>amanti</span> <span class='ocrx_word' id='word_1_45' title='bbox 1393 879 1514 935; x_wconf 76' lang='lat' dir='ltr'>haec</span> <span class='ocrx_word' id='word_1_46' title='bbox 1536 882 1744 936; x_wconf 84' lang='lat' dir='ltr'>all&#39;ectu</span> <span class='ocrx_word' id='word_1_47' title='bbox 1771 898 1905 935; x_wconf 91' lang='lat' dir='ltr'>sua-</span> 
     </span>
    </p>
   </div>
   <div class='ocr_carea' id='block_1_8' title="bbox 254 967 1910 1040">
    <p class='ocr_par' dir='ltr' id='par_1_8' title="bbox 254 967 1910 1040">
     <span class='ocr_line' id='line_1_9' title="bbox 254 967 1910 1040; baseline 0 -16"><span class='ocrx_word' id='word_1_48' title='bbox 254 969 450 1034; x_wconf 84' lang='lat' dir='ltr'>deam,</span> <span class='ocrx_word' id='word_1_49' title='bbox 484 972 549 1022; x_wconf 92' lang='lat' dir='ltr'>ut</span> <span class='ocrx_word' id='word_1_50' title='bbox 568 967 767 1023; x_wconf 83' lang='lat' dir='ltr'>sciatis</span> <span class='ocrx_word' id='word_1_51' title='bbox 790 969 943 1040; x_wconf 89' lang='lat' dir='ltr'>quod</span> <span class='ocrx_word' id='word_1_52' title='bbox 966 968 1134 1024; x_wconf 89' lang='lat' dir='ltr'>liceat</span> <span class='ocrx_word' id='word_1_53' title='bbox 1155 973 1213 1024; x_wconf 89' lang='lat' dir='ltr'>et</span> <span class='ocrx_word' id='word_1_54' title='bbox 1237 969 1382 1025; x_wconf 83' lang='lat' dir='ltr'>bene</span> <span class='ocrx_word' id='word_1_55' title='bbox 1399 971 1701 1037; x_wconf 84' lang='lat' dir='ltr'>faenerare,</span> <span class='ocrx_word' id='word_1_56' title='bbox 1719 976 1910 1026; x_wconf 86' lang='lat' dir='ltr'>esten--</span> 
     </span>
    </p>
   </div>
   <div class='ocr_carea' id='block_1_9' title="bbox 252 1056 1904 1127">
    <p class='ocr_par' dir='ltr' id='par_1_9' title="bbox 252 1056 1904 1127">
     <span class='ocr_line' id='line_1_10' title="bbox 252 1056 1904 1127; baseline -0.001 -14"><span class='ocrx_word' id='word_1_57' title='bbox 252 1058 395 1113; x_wconf 88' lang='lat' dir='ltr'>dam</span> <span class='ocrx_word' id='word_1_58' title='bbox 454 1056 617 1112; x_wconf 86' lang='lat' dir='ltr'>vobis</span> <span class='ocrx_word' id='word_1_59' title='bbox 674 1073 845 1127; x_wconf 88' lang='lat' dir='ltr'>quem</span> <span class='ocrx_word' id='word_1_60' title='bbox 898 1059 1302 1114; x_wconf 83' lang='lat' dir='ltr'>faeneratorem</span> <span class='ocrx_word' id='word_1_61' title='bbox 1360 1058 1620 1114; x_wconf 83' lang='lat' dir='ltr'>debeatis</span> <span class='ocrx_word' id='word_1_62' title='bbox 1667 1058 1904 1114; x_wconf 86' lang='lat' dir='ltr'>imitari.</span> 
     </span>
    </p>
   </div>
   <div class='ocr_carea' id='block_1_10' title="bbox 1621 366 2311 434">
    <p class='ocr_par' dir='ltr' id='par_1_10' title="bbox 1621 366 2311 434">
     <span class='ocr_line' id='line_1_11' title="bbox 1621 366 2311 434; baseline 0 -3"><span class='ocrx_word' id='word_1_63' title='bbox 1621 368 1857 434; x_wconf 83' lang='lat' dir='ltr'><strong>LIBER</strong></span> <span class='ocrx_word' id='word_1_64' title='bbox 1898 366 2004 429; x_wconf 82' lang='lat' dir='ltr'>DE</span> <span class='ocrx_word' id='word_1_65' title='bbox 2039 366 2281 431; x_wconf 74' lang='lat' dir='ltr'>TOBIA</span> <span class='ocrx_word' id='word_1_66' title='bbox 2296 411 2311 430; x_wconf 91' lang='lat'>.</span> 
     </span>
    </p>
   </div>
   <div class='ocr_carea' id='block_1_11' title="bbox 1936 498 3682 579">
    <p class='ocr_par' dir='ltr' id='par_1_11' title="bbox 1936 498 3682 579">
     <span class='ocr_line' id='line_1_12' title="bbox 1936 498 3682 579; baseline 0.004 -22"><span class='ocrx_word' id='word_1_67' title='bbox 1936 506 1987 568; x_wconf 84' lang='grc' dir='ltr'><strong>Α</strong></span> <span class='ocrx_word' id='word_1_68' title='bbox 2018 507 2364 571; x_wconf 85' lang='lat' dir='ltr'>trectamus,</span> <span class='ocrx_word' id='word_1_69' title='bbox 2393 500 2496 559; x_wconf 89' lang='lat' dir='ltr'>sed</span> <span class='ocrx_word' id='word_1_70' title='bbox 2532 498 2803 559; x_wconf 62' lang='lat' dir='ltr'>avaritias.</span> <span class='ocrx_word' id='word_1_71' title='bbox 2839 500 2957 558; x_wconf 83' lang='lat' dir='ltr'>Nec</span> <span class='ocrx_word' id='word_1_72' title='bbox 2977 499 3129 559; x_wconf 89' lang='lat' dir='ltr'>fallit</span> <span class='ocrx_word' id='word_1_73' title='bbox 3158 500 3373 561; x_wconf 82' lang='lat' dir='ltr'>dixisse</span> <span class='ocrx_word' id='word_1_74' title='bbox 3428 503 3682 579; x_wconf 89' lang='lat' dir='ltr'>aliquos,</span> 
     </span>
    </p>
   </div>
   <div class='ocr_carea' id='block_1_12' title="bbox 3540 371 3677 434">
    <p class='ocr_par' dir='ltr' id='par_1_12' title="bbox 3540 371 3677 434">
     <span class='ocr_line' id='line_1_13' title="bbox 3540 371 3677 434; baseline 0 0"><span class='ocrx_word' id='word_1_75' title='bbox 3540 371 3677 434; x_wconf 31' lang='lat' dir='ltr'>i830</span> 
     </span>
    </p>
   </div>
   <div class='ocr_carea' id='block_1_13' title="bbox 2017 591 3680 651">
    <p class='ocr_par' dir='ltr' id='par_1_13' title="bbox 2017 591 3680 651">
     <span class='ocr_line' id='line_1_14' title="bbox 2017 591 3680 651; baseline 0.003 -5"><span class='ocrx_word' id='word_1_76' title='bbox 2017 611 2146 646; x_wconf 70' lang='lat' dir='ltr'>cu&#39;n</span> <span class='ocrx_word' id='word_1_77' title='bbox 2212 596 2342 646; x_wconf 76' lang='lat' dir='ltr'>ante</span> <span class='ocrx_word' id='word_1_78' title='bbox 2394 591 2505 647; x_wconf 92' lang='lat' dir='ltr'>hoc</span> <span class='ocrx_word' id='word_1_79' title='bbox 2565 592 2811 647; x_wconf 86' lang='lat' dir='ltr'>biduum</span> <span class='ocrx_word' id='word_1_80' title='bbox 2870 595 3152 647; x_wconf 89' lang='lat' dir='ltr'>tractatus</span> <span class='ocrx_word' id='word_1_81' title='bbox 3194 597 3393 647; x_wconf 80' lang='lat' dir='ltr'>noster</span> <span class='ocrx_word' id='word_1_82' title='bbox 3480 613 3680 651; x_wconf 83' lang='lat' dir='ltr'>eorum</span> 
     </span>
    </p>
   </div>
   <div class='ocr_carea' id='block_1_14' title="bbox 2014 680 3684 757">
    <p class='ocr_par' dir='ltr' id='par_1_14' title="bbox 2014 680 3684 757">
     <span class='ocr_line' id='line_1_15' title="bbox 2014 680 3684 757; baseline 0.004 -22"><span class='ocrx_word' id='word_1_83' title='bbox 2014 682 2454 753; x_wconf 80' lang='lat' dir='ltr'>compunxisset</span> <span class='ocrx_word' id='word_1_84' title='bbox 2484 682 2792 738; x_wconf 73' lang='lat' dir='ltr'>allectum:</span> <span class='ocrx_word' id='word_1_85' title='bbox 2829 680 2977 745; x_wconf 87' lang='lat' dir='ltr'>Quid</span> <span class='ocrx_word' id='word_1_86' title='bbox 3003 680 3115 737; x_wconf 88' lang='lat' dir='ltr'>sibi</span> <span class='ocrx_word' id='word_1_87' title='bbox 3147 681 3329 737; x_wconf 89' lang='lat' dir='ltr'>voluit</span> <span class='ocrx_word' id='word_1_88' title='bbox 3371 683 3684 757; x_wconf 87' lang='lat' dir='ltr'>cpiscopus</span> 
     </span>
    </p>
   </div>
   <div class='ocr_carea' id='block_1_15' title="bbox 2016 770 3680 846">
    <p class='ocr_par' dir='ltr' id='par_1_15' title="bbox 2016 770 3680 846">
     <span class='ocr_line' id='line_1_16' title="bbox 2016 770 3680 846; baseline 0.002 -21"><span class='ocrx_word' id='word_1_89' title='bbox 2016 771 2292 826; x_wconf 83' lang='lat' dir='ltr'>adversus</span> <span class='ocrx_word' id='word_1_90' title='bbox 2326 771 2697 826; x_wconf 79' lang='lat' dir='ltr'>fmneratorcs</span> <span class='ocrx_word' id='word_1_91' title='bbox 2730 776 2999 835; x_wconf 75' lang='lat' dir='ltr'>tractare,</span> <span class='ocrx_word' id='word_1_92' title='bbox 3023 770 3192 842; x_wconf 90' lang='lat' dir='ltr'>quasi</span> <span class='ocrx_word' id='word_1_93' title='bbox 3220 789 3436 827; x_wconf 84' lang='lat' dir='ltr'>novum</span> <span class='ocrx_word' id='word_1_94' title='bbox 3459 773 3680 846; x_wconf 90' lang='lat' dir='ltr'>aliquid</span> 
     </span>
    </p>
   </div>
   <div class='ocr_carea' id='block_1_16' title="bbox 2015 859 3683 931">
    <p class='ocr_par' dir='ltr' id='par_1_16' title="bbox 2015 859 3683 931">
     <span class='ocr_line' id='line_1_17' title="bbox 2015 859 3683 931; baseline 0.003 -17"><span class='ocrx_word' id='word_1_95' title='bbox 2015 859 2341 915; x_wconf 89' lang='lat' dir='ltr'>admissum</span> <span class='ocrx_word' id='word_1_96' title='bbox 2365 860 2462 925; x_wconf 85' lang='lat' dir='ltr'>sit,</span> <span class='ocrx_word' id='word_1_97' title='bbox 2494 859 2664 930; x_wconf 86' lang='lat' dir='ltr'>quasi</span> <span class='ocrx_word' id='word_1_98' title='bbox 2698 860 2753 914; x_wconf 90' lang='lat' dir='ltr'>id</span> <span class='ocrx_word' id='word_1_99' title='bbox 2780 876 2894 915; x_wconf 89' lang='lat' dir='ltr'>non</span> <span class='ocrx_word' id='word_1_100' title='bbox 2934 859 3109 914; x_wconf 89' lang='lat' dir='ltr'>etiam</span> <span class='ocrx_word' id='word_1_101' title='bbox 3144 861 3475 931; x_wconf 88' lang='lat' dir='ltr'>superiores</span> <span class='ocrx_word' id='word_1_102' title='bbox 3535 864 3683 919; x_wconf 90' lang='lat' dir='ltr'>fece-</span> 
     </span>
    </p>
   </div>
   <div class='ocr_carea' id='block_1_17' title="bbox 2016 948 3686 1023">
    <p class='ocr_par' dir='ltr' id='par_1_17' title="bbox 2016 948 3686 1023">
     <span class='ocr_line' id='line_1_18' title="bbox 2016 948 3686 1023; baseline 0.003 -19"><span class='ocrx_word' id='word_1_103' title='bbox 2016 951 2150 1016; x_wconf 83' lang='lat' dir='ltr'>rint,</span> <span class='ocrx_word' id='word_1_104' title='bbox 2184 949 2353 1020; x_wconf 87' lang='lat' dir='ltr'>quasi</span> <span class='ocrx_word' id='word_1_105' title='bbox 2389 967 2502 1005; x_wconf 87' lang='lat' dir='ltr'>non</span> <span class='ocrx_word' id='word_1_106' title='bbox 2537 954 2700 1004; x_wconf 85' lang='lat' dir='ltr'>vetus</span> <span class='ocrx_word' id='word_1_107' title='bbox 2724 948 2800 1004; x_wconf 89' lang='lat' dir='ltr'>sit</span> <span class='ocrx_word' id='word_1_108' title='bbox 2836 952 3118 1005; x_wconf 66' lang='lat' dir='ltr'>[incerare</span> <span class='ocrx_word' id='word_1_109' title='bbox 3141 950 3167 1003; x_wconf 86' lang='lat'><strong>?</strong></span> <span class='ocrx_word' id='word_1_110' title='bbox 3206 950 3420 1006; x_wconf 85' lang='lat' dir='ltr'>Verum</span> <span class='ocrx_word' id='word_1_111' title='bbox 3444 955 3553 1023; x_wconf 89' lang='lat' dir='ltr'>est,</span> <span class='ocrx_word' id='word_1_112' title='bbox 3582 971 3686 1009; x_wconf 87' lang='lat' dir='ltr'>nec</span> 
     </span>
    </p>
   </div>
   <div class='ocr_carea' id='block_1_18' title="bbox 2016 1036 3685 1113">
    <p class='ocr_par' dir='ltr' id='par_1_18' title="bbox 2016 1036 3685 1113">
     <span class='ocr_line' id='line_1_19' title="bbox 2016 1036 3685 1113; baseline 0.004 -21"><span class='ocrx_word' id='word_1_113' title='bbox 2016 1056 2120 1109; x_wconf 81' lang='lat' dir='ltr'>ego</span> <span class='ocrx_word' id='word_1_114' title='bbox 2153 1039 2380 1092; x_wconf 82' lang='lat' dir='ltr'>abnuo:</span> <span class='ocrx_word' id='word_1_115' title='bbox 2417 1038 2518 1093; x_wconf 90' lang='lat' dir='ltr'>sed</span> <span class='ocrx_word' id='word_1_116' title='bbox 2551 1043 2607 1092; x_wconf 89' lang='lat' dir='ltr'>et</span> <span class='ocrx_word' id='word_1_117' title='bbox 2633 1036 2807 1109; x_wconf 90' lang='lat' dir='ltr'>culpa</span> <span class='ocrx_word' id='word_1_118' title='bbox 2833 1043 3004 1092; x_wconf 89' lang='lat' dir='ltr'>vetus</span> <span class='ocrx_word' id='word_1_119' title='bbox 3036 1042 3146 1093; x_wconf 88' lang='lat' dir='ltr'>est.</span> <span class='ocrx_word' id='word_1_120' title='bbox 3176 1038 3433 1112; x_wconf 86' lang='lat' dir='ltr'>Denique</span> <span class='ocrx_word' id='word_1_121' title='bbox 3487 1058 3685 1113; x_wconf 85' lang='lat' dir='ltr'>pecca-</span> 
     </span>
    </p>
   </div>
   <div class='ocr_carea' id='block_1_19' title="bbox 258 1126 3688 1217">
    <p class='ocr_par' dir='ltr' id='par_1_19' title="bbox 258 1126 3688 1217">
     <span class='ocr_line' id='line_1_20' title="bbox 258 1126 3688 1217; baseline 0.001 -22"><span class='ocrx_word' id='word_1_122' title='bbox 258 1168 286 1195; x_wconf 76' lang='grc' dir='ltr'>κ</span> <span class='ocrx_word' id='word_1_123' title='bbox 322 1152 465 1210; x_wconf 89' lang='lat' dir='ltr'>Duo,</span> <span class='ocrx_word' id='word_1_124' title='bbox 498 1126 707 1217; x_wconf 82' lang='lat' dir='ltr'>inquit,</span> <span class='ocrx_word' id='word_1_125' title='bbox 738 1151 904 1201; x_wconf 87' lang='lat' dir='ltr'>erant</span> <span class='ocrx_word' id='word_1_126' title='bbox 925 1146 1216 1201; x_wconf 86' lang='lat' dir='ltr'>debitores</span> <span class='ocrx_word' id='word_1_127' title='bbox 1249 1146 1347 1201; x_wconf 90' lang='lat' dir='ltr'>uni</span> <span class='ocrx_word' id='word_1_128' title='bbox 1374 1148 1721 1213; x_wconf 77' lang='lat' dir='ltr'>faeneratori,</span> <span class='ocrx_word' id='word_1_129' title='bbox 1756 1165 1908 1202; x_wconf 87' lang='lat' dir='ltr'>unus</span> <span class='ocrx_word' id='word_1_130' title='bbox 2012 1145 2141 1217; x_wconf 52' lang='lat' dir='ltr'>tum</span> <span class='ocrx_word' id='word_1_131' title='bbox 2176 1128 2247 1182; x_wconf 69' lang='lat' dir='ltr'>ab</span> <span class='ocrx_word' id='word_1_132' title='bbox 2278 1128 2460 1182; x_wconf 66' lang='grc' dir='ltr'>Αίῖθηι</span> <span class='ocrx_word' id='word_1_133' title='bbox 2494 1146 2506 1217; x_wconf 64' lang='grc' dir='ltr'>ἔ</span> <span class='ocrx_word' id='word_1_134' title='bbox 2543 1144 2611 1182; x_wconf 62' lang='lat' dir='ltr'>ex</span> <span class='ocrx_word' id='word_1_135' title='bbox 2646 1126 2739 1181; x_wconf 71' lang='grc' dir='ltr'>ίῙῙΟ</span> <span class='ocrx_word' id='word_1_136' title='bbox 2776 1126 2969 1217; x_wconf 66' lang='grc' dir='ltr'>ουίρδςν</span> <span class='ocrx_word' id='word_1_137' title='bbox 3027 1144 3096 1183; x_wconf 63' lang='lat' dir='ltr'>ex</span> <span class='ocrx_word' id='word_1_138' title='bbox 3128 1145 3241 1199; x_wconf 74' lang='grc' dir='ltr'>(1υο</span> <span class='ocrx_word' id='word_1_139' title='bbox 3292 1132 3350 1183; x_wconf 64' lang='lat' dir='ltr'>et</span> <span class='ocrx_word' id='word_1_140' title='bbox 3397 1130 3550 1186; x_wconf 58' lang='lat' dir='ltr'>Eva:</span> <span class='ocrx_word' id='word_1_141' title='bbox 3620 1149 3688 1187; x_wconf 69' lang='lat' dir='ltr'>6X</span> 
     </span>
    </p>
   </div>
   <div class='ocr_carea' id='block_1_20' title="bbox 255 1233 1902 1308">
    <p class='ocr_par' dir='ltr' id='par_1_20' title="bbox 255 1233 1902 1308">
     <span class='ocr_line' id='line_1_21' title="bbox 255 1233 1902 1308; baseline 0.001 -18"><span class='ocrx_word' id='word_1_142' title='bbox 255 1235 511 1290; x_wconf 82' lang='lat' dir='ltr'>debebat</span> <span class='ocrx_word' id='word_1_143' title='bbox 540 1233 809 1290; x_wconf 81' lang='lat' dir='ltr'>denarios</span> <span class='ocrx_word' id='word_1_144' title='bbox 839 1236 1211 1307; x_wconf 79' lang='lat' dir='ltr'>quingentos,</span> <span class='ocrx_word' id='word_1_145' title='bbox 1244 1235 1397 1291; x_wconf 89' lang='lat' dir='ltr'>alius</span> <span class='ocrx_word' id='word_1_146' title='bbox 1456 1237 1902 1308; x_wconf 84' lang='lat' dir='ltr'>quinquaginta.</span> 
     </span>
    </p>
   </div>
   <div class='ocr_carea' id='block_1_21' title="bbox 255 1323 1910 1391">
    <p class='ocr_par' dir='ltr' id='par_1_21' title="bbox 255 1323 1910 1391">
     <span class='ocr_line' id='line_1_22' title="bbox 255 1323 1910 1391; baseline 0 -12"><span class='ocrx_word' id='word_1_147' title='bbox 255 1324 385 1379; x_wconf 86' lang='lat' dir='ltr'>Non</span> <span class='ocrx_word' id='word_1_148' title='bbox 415 1323 768 1380; x_wconf 81' lang='lat' dir='ltr'>habentibus</span> <span class='ocrx_word' id='word_1_149' title='bbox 798 1323 914 1379; x_wconf 86' lang='lat' dir='ltr'>illis</span> <span class='ocrx_word' id='word_1_150' title='bbox 946 1324 1098 1379; x_wconf 88' lang='lat' dir='ltr'>unde</span> <span class='ocrx_word' id='word_1_151' title='bbox 1128 1325 1455 1391; x_wconf 87' lang='lat' dir='ltr'>redderent,</span> <span class='ocrx_word' id='word_1_152' title='bbox 1478 1326 1713 1380; x_wconf 92' lang='lat' dir='ltr'>donavit</span> <span class='ocrx_word' id='word_1_153' title='bbox 1742 1326 1910 1380; x_wconf 85' lang='lat' dir='ltr'>utris-</span> 
     </span>
    </p>
   </div>
   <div class='ocr_carea' id='block_1_22' title="bbox 258 1412 1908 1486">
    <p class='ocr_par' dir='ltr' id='par_1_22' title="bbox 258 1412 1908 1486">
     <span class='ocr_line' id='line_1_23' title="bbox 258 1412 1908 1486; baseline 0.001 -19"><span class='ocrx_word' id='word_1_154' title='bbox 258 1429 392 1485; x_wconf 88' lang='lat' dir='ltr'>que.</span> <span class='ocrx_word' id='word_1_155' title='bbox 427 1412 566 1478; x_wconf 87' lang='lat' dir='ltr'>Quis</span> <span class='ocrx_word' id='word_1_156' title='bbox 589 1429 724 1484; x_wconf 87' lang='lat' dir='ltr'>ergo</span> <span class='ocrx_word' id='word_1_157' title='bbox 737 1429 871 1468; x_wconf 89' lang='lat' dir='ltr'>eum</span> <span class='ocrx_word' id='word_1_158' title='bbox 892 1413 1025 1483; x_wconf 89' lang='lat' dir='ltr'>plus</span> <span class='ocrx_word' id='word_1_159' title='bbox 1046 1413 1283 1486; x_wconf 81' lang='lat' dir='ltr'>diligit?</span> <span class='ocrx_word' id='word_1_160' title='bbox 1311 1415 1687 1485; x_wconf 90' lang='lat' dir='ltr'>Respondens</span> <span class='ocrx_word' id='word_1_161' title='bbox 1708 1414 1908 1469; x_wconf 85' lang='lat' dir='ltr'>Simon</span> 
     </span>
    </p>
   </div>
   <div class='ocr_carea' id='block_1_23' title="bbox 255 1500 1914 1574">
    <p class='ocr_par' dir='ltr' id='par_1_23' title="bbox 255 1500 1914 1574">
     <span class='ocr_line' id='line_1_24' title="bbox 255 1500 1914 1574; baseline 0 -17"><span class='ocrx_word' id='word_1_162' title='bbox 255 1501 590 1557; x_wconf 71' lang='lat' dir='ltr'>Pharisaeus</span> <span class='ocrx_word' id='word_1_163' title='bbox 623 1501 802 1556; x_wconf 83' lang='lat' dir='ltr'>dixit:</span> <span class='ocrx_word' id='word_1_164' title='bbox 836 1502 1079 1557; x_wconf 67' lang='lat' dir='ltr'>zEstimo</span> <span class='ocrx_word' id='word_1_165' title='bbox 1110 1503 1252 1572; x_wconf 87' lang='lat' dir='ltr'>quia</span> <span class='ocrx_word' id='word_1_166' title='bbox 1280 1503 1330 1557; x_wconf 91' lang='lat' dir='ltr'>is</span> <span class='ocrx_word' id='word_1_167' title='bbox 1362 1503 1453 1557; x_wconf 89' lang='lat' dir='ltr'>cui</span> <span class='ocrx_word' id='word_1_168' title='bbox 1495 1500 1629 1574; x_wconf 91' lang='lat' dir='ltr'>plus</span> <span class='ocrx_word' id='word_1_169' title='bbox 1676 1503 1914 1559; x_wconf 88' lang='lat' dir='ltr'>donavit</span> 
     </span>
    </p>
   </div>
   <div class='ocr_carea' id='block_1_24' title="bbox 252 1584 1910 1663">
    <p class='ocr_par' dir='ltr' id='par_1_24' title="bbox 252 1584 1910 1663">
     <span class='ocr_line' id='line_1_25' title="bbox 252 1584 1910 1663; baseline 0.001 -18"><span class='ocrx_word' id='word_1_170' title='bbox 252 1593 414 1658; x_wconf 81' lang='lat' dir='ltr'>(Luc.</span> <span class='ocrx_word' id='word_1_171' title='bbox 459 1584 558 1659; x_wconf 65' lang='lat' dir='ltr'>vn,</span> <span class='ocrx_word' id='word_1_172' title='bbox 591 1591 801 1660; x_wconf 77' lang='grc'>41-43).</span> <span class='ocrx_word' id='word_1_173' title='bbox 842 1613 868 1639; x_wconf 84' lang='grc'><strong>››</strong></span> <span class='ocrx_word' id='word_1_174' title='bbox 904 1591 966 1645; x_wconf 81' lang='lat' dir='ltr'>Et</span> <span class='ocrx_word' id='word_1_175' title='bbox 998 1590 1233 1645; x_wconf 88' lang='lat' dir='ltr'>laudata</span> <span class='ocrx_word' id='word_1_176' title='bbox 1280 1596 1369 1646; x_wconf 86' lang='lat' dir='ltr'>est</span> <span class='ocrx_word' id='word_1_177' title='bbox 1414 1593 1703 1647; x_wconf 81' lang='lat' dir='ltr'>sententia</span> <span class='ocrx_word' id='word_1_178' title='bbox 1762 1593 1910 1663; x_wconf 83' lang='lat' dir='ltr'>ejus,</span> 
     </span>
    </p>
   </div>
   <div class='ocr_carea' id='block_1_25' title="bbox 255 1679 1914 1751">
    <p class='ocr_par' dir='ltr' id='par_1_25' title="bbox 255 1679 1914 1751">
     <span class='ocr_line' id='line_1_26' title="bbox 255 1679 1914 1751; baseline 0 -16"><span class='ocrx_word' id='word_1_179' title='bbox 255 1681 487 1735; x_wconf 85' lang='lat' dir='ltr'>dicente</span> <span class='ocrx_word' id='word_1_180' title='bbox 519 1679 801 1734; x_wconf 89' lang='lat' dir='ltr'>Domino:</span> <span class='ocrx_word' id='word_1_181' title='bbox 836 1704 861 1729; x_wconf 90' lang='grc'>‹‹</span> <span class='ocrx_word' id='word_1_182' title='bbox 900 1680 1071 1735; x_wconf 83' lang='lat' dir='ltr'>Recte</span> <span class='ocrx_word' id='word_1_183' title='bbox 1120 1680 1424 1750; x_wconf 83' lang='lat' dir='ltr'>judicasti.</span> <span class='ocrx_word' id='word_1_184' title='bbox 1463 1703 1488 1727; x_wconf 84' lang='lat'>»</span> <span class='ocrx_word' id='word_1_185' title='bbox 1532 1681 1703 1736; x_wconf 80' lang='lat' dir='ltr'>Recte</span> <span class='ocrx_word' id='word_1_186' title='bbox 1753 1681 1914 1751; x_wconf 85' lang='lat' dir='ltr'>judi-</span> 
     </span>
    </p>
   </div>
   <div class='ocr_carea' id='block_1_26' title="bbox 253 1768 1913 1842">
    <p class='ocr_par' dir='ltr' id='par_1_26' title="bbox 253 1768 1913 1842">
     <span class='ocr_line' id='line_1_27' title="bbox 253 1768 1913 1842; baseline 0.001 -18"><span class='ocrx_word' id='word_1_187' title='bbox 253 1769 415 1824; x_wconf 83' lang='lat' dir='ltr'>cavit</span> <span class='ocrx_word' id='word_1_188' title='bbox 443 1768 791 1835; x_wconf 72' lang='lat' dir='ltr'>Pharisaeus,</span> <span class='ocrx_word' id='word_1_189' title='bbox 828 1769 925 1839; x_wconf 90' lang='lat' dir='ltr'>qui</span> <span class='ocrx_word' id='word_1_190' title='bbox 960 1768 1110 1824; x_wconf 88' lang='lat' dir='ltr'>male</span> <span class='ocrx_word' id='word_1_191' title='bbox 1139 1770 1432 1840; x_wconf 77' lang='lat' dir='ltr'>cogitavit,</span> <span class='ocrx_word' id='word_1_192' title='bbox 1495 1775 1709 1841; x_wconf 88' lang='lat' dir='ltr'>putans</span> <span class='ocrx_word' id='word_1_193' title='bbox 1759 1772 1913 1842; x_wconf 82' lang='lat' dir='ltr'>quod</span> 
     </span>
    </p>
   </div>
   <div class='ocr_carea' id='block_1_27' title="bbox 2019 1216 3679 1287">
    <p class='ocr_par' dir='ltr' id='par_1_27' title="bbox 2019 1216 3679 1287">
     <span class='ocr_line' id='line_1_28' title="bbox 2019 1216 3679 1287; baseline 0.004 -18"><span class='ocrx_word' id='word_1_194' title='bbox 2019 1216 2117 1283; x_wconf 76' lang='lat' dir='ltr'>illo</span> <span class='ocrx_word' id='word_1_195' title='bbox 2151 1216 2565 1287; x_wconf 72' lang='lat' dir='ltr'>praevaricatio,</span> <span class='ocrx_word' id='word_1_196' title='bbox 2598 1232 2665 1271; x_wconf 75' lang='lat' dir='ltr'>ex</span> <span class='ocrx_word' id='word_1_197' title='bbox 2700 1233 2814 1287; x_wconf 91' lang='lat' dir='ltr'>quo</span> <span class='ocrx_word' id='word_1_198' title='bbox 2847 1220 2902 1270; x_wconf 92' lang='lat' dir='ltr'>et</span> <span class='ocrx_word' id='word_1_199' title='bbox 2933 1216 3193 1271; x_wconf 82' lang='lat' dir='ltr'>humana</span> <span class='ocrx_word' id='word_1_200' title='bbox 3237 1217 3514 1275; x_wconf 86' lang='lat' dir='ltr'>conditio.</span> <span class='ocrx_word' id='word_1_201' title='bbox 3569 1220 3679 1275; x_wconf 89' lang='lat' dir='ltr'>Sed</span> 
     </span>
    </p>
   </div>
   <div class='ocr_carea' id='block_1_28' title="bbox 2019 1305 3692 1374">
    <p class='ocr_par' dir='ltr' id='par_1_28' title="bbox 2019 1305 3692 1374">
     <span class='ocr_line' id='line_1_29' title="bbox 2019 1305 3692 1374; baseline 0.004 -16"><span class='ocrx_word' id='word_1_202' title='bbox 2019 1306 2147 1359; x_wconf 80' lang='lat' dir='ltr'>ideo</span> <span class='ocrx_word' id='word_1_203' title='bbox 2180 1305 2445 1360; x_wconf 70' lang='lat' dir='ltr'>Christus</span> <span class='ocrx_word' id='word_1_204' title='bbox 2476 1306 2651 1372; x_wconf 81' lang='lat' dir='ltr'>venit,</span> <span class='ocrx_word' id='word_1_205' title='bbox 2707 1311 2770 1360; x_wconf 89' lang='lat' dir='ltr'>ut</span> <span class='ocrx_word' id='word_1_206' title='bbox 2828 1306 3151 1361; x_wconf 82' lang='lat' dir='ltr'>inveterata</span> <span class='ocrx_word' id='word_1_207' title='bbox 3206 1306 3479 1374; x_wconf 80' lang='lat' dir='ltr'>aboleret,</span> <span class='ocrx_word' id='word_1_208' title='bbox 3543 1326 3692 1366; x_wconf 88' lang='lat' dir='ltr'>nova</span> 
     </span>
    </p>
   </div>
   <div class='ocr_carea' id='block_1_29' title="bbox 2020 1395 3692 1465">
    <p class='ocr_par' dir='ltr' id='par_1_29' title="bbox 2020 1395 3692 1465">
     <span class='ocr_line' id='line_1_30' title="bbox 2020 1395 3692 1465; baseline 0.004 -17"><span class='ocrx_word' id='word_1_209' title='bbox 2020 1395 2334 1460; x_wconf 85' lang='lat' dir='ltr'>conderet;</span> <span class='ocrx_word' id='word_1_210' title='bbox 2383 1399 2442 1449; x_wconf 87' lang='lat' dir='ltr'>et</span> <span class='ocrx_word' id='word_1_211' title='bbox 2484 1411 2610 1465; x_wconf 70' lang='lat' dir='ltr'>qua:</span> <span class='ocrx_word' id='word_1_212' title='bbox 2670 1395 3090 1450; x_wconf 83' lang='lat' dir='ltr'>inveteraverat</span> <span class='ocrx_word' id='word_1_213' title='bbox 3139 1395 3330 1465; x_wconf 79' lang='lat' dir='ltr'>culpa,</span> <span class='ocrx_word' id='word_1_214' title='bbox 3390 1405 3692 1455; x_wconf 86' lang='lat' dir='ltr'>renovaret</span> 
     </span>
    </p>
   </div>
   <div class='ocr_carea' id='block_1_30' title="bbox 2021 1483 3692 1556">
    <p class='ocr_par' dir='ltr' id='par_1_30' title="bbox 2021 1483 3692 1556">
     <span class='ocr_line' id='line_1_31' title="bbox 2021 1483 3692 1556; baseline 0.004 -19"><span class='ocrx_word' id='word_1_215' title='bbox 2021 1484 2228 1556; x_wconf 87' lang='lat' dir='ltr'>gratia.</span> <span class='ocrx_word' id='word_1_216' title='bbox 2283 1484 2414 1538; x_wconf 85' lang='lat' dir='ltr'>Ideo</span> <span class='ocrx_word' id='word_1_217' title='bbox 2474 1501 2535 1539; x_wconf 88' lang='lat' dir='ltr'>se</span> <span class='ocrx_word' id='word_1_218' title='bbox 2599 1484 2854 1555; x_wconf 85' lang='lat' dir='ltr'>passioni</span> <span class='ocrx_word' id='word_1_219' title='bbox 2913 1483 3143 1549; x_wconf 87' lang='lat' dir='ltr'>obtulit,</span> <span class='ocrx_word' id='word_1_220' title='bbox 3200 1490 3255 1539; x_wconf 87' lang='lat' dir='ltr'>ut</span> <span class='ocrx_word' id='word_1_221' title='bbox 3319 1493 3692 1543; x_wconf 75' lang='lat' dir='ltr'>renovaretur</span> 
     </span>
    </p>
   </div>
   <div class='ocr_carea' id='block_1_31' title="bbox 2023 1572 3689 1647">
    <p class='ocr_par' dir='ltr' id='par_1_31' title="bbox 2023 1572 3689 1647">
     <span class='ocr_line' id='line_1_32' title="bbox 2023 1572 3689 1647; baseline 0.002 -20"><span class='ocrx_word' id='word_1_222' title='bbox 2023 1572 2255 1643; x_wconf 87' lang='lat' dir='ltr'>spiritu,</span> <span class='ocrx_word' id='word_1_223' title='bbox 2289 1578 2345 1627; x_wconf 90' lang='lat' dir='ltr'>et</span> <span class='ocrx_word' id='word_1_224' title='bbox 2379 1573 2709 1628; x_wconf 80' lang='lat' dir='ltr'>absolveret</span> <span class='ocrx_word' id='word_1_225' title='bbox 2739 1573 3042 1628; x_wconf 90' lang='lat' dir='ltr'>universos</span> <span class='ocrx_word' id='word_1_226' title='bbox 3082 1574 3264 1643; x_wconf 84' lang='lat' dir='ltr'>(Conf.</span> <span class='ocrx_word' id='word_1_227' title='bbox 3324 1582 3475 1647; x_wconf 85' lang='lat' dir='ltr'>Aug.</span> <span class='ocrx_word' id='word_1_228' title='bbox 3535 1576 3638 1631; x_wconf 89' lang='lat' dir='ltr'>lib.</span> <span class='ocrx_word' id='word_1_229' title='bbox 3676 1595 3689 1631; x_wconf 80' lang='grc' dir='ltr'>ι</span> 
     </span>
    </p>
   </div>
   <div class='ocr_carea' id='block_1_32' title="bbox 2024 1660 3689 1731">
    <p class='ocr_par' dir='ltr' id='par_1_32' title="bbox 2024 1660 3689 1731">
     <span class='ocr_line' id='line_1_33' title="bbox 2024 1660 3689 1731; baseline 0.004 -16"><span class='ocrx_word' id='word_1_230' title='bbox 2024 1664 2201 1715; x_wconf 82' lang='lat' dir='ltr'>contr.</span> <span class='ocrx_word' id='word_1_231' title='bbox 2235 1662 2345 1716; x_wconf 86' lang='lat' dir='ltr'>Jul.</span> <span class='ocrx_word' id='word_1_232' title='bbox 2381 1663 2566 1731; x_wconf 88' lang='lat' dir='ltr'>Pelag.</span> <span class='ocrx_word' id='word_1_233' title='bbox 2603 1679 2652 1715; x_wconf 89' lang='lat' dir='ltr'>c.</span> <span class='ocrx_word' id='word_1_234' title='bbox 2687 1663 2760 1731; x_wconf 89' lang='lat'>3).</span> <span class='ocrx_word' id='word_1_235' title='bbox 2798 1660 3076 1717; x_wconf 84' lang='lat' dir='ltr'>Diabolus</span> <span class='ocrx_word' id='word_1_236' title='bbox 3119 1666 3314 1719; x_wconf 88' lang='lat' dir='ltr'>autem</span> <span class='ocrx_word' id='word_1_237' title='bbox 3370 1664 3542 1721; x_wconf 90' lang='lat' dir='ltr'>Evam</span> <span class='ocrx_word' id='word_1_238' title='bbox 3591 1666 3689 1722; x_wconf 84' lang='lat' dir='ltr'>dc-</span> 
     </span>
    </p>
   </div>
   <div class='ocr_carea' id='block_1_33' title="bbox 2025 1748 3690 1823">
    <p class='ocr_par' dir='ltr' id='par_1_33' title="bbox 2025 1748 3690 1823">
     <span class='ocr_line' id='line_1_34' title="bbox 2025 1748 3690 1823; baseline 0.004 -19"><span class='ocrx_word' id='word_1_239' title='bbox 2025 1748 2199 1820; x_wconf 87' lang='lat' dir='ltr'>cepit,</span> <span class='ocrx_word' id='word_1_240' title='bbox 2235 1754 2300 1804; x_wconf 87' lang='lat' dir='ltr'>ut</span> <span class='ocrx_word' id='word_1_241' title='bbox 2331 1749 2742 1821; x_wconf 88' lang='lat' dir='ltr'>supplantaret</span> <span class='ocrx_word' id='word_1_242' title='bbox 2771 1750 2983 1819; x_wconf 84' lang='lat' dir='ltr'>virum,</span> <span class='ocrx_word' id='word_1_243' title='bbox 3044 1750 3327 1823; x_wconf 78' lang='lat' dir='ltr'>obligaret</span> <span class='ocrx_word' id='word_1_244' title='bbox 3382 1752 3690 1810; x_wconf 77' lang='lat' dir='ltr'>haeredita-</span> 
     </span>
    </p>
   </div>
   <div class='ocr_carea' id='block_1_34' title="bbox 254 1843 2172 1939">
    <p class='ocr_par' dir='ltr' id='par_1_34' title="bbox 254 1843 2172 1939">
     <span class='ocr_line' id='line_1_35' title="bbox 254 1843 2172 1939; baseline -0.003 -25"><span class='ocrx_word' id='word_1_245' title='bbox 254 1858 555 1930; x_wconf 79' lang='lat' dir='ltr'>ignoraret</span> <span class='ocrx_word' id='word_1_246' title='bbox 585 1857 774 1928; x_wconf 84' lang='lat' dir='ltr'>magis</span> <span class='ocrx_word' id='word_1_247' title='bbox 800 1857 1085 1912; x_wconf 88' lang='lat' dir='ltr'>Dominus</span> <span class='ocrx_word' id='word_1_248' title='bbox 1116 1863 1353 1927; x_wconf 88' lang='lat' dir='ltr'>peccata</span> <span class='ocrx_word' id='word_1_249' title='bbox 1396 1858 1682 1925; x_wconf 88' lang='lat' dir='ltr'>mulieris,</span> <span class='ocrx_word' id='word_1_250' title='bbox 1738 1877 1917 1931; x_wconf 86' lang='lat' dir='ltr'>quam</span> <span class='ocrx_word' id='word_1_251' title='bbox 1956 1874 2003 1939; x_wconf 77' lang='grc' dir='ltr'><strong>Β</strong></span> <span class='ocrx_word' id='word_1_252' title='bbox 2033 1843 2172 1893; x_wconf 63' lang='lat' dir='ltr'>tem-</span> 
     </span>
    </p>
   </div>
   <div class='ocr_carea' id='block_1_35' title="bbox 256 1946 1923 2015">
    <p class='ocr_par' dir='ltr' id='par_1_35' title="bbox 256 1946 1923 2015">
     <span class='ocr_line' id='line_1_36' title="bbox 256 1946 1923 2015; baseline 0.002 -13"><span class='ocrx_word' id='word_1_253' title='bbox 256 1947 527 2002; x_wconf 89' lang='lat' dir='ltr'>donaret.</span> <span class='ocrx_word' id='word_1_254' title='bbox 557 1946 666 2001; x_wconf 87' lang='lat' dir='ltr'>Sed</span> <span class='ocrx_word' id='word_1_255' title='bbox 701 1946 975 2001; x_wconf 89' lang='lat' dir='ltr'>laudatur</span> <span class='ocrx_word' id='word_1_256' title='bbox 1003 1947 1132 2015; x_wconf 87' lang='lat' dir='ltr'>ejus</span> <span class='ocrx_word' id='word_1_257' title='bbox 1162 1946 1469 2015; x_wconf 84' lang='lat' dir='ltr'>sententia,</span> <span class='ocrx_word' id='word_1_258' title='bbox 1504 1953 1568 2002; x_wconf 89' lang='lat' dir='ltr'>ut</span> <span class='ocrx_word' id='word_1_259' title='bbox 1626 1949 1923 2005; x_wconf 80' lang='lat' dir='ltr'>excusatio</span> 
     </span>
    </p>
   </div>
   <div class='ocr_carea' id='block_1_36' title="bbox 258 2034 885 2091">
    <p class='ocr_par' dir='ltr' id='par_1_36' title="bbox 258 2034 885 2091">
     <span class='ocr_line' id='line_1_37' title="bbox 258 2034 885 2091; baseline -0.003 0"><span class='ocrx_word' id='word_1_260' title='bbox 258 2036 315 2091; x_wconf 88' lang='lat' dir='ltr'>ei</span> <span class='ocrx_word' id='word_1_261' title='bbox 348 2034 542 2090; x_wconf 86' lang='lat' dir='ltr'>omnis</span> <span class='ocrx_word' id='word_1_262' title='bbox 571 2035 885 2090; x_wconf 85' lang='lat' dir='ltr'>adimatur.</span> 
     </span>
    </p>
   </div>
   <div class='ocr_carea' id='block_1_37' title="bbox 335 2123 1925 2199">
    <p class='ocr_par' dir='ltr' id='par_1_37' title="bbox 335 2123 1925 2199">
     <span class='ocr_line' id='line_1_38' title="bbox 335 2123 1925 2199; baseline 0.002 -20"><span class='ocrx_word' id='word_1_263' title='bbox 335 2126 426 2179; x_wconf 85' lang='lat'>86.</span> <span class='ocrx_word' id='word_1_264' title='bbox 460 2123 599 2179; x_wconf 88' lang='lat' dir='ltr'>Plus</span> <span class='ocrx_word' id='word_1_265' title='bbox 621 2124 937 2180; x_wconf 86' lang='lat' dir='ltr'>remissum</span> <span class='ocrx_word' id='word_1_266' title='bbox 969 2129 1059 2179; x_wconf 91' lang='lat' dir='ltr'>est</span> <span class='ocrx_word' id='word_1_267' title='bbox 1090 2124 1380 2190; x_wconf 81' lang='lat' dir='ltr'>Ecclesiae,</span> <span class='ocrx_word' id='word_1_268' title='bbox 1413 2142 1540 2196; x_wconf 79' lang='lat' dir='ltr'>quae</span> <span class='ocrx_word' id='word_1_269' title='bbox 1574 2132 1925 2199; x_wconf 85' lang='lat' dir='ltr'>congregata</span> 
     </span>
    </p>
   </div>
   <div class='ocr_carea' id='block_1_38' title="bbox 259 2211 1919 2287">
    <p class='ocr_par' dir='ltr' id='par_1_38' title="bbox 259 2211 1919 2287">
     <span class='ocr_line' id='line_1_39' title="bbox 259 2211 1919 2287; baseline 0.002 -19"><span class='ocrx_word' id='word_1_270' title='bbox 259 2217 355 2268; x_wconf 84' lang='lat' dir='ltr'>est</span> <span class='ocrx_word' id='word_1_271' title='bbox 384 2229 455 2268; x_wconf 83' lang='lat' dir='ltr'>ex</span> <span class='ocrx_word' id='word_1_272' title='bbox 484 2211 699 2285; x_wconf 91' lang='lat' dir='ltr'>populo</span> <span class='ocrx_word' id='word_1_273' title='bbox 731 2212 1056 2278; x_wconf 87' lang='lat' dir='ltr'>nationum,</span> <span class='ocrx_word' id='word_1_274' title='bbox 1108 2214 1389 2284; x_wconf 87' lang='lat' dir='ltr'>quoniam</span> <span class='ocrx_word' id='word_1_275' title='bbox 1445 2214 1578 2287; x_wconf 87' lang='lat' dir='ltr'>plus</span> <span class='ocrx_word' id='word_1_276' title='bbox 1635 2217 1919 2271; x_wconf 87' lang='lat' dir='ltr'>debebat:</span> 
     </span>
    </p>
   </div>
   <div class='ocr_carea' id='block_1_39' title="bbox 260 2300 1919 2374">
    <p class='ocr_par' dir='ltr' id='par_1_39' title="bbox 260 2300 1919 2374">
     <span class='ocr_line' id='line_1_40' title="bbox 260 2300 1919 2374; baseline 0.002 -17"><span class='ocrx_word' id='word_1_277' title='bbox 260 2302 368 2357; x_wconf 87' lang='lat' dir='ltr'>sed</span> <span class='ocrx_word' id='word_1_278' title='bbox 398 2306 456 2357; x_wconf 88' lang='lat' dir='ltr'>et</span> <span class='ocrx_word' id='word_1_279' title='bbox 482 2301 611 2373; x_wconf 88' lang='lat' dir='ltr'>ipsa</span> <span class='ocrx_word' id='word_1_280' title='bbox 642 2300 774 2372; x_wconf 86' lang='lat' dir='ltr'>plus</span> <span class='ocrx_word' id='word_1_281' title='bbox 794 2300 966 2357; x_wconf 84' lang='lat' dir='ltr'>solvit</span> <span class='ocrx_word' id='word_1_282' title='bbox 1013 2319 1126 2357; x_wconf 91' lang='lat' dir='ltr'>non</span> <span class='ocrx_word' id='word_1_283' title='bbox 1186 2302 1459 2374; x_wconf 81' lang='lat' dir='ltr'>exigenti,</span> <span class='ocrx_word' id='word_1_284' title='bbox 1511 2304 1613 2358; x_wconf 90' lang='lat' dir='ltr'>sed</span> <span class='ocrx_word' id='word_1_285' title='bbox 1660 2305 1919 2371; x_wconf 88' lang='lat' dir='ltr'>donanti,</span> 
     </span>
    </p>
   </div>
   <div class='ocr_carea' id='block_1_40' title="bbox 261 2389 1924 2464">
    <p class='ocr_par' dir='ltr' id='par_1_40' title="bbox 261 2389 1924 2464">
     <span class='ocr_line' id='line_1_41' title="bbox 261 2389 1924 2464; baseline 0.002 -18"><span class='ocrx_word' id='word_1_286' title='bbox 261 2389 438 2447; x_wconf 86' lang='lat' dir='ltr'>Dedit</span> <span class='ocrx_word' id='word_1_287' title='bbox 464 2406 679 2462; x_wconf 88' lang='lat' dir='ltr'>aquam</span> <span class='ocrx_word' id='word_1_288' title='bbox 738 2390 989 2461; x_wconf 90' lang='lat' dir='ltr'>pedibus</span> <span class='ocrx_word' id='word_1_289' title='bbox 1036 2391 1276 2462; x_wconf 89' lang='lat' dir='ltr'>Christi,</span> <span class='ocrx_word' id='word_1_290' title='bbox 1326 2392 1465 2463; x_wconf 91' lang='lat' dir='ltr'>quia</span> <span class='ocrx_word' id='word_1_291' title='bbox 1520 2410 1627 2448; x_wconf 91' lang='lat' dir='ltr'>sua</span> <span class='ocrx_word' id='word_1_292' title='bbox 1685 2402 1924 2464; x_wconf 87' lang='lat' dir='ltr'>peccata</span> 
     </span>
    </p>
   </div>
   <div class='ocr_carea' id='block_1_41' title="bbox 263 2478 1919 2553">
    <p class='ocr_par' dir='ltr' id='par_1_41' title="bbox 263 2478 1919 2553">
     <span class='ocr_line' id='line_1_42' title="bbox 263 2478 1919 2553; baseline 0.001 -17"><span class='ocrx_word' id='word_1_293' title='bbox 263 2480 612 2536; x_wconf 80' lang='lat' dir='ltr'>mandavit:</span> <span class='ocrx_word' id='word_1_294' title='bbox 648 2478 913 2535; x_wconf 84' lang='lat' dir='ltr'>osculata</span> <span class='ocrx_word' id='word_1_295' title='bbox 941 2484 1029 2535; x_wconf 85' lang='lat' dir='ltr'>est</span> <span class='ocrx_word' id='word_1_296' title='bbox 1061 2480 1256 2551; x_wconf 87' lang='lat' dir='ltr'>pedes,</span> <span class='ocrx_word' id='word_1_297' title='bbox 1319 2481 1511 2536; x_wconf 87' lang='lat' dir='ltr'>ferens</span> <span class='ocrx_word' id='word_1_298' title='bbox 1568 2483 1728 2553; x_wconf 87' lang='lat' dir='ltr'>pacis</span> <span class='ocrx_word' id='word_1_299' title='bbox 1775 2483 1919 2538; x_wconf 88' lang='lat' dir='ltr'>insi-</span> 
     </span>
    </p>
   </div>
   <div class='ocr_carea' id='block_1_42' title="bbox 260 2567 1924 2641">
    <p class='ocr_par' dir='ltr' id='par_1_42' title="bbox 260 2567 1924 2641">
     <span class='ocr_line' id='line_1_43' title="bbox 260 2567 1924 2641; baseline 0.002 -17"><span class='ocrx_word' id='word_1_300' title='bbox 260 2569 434 2641; x_wconf 86' lang='lat' dir='ltr'>gnia:</span> <span class='ocrx_word' id='word_1_301' title='bbox 471 2568 633 2623; x_wconf 85' lang='lat' dir='ltr'>misit</span> <span class='ocrx_word' id='word_1_302' title='bbox 660 2567 852 2623; x_wconf 88' lang='lat' dir='ltr'>oleum</span> <span class='ocrx_word' id='word_1_303' title='bbox 886 2569 944 2622; x_wconf 91' lang='lat' dir='ltr'>in</span> <span class='ocrx_word' id='word_1_304' title='bbox 972 2568 1170 2638; x_wconf 86' lang='lat' dir='ltr'>pedes,</span> <span class='ocrx_word' id='word_1_305' title='bbox 1205 2572 1354 2638; x_wconf 88' lang='lat' dir='ltr'>ejus,</span> <span class='ocrx_word' id='word_1_306' title='bbox 1378 2569 1839 2626; x_wconf 83' lang='lat' dir='ltr'>misericordiam</span> <span class='ocrx_word' id='word_1_307' title='bbox 1867 2576 1924 2627; x_wconf 91' lang='lat' dir='ltr'>et</span> 
     </span>
    </p>
   </div>
   <div class='ocr_carea' id='block_1_43' title="bbox 260 2657 1918 2731">
    <p class='ocr_par' dir='ltr' id='par_1_43' title="bbox 260 2657 1918 2731">
     <span class='ocr_line' id='line_1_44' title="bbox 260 2657 1918 2731; baseline 0.002 -19"><span class='ocrx_word' id='word_1_308' title='bbox 260 2658 401 2730; x_wconf 89' lang='lat' dir='ltr'>ipsa</span> <span class='ocrx_word' id='word_1_309' title='bbox 432 2657 487 2711; x_wconf 89' lang='lat' dir='ltr'>in</span> <span class='ocrx_word' id='word_1_310' title='bbox 514 2672 798 2729; x_wconf 72' lang='lat' dir='ltr'>pauperes</span> <span class='ocrx_word' id='word_1_311' title='bbox 821 2657 1300 2712; x_wconf 87' lang='lat' dir='ltr'>conferendo.lsti</span> <span class='ocrx_word' id='word_1_312' title='bbox 1327 2663 1466 2713; x_wconf 88' lang='lat' dir='ltr'>sunt</span> <span class='ocrx_word' id='word_1_313' title='bbox 1490 2660 1666 2731; x_wconf 89' lang='lat' dir='ltr'>pedes</span> <span class='ocrx_word' id='word_1_314' title='bbox 1685 2660 1918 2729; x_wconf 82' lang='lat' dir='ltr'>Christi,</span> 
     </span>
    </p>
   </div>
   <div class='ocr_carea' id='block_1_44' title="bbox 261 2745 1922 2819">
    <p class='ocr_par' dir='ltr' id='par_1_44' title="bbox 261 2745 1922 2819">
     <span class='ocr_line' id='line_1_45' title="bbox 261 2745 1922 2819; baseline 0.001 -18"><span class='ocrx_word' id='word_1_315' title='bbox 261 2746 324 2802; x_wconf 85' lang='lat' dir='ltr'>in</span> <span class='ocrx_word' id='word_1_316' title='bbox 358 2745 452 2802; x_wconf 90' lang='lat' dir='ltr'>his</span> <span class='ocrx_word' id='word_1_317' title='bbox 480 2745 853 2802; x_wconf 89' lang='lat' dir='ltr'>innocentius</span> <span class='ocrx_word' id='word_1_318' title='bbox 909 2745 1176 2801; x_wconf 86' lang='lat' dir='ltr'>ambulat</span> <span class='ocrx_word' id='word_1_319' title='bbox 1233 2746 1518 2801; x_wconf 88' lang='lat' dir='ltr'>Christus.</span> <span class='ocrx_word' id='word_1_320' title='bbox 1580 2748 1646 2801; x_wconf 89' lang='lat' dir='ltr'>Et</span> <span class='ocrx_word' id='word_1_321' title='bbox 1695 2748 1922 2819; x_wconf 87' lang='lat' dir='ltr'>capillis</span> 
     </span>
    </p>
   </div>
   <div class='ocr_carea' id='block_1_45' title="bbox 263 2832 1920 2908">
    <p class='ocr_par' dir='ltr' id='par_1_45' title="bbox 263 2832 1920 2908">
     <span class='ocr_line' id='line_1_46' title="bbox 263 2832 1920 2908; baseline 0 -17"><span class='ocrx_word' id='word_1_322' title='bbox 263 2835 476 2906; x_wconf 88' lang='lat' dir='ltr'>capitis</span> <span class='ocrx_word' id='word_1_323' title='bbox 506 2835 595 2889; x_wconf 91' lang='lat' dir='ltr'>sui</span> <span class='ocrx_word' id='word_1_324' title='bbox 628 2834 812 2889; x_wconf 80' lang='lat' dir='ltr'>tersit.</span> <span class='ocrx_word' id='word_1_325' title='bbox 875 2832 1105 2889; x_wconf 84' lang='lat' dir='ltr'>Christo</span> <span class='ocrx_word' id='word_1_326' title='bbox 1153 2834 1308 2889; x_wconf 89' lang='lat' dir='ltr'>enim</span> <span class='ocrx_word' id='word_1_327' title='bbox 1368 2835 1731 2903; x_wconf 89' lang='lat' dir='ltr'>humiliatur,</span> <span class='ocrx_word' id='word_1_328' title='bbox 1792 2838 1920 2908; x_wconf 91' lang='lat' dir='ltr'>qui-</span> 
     </span>
    </p>
   </div>
   <div class='ocr_carea' id='block_1_46' title="bbox 264 2922 1920 2996">
    <p class='ocr_par' dir='ltr' id='par_1_46' title="bbox 264 2922 1920 2996">
     <span class='ocr_line' id='line_1_47' title="bbox 264 2922 1920 2996; baseline -0.001 -16"><span class='ocrx_word' id='word_1_329' title='bbox 264 2940 503 2996; x_wconf 90' lang='lat' dir='ltr'>cunque</span> <span class='ocrx_word' id='word_1_330' title='bbox 533 2924 710 2979; x_wconf 84' lang='lat' dir='ltr'>habet</span> <span class='ocrx_word' id='word_1_331' title='bbox 740 2922 1091 2977; x_wconf 87' lang='lat' dir='ltr'>humilitatis</span> <span class='ocrx_word' id='word_1_332' title='bbox 1122 2923 1413 2978; x_wconf 81' lang='lat' dir='ltr'>all&#39;ectum.</span> <span class='ocrx_word' id='word_1_333' title='bbox 1451 2946 1477 2973; x_wconf 83' lang='lat'><strong>«</strong></span> <span class='ocrx_word' id='word_1_334' title='bbox 1528 2925 1595 2979; x_wconf 84' lang='lat' dir='ltr'>Et</span> <span class='ocrx_word' id='word_1_335' title='bbox 1626 2925 1774 2989; x_wconf 85' lang='lat' dir='ltr'>ideo,</span> <span class='ocrx_word' id='word_1_336' title='bbox 1832 2925 1920 2980; x_wconf 92' lang='lat' dir='ltr'>in-</span> 
     </span>
    </p>
   </div>
   <div class='ocr_carea' id='block_1_47' title="bbox 264 3011 1919 3085">
    <p class='ocr_par' dir='ltr' id='par_1_47' title="bbox 264 3011 1919 3085">
     <span class='ocr_line' id='line_1_48' title="bbox 264 3011 1919 3085; baseline 0.001 -18"><span class='ocrx_word' id='word_1_337' title='bbox 264 3013 416 3085; x_wconf 87' lang='lat' dir='ltr'>quit,</span> <span class='ocrx_word' id='word_1_338' title='bbox 467 3012 712 3067; x_wconf 89' lang='lat' dir='ltr'>dimissa</span> <span class='ocrx_word' id='word_1_339' title='bbox 752 3015 891 3067; x_wconf 89' lang='lat' dir='ltr'>sunt</span> <span class='ocrx_word' id='word_1_340' title='bbox 939 3014 1169 3083; x_wconf 81' lang='lat' dir='ltr'>peccata</span> <span class='ocrx_word' id='word_1_341' title='bbox 1198 3014 1326 3081; x_wconf 90' lang='lat' dir='ltr'>ejus</span> <span class='ocrx_word' id='word_1_342' title='bbox 1376 3011 1581 3078; x_wconf 88' lang='lat' dir='ltr'>multa,</span> <span class='ocrx_word' id='word_1_343' title='bbox 1642 3014 1919 3085; x_wconf 89' lang='lat' dir='ltr'>quoniam</span> 
     </span>
    </p>
   </div>
   <div class='ocr_carea' id='block_1_48' title="bbox 267 3100 1153 3171">
    <p class='ocr_par' dir='ltr' id='par_1_48' title="bbox 267 3100 1153 3171">
     <span class='ocr_line' id='line_1_49' title="bbox 267 3100 1153 3171; baseline -0.01 -14"><span class='ocrx_word' id='word_1_344' title='bbox 267 3101 478 3158; x_wconf 81' lang='lat' dir='ltr'>dilexit</span> <span class='ocrx_word' id='word_1_345' title='bbox 508 3100 763 3170; x_wconf 77' lang='lat' dir='ltr'>multum</span> <span class='ocrx_word' id='word_1_346' title='bbox 787 3100 945 3171; x_wconf 88' lang='lat' dir='ltr'>(Ibid.</span> <span class='ocrx_word' id='word_1_347' title='bbox 980 3101 1089 3169; x_wconf 81' lang='grc'>47).</span> <span class='ocrx_word' id='word_1_348' title='bbox 1128 3122 1153 3148; x_wconf 89' lang='grc'><strong>››</strong></span> 
     </span>
    </p>
   </div>
   <div class='ocr_carea' id='block_1_49' title="bbox 337 3189 1917 3260">
    <p class='ocr_par' dir='ltr' id='par_1_49' title="bbox 337 3189 1917 3260">
     <span class='ocr_line' id='line_1_50' title="bbox 337 3189 1917 3260; baseline 0.002 -15"><span class='ocrx_word' id='word_1_349' title='bbox 337 3192 433 3247; x_wconf 88' lang='grc'>87.</span> <span class='ocrx_word' id='word_1_350' title='bbox 481 3191 726 3245; x_wconf 86' lang='lat' dir='ltr'>Adverte</span> <span class='ocrx_word' id='word_1_351' title='bbox 796 3190 952 3260; x_wconf 90' lang='lat' dir='ltr'>quod</span> <span class='ocrx_word' id='word_1_352' title='bbox 1011 3189 1297 3246; x_wconf 90' lang='lat' dir='ltr'>Dominus</span> <span class='ocrx_word' id='word_1_353' title='bbox 1344 3196 1400 3245; x_wconf 90' lang='lat' dir='ltr'>et</span> <span class='ocrx_word' id='word_1_354' title='bbox 1459 3191 1917 3248; x_wconf 88' lang='lat' dir='ltr'>misericordiam</span> 
     </span>
    </p>
   </div>
   <div class='ocr_carea' id='block_1_50' title="bbox 266 3277 1927 3352">
    <p class='ocr_par' dir='ltr' id='par_1_50' title="bbox 266 3277 1927 3352">
     <span class='ocr_line' id='line_1_51' title="bbox 266 3277 1927 3352; baseline 0.002 -18"><span class='ocrx_word' id='word_1_355' title='bbox 266 3278 441 3352; x_wconf 88' lang='lat' dir='ltr'>quasi</span> <span class='ocrx_word' id='word_1_356' title='bbox 473 3277 735 3333; x_wconf 89' lang='lat' dir='ltr'>liberalis</span> <span class='ocrx_word' id='word_1_357' title='bbox 764 3277 1045 3349; x_wconf 88' lang='lat' dir='ltr'>impertit,</span> <span class='ocrx_word' id='word_1_358' title='bbox 1078 3283 1134 3332; x_wconf 89' lang='lat' dir='ltr'>et</span> <span class='ocrx_word' id='word_1_359' title='bbox 1155 3277 1447 3349; x_wconf 87' lang='lat' dir='ltr'>judicium</span> <span class='ocrx_word' id='word_1_360' title='bbox 1505 3297 1639 3335; x_wconf 88' lang='lat' dir='ltr'>cum</span> <span class='ocrx_word' id='word_1_361' title='bbox 1689 3282 1927 3337; x_wconf 89' lang='lat' dir='ltr'>misera-</span> 
     </span>
    </p>
   </div>
   <div class='ocr_carea' id='block_1_51' title="bbox 264 3366 1921 3441">
    <p class='ocr_par' dir='ltr' id='par_1_51' title="bbox 264 3366 1921 3441">
     <span class='ocr_line' id='line_1_52' title="bbox 264 3366 1921 3441; baseline -0.001 -17"><span class='ocrx_word' id='word_1_362' title='bbox 264 3368 426 3424; x_wconf 87' lang='lat' dir='ltr'>tione</span> <span class='ocrx_word' id='word_1_363' title='bbox 474 3366 797 3439; x_wconf 84' lang='lat' dir='ltr'>dispensat.</span> <span class='ocrx_word' id='word_1_364' title='bbox 850 3369 997 3421; x_wconf 84' lang='lat' dir='ltr'>Ante</span> <span class='ocrx_word' id='word_1_365' title='bbox 1044 3366 1279 3421; x_wconf 88' lang='lat' dir='ltr'>donavit</span> <span class='ocrx_word' id='word_1_366' title='bbox 1327 3383 1430 3437; x_wconf 89' lang='lat' dir='ltr'>per</span> <span class='ocrx_word' id='word_1_367' title='bbox 1492 3368 1764 3441; x_wconf 85' lang='lat' dir='ltr'>gratiam,</span> <span class='ocrx_word' id='word_1_368' title='bbox 1825 3375 1921 3425; x_wconf 79' lang='lat' dir='ltr'>sed</span> 
     </span>
    </p>
   </div>
   <div class='ocr_carea' id='block_1_52' title="bbox 265 3454 1930 3529">
    <p class='ocr_par' dir='ltr' id='par_1_52' title="bbox 265 3454 1930 3529">
     <span class='ocr_line' id='line_1_53' title="bbox 265 3454 1930 3529; baseline 0.001 -17"><span class='ocrx_word' id='word_1_369' title='bbox 265 3457 484 3528; x_wconf 88' lang='lat' dir='ltr'>quibus</span> <span class='ocrx_word' id='word_1_370' title='bbox 522 3456 763 3511; x_wconf 87' lang='lat' dir='ltr'>donaret</span> <span class='ocrx_word' id='word_1_371' title='bbox 806 3454 1046 3510; x_wconf 89' lang='lat' dir='ltr'>sciebat.</span> <span class='ocrx_word' id='word_1_372' title='bbox 1101 3455 1225 3509; x_wconf 86' lang='lat' dir='ltr'>Non</span> <span class='ocrx_word' id='word_1_373' title='bbox 1276 3454 1454 3511; x_wconf 88' lang='lat' dir='ltr'>habet</span> <span class='ocrx_word' id='word_1_374' title='bbox 1499 3458 1653 3529; x_wconf 92' lang='lat' dir='ltr'>quod</span> <span class='ocrx_word' id='word_1_375' title='bbox 1695 3463 1930 3515; x_wconf 85' lang='lat' dir='ltr'>excuset</span> 
     </span>
    </p>
   </div>
   <div class='ocr_carea' id='block_1_53' title="bbox 263 3543 1928 3617">
    <p class='ocr_par' dir='ltr' id='par_1_53' title="bbox 263 3543 1928 3617">
     <span class='ocr_line' id='line_1_54' title="bbox 263 3543 1928 3617; baseline 0 -15"><span class='ocrx_word' id='word_1_376' title='bbox 263 3547 527 3603; x_wconf 78' lang='lat' dir='ltr'>Judseus.</span> <span class='ocrx_word' id='word_1_377' title='bbox 571 3543 711 3599; x_wconf 87' lang='lat' dir='ltr'>Mihi</span> <span class='ocrx_word' id='word_1_378' title='bbox 772 3544 939 3615; x_wconf 88' lang='lat' dir='ltr'>quasi</span> <span class='ocrx_word' id='word_1_379' title='bbox 992 3544 1277 3615; x_wconf 89' lang='lat' dir='ltr'>peccatori</span> <span class='ocrx_word' id='word_1_380' title='bbox 1330 3544 1501 3617; x_wconf 89' lang='lat' dir='ltr'>plura</span> <span class='ocrx_word' id='word_1_381' title='bbox 1546 3546 1801 3616; x_wconf 86' lang='lat' dir='ltr'>donavit,</span> <span class='ocrx_word' id='word_1_382' title='bbox 1846 3547 1928 3602; x_wconf 89' lang='lat' dir='ltr'>illi</span> 
     </span>
    </p>
   </div>
   <div class='ocr_carea' id='block_1_54' title="bbox 270 3631 1928 3708">
    <p class='ocr_par' dir='ltr' id='par_1_54' title="bbox 270 3631 1928 3708">
     <span class='ocr_line' id='line_1_55' title="bbox 270 3631 1928 3708; baseline 0 -17"><span class='ocrx_word' id='word_1_383' title='bbox 270 3635 447 3708; x_wconf 91' lang='lat' dir='ltr'>quasi</span> <span class='ocrx_word' id='word_1_384' title='bbox 479 3633 712 3705; x_wconf 89' lang='lat' dir='ltr'>ingrato</span> <span class='ocrx_word' id='word_1_385' title='bbox 754 3631 984 3688; x_wconf 89' lang='lat' dir='ltr'>minora</span> <span class='ocrx_word' id='word_1_386' title='bbox 1013 3632 1320 3688; x_wconf 91' lang='lat' dir='ltr'>concessit.</span> <span class='ocrx_word' id='word_1_387' title='bbox 1345 3633 1523 3689; x_wconf 86' lang='lat' dir='ltr'>Scivit</span> <span class='ocrx_word' id='word_1_388' title='bbox 1553 3639 1744 3690; x_wconf 88' lang='lat' dir='ltr'>tamen</span> <span class='ocrx_word' id='word_1_389' title='bbox 1773 3636 1928 3708; x_wconf 87' lang='lat' dir='ltr'>quod</span> 
     </span>
    </p>
   </div>
   <div class='ocr_carea' id='block_1_55' title="bbox 264 3722 1929 3795">
    <p class='ocr_par' dir='ltr' id='par_1_55' title="bbox 264 3722 1929 3795">
     <span class='ocr_line' id='line_1_56' title="bbox 264 3722 1929 3795; baseline -0.001 -15"><span class='ocrx_word' id='word_1_390' title='bbox 264 3730 324 3781; x_wconf 87' lang='lat' dir='ltr'>et</span> <span class='ocrx_word' id='word_1_391' title='bbox 388 3723 489 3779; x_wconf 88' lang='lat' dir='ltr'>ille</span> <span class='ocrx_word' id='word_1_392' title='bbox 556 3722 724 3793; x_wconf 90' lang='lat' dir='ltr'>quasi</span> <span class='ocrx_word' id='word_1_393' title='bbox 787 3722 1054 3793; x_wconf 87' lang='lat' dir='ltr'>ingratus</span> <span class='ocrx_word' id='word_1_394' title='bbox 1126 3739 1241 3778; x_wconf 88' lang='lat' dir='ltr'>non</span> <span class='ocrx_word' id='word_1_395' title='bbox 1313 3723 1501 3793; x_wconf 89' lang='lat' dir='ltr'>possit</span> <span class='ocrx_word' id='word_1_396' title='bbox 1584 3724 1737 3795; x_wconf 92' lang='lat' dir='ltr'>quod</span> <span class='ocrx_word' id='word_1_397' title='bbox 1834 3742 1929 3780; x_wconf 83' lang='lat' dir='ltr'>ac-</span> 
     </span>
    </p>
   </div>
   <div class='ocr_carea' id='block_1_56' title="bbox 266 3809 1928 3885">
    <p class='ocr_par' dir='ltr' id='par_1_56' title="bbox 266 3809 1928 3885">
     <span class='ocr_line' id='line_1_57' title="bbox 266 3809 1928 3885; baseline 0.001 -16"><span class='ocrx_word' id='word_1_398' title='bbox 266 3813 524 3885; x_wconf 87' lang='lat' dir='ltr'>cepisset</span> <span class='ocrx_word' id='word_1_399' title='bbox 554 3809 867 3878; x_wconf 81' lang='lat' dir='ltr'>exsolvere,</span> <span class='ocrx_word' id='word_1_400' title='bbox 901 3814 956 3865; x_wconf 91' lang='lat' dir='ltr'>et</span> <span class='ocrx_word' id='word_1_401' title='bbox 997 3809 1256 3866; x_wconf 87' lang='lat' dir='ltr'>Ecclesia</span> <span class='ocrx_word' id='word_1_402' title='bbox 1314 3827 1540 3867; x_wconf 89' lang='lat' dir='ltr'>memor</span> <span class='ocrx_word' id='word_1_403' title='bbox 1606 3813 1802 3885; x_wconf 79' lang='lat' dir='ltr'>gratiae</span> <span class='ocrx_word' id='word_1_404' title='bbox 1862 3832 1928 3870; x_wconf 92' lang='lat' dir='ltr'>eo</span> 
     </span>
    </p>
   </div>
   <div class='ocr_carea' id='block_1_57' title="bbox 267 3898 1451 3975">
    <p class='ocr_par' dir='ltr' id='par_1_57' title="bbox 267 3898 1451 3975">
     <span class='ocr_line' id='line_1_58' title="bbox 267 3898 1451 3975; baseline -0.002 -18"><span class='ocrx_word' id='word_1_405' title='bbox 267 3900 447 3975; x_wconf 90' lang='lat' dir='ltr'>plura</span> <span class='ocrx_word' id='word_1_406' title='bbox 477 3899 741 3967; x_wconf 88' lang='lat' dir='ltr'>solveret,</span> <span class='ocrx_word' id='word_1_407' title='bbox 774 3916 888 3969; x_wconf 91' lang='lat' dir='ltr'>quo</span> <span class='ocrx_word' id='word_1_408' title='bbox 921 3898 1093 3971; x_wconf 90' lang='lat' dir='ltr'>plura</span> <span class='ocrx_word' id='word_1_409' title='bbox 1122 3899 1451 3956; x_wconf 82' lang='lat' dir='ltr'>meruisset.</span> 
     </span>
    </p>
   </div>
   <div class='ocr_carea' id='block_1_58' title="bbox 770 3988 1401 4044">
    <p class='ocr_par' dir='ltr' id='par_1_58' title="bbox 770 3988 1401 4044">
     <span class='ocr_line' id='line_1_59' title="bbox 770 3988 1401 4044; baseline -0.002 0"><span class='ocrx_word' id='word_1_410' title='bbox 770 3989 925 4044; x_wconf 74' lang='lat'>620</span> <span class='ocrx_word' id='word_1_411' title='bbox 954 3988 1184 4044; x_wconf 83' lang='lat' dir='ltr'>CAPUT</span> <span class='ocrx_word' id='word_1_412' title='bbox 1206 3989 1401 4044; x_wconf 76' lang='lat' dir='ltr'>XXIII.</span> 
     </span>
    </p>
   </div>
   <div class='ocr_carea' id='block_1_59' title="bbox 267 4078 1929 4150">
    <p class='ocr_par' dir='ltr' id='par_1_59' title="bbox 267 4078 1929 4150">
     <span class='ocr_line' id='line_1_60' title="bbox 267 4078 1929 4150; baseline -0.001 -13"><span class='ocrx_word' id='word_1_413' title='bbox 267 4078 665 4150; x_wconf 73' lang='lat' dir='ltr'>Oggerentibus</span> <span class='ocrx_word' id='word_1_414' title='bbox 720 4092 906 4133; x_wconf 70' lang='lat' dir='ltr'>usura:</span> <span class='ocrx_word' id='word_1_415' title='bbox 962 4079 1353 4148; x_wconf 73' lang='lat' dir='ltr'>antiquitatem</span> <span class='ocrx_word' id='word_1_416' title='bbox 1424 4082 1709 4148; x_wconf 79' lang='lat' dir='ltr'>reponitur</span> <span class='ocrx_word' id='word_1_417' title='bbox 1764 4083 1929 4136; x_wconf 86' lang='lat' dir='ltr'>etiam</span> 
     </span>
    </p>
   </div>
   <div class='ocr_carea' id='block_1_60' title="bbox 340 4148 1934 4219">
    <p class='ocr_par' dir='ltr' id='par_1_60' title="bbox 340 4148 1934 4219">
     <span class='ocr_line' id='line_1_61' title="bbox 340 4148 1934 4219; baseline 0.003 -16"><span class='ocrx_word' id='word_1_418' title='bbox 340 4148 578 4219; x_wconf 71' lang='lat' dir='ltr'>culpam</span> <span class='ocrx_word' id='word_1_419' title='bbox 619 4150 909 4219; x_wconf 81' lang='lat' dir='ltr'>antiquam</span> <span class='ocrx_word' id='word_1_420' title='bbox 955 4164 1088 4213; x_wconf 82' lang='lat' dir='ltr'>esse,</span> <span class='ocrx_word' id='word_1_421' title='bbox 1149 4165 1314 4219; x_wconf 84' lang='lat' dir='ltr'>quam</span> <span class='ocrx_word' id='word_1_422' title='bbox 1372 4150 1613 4205; x_wconf 87' lang='lat' dir='ltr'>solutum</span> <span class='ocrx_word' id='word_1_423' title='bbox 1686 4151 1934 4207; x_wconf 80' lang='lat' dir='ltr'>Christus</span> 
     </span>
    </p>
   </div>
   <div class='ocr_carea' id='block_1_61' title="bbox 346 4220 1929 4293">
    <p class='ocr_par' dir='ltr' id='par_1_61' title="bbox 346 4220 1929 4293">
     <span class='ocr_line' id='line_1_62' title="bbox 346 4220 1929 4293; baseline 0.001 -18"><span class='ocrx_word' id='word_1_424' title='bbox 346 4221 581 4293; x_wconf 81' lang='lat' dir='ltr'>venerit,</span> <span class='ocrx_word' id='word_1_425' title='bbox 604 4221 879 4275; x_wconf 73' lang='lat' dir='ltr'>invexerit</span> <span class='ocrx_word' id='word_1_426' title='bbox 909 4222 1090 4275; x_wconf 80' lang='lat' dir='ltr'>autem</span> <span class='ocrx_word' id='word_1_427' title='bbox 1118 4220 1370 4275; x_wconf 74' lang='lat' dir='ltr'>diabolus</span> <span class='ocrx_word' id='word_1_428' title='bbox 1396 4238 1415 4274; x_wconf 89' lang='lat'>:</span> <span class='ocrx_word' id='word_1_429' title='bbox 1440 4221 1567 4275; x_wconf 80' lang='lat' dir='ltr'>huic</span> <span class='ocrx_word' id='word_1_430' title='bbox 1580 4224 1929 4293; x_wconf 68' lang='lat' dir='ltr'>[moratores</span> 
     </span>
    </p>
   </div>
   <div class='ocr_carea' id='block_1_62' title="bbox 338 4292 1930 4364">
    <p class='ocr_par' dir='ltr' id='par_1_62' title="bbox 338 4292 1930 4364">
     <span class='ocr_line' id='line_1_63' title="bbox 338 4292 1930 4364; baseline 0.001 -17"><span class='ocrx_word' id='word_1_431' title='bbox 338 4292 670 4357; x_wconf 86' lang='lat' dir='ltr'>assimilari,</span> <span class='ocrx_word' id='word_1_432' title='bbox 720 4306 820 4345; x_wconf 79' lang='lat' dir='ltr'>nec</span> <span class='ocrx_word' id='word_1_433' title='bbox 879 4306 988 4364; x_wconf 70' lang='lat' dir='ltr'>non</span> <span class='ocrx_word' id='word_1_434' title='bbox 1036 4292 1205 4364; x_wconf 83' lang='lat' dir='ltr'>etiam</span> <span class='ocrx_word' id='word_1_435' title='bbox 1266 4307 1353 4347; x_wconf 87' lang='lat' dir='ltr'>eos</span> <span class='ocrx_word' id='word_1_436' title='bbox 1408 4294 1507 4362; x_wconf 88' lang='lat' dir='ltr'>qui</span> <span class='ocrx_word' id='word_1_437' title='bbox 1553 4294 1930 4364; x_wconf 81' lang='lat' dir='ltr'>ﬁdejussorem</span> 
     </span>
    </p>
   </div>
   <div class='ocr_carea' id='block_1_63' title="bbox 339 4362 1925 4433">
    <p class='ocr_par' dir='ltr' id='par_1_63' title="bbox 339 4362 1925 4433">
     <span class='ocr_line' id='line_1_64' title="bbox 339 4362 1925 4433; baseline 0.001 -15"><span class='ocrx_word' id='word_1_438' title='bbox 339 4364 611 4433; x_wconf 86' lang='lat' dir='ltr'>obligant,</span> <span class='ocrx_word' id='word_1_439' title='bbox 643 4364 705 4417; x_wconf 84' lang='lat' dir='ltr'>in</span> <span class='ocrx_word' id='word_1_440' title='bbox 748 4378 854 4433; x_wconf 86' lang='lat' dir='ltr'>quo</span> <span class='ocrx_word' id='word_1_441' title='bbox 903 4363 1011 4416; x_wconf 89' lang='lat' dir='ltr'>sibi</span> <span class='ocrx_word' id='word_1_442' title='bbox 1056 4362 1293 4418; x_wconf 86' lang='lat' dir='ltr'>alterum</span> <span class='ocrx_word' id='word_1_443' title='bbox 1331 4362 1561 4433; x_wconf 16' lang='lat' dir='ltr'>paranti</span> <span class='ocrx_word' id='word_1_444' title='bbox 1615 4362 1925 4420; x_wconf 74' lang='lat' dir='ltr'>inimicum.</span> 
     </span>
    </p>
   </div>
   <div class='ocr_carea' id='block_1_64' title="bbox 340 4432 1924 4506">
    <p class='ocr_par' dir='ltr' id='par_1_64' title="bbox 340 4432 1924 4506">
     <span class='ocr_line' id='line_1_65' title="bbox 340 4432 1924 4506; baseline 0.001 -17"><span class='ocrx_word' id='word_1_445' title='bbox 340 4432 518 4503; x_wconf 81' lang='lat' dir='ltr'>Quam</span> <span class='ocrx_word' id='word_1_446' title='bbox 544 4432 856 4506; x_wconf 72' lang='lat' dir='ltr'>cavendum</span> <span class='ocrx_word' id='word_1_447' title='bbox 892 4435 984 4498; x_wconf 81' lang='lat' dir='ltr'>sit,</span> <span class='ocrx_word' id='word_1_448' title='bbox 1042 4450 1110 4486; x_wconf 83' lang='lat' dir='ltr'>ne</span> <span class='ocrx_word' id='word_1_449' title='bbox 1147 4436 1284 4506; x_wconf 82' lang='lat' dir='ltr'>quis</span> <span class='ocrx_word' id='word_1_450' title='bbox 1309 4432 1434 4506; x_wconf 65' lang='lat' dir='ltr'>pro</span> <span class='ocrx_word' id='word_1_451' title='bbox 1464 4435 1574 4489; x_wconf 88' lang='lat' dir='ltr'>alio</span> <span class='ocrx_word' id='word_1_452' title='bbox 1608 4451 1665 4489; x_wconf 89' lang='lat' dir='ltr'>se</span> <span class='ocrx_word' id='word_1_453' title='bbox 1707 4436 1924 4506; x_wconf 82' lang='lat' dir='ltr'>obliget,</span> 
     </span>
    </p>
   </div>
   <div class='ocr_carea' id='block_1_65' title="bbox 339 4505 1821 4576">
    <p class='ocr_par' dir='ltr' id='par_1_65' title="bbox 339 4505 1821 4576">
     <span class='ocr_line' id='line_1_66' title="bbox 339 4505 1821 4576; baseline 0 -15"><span class='ocrx_word' id='word_1_454' title='bbox 339 4509 441 4561; x_wconf 84' lang='lat' dir='ltr'>aut</span> <span class='ocrx_word' id='word_1_455' title='bbox 469 4505 662 4561; x_wconf 82' lang='lat' dir='ltr'>saltem</span> <span class='ocrx_word' id='word_1_456' title='bbox 680 4520 783 4576; x_wconf 87' lang='lat' dir='ltr'>pro</span> <span class='ocrx_word' id='word_1_457' title='bbox 812 4520 1027 4559; x_wconf 88' lang='lat' dir='ltr'>summa</span> <span class='ocrx_word' id='word_1_458' title='bbox 1064 4505 1178 4558; x_wconf 88' lang='lat' dir='ltr'>suis</span> <span class='ocrx_word' id='word_1_459' title='bbox 1201 4505 1408 4575; x_wconf 87' lang='lat' dir='ltr'>majore</span> <span class='ocrx_word' id='word_1_460' title='bbox 1427 4506 1781 4575; x_wconf 82' lang='lat' dir='ltr'>[acultatibus</span> <span class='ocrx_word' id='word_1_461' title='bbox 1803 4512 1821 4561; x_wconf 92' lang='lat'><strong><em>!</em></strong></span> 
     </span>
    </p>
   </div>
   <div class='ocr_carea' id='block_1_66' title="bbox 335 4591 3417 4673">
    <p class='ocr_par' dir='ltr' id='par_1_66' title="bbox 335 4591 3417 4673">
     <span class='ocr_line' id='line_1_67' title="bbox 335 4591 3417 4673; baseline -0.001 -25"><span class='ocrx_word' id='word_1_462' title='bbox 335 4595 431 4649; x_wconf 90' lang='lat'>88.</span> <span class='ocrx_word' id='word_1_463' title='bbox 466 4591 701 4648; x_wconf 86' lang='lat' dir='ltr'>Habetis</span> <span class='ocrx_word' id='word_1_464' title='bbox 730 4609 866 4665; x_wconf 86' lang='lat' dir='ltr'>ergo</span> <span class='ocrx_word' id='word_1_465' title='bbox 898 4609 1070 4665; x_wconf 89' lang='lat' dir='ltr'>quem</span> <span class='ocrx_word' id='word_1_466' title='bbox 1106 4593 1436 4663; x_wconf 85' lang='lat' dir='ltr'>sequamini</span> <span class='ocrx_word' id='word_1_467' title='bbox 1499 4594 1923 4663; x_wconf 69' lang='lat' dir='ltr'>faeneratorem,</span> <span class='ocrx_word' id='word_1_468' title='bbox 1959 4608 2003 4673; x_wconf 76' lang='grc' dir='ltr'>Ι)</span> <span class='ocrx_word' id='word_1_469' title='bbox 2037 4600 2206 4649; x_wconf 86' lang='lat' dir='ltr'>tuens</span> <span class='ocrx_word' id='word_1_470' title='bbox 2237 4593 2428 4665; x_wconf 88' lang='lat' dir='ltr'>cogita</span> <span class='ocrx_word' id='word_1_471' title='bbox 2456 4594 2642 4664; x_wconf 83' lang='lat' dir='ltr'>(Eceli.</span> <span class='ocrx_word' id='word_1_472' title='bbox 2678 4610 2799 4658; x_wconf 65' lang='lat' dir='ltr'>v1.1,</span> <span class='ocrx_word' id='word_1_473' title='bbox 2834 4594 2942 4664; x_wconf 85' lang='grc'>16).</span> <span class='ocrx_word' id='word_1_474' title='bbox 2979 4614 3006 4641; x_wconf 89' lang='grc'><strong>››</strong></span> <span class='ocrx_word' id='word_1_475' title='bbox 3040 4593 3107 4647; x_wconf 89' lang='lat' dir='ltr'>Et</span> <span class='ocrx_word' id='word_1_476' title='bbox 3136 4592 3285 4648; x_wconf 83' lang='lat' dir='ltr'>infra</span> <span class='ocrx_word' id='word_1_477' title='bbox 3314 4612 3324 4649; x_wconf 91' lang='lat'>:</span> <span class='ocrx_word' id='word_1_478' title='bbox 3390 4617 3417 4644; x_wconf 85' lang='grc'>‹‹</span> 
     </span>
    </p>
   </div>
   <div class='ocr_carea' id='block_1_67' title="bbox 257 4679 1921 4753">
    <p class='ocr_par' dir='ltr' id='par_1_67' title="bbox 257 4679 1921 4753">
     <span class='ocr_line' id='line_1_68' title="bbox 257 4679 1921 4753; baseline 0 -14"><span class='ocrx_word' id='word_1_479' title='bbox 257 4682 312 4739; x_wconf 89' lang='lat' dir='ltr'>si</span> <span class='ocrx_word' id='word_1_480' title='bbox 344 4680 527 4737; x_wconf 85' lang='lat' dir='ltr'>vultis</span> <span class='ocrx_word' id='word_1_481' title='bbox 559 4679 729 4736; x_wconf 88' lang='lat' dir='ltr'>laude</span> <span class='ocrx_word' id='word_1_482' title='bbox 760 4680 986 4747; x_wconf 88' lang='lat' dir='ltr'>donari,</span> <span class='ocrx_word' id='word_1_483' title='bbox 1023 4679 1068 4736; x_wconf 89' lang='lat' dir='ltr'>si</span> <span class='ocrx_word' id='word_1_484' title='bbox 1115 4680 1289 4735; x_wconf 89' lang='lat' dir='ltr'>vultis</span> <span class='ocrx_word' id='word_1_485' title='bbox 1323 4697 1436 4735; x_wconf 91' lang='lat' dir='ltr'>non</span> <span class='ocrx_word' id='word_1_486' title='bbox 1468 4697 1596 4737; x_wconf 89' lang='lat' dir='ltr'>esse</span> <span class='ocrx_word' id='word_1_487' title='bbox 1627 4684 1781 4753; x_wconf 86' lang='lat' dir='ltr'>quod</span> <span class='ocrx_word' id='word_1_488' title='bbox 1832 4701 1921 4740; x_wconf 87' lang='lat' dir='ltr'>re-</span> 
     </span>
    </p>
   </div>
   <div class='ocr_carea' id='block_1_68' title="bbox 256 4769 1924 4846">
    <p class='ocr_par' dir='ltr' id='par_1_68' title="bbox 256 4769 1924 4846">
     <span class='ocr_line' id='line_1_69' title="bbox 256 4769 1924 4846; baseline 0.001 -19"><span class='ocrx_word' id='word_1_489' title='bbox 256 4769 668 4846; x_wconf 85' lang='lat' dir='ltr'>prehendatur</span> <span class='ocrx_word' id='word_1_490' title='bbox 697 4786 730 4825; x_wconf 93' lang='lat' dir='ltr'>a</span> <span class='ocrx_word' id='word_1_491' title='bbox 761 4769 947 4825; x_wconf 88' lang='lat' dir='ltr'>nobis.</span> <span class='ocrx_word' id='word_1_492' title='bbox 982 4769 1099 4825; x_wconf 89' lang='lat' dir='ltr'>Nos</span> <span class='ocrx_word' id='word_1_493' title='bbox 1131 4769 1286 4825; x_wconf 91' lang='lat' dir='ltr'>enim</span> <span class='ocrx_word' id='word_1_494' title='bbox 1338 4786 1453 4825; x_wconf 84' lang='lat' dir='ltr'>non</span> <span class='ocrx_word' id='word_1_495' title='bbox 1511 4780 1769 4842; x_wconf 80' lang='lat' dir='ltr'>personae</span> <span class='ocrx_word' id='word_1_496' title='bbox 1824 4773 1924 4828; x_wconf 91' lang='lat' dir='ltr'>ob-</span> 
     </span>
    </p>
   </div>
   <div class='ocr_carea' id='block_1_69' title="bbox 338 4911 1923 4986">
    <p class='ocr_par' dir='ltr' id='par_1_69' title="bbox 338 4911 1923 4986">
     <span class='ocr_line' id='line_1_70' title="bbox 338 4911 1923 4986; baseline 0.002 -18"><span class='ocrx_word' id='word_1_497' title='bbox 338 4912 456 4983; x_wconf 66' lang='grc'>(64)</span> <span class='ocrx_word' id='word_1_498' title='bbox 504 4912 643 4967; x_wconf 80' lang='lat' dir='ltr'>LXX</span> <span class='ocrx_word' id='word_1_499' title='bbox 697 4911 912 4982; x_wconf 90' lang='lat' dir='ltr'>interp.</span> <span class='ocrx_word' id='word_1_500' title='bbox 976 4920 1153 4968; x_wconf 72' lang='grc' dir='ltr'>ἔδωκεν</span> <span class='ocrx_word' id='word_1_501' title='bbox 1208 4922 1302 4984; x_wconf 82' lang='grc' dir='ltr'>γὰρ</span> <span class='ocrx_word' id='word_1_502' title='bbox 1361 4924 1454 4980; x_wconf 66' lang='grc' dir='ltr'>τὴν</span> <span class='ocrx_word' id='word_1_503' title='bbox 1517 4923 1687 4986; x_wconf 76' lang='grc' dir='ltr'>ψυχὴν</span> <span class='ocrx_word' id='word_1_504' title='bbox 1773 4923 1923 4971; x_wconf 67' lang='grc' dir='ltr'>αὑτοῦ</span> 
     </span>
    </p>
   </div>
   <div class='ocr_carea' id='block_1_70' title="bbox 261 4986 1923 5056">
    <p class='ocr_par' dir='ltr' id='par_1_70' title="bbox 261 4986 1923 5056">
     <span class='ocr_line' id='line_1_71' title="bbox 261 4986 1923 5056; baseline 0.001 -16"><span class='ocrx_word' id='word_1_505' title='bbox 261 4994 392 5054; x_wconf 70' lang='grc' dir='ltr'>ὑπὲρ</span> <span class='ocrx_word' id='word_1_506' title='bbox 429 4994 536 5040; x_wconf 81' lang='grc' dir='ltr'>σοῦ.</span> <span class='ocrx_word' id='word_1_507' title='bbox 570 4992 750 5056; x_wconf 69' lang='grc' dir='ltr'>Ἀγαθὰ</span> <span class='ocrx_word' id='word_1_508' title='bbox 811 4991 984 5053; x_wconf 82' lang='grc' dir='ltr'>ἐγγύου</span> <span class='ocrx_word' id='word_1_509' title='bbox 1019 4992 1312 5056; x_wconf 53' lang='grc' dir='ltr'>ἀνατρέψει</span> <span class='ocrx_word' id='word_1_510' title='bbox 1356 4991 1680 5056; x_wconf 21' lang='grc' dir='ltr'>ᾉᾲμαρτωλός,</span> <span class='ocrx_word' id='word_1_511' title='bbox 1763 4986 1923 5042; x_wconf 90' lang='lat' dir='ltr'>Unus</span> 
     </span>
    </p>
   </div>
   <div class='ocr_carea' id='block_1_71' title="bbox 262 5054 1919 5126">
    <p class='ocr_par' dir='ltr' id='par_1_71' title="bbox 262 5054 1919 5126">
     <span class='ocr_line' id='line_1_72' title="bbox 262 5054 1919 5126; baseline 0.002 -15"><span class='ocrx_word' id='word_1_512' title='bbox 262 5073 415 5111; x_wconf 86' lang='lat' dir='ltr'>mss.</span> <span class='ocrx_word' id='word_1_513' title='bbox 452 5060 627 5126; x_wconf 87' lang='lat' dir='ltr'>atque</span> <span class='ocrx_word' id='word_1_514' title='bbox 644 5055 782 5110; x_wconf 88' lang='lat' dir='ltr'>edit.</span> <span class='ocrx_word' id='word_1_515' title='bbox 816 5055 1107 5126; x_wconf 81' lang='lat' dir='ltr'>Compt’ut,</span> <span class='ocrx_word' id='word_1_516' title='bbox 1142 5054 1204 5109; x_wconf 81' lang='lat' dir='ltr'>ut</span> <span class='ocrx_word' id='word_1_517' title='bbox 1226 5054 1491 5110; x_wconf 86' lang='lat' dir='ltr'>Nobilius</span> <span class='ocrx_word' id='word_1_518' title='bbox 1518 5056 1705 5124; x_wconf 89' lang='lat' dir='ltr'>docet,</span> <span class='ocrx_word' id='word_1_519' title='bbox 1740 5065 1919 5115; x_wconf 74' lang='grc' dir='ltr'>ἔδωκεν</span> 
     </span>
    </p>
   </div>
   <div class='ocr_carea' id='block_1_72' title="bbox 258 5133 1918 5200">
    <p class='ocr_par' dir='ltr' id='par_1_72' title="bbox 258 5133 1918 5200">
     <span class='ocr_line' id='line_1_73' title="bbox 258 5133 1918 5200; baseline 0.001 -17"><span class='ocrx_word' id='word_1_520' title='bbox 258 5139 362 5199; x_wconf 78' lang='grc' dir='ltr'>γὰρ</span> <span class='ocrx_word' id='word_1_521' title='bbox 418 5137 521 5200; x_wconf 52' lang='grc' dir='ltr'>ςτὴιί</span> <span class='ocrx_word' id='word_1_522' title='bbox 572 5135 752 5200; x_wconf 63' lang='grc' dir='ltr'>ψυχὴν</span> <span class='ocrx_word' id='word_1_523' title='bbox 808 5133 979 5200; x_wconf 34' lang='grc' dir='ltr'>αὐτοῦ.</span> <span class='ocrx_word' id='word_1_524' title='bbox 1031 5134 1151 5200; x_wconf 65' lang='grc' dir='ltr'>ὑπὲρ</span> <span class='ocrx_word' id='word_1_525' title='bbox 1240 5137 1325 5183; x_wconf 77' lang='grc' dir='ltr'>σοῦ</span> <span class='ocrx_word' id='word_1_526' title='bbox 1417 5136 1626 5198; x_wconf 68' lang='grc' dir='ltr'>Ἀγαθὴν</span> <span class='ocrx_word' id='word_1_527' title='bbox 1719 5137 1918 5200; x_wconf 76' lang='grc' dir='ltr'>ἔγγῦτ,ν,</span> 
     </span>
    </p>
   </div>
   <div class='ocr_carea' id='block_1_73' title="bbox 261 5197 1909 5273">
    <p class='ocr_par' dir='ltr' id='par_1_73' title="bbox 261 5197 1909 5273">
     <span class='ocr_line' id='line_1_74' title="bbox 261 5197 1909 5273; baseline 0.002 -19"><span class='ocrx_word' id='word_1_528' title='bbox 261 5197 376 5254; x_wconf 83' lang='lat' dir='ltr'>etc.</span> <span class='ocrx_word' id='word_1_529' title='bbox 412 5197 524 5251; x_wconf 91' lang='lat' dir='ltr'>Sed</span> <span class='ocrx_word' id='word_1_530' title='bbox 553 5197 927 5253; x_wconf 81' lang='lat' dir='ltr'>Ambrosium</span> <span class='ocrx_word' id='word_1_531' title='bbox 965 5197 1175 5270; x_wconf 79' lang='lat' dir='ltr'>legisse</span> <span class='ocrx_word' id='word_1_532' title='bbox 1233 5197 1488 5269; x_wconf 87' lang='lat' dir='ltr'>oportet,</span> <span class='ocrx_word' id='word_1_533' title='bbox 1551 5206 1730 5255; x_wconf 74' lang='grc' dir='ltr'>ἔδωκεν</span> <span class='ocrx_word' id='word_1_534' title='bbox 1754 5197 1760 5200; x_wconf 74' lang='grc'><em>’</em></span> <span class='ocrx_word' id='word_1_535' title='bbox 1785 5197 1792 5200; x_wconf 63' lang='grc'>⁷</span> <span class='ocrx_word' id='word_1_536' title='bbox 1815 5213 1909 5273; x_wconf 76' lang='grc' dir='ltr'>γὰρ</span> 
     </span>
    </p>
   </div>
   <div class='ocr_carea' id='block_1_74' title="bbox 260 5276 1918 5341">
    <p class='ocr_par' dir='ltr' id='par_1_74' title="bbox 260 5276 1918 5341">
     <span class='ocr_line' id='line_1_75' title="bbox 260 5276 1918 5341; baseline 0.001 -15"><span class='ocrx_word' id='word_1_537' title='bbox 260 5281 361 5337; x_wconf 72' lang='grc' dir='ltr'>τὴν</span> <span class='ocrx_word' id='word_1_538' title='bbox 423 5278 594 5341; x_wconf 63' lang='grc' dir='ltr'>ψυχὴν</span> <span class='ocrx_word' id='word_1_539' title='bbox 649 5276 800 5325; x_wconf 78' lang='grc' dir='ltr'>αὐτοῦ</span> <span class='ocrx_word' id='word_1_540' title='bbox 867 5277 988 5341; x_wconf 75' lang='grc' dir='ltr'>ὑπὲρ</span> <span class='ocrx_word' id='word_1_541' title='bbox 1053 5280 1139 5341; x_wconf 65' lang='grc' dir='ltr'>σοῦ</span> <span class='ocrx_word' id='word_1_542' title='bbox 1189 5276 1397 5341; x_wconf 15' lang='grc' dir='ltr'>μάγαθῂν</span> <span class='ocrx_word' id='word_1_543' title='bbox 1461 5279 1685 5339; x_wconf 77' lang='grc' dir='ltr'>Ἐγνύην,</span> <span class='ocrx_word' id='word_1_544' title='bbox 1785 5280 1918 5339; x_wconf 85' lang='lat' dir='ltr'>etc.,</span> 
     </span>
    </p>
   </div>
   <div class='ocr_carea' id='block_1_75' title="bbox 262 5339 1620 5413">
    <p class='ocr_par' dir='ltr' id='par_1_75' title="bbox 262 5339 1620 5413">
     <span class='ocr_line' id='line_1_76' title="bbox 262 5339 1620 5413; baseline 0 -17"><span class='ocrx_word' id='word_1_545' title='bbox 262 5339 1119 5413; x_wconf 67' lang='lat' dir='ltr'>quemadmodumotmervavit</span> <span class='ocrx_word' id='word_1_546' title='bbox 1150 5339 1304 5413; x_wconf 82' lang='lat' dir='ltr'>idem</span> <span class='ocrx_word' id='word_1_547' title='bbox 1336 5339 1620 5413; x_wconf 79' lang='lat' dir='ltr'>Nobilius.</span> 
     </span>
    </p>
   </div>
   <div class='ocr_carea' id='block_1_76' title="bbox 338 5410 1919 5493">
    <p class='ocr_par' dir='ltr' id='par_1_76' title="bbox 338 5410 1919 5493">
     <span class='ocr_line' id='line_1_77' title="bbox 338 5410 1919 5493; baseline 0.004 -28"><span class='ocrx_word' id='word_1_548' title='bbox 338 5410 698 5493; x_wconf 39' lang='lat' dir='ltr'>(65)_.Omn_es</span> <span class='ocrx_word' id='word_1_549' title='bbox 733 5411 896 5478; x_wconf 90' lang='lat' dir='ltr'>edit.,</span> <span class='ocrx_word' id='word_1_550' title='bbox 930 5428 1000 5493; x_wconf 78' lang='lat' dir='ltr'>ne</span> <span class='ocrx_word' id='word_1_551' title='bbox 1027 5411 1407 5493; x_wconf 62' lang='lat' dir='ltr'>se_q_uod_tibi</span> <span class='ocrx_word' id='word_1_552' title='bbox 1432 5414 1516 5493; x_wconf 48' lang='lat' dir='ltr'>(ut</span> <span class='ocrx_word' id='word_1_553' title='bbox 1573 5412 1731 5468; x_wconf 82' lang='lat' dir='ltr'>habet</span> <span class='ocrx_word' id='word_1_554' title='bbox 1790 5431 1919 5470; x_wconf 87' lang='lat' dir='ltr'>usus</span> 
     </span>
    </p>
   </div>
   <div class='ocr_carea' id='block_1_77' title="bbox 265 5481 1914 5553">
    <p class='ocr_par' dir='ltr' id='par_1_77' title="bbox 265 5481 1914 5553">
     <span class='ocr_line' id='line_1_78' title="bbox 265 5481 1914 5553; baseline 0.002 -15"><span class='ocrx_word' id='word_1_555' title='bbox 265 5481 559 5553; x_wconf 61' lang='lat' dir='ltr'>amicitiae)</span> <span class='ocrx_word' id='word_1_556' title='bbox 606 5484 828 5538; x_wconf 82' lang='lat' dir='ltr'>debetur</span> <span class='ocrx_word' id='word_1_557' title='bbox 877 5488 972 5538; x_wconf 82' lang='lat' dir='ltr'>aut</span> <span class='ocrx_word' id='word_1_558' title='bbox 1019 5482 1227 5537; x_wconf 79' lang='lat' dir='ltr'>debitor</span> <span class='ocrx_word' id='word_1_559' title='bbox 1253 5481 1461 5537; x_wconf 82' lang='lat' dir='ltr'>dederit</span> <span class='ocrx_word' id='word_1_560' title='bbox 1515 5492 1737 5553; x_wconf 51' lang='lat' dir='ltr'>gratim,</span> <span class='ocrx_word' id='word_1_561' title='bbox 1799 5493 1914 5541; x_wconf 89' lang='lat' dir='ltr'>vet.</span> 
     </span>
    </p>
   </div>
   <div class='ocr_carea' id='block_1_78' title="bbox 263 5553 1913 5613">
    <p class='ocr_par' dir='ltr' id='par_1_78' title="bbox 263 5553 1913 5613">
     <span class='ocr_line' id='line_1_79' title="bbox 263 5553 1913 5613; baseline 0.005 -8"><span class='ocrx_word' id='word_1_562' title='bbox 263 5555 405 5609; x_wconf 76' lang='lat' dir='ltr'>edit.</span> <span class='ocrx_word' id='word_1_563' title='bbox 441 5570 577 5609; x_wconf 88' lang='lat' dir='ltr'>eum</span> <span class='ocrx_word' id='word_1_564' title='bbox 630 5571 770 5610; x_wconf 84' lang='lat' dir='ltr'>mss.</span> <span class='ocrx_word' id='word_1_565' title='bbox 808 5556 979 5610; x_wconf 91' lang='lat' dir='ltr'>Torn.</span> <span class='ocrx_word' id='word_1_566' title='bbox 1008 5558 1065 5608; x_wconf 91' lang='lat' dir='ltr'>et</span> <span class='ocrx_word' id='word_1_567' title='bbox 1092 5553 1241 5609; x_wconf 83' lang='lat' dir='ltr'>Vict.</span> <span class='ocrx_word' id='word_1_568' title='bbox 1290 5561 1351 5608; x_wconf 87' lang='lat' dir='ltr'>ut</span> <span class='ocrx_word' id='word_1_569' title='bbox 1404 5553 1655 5610; x_wconf 80' lang='lat' dir='ltr'>videatur</span> <span class='ocrx_word' id='word_1_570' title='bbox 1704 5559 1913 5613; x_wconf 80' lang='lat' dir='ltr'>emisse.</span> 
     </span>
    </p>
   </div>
   <div class='ocr_carea' id='block_1_79' title="bbox 264 5624 1917 5693">
    <p class='ocr_par' dir='ltr' id='par_1_79' title="bbox 264 5624 1917 5693">
     <span class='ocr_line' id='line_1_80' title="bbox 264 5624 1917 5693; baseline 0.002 -12"><span class='ocrx_word' id='word_1_571' title='bbox 264 5626 464 5693; x_wconf 88' lang='lat' dir='ltr'>Rom.,</span> <span class='ocrx_word' id='word_1_572' title='bbox 495 5627 555 5679; x_wconf 80' lang='lat' dir='ltr'>ut</span> <span class='ocrx_word' id='word_1_573' title='bbox 582 5641 619 5680; x_wconf 82' lang='grc' dir='ltr'><em>α</em></span> <span class='ocrx_word' id='word_1_574' title='bbox 648 5634 696 5681; x_wconf 85' lang='lat' dir='ltr'>te</span> <span class='ocrx_word' id='word_1_575' title='bbox 746 5626 1000 5682; x_wconf 85' lang='lat' dir='ltr'>videatur</span> <span class='ocrx_word' id='word_1_576' title='bbox 1025 5627 1235 5681; x_wconf 79' lang='lat' dir='ltr'>emisse.</span> <span class='ocrx_word' id='word_1_577' title='bbox 1267 5624 1381 5680; x_wconf 90' lang='lat' dir='ltr'>Alii</span> <span class='ocrx_word' id='word_1_578' title='bbox 1410 5641 1553 5681; x_wconf 89' lang='lat' dir='ltr'>mss.</span> <span class='ocrx_word' id='word_1_579' title='bbox 1581 5631 1643 5682; x_wconf 93' lang='lat' dir='ltr'>ut</span> <span class='ocrx_word' id='word_1_580' title='bbox 1671 5627 1728 5682; x_wconf 87' lang='lat' dir='ltr'>in</span> <span class='ocrx_word' id='word_1_581' title='bbox 1758 5633 1917 5685; x_wconf 86' lang='lat' dir='ltr'>textu</span> 
     </span>
    </p>
   </div>
   <div class='ocr_carea' id='block_1_80' title="bbox 242 5696 1914 5771">
    <p class='ocr_par' dir='ltr' id='par_1_80' title="bbox 242 5696 1914 5771">
     <span class='ocr_line' id='line_1_81' title="bbox 242 5696 1914 5771; baseline 0.003 -18"><span class='ocrx_word' id='word_1_582' title='bbox 242 5697 498 5753; x_wconf 69' lang='lat' dir='ltr'>Rursus</span> <span class='ocrx_word' id='word_1_583' title='bbox 530 5696 629 5753; x_wconf 91' lang='lat' dir='ltr'>ubi</span> <span class='ocrx_word' id='word_1_584' title='bbox 652 5696 791 5753; x_wconf 87' lang='lat' dir='ltr'>edit.</span> <span class='ocrx_word' id='word_1_585' title='bbox 815 5699 1179 5766; x_wconf 85' lang='lat' dir='ltr'>ant.,noveris</span> <span class='ocrx_word' id='word_1_586' title='bbox 1196 5698 1365 5753; x_wconf 81' lang='lat' dir='ltr'>amici</span> <span class='ocrx_word' id='word_1_587' title='bbox 1384 5697 1697 5755; x_wconf 77' lang='lat' dir='ltr'>obsecratus</span> <span class='ocrx_word' id='word_1_588' title='bbox 1722 5704 1914 5771; x_wconf 78' lang='lat' dir='ltr'>oratis,</span> 
     </span>
    </p>
   </div>
   <div class='ocr_carea' id='block_1_81' title="bbox 2106 1972 3692 2046">
    <p class='ocr_par' dir='ltr' id='par_1_81' title="bbox 2106 1972 3692 2046">
     <span class='ocr_line' id='line_1_82' title="bbox 2106 1972 3692 2046; baseline 0.005 -21"><span class='ocrx_word' id='word_1_589' title='bbox 2106 1973 2195 2027; x_wconf 80' lang='lat'>89.</span> <span class='ocrx_word' id='word_1_590' title='bbox 2233 1973 2377 2038; x_wconf 88' lang='lat' dir='ltr'>Quid</span> <span class='ocrx_word' id='word_1_591' title='bbox 2416 1974 2791 2029; x_wconf 74' lang='lat' dir='ltr'>fmneratores</span> <span class='ocrx_word' id='word_1_592' title='bbox 2826 1973 3093 2029; x_wconf 82' lang='lat' dir='ltr'>faciunt?</span> <span class='ocrx_word' id='word_1_593' title='bbox 3114 1972 3692 2046; x_wconf 72' lang='lat' dir='ltr'>Decipiuntdefmne-</span> 
     </span>
    </p>
   </div>
   <div class='ocr_carea' id='block_1_82' title="bbox 2036 2062 3689 2136">
    <p class='ocr_par' dir='ltr' id='par_1_82' title="bbox 2036 2062 3689 2136">
     <span class='ocr_line' id='line_1_83' title="bbox 2036 2062 3689 2136; baseline 0.004 -21"><span class='ocrx_word' id='word_1_594' title='bbox 2036 2065 2213 2126; x_wconf 88' lang='lat' dir='ltr'>ratos,</span> <span class='ocrx_word' id='word_1_595' title='bbox 2242 2062 2505 2133; x_wconf 81' lang='lat' dir='ltr'>obligant</span> <span class='ocrx_word' id='word_1_596' title='bbox 2527 2062 2904 2130; x_wconf 79' lang='lat' dir='ltr'>fidcjussores</span> <span class='ocrx_word' id='word_1_597' title='bbox 2930 2079 2943 2117; x_wconf 90' lang='lat'>:</span> <span class='ocrx_word' id='word_1_598' title='bbox 2965 2063 3065 2117; x_wconf 87' lang='lat' dir='ltr'>sed</span> <span class='ocrx_word' id='word_1_599' title='bbox 3099 2079 3213 2117; x_wconf 95' lang='lat' dir='ltr'>non</span> <span class='ocrx_word' id='word_1_600' title='bbox 3240 2062 3455 2119; x_wconf 89' lang='lat' dir='ltr'>Tobias</span> <span class='ocrx_word' id='word_1_601' title='bbox 3473 2065 3689 2136; x_wconf 89' lang='lat' dir='ltr'>pignus</span> 
     </span>
    </p>
   </div>
   <div class='ocr_carea' id='block_1_83' title="bbox 2036 2150 3693 2223">
    <p class='ocr_par' dir='ltr' id='par_1_83' title="bbox 2036 2150 3693 2223">
     <span class='ocr_line' id='line_1_84' title="bbox 2036 2150 3693 2223; baseline 0.005 -20"><span class='ocrx_word' id='word_1_602' title='bbox 2036 2150 2322 2221; x_wconf 77' lang='lat' dir='ltr'>qumsivit,</span> <span class='ocrx_word' id='word_1_603' title='bbox 2357 2156 2457 2205; x_wconf 89' lang='lat' dir='ltr'>aut</span> <span class='ocrx_word' id='word_1_604' title='bbox 2488 2152 2893 2222; x_wconf 81' lang='lat' dir='ltr'>fidejussorem</span> <span class='ocrx_word' id='word_1_605' title='bbox 2951 2152 3215 2223; x_wconf 89' lang='lat' dir='ltr'>poposcit</span> <span class='ocrx_word' id='word_1_606' title='bbox 3243 2153 3438 2223; x_wconf 76' lang='lat' dir='ltr'>(Tob.i</span> <span class='ocrx_word' id='word_1_607' title='bbox 3497 2156 3583 2219; x_wconf 83' lang='grc'>17,</span> <span class='ocrx_word' id='word_1_608' title='bbox 3642 2163 3693 2211; x_wconf 86' lang='lat' dir='ltr'>et</span> 
     </span>
    </p>
   </div>
   <div class='ocr_carea' id='block_1_84' title="bbox 2037 2239 3688 2316">
    <p class='ocr_par' dir='ltr' id='par_1_84' title="bbox 2037 2239 3688 2316">
     <span class='ocr_line' id='line_1_85' title="bbox 2037 2239 3688 2316; baseline 0.004 -24"><span class='ocrx_word' id='word_1_609' title='bbox 2037 2256 2107 2303; x_wconf 78' lang='lat' dir='ltr'>xv,</span> <span class='ocrx_word' id='word_1_610' title='bbox 2141 2242 2251 2305; x_wconf 77' lang='lat'>2‘2).</span> <span class='ocrx_word' id='word_1_611' title='bbox 2285 2240 2618 2294; x_wconf 74' lang='lat' dir='ltr'>Curandum</span> <span class='ocrx_word' id='word_1_612' title='bbox 2635 2244 2723 2294; x_wconf 87' lang='lat' dir='ltr'>est</span> <span class='ocrx_word' id='word_1_613' title='bbox 2752 2239 2951 2311; x_wconf 81' lang='lat' dir='ltr'>igitur,</span> <span class='ocrx_word' id='word_1_614' title='bbox 2970 2244 3036 2295; x_wconf 90' lang='lat' dir='ltr'>ut</span> <span class='ocrx_word' id='word_1_615' title='bbox 3063 2239 3467 2310; x_wconf 82' lang='lat' dir='ltr'>ﬁdejussorem</span> <span class='ocrx_word' id='word_1_616' title='bbox 3488 2245 3688 2316; x_wconf 86' lang='lat' dir='ltr'>requi-</span> 
     </span>
    </p>
   </div>
   <div class='ocr_carea' id='block_1_85' title="bbox 2033 2328 3687 2404">
    <p class='ocr_par' dir='ltr' id='par_1_85' title="bbox 2033 2328 3687 2404">
     <span class='ocr_line' id='line_1_86' title="bbox 2033 2328 3687 2404; baseline 0.005 -23"><span class='ocrx_word' id='word_1_617' title='bbox 2033 2345 2148 2391; x_wconf 82' lang='lat' dir='ltr'>ras,</span> <span class='ocrx_word' id='word_1_618' title='bbox 2183 2333 2246 2382; x_wconf 89' lang='lat' dir='ltr'>ut</span> <span class='ocrx_word' id='word_1_619' title='bbox 2275 2346 2406 2383; x_wconf 86' lang='lat' dir='ltr'>eum</span> <span class='ocrx_word' id='word_1_620' title='bbox 2439 2328 2557 2383; x_wconf 88' lang='lat' dir='ltr'>tuis</span> <span class='ocrx_word' id='word_1_621' title='bbox 2588 2328 2927 2384; x_wconf 89' lang='lat' dir='ltr'>nominibus</span> <span class='ocrx_word' id='word_1_622' title='bbox 2961 2330 3274 2401; x_wconf 87' lang='lat' dir='ltr'>astringas.</span> <span class='ocrx_word' id='word_1_623' title='bbox 3310 2330 3453 2385; x_wconf 89' lang='lat' dir='ltr'>Ecce</span> <span class='ocrx_word' id='word_1_624' title='bbox 3512 2349 3687 2404; x_wconf 88' lang='lat' dir='ltr'>para-</span> 
     </span>
    </p>
   </div>
   <div class='ocr_carea' id='block_1_86' title="bbox 2032 2416 3688 2479">
    <p class='ocr_par' dir='ltr' id='par_1_86' title="bbox 2032 2416 3688 2479">
     <span class='ocr_line' id='line_1_87' title="bbox 2032 2416 3688 2479; baseline 0.005 -9"><span class='ocrx_word' id='word_1_625' title='bbox 2032 2421 2127 2470; x_wconf 91' lang='lat' dir='ltr'>tur</span> <span class='ocrx_word' id='word_1_626' title='bbox 2157 2416 2627 2472; x_wconf 80' lang='lat' dir='ltr'>altorinimicus.</span> <span class='ocrx_word' id='word_1_627' title='bbox 2660 2418 2802 2473; x_wconf 86' lang='lat' dir='ltr'>Nam</span> <span class='ocrx_word' id='word_1_628' title='bbox 2835 2434 2964 2471; x_wconf 84' lang='lat' dir='ltr'>eum</span> <span class='ocrx_word' id='word_1_629' title='bbox 3026 2436 3141 2473; x_wconf 90' lang='lat' dir='ltr'>non</span> <span class='ocrx_word' id='word_1_630' title='bbox 3200 2417 3475 2476; x_wconf 90' lang='lat' dir='ltr'>habueris</span> <span class='ocrx_word' id='word_1_631' title='bbox 3532 2424 3688 2479; x_wconf 90' lang='lat' dir='ltr'>unde</span> 
     </span>
    </p>
   </div>
   <div class='ocr_carea' id='block_1_87' title="bbox 2032 2505 3691 2577">
    <p class='ocr_par' dir='ltr' id='par_1_87' title="bbox 2032 2505 3691 2577">
     <span class='ocr_line' id='line_1_88' title="bbox 2032 2505 3691 2577; baseline 0.005 -18"><span class='ocrx_word' id='word_1_632' title='bbox 2032 2506 2294 2560; x_wconf 90' lang='lat' dir='ltr'>debitum</span> <span class='ocrx_word' id='word_1_633' title='bbox 2338 2505 2548 2572; x_wconf 86' lang='lat' dir='ltr'>solvas,</span> <span class='ocrx_word' id='word_1_634' title='bbox 2582 2505 2677 2560; x_wconf 90' lang='lat' dir='ltr'>ille</span> <span class='ocrx_word' id='word_1_635' title='bbox 2711 2524 2812 2577; x_wconf 89' lang='lat' dir='ltr'>pro</span> <span class='ocrx_word' id='word_1_636' title='bbox 2844 2511 2896 2560; x_wconf 92' lang='lat' dir='ltr'>te</span> <span class='ocrx_word' id='word_1_637' title='bbox 2930 2507 3235 2563; x_wconf 89' lang='lat' dir='ltr'>tenebitur.</span> <span class='ocrx_word' id='word_1_638' title='bbox 3294 2508 3578 2567; x_wconf 84' lang='lat' dir='ltr'>Inveniris</span> <span class='ocrx_word' id='word_1_639' title='bbox 3632 2511 3691 2567; x_wconf 90' lang='lat' dir='ltr'>in</span> 
     </span>
    </p>
   </div>
   <div class='ocr_carea' id='block_1_88' title="bbox 2031 2592 3684 2671">
    <p class='ocr_par' dir='ltr' id='par_1_88' title="bbox 2031 2592 3684 2671">
     <span class='ocr_line' id='line_1_89' title="bbox 2031 2592 3684 2671; baseline 0.004 -22"><span class='ocrx_word' id='word_1_640' title='bbox 2031 2612 2096 2649; x_wconf 86' lang='lat' dir='ltr'>en</span> <span class='ocrx_word' id='word_1_641' title='bbox 2128 2594 2551 2649; x_wconf 80' lang='lat' dir='ltr'>circumventor</span> <span class='ocrx_word' id='word_1_642' title='bbox 2578 2597 2635 2648; x_wconf 89' lang='lat' dir='ltr'>et</span> <span class='ocrx_word' id='word_1_643' title='bbox 2666 2592 2858 2661; x_wconf 84' lang='lat' dir='ltr'>fallax,</span> <span class='ocrx_word' id='word_1_644' title='bbox 2893 2596 2990 2666; x_wconf 91' lang='lat' dir='ltr'>qui</span> <span class='ocrx_word' id='word_1_645' title='bbox 3051 2596 3305 2650; x_wconf 91' lang='lat' dir='ltr'>amicum</span> <span class='ocrx_word' id='word_1_646' title='bbox 3366 2598 3684 2671; x_wconf 86' lang='lat' dir='ltr'>deceperis.</span> 
     </span>
    </p>
   </div>
   <div class='ocr_carea' id='block_1_89' title="bbox 2032 2682 3683 2754">
    <p class='ocr_par' dir='ltr' id='par_1_89' title="bbox 2032 2682 3683 2754">
     <span class='ocr_line' id='line_1_90' title="bbox 2032 2682 3683 2754; baseline 0.003 -16"><span class='ocrx_word' id='word_1_647' title='bbox 2032 2683 2133 2738; x_wconf 90' lang='lat' dir='ltr'>Ille</span> <span class='ocrx_word' id='word_1_648' title='bbox 2165 2683 2501 2751; x_wconf 85' lang='lat' dir='ltr'>nudabitur,</span> <span class='ocrx_word' id='word_1_649' title='bbox 2536 2682 2630 2738; x_wconf 89' lang='lat' dir='ltr'>ille</span> <span class='ocrx_word' id='word_1_650' title='bbox 2661 2700 2763 2754; x_wconf 85' lang='lat' dir='ltr'>pro</span> <span class='ocrx_word' id='word_1_651' title='bbox 2786 2687 2841 2738; x_wconf 88' lang='lat' dir='ltr'>te</span> <span class='ocrx_word' id='word_1_652' title='bbox 2864 2683 2922 2737; x_wconf 91' lang='lat' dir='ltr'>in</span> <span class='ocrx_word' id='word_1_653' title='bbox 2942 2682 3172 2738; x_wconf 88' lang='lat' dir='ltr'>vincula</span> <span class='ocrx_word' id='word_1_654' title='bbox 3196 2685 3482 2741; x_wconf 89' lang='lat' dir='ltr'>ducetur:</span> <span class='ocrx_word' id='word_1_655' title='bbox 3518 2687 3683 2743; x_wconf 88' lang='lat' dir='ltr'>illum</span> 
     </span>
    </p>
   </div>
   <div class='ocr_carea' id='block_1_90' title="bbox 2032 2772 3688 2849">
    <p class='ocr_par' dir='ltr' id='par_1_90' title="bbox 2032 2772 3688 2849">
     <span class='ocr_line' id='line_1_91' title="bbox 2032 2772 3688 2849; baseline 0.005 -24"><span class='ocrx_word' id='word_1_656' title='bbox 2032 2773 2350 2843; x_wconf 87' lang='lat' dir='ltr'>graviorem</span> <span class='ocrx_word' id='word_1_657' title='bbox 2386 2776 2709 2826; x_wconf 82' lang='lat' dir='ltr'>exactorem</span> <span class='ocrx_word' id='word_1_658' title='bbox 2746 2772 3031 2827; x_wconf 87' lang='lat' dir='ltr'>creditore</span> <span class='ocrx_word' id='word_1_659' title='bbox 3063 2774 3302 2844; x_wconf 86' lang='lat' dir='ltr'>patieris</span> <span class='ocrx_word' id='word_1_660' title='bbox 3324 2774 3421 2844; x_wconf 89' lang='lat' dir='ltr'>qui</span> <span class='ocrx_word' id='word_1_661' title='bbox 3455 2774 3688 2849; x_wconf 87' lang='lat' dir='ltr'>allegat:</span> 
     </span>
    </p>
   </div>
   <div class='ocr_carea' id='block_1_91' title="bbox 2032 2859 3691 2933">
    <p class='ocr_par' dir='ltr' id='par_1_91' title="bbox 2032 2859 3691 2933">
     <span class='ocr_line' id='line_1_92' title="bbox 2032 2859 3691 2933; baseline 0.004 -19"><span class='ocrx_word' id='word_1_662' title='bbox 2032 2859 2270 2914; x_wconf 89' lang='lat' dir='ltr'>stimula</span> <span class='ocrx_word' id='word_1_663' title='bbox 2301 2860 2481 2915; x_wconf 82' lang='lat' dir='ltr'>civem</span> <span class='ocrx_word' id='word_1_664' title='bbox 2513 2864 2679 2914; x_wconf 90' lang='lat' dir='ltr'>tuum</span> <span class='ocrx_word' id='word_1_665' title='bbox 2715 2877 2886 2931; x_wconf 88' lang='lat' dir='ltr'>quem</span> <span class='ocrx_word' id='word_1_666' title='bbox 2922 2862 3308 2933; x_wconf 79' lang='lat' dir='ltr'>spopondisti.</span> <span class='ocrx_word' id='word_1_667' title='bbox 3345 2863 3428 2918; x_wconf 90' lang='lat' dir='ltr'>Ita</span> <span class='ocrx_word' id='word_1_668' title='bbox 3468 2865 3569 2919; x_wconf 82' lang='lat' dir='ltr'>fiet</span> <span class='ocrx_word' id='word_1_669' title='bbox 3626 2871 3691 2921; x_wconf 90' lang='lat' dir='ltr'>ut</span> 
     </span>
    </p>
   </div>
   <div class='ocr_carea' id='block_1_92' title="bbox 2032 2948 3690 3023">
    <p class='ocr_par' dir='ltr' id='par_1_92' title="bbox 2032 2948 3690 3023">
     <span class='ocr_line' id='line_1_93' title="bbox 2032 2948 3690 3023; baseline 0.005 -22"><span class='ocrx_word' id='word_1_670' title='bbox 2032 2948 2156 3019; x_wconf 83' lang='lat' dir='ltr'>ipse</span> <span class='ocrx_word' id='word_1_671' title='bbox 2187 2965 2417 3019; x_wconf 82' lang='lat' dir='ltr'>quoque</span> <span class='ocrx_word' id='word_1_672' title='bbox 2448 2965 2575 3003; x_wconf 90' lang='lat' dir='ltr'>esse</span> <span class='ocrx_word' id='word_1_673' title='bbox 2619 2948 2865 3019; x_wconf 82' lang='lat' dir='ltr'>incipias</span> <span class='ocrx_word' id='word_1_674' title='bbox 2923 2949 3210 3019; x_wconf 79' lang='lat' dir='ltr'>ingratus,</span> <span class='ocrx_word' id='word_1_675' title='bbox 3270 2955 3326 3006; x_wconf 89' lang='lat' dir='ltr'>et</span> <span class='ocrx_word' id='word_1_676' title='bbox 3384 2958 3690 3023; x_wconf 63' lang='lat' dir='ltr'>prietereas</span> 
     </span>
    </p>
   </div>
   <div class='ocr_carea' id='block_1_93' title="bbox 2031 3036 3693 3112">
    <p class='ocr_par' dir='ltr' id='par_1_93' title="bbox 2031 3036 3693 3112">
     <span class='ocr_line' id='line_1_94' title="bbox 2031 3036 3693 3112; baseline 0.006 -23"><span class='ocrx_word' id='word_1_677' title='bbox 2031 3036 2175 3092; x_wconf 88' lang='lat' dir='ltr'>illud</span> <span class='ocrx_word' id='word_1_678' title='bbox 2209 3038 2365 3108; x_wconf 87' lang='lat' dir='ltr'>quod</span> <span class='ocrx_word' id='word_1_679' title='bbox 2397 3037 2683 3109; x_wconf 89' lang='lat' dir='ltr'>scriptum</span> <span class='ocrx_word' id='word_1_680' title='bbox 2715 3042 2803 3092; x_wconf 89' lang='lat' dir='ltr'>est</span> <span class='ocrx_word' id='word_1_681' title='bbox 2831 3056 2843 3093; x_wconf 94' lang='lat'>:</span> <span class='ocrx_word' id='word_1_682' title='bbox 2877 3062 2903 3087; x_wconf 79' lang='grc' dir='ltr'><em>υ</em></span> <span class='ocrx_word' id='word_1_683' title='bbox 2938 3038 3198 3094; x_wconf 80' lang='lat' dir='ltr'>Gratiam</span> <span class='ocrx_word' id='word_1_684' title='bbox 3251 3042 3693 3112; x_wconf 85' lang='lat' dir='ltr'>reprcmissoris</span> 
     </span>
    </p>
   </div>
   <div class='ocr_carea' id='block_1_94' title="bbox 2030 3125 3693 3203">
    <p class='ocr_par' dir='ltr' id='par_1_94' title="bbox 2030 3125 3693 3203">
     <span class='ocr_line' id='line_1_95' title="bbox 2030 3125 3693 3203; baseline 0.005 -23"><span class='ocrx_word' id='word_1_685' title='bbox 2030 3144 2102 3181; x_wconf 90' lang='lat' dir='ltr'>ne</span> <span class='ocrx_word' id='word_1_686' title='bbox 2128 3125 2677 3191; x_wconf 80' lang='lat' dir='ltr'>obliviscaris;dedit</span> <span class='ocrx_word' id='word_1_687' title='bbox 2699 3126 2851 3181; x_wconf 89' lang='lat' dir='ltr'>enim</span> <span class='ocrx_word' id='word_1_688' title='bbox 2872 3144 2974 3198; x_wconf 89' lang='lat' dir='ltr'>pro</span> <span class='ocrx_word' id='word_1_689' title='bbox 2992 3131 3048 3182; x_wconf 85' lang='lat' dir='ltr'>te</span> <span class='ocrx_word' id='word_1_690' title='bbox 3071 3128 3328 3184; x_wconf 87' lang='lat' dir='ltr'>animam</span> <span class='ocrx_word' id='word_1_691' title='bbox 3353 3130 3566 3187; x_wconf 90' lang='lat' dir='ltr'>bonam</span> <span class='ocrx_word' id='word_1_692' title='bbox 3581 3134 3693 3203; x_wconf 66' lang='lat'>(64)</span> 
     </span>
    </p>
   </div>
   <div class='ocr_carea' id='block_1_95' title="bbox 1958 3215 3692 3305">
    <p class='ocr_par' dir='ltr' id='par_1_95' title="bbox 1958 3215 3692 3305">
     <span class='ocr_line' id='line_1_96' title="bbox 1958 3215 3692 3305; baseline 0.004 -35"><span class='ocrx_word' id='word_1_693' title='bbox 1958 3240 1999 3305; x_wconf 80' lang='lat' dir='ltr'>C</span> <span class='ocrx_word' id='word_1_694' title='bbox 2040 3216 2228 3286; x_wconf 84' lang='lat' dir='ltr'>(Eccli.</span> <span class='ocrx_word' id='word_1_695' title='bbox 2262 3232 2413 3281; x_wconf 70' lang='lat' dir='ltr'>xxxx,</span> <span class='ocrx_word' id='word_1_696' title='bbox 2444 3216 2555 3286; x_wconf 81' lang='lat'>20).</span> <span class='ocrx_word' id='word_1_697' title='bbox 2591 3237 2619 3264; x_wconf 85' lang='grc'><strong>››</strong></span> <span class='ocrx_word' id='word_1_698' title='bbox 2650 3215 2897 3272; x_wconf 87' lang='lat' dir='ltr'>Necesse</span> <span class='ocrx_word' id='word_1_699' title='bbox 2926 3221 3017 3271; x_wconf 88' lang='lat' dir='ltr'>est</span> <span class='ocrx_word' id='word_1_700' title='bbox 3072 3215 3230 3273; x_wconf 85' lang='lat' dir='ltr'>dicas</span> <span class='ocrx_word' id='word_1_701' title='bbox 3265 3235 3278 3273; x_wconf 93' lang='lat'>:</span> <span class='ocrx_word' id='word_1_702' title='bbox 3336 3220 3479 3285; x_wconf 90' lang='lat' dir='ltr'>Quis</span> <span class='ocrx_word' id='word_1_703' title='bbox 3537 3222 3692 3277; x_wconf 89' lang='lat' dir='ltr'>enim</span> 
     </span>
    </p>
   </div>
   <div class='ocr_carea' id='block_1_96' title="bbox 2038 3303 3691 3376">
    <p class='ocr_par' dir='ltr' id='par_1_96' title="bbox 2038 3303 3691 3376">
     <span class='ocr_line' id='line_1_97' title="bbox 2038 3303 3691 3376; baseline 0.004 -19"><span class='ocrx_word' id='word_1_704' title='bbox 2038 3308 2093 3357; x_wconf 86' lang='lat' dir='ltr'>te</span> <span class='ocrx_word' id='word_1_705' title='bbox 2124 3304 2417 3376; x_wconf 68' lang='lat' dir='ltr'>qumrebat</span> <span class='ocrx_word' id='word_1_706' title='bbox 2450 3303 2621 3358; x_wconf 83' lang='lat' dir='ltr'>fidem</span> <span class='ocrx_word' id='word_1_707' title='bbox 2652 3304 2842 3359; x_wconf 89' lang='lat' dir='ltr'>dicere</span> <span class='ocrx_word' id='word_1_708' title='bbox 2864 3304 2892 3357; x_wconf 88' lang='lat'><strong>?</strong></span> <span class='ocrx_word' id='word_1_709' title='bbox 2920 3304 3064 3359; x_wconf 88' lang='lat' dir='ltr'>Nam</span> <span class='ocrx_word' id='word_1_710' title='bbox 3091 3305 3201 3359; x_wconf 90' lang='lat' dir='ltr'>nisi</span> <span class='ocrx_word' id='word_1_711' title='bbox 3224 3310 3286 3361; x_wconf 91' lang='lat' dir='ltr'>tu</span> <span class='ocrx_word' id='word_1_712' title='bbox 3316 3306 3491 3363; x_wconf 81' lang='lat' dir='ltr'>fidem</span> <span class='ocrx_word' id='word_1_713' title='bbox 3514 3308 3691 3365; x_wconf 85' lang='lat' dir='ltr'>dixis-</span> 
     </span>
    </p>
   </div>
   <div class='ocr_carea' id='block_1_97' title="bbox 2036 3392 3693 3464">
    <p class='ocr_par' dir='ltr' id='par_1_97' title="bbox 2036 3392 3693 3464">
     <span class='ocr_line' id='line_1_98' title="bbox 2036 3392 3693 3464; baseline 0.003 -16"><span class='ocrx_word' id='word_1_714' title='bbox 2036 3408 2152 3457; x_wconf 88' lang='lat' dir='ltr'>ses,</span> <span class='ocrx_word' id='word_1_715' title='bbox 2184 3409 2288 3464; x_wconf 80' lang='lat' dir='ltr'>ego</span> <span class='ocrx_word' id='word_1_716' title='bbox 2324 3409 2437 3446; x_wconf 89' lang='lat' dir='ltr'>non</span> <span class='ocrx_word' id='word_1_717' title='bbox 2470 3392 2824 3464; x_wconf 89' lang='lat' dir='ltr'>accepissem</span> <span class='ocrx_word' id='word_1_718' title='bbox 2860 3393 3188 3464; x_wconf 88' lang='lat' dir='ltr'>pecuniam.</span> <span class='ocrx_word' id='word_1_719' title='bbox 3224 3395 3565 3452; x_wconf 88' lang='lat' dir='ltr'>Adulteram</span> <span class='ocrx_word' id='word_1_720' title='bbox 3599 3415 3693 3453; x_wconf 87' lang='lat' dir='ltr'>ac-</span> 
     </span>
    </p>
   </div>
   <div class='ocr_carea' id='block_1_98' title="bbox 2037 3481 3690 3553">
    <p class='ocr_par' dir='ltr' id='par_1_98' title="bbox 2037 3481 3690 3553">
     <span class='ocr_line' id='line_1_99' title="bbox 2037 3481 3690 3553; baseline 0.003 -17"><span class='ocrx_word' id='word_1_721' title='bbox 2037 3482 2157 3553; x_wconf 91' lang='lat' dir='ltr'>cepi</span> <span class='ocrx_word' id='word_1_722' title='bbox 2193 3481 2519 3553; x_wconf 86' lang='lat' dir='ltr'>pecuniam,</span> <span class='ocrx_word' id='word_1_723' title='bbox 2553 3499 2629 3535; x_wconf 75' lang='lat' dir='ltr'>(BS</span> <span class='ocrx_word' id='word_1_724' title='bbox 2662 3499 2803 3536; x_wconf 87' lang='lat' dir='ltr'>auro</span> <span class='ocrx_word' id='word_1_725' title='bbox 2834 3482 3153 3537; x_wconf 91' lang='lat' dir='ltr'>admistum</span> <span class='ocrx_word' id='word_1_726' title='bbox 3188 3483 3331 3538; x_wconf 91' lang='lat' dir='ltr'>mihi</span> <span class='ocrx_word' id='word_1_727' title='bbox 3364 3485 3543 3541; x_wconf 82' lang='lat' dir='ltr'>dedit:</span> <span class='ocrx_word' id='word_1_728' title='bbox 3578 3487 3690 3541; x_wconf 85' lang='lat' dir='ltr'>uti-</span> 
     </span>
    </p>
   </div>
   <div class='ocr_carea' id='block_1_99' title="bbox 2038 3569 3695 3631">
    <p class='ocr_par' dir='ltr' id='par_1_99' title="bbox 2038 3569 3695 3631">
     <span class='ocr_line' id='line_1_100' title="bbox 2038 3569 3695 3631; baseline 0.004 -6"><span class='ocrx_word' id='word_1_729' title='bbox 2038 3587 2173 3625; x_wconf 87' lang='lat' dir='ltr'>nam</span> <span class='ocrx_word' id='word_1_730' title='bbox 2206 3576 2259 3625; x_wconf 91' lang='lat' dir='ltr'>te</span> <span class='ocrx_word' id='word_1_731' title='bbox 2290 3587 2402 3624; x_wconf 89' lang='lat' dir='ltr'>non</span> <span class='ocrx_word' id='word_1_732' title='bbox 2436 3569 2783 3625; x_wconf 83' lang='lat' dir='ltr'>obtulisses!</span> <span class='ocrx_word' id='word_1_733' title='bbox 2824 3571 3087 3628; x_wconf 78' lang='lat' dir='ltr'>Fortasse</span> <span class='ocrx_word' id='word_1_734' title='bbox 3120 3573 3372 3628; x_wconf 89' lang='lat' dir='ltr'>creditor</span> <span class='ocrx_word' id='word_1_735' title='bbox 3402 3577 3458 3630; x_wconf 89' lang='lat' dir='ltr'>te</span> <span class='ocrx_word' id='word_1_736' title='bbox 3489 3576 3695 3631; x_wconf 90' lang='lat' dir='ltr'>subor-</span> 
     </span>
    </p>
   </div>
   <div class='ocr_carea' id='block_1_100' title="bbox 2036 3657 2719 3723">
    <p class='ocr_par' dir='ltr' id='par_1_100' title="bbox 2036 3657 2719 3723">
     <span class='ocr_line' id='line_1_101' title="bbox 2036 3657 2719 3723; baseline 0 -11"><span class='ocrx_word' id='word_1_737' title='bbox 2036 3659 2277 3723; x_wconf 86' lang='lat' dir='ltr'>dinavit,</span> <span class='ocrx_word' id='word_1_738' title='bbox 2308 3657 2395 3712; x_wconf 90' lang='lat' dir='ltr'>vel</span> <span class='ocrx_word' id='word_1_739' title='bbox 2426 3662 2489 3713; x_wconf 87' lang='lat' dir='ltr'>tu</span> <span class='ocrx_word' id='word_1_740' title='bbox 2529 3658 2719 3713; x_wconf 90' lang='lat' dir='ltr'>illum.</span> 
     </span>
    </p>
   </div>
   <div class='ocr_carea' id='block_1_101' title="bbox 2109 3790 3694 3865">
    <p class='ocr_par' dir='ltr' id='par_1_101' title="bbox 2109 3790 3694 3865">
     <span class='ocr_line' id='line_1_102' title="bbox 2109 3790 3694 3865; baseline 0.006 -20"><span class='ocrx_word' id='word_1_741' title='bbox 2109 3794 2193 3848; x_wconf 84' lang='lat'>90.</span> <span class='ocrx_word' id='word_1_742' title='bbox 2230 3792 2377 3863; x_wconf 86' lang='lat' dir='ltr'>Ergo</span> <span class='ocrx_word' id='word_1_743' title='bbox 2407 3807 2542 3847; x_wconf 89' lang='lat' dir='ltr'>cave</span> <span class='ocrx_word' id='word_1_744' title='bbox 2574 3807 2645 3846; x_wconf 91' lang='lat' dir='ltr'>ne</span> <span class='ocrx_word' id='word_1_745' title='bbox 2685 3790 2874 3847; x_wconf 88' lang='lat' dir='ltr'>alieno</span> <span class='ocrx_word' id='word_1_746' title='bbox 2932 3797 2986 3847; x_wconf 90' lang='lat' dir='ltr'>te</span> <span class='ocrx_word' id='word_1_747' title='bbox 3042 3792 3265 3865; x_wconf 86' lang='lat' dir='ltr'>obliges</span> <span class='ocrx_word' id='word_1_748' title='bbox 3320 3795 3559 3863; x_wconf 85' lang='lat' dir='ltr'>debito;</span> <span class='ocrx_word' id='word_1_749' title='bbox 3620 3814 3694 3854; x_wconf 87' lang='lat' dir='ltr'>ne</span> 
     </span>
    </p>
   </div>
   <div class='ocr_carea' id='block_1_102' title="bbox 2038 3880 3694 3953">
    <p class='ocr_par' dir='ltr' id='par_1_102' title="bbox 2038 3880 3694 3953">
     <span class='ocr_line' id='line_1_103' title="bbox 2038 3880 3694 3953; baseline 0.003 -17"><span class='ocrx_word' id='word_1_750' title='bbox 2038 3882 2147 3937; x_wconf 89' lang='lat' dir='ltr'>hoc</span> <span class='ocrx_word' id='word_1_751' title='bbox 2179 3898 2409 3953; x_wconf 89' lang='lat' dir='ltr'>quoque</span> <span class='ocrx_word' id='word_1_752' title='bbox 2440 3880 2770 3935; x_wconf 87' lang='lat' dir='ltr'>vendidisse</span> <span class='ocrx_word' id='word_1_753' title='bbox 2801 3880 3014 3948; x_wconf 83' lang='lat' dir='ltr'>dicaris</span> <span class='ocrx_word' id='word_1_754' title='bbox 3044 3898 3056 3935; x_wconf 92' lang='lat'>:</span> <span class='ocrx_word' id='word_1_755' title='bbox 3094 3898 3164 3935; x_wconf 90' lang='lat' dir='ltr'>ne</span> <span class='ocrx_word' id='word_1_756' title='bbox 3195 3882 3242 3935; x_wconf 90' lang='lat' dir='ltr'>si</span> <span class='ocrx_word' id='word_1_757' title='bbox 3276 3884 3417 3953; x_wconf 92' lang='lat' dir='ltr'>quid</span> <span class='ocrx_word' id='word_1_758' title='bbox 3468 3885 3594 3951; x_wconf 89' lang='lat' dir='ltr'>tibi,</span> <span class='ocrx_word' id='word_1_759' title='bbox 3630 3892 3694 3941; x_wconf 91' lang='lat' dir='ltr'>ut</span> 
     </span>
    </p>
   </div>
   <div class='ocr_carea' id='block_1_103' title="bbox 2039 3968 3692 4044">
    <p class='ocr_par' dir='ltr' id='par_1_103' title="bbox 2039 3968 3692 4044">
     <span class='ocr_line' id='line_1_104' title="bbox 2039 3968 3692 4044; baseline 0.002 -19"><span class='ocrx_word' id='word_1_760' title='bbox 2039 3971 2214 4025; x_wconf 88' lang='lat' dir='ltr'>habet</span> <span class='ocrx_word' id='word_1_761' title='bbox 2244 3987 2387 4025; x_wconf 89' lang='lat' dir='ltr'>usus</span> <span class='ocrx_word' id='word_1_762' title='bbox 2419 3968 2707 4035; x_wconf 63' lang='lat' dir='ltr'>amicitiae,</span> <span class='ocrx_word' id='word_1_763' title='bbox 2741 3968 2967 4024; x_wconf 90' lang='lat' dir='ltr'>debitor</span> <span class='ocrx_word' id='word_1_764' title='bbox 2996 3970 3220 4025; x_wconf 89' lang='lat' dir='ltr'>dederit</span> <span class='ocrx_word' id='word_1_765' title='bbox 3248 3971 3449 4041; x_wconf 76' lang='lat' dir='ltr'>gratiae</span> <span class='ocrx_word' id='word_1_766' title='bbox 3479 3974 3612 4044; x_wconf 86' lang='lat'>(65),</span> <span class='ocrx_word' id='word_1_767' title='bbox 3638 3978 3692 4029; x_wconf 88' lang='lat' dir='ltr'>to</span> 
     </span>
    </p>
   </div>
   <div class='ocr_carea' id='block_1_104' title="bbox 2037 4057 3689 4126">
    <p class='ocr_par' dir='ltr' id='par_1_104' title="bbox 2037 4057 3689 4126">
     <span class='ocr_line' id='line_1_105' title="bbox 2037 4057 3689 4126; baseline 0.001 -12"><span class='ocrx_word' id='word_1_768' title='bbox 2037 4059 2299 4114; x_wconf 88' lang='lat' dir='ltr'>videatur</span> <span class='ocrx_word' id='word_1_769' title='bbox 2352 4058 2586 4114; x_wconf 86' lang='lat' dir='ltr'>emisse.</span> <span class='ocrx_word' id='word_1_770' title='bbox 2643 4060 2761 4113; x_wconf 86' lang='lat' dir='ltr'>Aut</span> <span class='ocrx_word' id='word_1_771' title='bbox 2816 4058 2865 4113; x_wconf 90' lang='lat' dir='ltr'>si</span> <span class='ocrx_word' id='word_1_772' title='bbox 2921 4058 3009 4113; x_wconf 89' lang='lat' dir='ltr'>vis</span> <span class='ocrx_word' id='word_1_773' title='bbox 3076 4057 3443 4126; x_wconf 87' lang='lat' dir='ltr'>intervenire,</span> <span class='ocrx_word' id='word_1_774' title='bbox 3499 4076 3689 4116; x_wconf 86' lang='lat' dir='ltr'>move-</span> 
     </span>
    </p>
   </div>
   <div class='ocr_carea' id='block_1_105' title="bbox 2038 4148 3688 4222">
    <p class='ocr_par' dir='ltr' id='par_1_105' title="bbox 2038 4148 3688 4222">
     <span class='ocr_line' id='line_1_106' title="bbox 2038 4148 3688 4222; baseline 0.002 -19"><span class='ocrx_word' id='word_1_775' title='bbox 2038 4149 2119 4205; x_wconf 91' lang='lat' dir='ltr'>ris</span> <span class='ocrx_word' id='word_1_776' title='bbox 2168 4148 2339 4203; x_wconf 86' lang='lat' dir='ltr'>amici</span> <span class='ocrx_word' id='word_1_777' title='bbox 2409 4149 2748 4203; x_wconf 88' lang='lat' dir='ltr'>obsecratus</span> <span class='ocrx_word' id='word_1_778' title='bbox 2814 4148 3014 4213; x_wconf 86' lang='lat' dir='ltr'>oratis,</span> <span class='ocrx_word' id='word_1_779' title='bbox 3081 4148 3376 4204; x_wconf 90' lang='lat' dir='ltr'>erubescis</span> <span class='ocrx_word' id='word_1_780' title='bbox 3434 4166 3688 4222; x_wconf 86' lang='lat' dir='ltr'>negare:</span> 
     </span>
    </p>
   </div>
   <div class='ocr_carea' id='block_1_106' title="bbox 2038 4235 3694 4305">
    <p class='ocr_par' dir='ltr' id='par_1_106' title="bbox 2038 4235 3694 4305">
     <span class='ocr_line' id='line_1_107' title="bbox 2038 4235 3694 4305; baseline 0.001 -13"><span class='ocrx_word' id='word_1_781' title='bbox 2038 4239 2119 4294; x_wconf 90' lang='lat' dir='ltr'>ita</span> <span class='ocrx_word' id='word_1_782' title='bbox 2186 4237 2487 4305; x_wconf 85' lang='lat' dir='ltr'>interveni,</span> <span class='ocrx_word' id='word_1_783' title='bbox 2551 4241 2612 4291; x_wconf 93' lang='lat' dir='ltr'>ut</span> <span class='ocrx_word' id='word_1_784' title='bbox 2643 4237 2691 4291; x_wconf 92' lang='lat' dir='ltr'>si</span> <span class='ocrx_word' id='word_1_785' title='bbox 2733 4236 2926 4292; x_wconf 89' lang='lat' dir='ltr'>debito</span> <span class='ocrx_word' id='word_1_786' title='bbox 2979 4235 3255 4292; x_wconf 85' lang='lat' dir='ltr'>solvendo</span> <span class='ocrx_word' id='word_1_787' title='bbox 3306 4254 3420 4292; x_wconf 91' lang='lat' dir='ltr'>non</span> <span class='ocrx_word' id='word_1_788' title='bbox 3511 4238 3694 4295; x_wconf 88' lang='lat' dir='ltr'>fuerit</span> 
     </span>
    </p>
   </div>
   <div class='ocr_carea' id='block_1_107' title="bbox 2037 4325 3691 4399">
    <p class='ocr_par' dir='ltr' id='par_1_107' title="bbox 2037 4325 3691 4399">
     <span class='ocr_line' id='line_1_108' title="bbox 2037 4325 3691 4399; baseline 0.001 -18"><span class='ocrx_word' id='word_1_789' title='bbox 2037 4328 2106 4383; x_wconf 87' lang='lat' dir='ltr'>de</span> <span class='ocrx_word' id='word_1_790' title='bbox 2172 4333 2273 4382; x_wconf 88' lang='lat' dir='ltr'>tuo</span> <span class='ocrx_word' id='word_1_791' title='bbox 2331 4326 2558 4382; x_wconf 86' lang='lat' dir='ltr'>noveris</span> <span class='ocrx_word' id='word_1_792' title='bbox 2619 4343 2747 4382; x_wconf 87' lang='lat' dir='ltr'>esse</span> <span class='ocrx_word' id='word_1_793' title='bbox 2805 4325 3167 4382; x_wconf 84' lang='lat' dir='ltr'>solvendum.</span> <span class='ocrx_word' id='word_1_794' title='bbox 3241 4326 3303 4381; x_wconf 90' lang='lat' dir='ltr'>In</span> <span class='ocrx_word' id='word_1_795' title='bbox 3390 4326 3511 4382; x_wconf 84' lang='lat' dir='ltr'>haec</span> <span class='ocrx_word' id='word_1_796' title='bbox 3588 4344 3691 4399; x_wconf 87' lang='lat' dir='ltr'>pa-</span> 
     </span>
    </p>
   </div>
   <div class='ocr_carea' id='block_1_108' title="bbox 2036 4414 3693 4489">
    <p class='ocr_par' dir='ltr' id='par_1_108' title="bbox 2036 4414 3693 4489">
     <span class='ocr_line' id='line_1_109' title="bbox 2036 4414 3693 4489; baseline 0.001 -19"><span class='ocrx_word' id='word_1_797' title='bbox 2036 4421 2199 4472; x_wconf 89' lang='lat' dir='ltr'>ratus</span> <span class='ocrx_word' id='word_1_798' title='bbox 2230 4417 2457 4471; x_wconf 86' lang='lat' dir='ltr'>accede.</span> <span class='ocrx_word' id='word_1_799' title='bbox 2495 4415 2710 4485; x_wconf 88' lang='lat' dir='ltr'>Legisti</span> <span class='ocrx_word' id='word_1_800' title='bbox 2740 4415 2894 4469; x_wconf 88' lang='lat' dir='ltr'>enim</span> <span class='ocrx_word' id='word_1_801' title='bbox 2927 4433 2946 4468; x_wconf 81' lang='lat'>:</span> <span class='ocrx_word' id='word_1_802' title='bbox 2984 4438 3010 4465; x_wconf 83' lang='lat'><strong>«</strong></span> <span class='ocrx_word' id='word_1_803' title='bbox 3046 4414 3169 4469; x_wconf 87' lang='lat' dir='ltr'>Non</span> <span class='ocrx_word' id='word_1_804' title='bbox 3194 4416 3485 4487; x_wconf 74' lang='lat' dir='ltr'>spondeas</span> <span class='ocrx_word' id='word_1_805' title='bbox 3516 4433 3693 4489; x_wconf 89' lang='lat' dir='ltr'>super</span> 
     </span>
    </p>
   </div>
   <div class='ocr_carea' id='block_1_109' title="bbox 2035 4503 3691 4576">
    <p class='ocr_par' dir='ltr' id='par_1_109' title="bbox 2035 4503 3691 4576">
     <span class='ocr_line' id='line_1_110' title="bbox 2035 4503 3691 4576; baseline 0.001 -17"><span class='ocrx_word' id='word_1_806' title='bbox 2035 4506 2304 4560; x_wconf 86' lang='lat' dir='ltr'>virtutem</span> <span class='ocrx_word' id='word_1_807' title='bbox 2338 4509 2498 4559; x_wconf 86' lang='lat' dir='ltr'>tuam</span> <span class='ocrx_word' id='word_1_808' title='bbox 2527 4522 2538 4570; x_wconf 93' lang='lat'><strong>;</strong></span> <span class='ocrx_word' id='word_1_809' title='bbox 2572 4504 2615 4559; x_wconf 92' lang='lat' dir='ltr'>si</span> <span class='ocrx_word' id='word_1_810' title='bbox 2649 4505 2805 4559; x_wconf 90' lang='lat' dir='ltr'>enim</span> <span class='ocrx_word' id='word_1_811' title='bbox 2842 4503 3251 4575; x_wconf 87' lang='lat' dir='ltr'>spoponderis,</span> <span class='ocrx_word' id='word_1_812' title='bbox 3286 4506 3455 4576; x_wconf 85' lang='lat' dir='ltr'>qnasi</span> <span class='ocrx_word' id='word_1_813' title='bbox 3515 4504 3691 4561; x_wconf 89' lang='lat' dir='ltr'>resti-</span> 
     </span>
    </p>
   </div>
   <div class='ocr_carea' id='block_1_110' title="bbox 3479 4594 3691 4668">
    <p class='ocr_par' dir='ltr' id='par_1_110' title="bbox 3479 4594 3691 4668">
     <span class='ocr_line' id='line_1_111' title="bbox 3479 4594 3691 4668; baseline 0 -18"><span class='ocrx_word' id='word_1_814' title='bbox 3479 4594 3691 4668; x_wconf 86' lang='lat' dir='ltr'>Recipe</span> 
     </span>
    </p>
   </div>
   <div class='ocr_carea' id='block_1_111' title="bbox 2035 4681 3688 4754">
    <p class='ocr_par' dir='ltr' id='par_1_111' title="bbox 2035 4681 3688 4754">
     <span class='ocr_line' id='line_1_112' title="bbox 2035 4681 3688 4754; baseline 0 -17"><span class='ocrx_word' id='word_1_815' title='bbox 2035 4681 2364 4754; x_wconf 79' lang='lat' dir='ltr'>proxiuium</span> <span class='ocrx_word' id='word_1_816' title='bbox 2396 4681 2722 4736; x_wconf 88' lang='lat' dir='ltr'>secundum</span> <span class='ocrx_word' id='word_1_817' title='bbox 2752 4681 3027 4737; x_wconf 86' lang='lat' dir='ltr'>virtutem</span> <span class='ocrx_word' id='word_1_818' title='bbox 3056 4686 3239 4750; x_wconf 89' lang='lat' dir='ltr'>tuam,</span> <span class='ocrx_word' id='word_1_819' title='bbox 3274 4688 3332 4739; x_wconf 89' lang='lat' dir='ltr'>et</span> <span class='ocrx_word' id='word_1_820' title='bbox 3385 4684 3533 4739; x_wconf 73' lang='lat'>621</span> <span class='ocrx_word' id='word_1_821' title='bbox 3598 4689 3688 4737; x_wconf 89' lang='lat' dir='ltr'>at-</span> 
     </span>
    </p>
   </div>
   <div class='ocr_carea' id='block_1_112' title="bbox 2034 4770 3685 4841">
    <p class='ocr_par' dir='ltr' id='par_1_112' title="bbox 2034 4770 3685 4841">
     <span class='ocr_line' id='line_1_113' title="bbox 2034 4770 3685 4841; baseline 0 -16"><span class='ocrx_word' id='word_1_822' title='bbox 2034 4771 2206 4826; x_wconf 86' lang='lat' dir='ltr'>tende</span> <span class='ocrx_word' id='word_1_823' title='bbox 2234 4770 2338 4824; x_wconf 87' lang='lat' dir='ltr'>tibi</span> <span class='ocrx_word' id='word_1_824' title='bbox 2362 4786 2431 4824; x_wconf 92' lang='lat' dir='ltr'>ne</span> <span class='ocrx_word' id='word_1_825' title='bbox 2462 4770 2638 4825; x_wconf 88' lang='lat' dir='ltr'>cadas</span> <span class='ocrx_word' id='word_1_826' title='bbox 2670 4771 3017 4840; x_wconf 83' lang='lat' dir='ltr'>(Eeeli.xx1x,</span> <span class='ocrx_word' id='word_1_827' title='bbox 3066 4772 3180 4841; x_wconf 76' lang='lat'>27),</span> <span class='ocrx_word' id='word_1_828' title='bbox 3242 4795 3270 4819; x_wconf 84' lang='grc'><strong><em>››</em></strong></span> <span class='ocrx_word' id='word_1_829' title='bbox 3328 4771 3385 4824; x_wconf 91' lang='lat' dir='ltr'>id</span> <span class='ocrx_word' id='word_1_830' title='bbox 3443 4774 3553 4835; x_wconf 89' lang='lat' dir='ltr'>est,</span> <span class='ocrx_word' id='word_1_831' title='bbox 3614 4787 3685 4825; x_wconf 90' lang='lat' dir='ltr'>ne</span> 
     </span>
    </p>
   </div>
   <div class='ocr_carea' id='block_1_113' title="bbox 2032 4913 3684 4983">
    <p class='ocr_par' dir='ltr' id='par_1_113' title="bbox 2032 4913 3684 4983">
     <span class='ocr_line' id='line_1_114' title="bbox 2032 4913 3684 4983; baseline 0 -16"><span class='ocrx_word' id='word_1_832' title='bbox 2032 4913 2306 4967; x_wconf 68' lang='lat' dir='ltr'>erubescas</span> <span class='ocrx_word' id='word_1_833' title='bbox 2351 4928 2571 4983; x_wconf 85' lang='lat' dir='ltr'>negare,</span> <span class='ocrx_word' id='word_1_834' title='bbox 2631 4913 2796 4969; x_wconf 91' lang='lat' dir='ltr'>Rom.</span> <span class='ocrx_word' id='word_1_835' title='bbox 2829 4919 2884 4970; x_wconf 89' lang='lat' dir='ltr'>et</span> <span class='ocrx_word' id='word_1_836' title='bbox 2916 4931 3057 4977; x_wconf 90' lang='lat' dir='ltr'>mss,</span> <span class='ocrx_word' id='word_1_837' title='bbox 3089 4916 3321 4969; x_wconf 85' lang='lat' dir='ltr'>moveris</span> <span class='ocrx_word' id='word_1_838' title='bbox 3354 4955 3365 4966; x_wconf 93' lang='lat'>.</span> <span class='ocrx_word' id='word_1_839' title='bbox 3404 4955 3417 4967; x_wconf 94' lang='lat'>.</span> <span class='ocrx_word' id='word_1_840' title='bbox 3454 4954 3465 4964; x_wconf 95' lang='lat'>.</span> <span class='ocrx_word' id='word_1_841' title='bbox 3500 4913 3684 4967; x_wconf 85' lang='lat' dir='ltr'>erube-</span> 
     </span>
    </p>
   </div>
   <div class='ocr_carea' id='block_1_114' title="bbox 2032 4983 3681 5053">
    <p class='ocr_par' dir='ltr' id='par_1_114' title="bbox 2032 4983 3681 5053">
     <span class='ocr_line' id='line_1_115' title="bbox 2032 4983 3681 5053; baseline -0.001 -15"><span class='ocrx_word' id='word_1_842' title='bbox 2032 4999 2162 5049; x_wconf 85' lang='lat' dir='ltr'>sees,</span> <span class='ocrx_word' id='word_1_843' title='bbox 2194 4985 2444 5048; x_wconf 88' lang='lat' dir='ltr'>&#39;l‘huan.,</span> <span class='ocrx_word' id='word_1_844' title='bbox 2478 4985 2646 5039; x_wconf 90' lang='lat' dir='ltr'>Dion.</span> <span class='ocrx_word' id='word_1_845' title='bbox 2680 4991 2737 5040; x_wconf 89' lang='lat' dir='ltr'>et</span> <span class='ocrx_word' id='word_1_846' title='bbox 2767 4986 2951 5053; x_wconf 88' lang='lat' dir='ltr'>Colb.,</span> <span class='ocrx_word' id='word_1_847' title='bbox 2984 4986 3247 5041; x_wconf 69' lang='lat' dir='ltr'>erubescis</span> <span class='ocrx_word' id='word_1_848' title='bbox 3293 4996 3511 5053; x_wconf 70' lang='lat' dir='ltr'>negare.</span> <span class='ocrx_word' id='word_1_849' title='bbox 3577 4983 3681 5037; x_wconf 89' lang='lat' dir='ltr'>La-</span> 
     </span>
    </p>
   </div>
   <div class='ocr_carea' id='block_1_115' title="bbox 2034 5054 3682 5128">
    <p class='ocr_par' dir='ltr' id='par_1_115' title="bbox 2034 5054 3682 5128">
     <span class='ocr_line' id='line_1_116' title="bbox 2034 5054 3682 5128; baseline -0.001 -19"><span class='ocrx_word' id='word_1_850' title='bbox 2034 5055 2216 5110; x_wconf 89' lang='lat' dir='ltr'>tinius</span> <span class='ocrx_word' id='word_1_851' title='bbox 2248 5056 2482 5125; x_wconf 82' lang='lat' dir='ltr'>conjicit</span> <span class='ocrx_word' id='word_1_852' title='bbox 2505 5058 2925 5128; x_wconf 83' lang='lat' dir='ltr'>reponendum,</span> <span class='ocrx_word' id='word_1_853' title='bbox 2950 5074 3080 5111; x_wconf 82' lang='lat' dir='ltr'>nam</span> <span class='ocrx_word' id='word_1_854' title='bbox 3103 5055 3416 5128; x_wconf 62' lang='lat' dir='ltr'>aeriamiei</span> <span class='ocrx_word' id='word_1_855' title='bbox 3438 5054 3682 5109; x_wconf 79' lang='lat' dir='ltr'>obseera~</span> 
     </span>
    </p>
   </div>
   <div class='ocr_carea' id='block_1_116' title="bbox 2032 5124 3686 5199">
    <p class='ocr_par' dir='ltr' id='par_1_116' title="bbox 2032 5124 3686 5199">
     <span class='ocr_line' id='line_1_117' title="bbox 2032 5124 3686 5199; baseline -0.001 -18"><span class='ocrx_word' id='word_1_856' title='bbox 2032 5131 2165 5199; x_wconf 65' lang='lat' dir='ltr'>ius,</span> <span class='ocrx_word' id='word_1_857' title='bbox 2194 5132 2300 5182; x_wconf 88' lang='lat' dir='ltr'>etc.</span> <span class='ocrx_word' id='word_1_858' title='bbox 2338 5124 2698 5199; x_wconf 54' lang='lat' dir='ltr'>Verum&#39;ista</span> <span class='ocrx_word' id='word_1_859' title='bbox 2728 5130 3061 5199; x_wconf 87' lang='lat' dir='ltr'>conjectura</span> <span class='ocrx_word' id='word_1_860' title='bbox 3093 5124 3238 5181; x_wconf 91' lang='lat' dir='ltr'>nihil</span> <span class='ocrx_word' id='word_1_861' title='bbox 3271 5132 3360 5180; x_wconf 89' lang='lat' dir='ltr'>est</span> <span class='ocrx_word' id='word_1_862' title='bbox 3391 5141 3570 5199; x_wconf 77' lang='lat' dir='ltr'>Opus,</span> <span class='ocrx_word' id='word_1_863' title='bbox 3622 5131 3686 5180; x_wconf 92' lang='lat' dir='ltr'>ut</span> 
     </span>
    </p>
   </div>
   <div class='ocr_carea' id='block_1_117' title="bbox 2032 5197 3686 5271">
    <p class='ocr_par' dir='ltr' id='par_1_117' title="bbox 2032 5197 3686 5271">
     <span class='ocr_line' id='line_1_118' title="bbox 2032 5197 3686 5271; baseline -0.001 -19"><span class='ocrx_word' id='word_1_864' title='bbox 2032 5198 2359 5270; x_wconf 73' lang='lat' dir='ltr'>dispicienti</span> <span class='ocrx_word' id='word_1_865' title='bbox 2394 5198 2632 5271; x_wconf 88' lang='lat' dir='ltr'>planum</span> <span class='ocrx_word' id='word_1_866' title='bbox 2662 5202 2760 5255; x_wconf 84' lang='lat' dir='ltr'>ﬁet</span> <span class='ocrx_word' id='word_1_867' title='bbox 2780 5218 2797 5254; x_wconf 92' lang='lat'><em>:</em></span> <span class='ocrx_word' id='word_1_868' title='bbox 2823 5197 2994 5271; x_wconf 84' lang='lat' dir='ltr'>modo</span> <span class='ocrx_word' id='word_1_869' title='bbox 3016 5202 3148 5271; x_wconf 79' lang='lat' dir='ltr'>ante</span> <span class='ocrx_word' id='word_1_870' title='bbox 3168 5199 3342 5271; x_wconf 77' lang='lat' dir='ltr'>verba</span> <span class='ocrx_word' id='word_1_871' title='bbox 3361 5197 3686 5271; x_wconf 79' lang='lat' dir='ltr'>moveris,et</span> 
     </span>
    </p>
   </div>
   <div class='ocr_carea' id='block_1_118' title="bbox 2030 5267 3681 5341">
    <p class='ocr_par' dir='ltr' id='par_1_118' title="bbox 2030 5267 3681 5341">
     <span class='ocr_line' id='line_1_119' title="bbox 2030 5267 3681 5341; baseline -0.002 -16"><span class='ocrx_word' id='word_1_872' title='bbox 2030 5267 2300 5325; x_wconf 64' lang='lat' dir='ltr'>erubescis</span> <span class='ocrx_word' id='word_1_873' title='bbox 2357 5267 2763 5339; x_wconf 80' lang='lat' dir='ltr'>subintelligat</span> <span class='ocrx_word' id='word_1_874' title='bbox 2794 5268 3160 5341; x_wconf 76' lang='lat' dir='ltr'>particulam,</span> <span class='ocrx_word' id='word_1_875' title='bbox 3183 5270 3253 5334; x_wconf 89' lang='lat' dir='ltr'>si,</span> <span class='ocrx_word' id='word_1_876' title='bbox 3278 5267 3538 5341; x_wconf 78' lang='lat' dir='ltr'>Denique</span> <span class='ocrx_word' id='word_1_877' title='bbox 3558 5285 3681 5339; x_wconf 88' lang='lat' dir='ltr'>pro,</span> 
     </span>
    </p>
   </div>
   <div class='ocr_carea' id='block_1_119' title="bbox 2030 5339 3680 5412">
    <p class='ocr_par' dir='ltr' id='par_1_119' title="bbox 2030 5339 3680 5412">
     <span class='ocr_line' id='line_1_120' title="bbox 2030 5339 3680 5412; baseline -0.001 -17"><span class='ocrx_word' id='word_1_878' title='bbox 2030 5344 2079 5395; x_wconf 87' lang='lat' dir='ltr'>si</span> <span class='ocrx_word' id='word_1_879' title='bbox 2101 5344 2345 5396; x_wconf 83' lang='lat' dir='ltr'>debitum</span> <span class='ocrx_word' id='word_1_880' title='bbox 2373 5360 2484 5397; x_wconf 84' lang='lat' dir='ltr'>non</span> <span class='ocrx_word' id='word_1_881' title='bbox 2505 5344 2744 5397; x_wconf 85' lang='lat' dir='ltr'>solutum</span> <span class='ocrx_word' id='word_1_882' title='bbox 2764 5339 2952 5412; x_wconf 70' lang='lat' dir='ltr'>fuerit,</span> <span class='ocrx_word' id='word_1_883' title='bbox 2976 5346 3040 5393; x_wconf 92' lang='lat' dir='ltr'>ut</span> <span class='ocrx_word' id='word_1_884' title='bbox 3067 5340 3123 5394; x_wconf 90' lang='lat' dir='ltr'>in</span> <span class='ocrx_word' id='word_1_885' title='bbox 3143 5339 3415 5412; x_wconf 89' lang='lat' dir='ltr'>ant.edit.</span> <span class='ocrx_word' id='word_1_886' title='bbox 3440 5340 3680 5412; x_wconf 73' lang='lat' dir='ltr'>admss.</span> 
     </span>
    </p>
   </div>
   <div class='ocr_carea' id='block_1_120' title="bbox 2029 5410 3680 5482">
    <p class='ocr_par' dir='ltr' id='par_1_120' title="bbox 2029 5410 3680 5482">
     <span class='ocr_line' id='line_1_121' title="bbox 2029 5410 3680 5482; baseline -0.002 -14"><span class='ocrx_word' id='word_1_887' title='bbox 2029 5414 2260 5468; x_wconf 85' lang='lat' dir='ltr'>duobus</span> <span class='ocrx_word' id='word_1_888' title='bbox 2292 5414 2479 5482; x_wconf 78' lang='lat' dir='ltr'>legere</span> <span class='ocrx_word' id='word_1_889' title='bbox 2510 5419 2614 5479; x_wconf 88' lang='lat' dir='ltr'>est,</span> <span class='ocrx_word' id='word_1_890' title='bbox 2653 5410 2816 5466; x_wconf 77' lang='lat' dir='ltr'>Rom.</span> <span class='ocrx_word' id='word_1_891' title='bbox 2850 5416 2907 5465; x_wconf 91' lang='lat' dir='ltr'>et</span> <span class='ocrx_word' id='word_1_892' title='bbox 2938 5428 3087 5482; x_wconf 85' lang='lat' dir='ltr'>mss.</span> <span class='ocrx_word' id='word_1_893' title='bbox 3112 5411 3355 5465; x_wconf 85' lang='lat' dir='ltr'>totidem</span> <span class='ocrx_word' id='word_1_894' title='bbox 3387 5410 3680 5478; x_wconf 82' lang='lat' dir='ltr'>exhibent,</span> 
     </span>
    </p>
   </div>
   <div class='ocr_carea' id='block_1_121' title="bbox 2027 5481 3682 5552">
    <p class='ocr_par' dir='ltr' id='par_1_121' title="bbox 2027 5481 3682 5552">
     <span class='ocr_line' id='line_1_122' title="bbox 2027 5481 3682 5552; baseline -0.001 -13"><span class='ocrx_word' id='word_1_895' title='bbox 2027 5487 2079 5539; x_wconf 87' lang='lat' dir='ltr'>si</span> <span class='ocrx_word' id='word_1_896' title='bbox 2106 5485 2312 5540; x_wconf 83' lang='lat' dir='ltr'>debitor</span> <span class='ocrx_word' id='word_1_897' title='bbox 2339 5481 2593 5538; x_wconf 79' lang='lat' dir='ltr'>solvendo</span> <span class='ocrx_word' id='word_1_898' title='bbox 2618 5501 2721 5537; x_wconf 84' lang='lat' dir='ltr'>non</span> <span class='ocrx_word' id='word_1_899' title='bbox 2780 5485 2981 5552; x_wconf 56' lang='lat' dir='ltr'>fuerit:</span> <span class='ocrx_word' id='word_1_900' title='bbox 3041 5481 3140 5536; x_wconf 86' lang='lat' dir='ltr'>alii</span> <span class='ocrx_word' id='word_1_901' title='bbox 3198 5482 3460 5536; x_wconf 86' lang='lat' dir='ltr'>omnium</span> <span class='ocrx_word' id='word_1_902' title='bbox 3520 5488 3682 5537; x_wconf 85' lang='lat' dir='ltr'>vetu-</span> 
     </span>
    </p>
   </div>
   <div class='ocr_carea' id='block_1_122' title="bbox 2029 5552 3682 5626">
    <p class='ocr_par' dir='ltr' id='par_1_122' title="bbox 2029 5552 3682 5626">
     <span class='ocr_line' id='line_1_123' title="bbox 2029 5552 3682 5626; baseline -0.001 -16"><span class='ocrx_word' id='word_1_903' title='bbox 2029 5555 2295 5617; x_wconf 85' lang='lat' dir='ltr'>stissimi,</span> <span class='ocrx_word' id='word_1_904' title='bbox 2328 5557 2376 5607; x_wconf 80' lang='lat' dir='ltr'>si</span> <span class='ocrx_word' id='word_1_905' title='bbox 2400 5554 2570 5609; x_wconf 78' lang='lat' dir='ltr'>debito</span> <span class='ocrx_word' id='word_1_906' title='bbox 2602 5553 2869 5620; x_wconf 65' lang='lat' dir='ltr'>solvendo,</span> <span class='ocrx_word' id='word_1_907' title='bbox 2897 5558 3028 5618; x_wconf 85' lang='lat' dir='ltr'>elc.,</span> <span class='ocrx_word' id='word_1_908' title='bbox 3065 5552 3158 5608; x_wconf 89' lang='lat' dir='ltr'>ubi</span> <span class='ocrx_word' id='word_1_909' title='bbox 3185 5553 3682 5626; x_wconf 77' lang='lat' dir='ltr'>subintelligenda</span> 
     </span>
    </p>
   </div>
   <div class='ocr_carea' id='block_1_123' title="bbox 2026 5642 2391 5683">
    <p class='ocr_par' dir='ltr' id='par_1_123' title="bbox 2026 5642 2391 5683">
     <span class='ocr_line' id='line_1_124' title="bbox 2026 5642 2391 5683; baseline -0.011 0"><span class='ocrx_word' id='word_1_910' title='bbox 2026 5644 2133 5683; x_wconf 77' lang='lat' dir='ltr'>VOX</span> <span class='ocrx_word' id='word_1_911' title='bbox 2162 5642 2391 5683; x_wconf 76' lang='lat' dir='ltr'>(unicus.</span> 
     </span>
    </p>
   </div>
  </div>
