4104 6156
520 344 637 416 831

517 485 736 556 majore
772 489 821 539 te
845 478 1066 555 obliges
1089 478 1345 540 nominis
1362 480 1689 556 quantitate
1705 480 1817 556 (66)
1831 497 2006 556 quam
2023 483 2167 540 ferre
2201 488 2253 553 Α

508 577 761 647 possunt
789 575 846 629 et
876 569 1169 629 exsolvere
1198 574 1436 629 tuarum
1476 571 1657 645 copiae
1703 572 2069 631 facultatum.
2107 574 2168 632 Si

508 663 665 720 enim
696 662 849 736 quod
882 660 1067 719 habes
1095 662 1315 731 tradas,
1348 660 1598 720 amisisti
1631 679 1789 736 opes,
1843 681 1956 719 non
2017 664 2167 720 ami~

506 753 636 809 sisti
669 753 866 809 fidem.
902 752 1091 808 Fama:
1114 755 1227 807 tuae
1254 753 1471 809 damna
1501 770 1615 808 non
1640 753 1844 818 sentis,
1868 754 2166 810 redemisti

507 843 767 899 amicum
796 842 921 897 sine
947 847 1046 897 tua
1077 843 1299 897 fraude.
1335 842 1489 897 Alibi
1524 859 1757 915 quoque
1808 843 1865 898 id
1926 846 1979 898 te
2038 860 2167 899 mo-

508 937 651 989 nent
680 930 988 995 Proverbia
1045 931 1375 987 Salomonis
1420 931 1708 987 dicentis:
1774 955 1793 981 ι
1857 932 2164 1003 Spondens

506 1022 729 1094 sponde
758 1021 945 1075 amico
977 1026 1102 1085 tuo,
1136 1021 1634 1092 quemadmodum
1694 1021 1794 1093 qui
1828 1020 2047 1091 obligat
2102 1037 2165 1077 se

504 1126 849 1181 sponsorem
890 1110 1215 1165 amicorum
1268 1126 1508 1165 suorum
1564 1110 1746 1181 (Prov.
1795 1128 1933 1177 xvu,
1987 1111 2095 1178 18).
2131 1130 2161 1159 ιι

504 1198 564 1254 Si
596 1203 791 1254 autem
825 1216 940 1254 non
974 1186 1175 1266 babes,
1238 1200 1374 1254 audi
1433 1200 1573 1271 quid
1633 1198 1907 1254 Salomon
1968 1199 2159 1254 dicat:

504 1313 530 1337 ‹‹
561 1286 686 1343 Noli
711 1293 766 1344 te
790 1288 930 1344 dare
946 1288 1003 1343 in
1030 1287 1430 1359 sponsionem,
1453 1288 1805 1344 erubescens
1826 1304 2159 1360 personam:

504 1377 553 1433 si
585 1378 742 1433 enim
778 1395 891 1432 non
925 1377 1202 1433 habueris
1234 1378 1390 1432 unde
1430 1378 1644 1443 solvas,
1698 1378 1963 1432 auferent
2020 1380 2162 1431 stre-

504 1473 766 1523 mentum
801 1467 987 1523 desub
1016 1464 1299 1522 lateribus
1330 1465 1446 1522 tuis
1480 1468 1627 1537 (Pov.
1664 1483 1800 1533 xxn,
1842 1467 1934 1533 26,
1981 1465 2093 1536 27).
2129 1486 2157 1515 »

500 1558 649 1631 Ergo
681 1557 871 1613 bonus
900 1558 1207 1612 faenerator
1236 1555 1497 1627 acquirat
1528 1558 1797 1628 gratiam,
1847 1554 2158 1611 execratio-

501 1663 638 1703 nem
671 1646 996 1719 improbus.

1110 1736 1348 1791 CAPUT
1391 1734 1583 1789 XXIV.

507 1826 783 1896 Quomodo
818 1826 1001 1880 Tobias
1029 1826 1087 1879 in
1120 1823 1377 1879 mercedis
1414 1826 1685 1896 solutione
1714 1824 1868 1896 nobis
1924 1825 2154 1877 imitan-

572 1899 703 1961 dus;
733 1898 937 1970 quodve
954 1896 1269 1966 fwnerandi
1293 1912 1461 1967 genus
1493 1894 1639 1951 idem
1672 1911 1767 1949 nos
1792 1895 1995 1950 doceat.

572 2006 662 2061 91.
698 2005 811 2061 Sed
845 2020 957 2059 non
992 2002 1084 2058 bis
1117 2005 1348 2057 tantum
1380 2002 1661 2058 virtutum
1686 2001 1904 2056 finibus
1927 2004 2160 2057 conten-

502 2100 601 2152 tus
639 2098 879 2151 sanctus
911 2092 1146 2161 Tobias,
1182 2090 1536 2147 mercenaria
1577 2106 1808 2162 quoque
1838 2089 2010 2145 scivit
2042 2088 2156 2145 sol-

499 2186 750 2241 vendam
782 2199 910 2239 esse
941 2182 1292 2251 mercedem,
1325 2179 1634 2235 dimidium
1664 2196 1852 2252 usque
1907 2178 2155 2245 obtulit;

502 2274 827 2344 meritoque
885 2289 987 2344 pro
1018 2270 1378 2327 mercenario
1407 2269 1631 2324 invenit
1678 2267 1955 2341 angelum
2012 2268 2155 2334 (Tob.

502 2380 577 2430 ιν,
611 2364 717 2429 15;
750 2377 852 2428 xu,
885 2365 960 2429 5).
999 2362 1067 2416 Et
1098 2366 1157 2415 tu
1214 2359 1369 2414 unde
1425 2357 1541 2414 scis
1601 2373 1671 2413 ne
1730 2358 1874 2413 forte
1922 2358 2156 2428 justum

501 2451 757 2523 aliquem
790 2450 1053 2507 mercede
1072 2448 1403 2515 defraudes,
1428 2447 1595 2519 pejus
1613 2447 1661 2503 si
1692 2446 1991 2503 infirmum
2017 2446 2159 2517 (67)?

500 2545 599 2596 Ve
628 2540 785 2597 enim
816 2540 899 2595 illi
934 2538 1033 2611 qui
1066 2536 1543 2594 scandalizaverit
1574 2553 1756 2591 unum
1807 2536 1879 2592 de
1921 2533 2157 2607 pusillis

504 2617 672 2686 istisd
706 2629 814 2696 Qui
844 2630 959 2685 scis
980 2645 1054 2683 an
1083 2628 1140 2682 in
1179 2644 1246 2683 eo
1305 2624 1550 2698 angelus
1582 2623 1693 2680 sit?
1748 2624 1945 2696 Neque
2002 2624 2157 2680 622

500 2718 657 2776 enim
690 2719 959 2774 dubitare
987 2717 1271 2773 debemus
1302 2715 1457 2787 quod
1490 2714 1548 2768 in
1582 2711 1941 2769 mercenaria
1970 2712 2159 2784 possit

495 2825 627 2865 esse
656 2807 921 2879 angelus,
953 2823 1088 2862 cum
1117 2821 1248 2860 esse
1272 2804 1461 2875 possit
1512 2800 1798 2869 Christus,
1823 2799 1921 2873 qui
1952 2802 2012 2856 in
2045 2801 2154 2856 mi-

497 2898 658 2953 nimo
691 2912 926 2976 quoque
955 2910 1084 2951 esse
1122 2891 1441 2948 consuevit.

2186 1865 2236 1933 B

568 3038 680 3109 (65)
711 3037 849 3092 Mss.
885 3036 1061 3109 Torn.
1108 3037 1165 3089 et
1210 3032 1363 3109 Vict.
1414 3048 1547 3087 cum
1586 3031 1751 3109 edit,
1802 3034 2154 3109 numismqtis

492 3102 819 3180 quantitate.
901 3106 1013 3162 Sed
1068 3120 1226 3180 (cum
1303 3103 1555 3180 Thuan.,
1618 3102 1942 3180 Dion._et_
1989 3102 2150 3180 Coll).
2219 3104 2222 3108 ’

492 3173 830 3255 legendum,
858 3179 1100 3235 nominis
1130 3177 1716 3255 quantitateino-men
1739 3173 1896 3255 enim
1927 3174 2037 3255 hac
2094 3174 2153 3231 in

498 3245 744 3310 m‘ateria
764 3253 918 3307 idem
950 3255 1040 3305 est
1070 3245 1421 3303 ac‘debitum.
1460 3246 1617 3302 Unde
1650 3247 1772 3301 ista:
1804 3245 2149 3315 locutiones,

496 3326 739 3381 nomina
767 3320 1131 3383 contrahere,
1163 3318 1406 3374 nomina
1427 3316 1764 3384 dissolvere,
1797 3323 1854 3373 et
1879 3316 2123 3373 similes.

565 3396 681 3469 (67)
715 3394 863 3449 Edit.
898 3394 1034 3451 γει..
1065 3392 1310 3474 μυηίςηρ
1368 3389 1533 3444 Rom.
1560 3390 1819 3514 Junius
1867 3390 2157 3459 inﬁrmum

565 3469 680 3514 κιαι
738 3466 1100 3514 'l‘orn.mmis
1138 3464 1187 3514 si
1231 3461 1537 3514 inﬁrmum.
1611 3461 1709 3514 ict.
1736 3462 1959 3514 punisse
1994 3461 2154 3514 inﬁr-

492 3461 684 3524 Codex'
738 3466 914 3521 Torn.
932 3461 1100 3535 punis
1138 3464 1187 3516 si
1231 3461 1537 3531 inﬁrmum.
1560 3461 1709 3517 Vict.
1730 3462 1959 3533 punisse
1994 3461 2154 3531 inﬁr-

497 3613 2525 3647 ω

805 3761 919 3846 ΙΝ
979 3757 1379 3845 LIBROS
1441 3758 1583 3842 DE
1639 3758 1903 3843 INTE

1987 348 2053 415 S.
2099 346 2479 416 AMBROSH

3752 358 3848 430 Μ

2352 486 2441 541 0‘2.
2472 483 2665 541 Redde
2695 498 2831 558 ergo
2862 482 3222 543 mercenario
3253 486 3565 545 mercedem
3590 506 3745 565 suam,
3770 513 3849 556 nec

2280 589 2416 630 eum
2448 573 2666 632 laboris
2705 573 2797 631 sui
2855 574 3129 633 mercede
3179 572 3488 633 defraudes
3519 580 3674 653 ;quia
3717 592 3763 641 et
3803 593 3852 644 tu

2279 661 2677 721 mercenarius
2705 662 2916 720 Christi
2945 680 3031 732 es,
3061 668 3122 721 et
3140 712 3145 717 .
3163 669 3222 721 te
3248 666 3522 723 conduxit
3570 670 3634 725 ad
3676 672 3849 733 vineam

2277 769 2469 819 suam,
2501 757 2559 809 et
2589 752 2694 809 tibi
2739 769 2968 810 merces
3026 753 3283 827 reposita
3331 759 3423 811 est
3472 756 3713 817 celestis.
3758 763 3852 821 Non

2275 857 2413 915 ergo
2442 841 2625 898 liedas
2655 859 2889 899 servum
2918 847 3262 913 operantem
3306 843 3366 898 in
3424 845 3663 917 veritate,
3712 868 3854 925 neque

2276 931 2703 987 mercenarium
2729 932 2966 988 dantem
2990 932 3253 988 animam
3279 950 3443 988 suam
3464 952 3478 990 :
3502 952 3605 991 non
3625 937 3853 1010 despicias

2275 1020 2507 1092 inopem
2538 1020 2641 1092 qui
2668 1021 2848 1077 vitam
2879 1037 3051 1077 suam
3082 1020 3281 1079 labore
3311 1028 3529 1079 exercet
3554 1040 3652 1081 suo
3673 1030 3722 1082 et
3746 1043 3856 1084 mer-

2274 1108 2413 1165 cede
2434 1114 2748 1166 sustentat.
2782 1109 2899 1165 Hoc
2929 1115 3020 1167 est
3048 1111 3208 1167 enim
3241 1111 3558 1168 interﬁcere
3594 1113 3853 1183 hominem,

2270 1197 2398 1252 vita:
2427 1215 2547 1254 sua:
2576 1198 2627 1254 ei
2659 1198 2855 1255 debita
2883 1200 3154 1257 mbsidia
3177 1200 3481 1274 denegare.
3531 1203 3595 1258 Et
3640 1211 3693 1259 tu
3741 1222 3855 1261 mer-

2273 1286 2545 1343 cenarius
2581 1301 2646 1342 es
2675 1287 2736 1342 in
2767 1286 2877 1344 hac
2904 1292 3063 1343 terra
3093 1304 3108 1344 :
3141 1288 3218 1344 da
3248 1290 3564 1347 mercedem
3618 1308 3855 1349 mercena-

2272 1375 2381 1443 rio,
2413 1381 2479 1431 ut
2509 1382 2566 1432 et
2595 1382 2658 1431 tu
2690 1377 2882 1449 possis
2914 1377 3110 1433 dicere
3137 1378 3405 1447 Domino,
3445 1396 3573 1436 cum
3621 1384 3856 1453 precaris:

2272 1487 2300 1514 ‹‹
2334 1464 2416 1519 Da
2455 1466 2784 1521 mercedem
2823 1465 3089 1532 Domine,
3148 1467 3572 1525 sustinentibus
3614 1474 3665 1524 te
3711 1471 3854 1541 (Ercli.

2270 1571 2463 1621 xxxvr,
2499 1555 2607 1623 18).
2637 1577 2664 1603 ››

2341 1730 2431 1786 93.
2466 1731 2681 1788 Tobias
2712 1732 2817 1789 tibi
2849 1732 3030 1789 dicit:
3066 1757 3093 1783 κ
3120 1735 3369 1790 Luxuria
3398 1740 3577 1792 mater
3603 1739 3685 1792 est
3729 1734 3860 1792 famis

2269 1821 2414 1891 (Tob.
2449 1818 2527 1887 1v,
2565 1821 2674 1888 14),
2701 1841 2729 1871 ιο
2759 1820 2955 1894 inquo
2975 1823 3396 1879 continentiam
3427 1824 3725 1895 docet(68).
3751 1823 3859 1879 Dicit

2268 1909 2447 1966 etiam
2474 1926 2488 1965 :
2522 1932 2548 1959 α
2585 1910 2906 1966 Mercedem
2938 1910 3102 1967 omni
3133 1912 3354 1968 homini
3374 1912 3661 1986 quipenes
3685 1917 3735 1969 te
3756 1926 3855 1984 ope-

2272 2000 2435 2052 ratus
2466 1996 2659 2064 fuerit,
2693 1997 2869 2055 redde
2897 1999 3103 2056 eadem
3144 2000 3261 2068 die,
3291 2006 3352 2056 et
3381 2018 3498 2057 non
3545 2006 3753 2057 maneat
3787 2015 3859 2072 pe-

2268 2100 2374 2142 nes
2406 2091 2461 2142 te
2493 2103 2715 2143 merces
2744 2087 3040 2157 hominis;
3072 2093 3130 2144 et
3160 2104 3383 2146 merces
3412 2096 3512 2147 tua
3532 2106 3644 2146 non
3662 2090 3859 2145 minora-

2267 2175 2427 2230 bitur
2456 2175 2613 2247 (Ibid.
2648 2175 2758 2247 i2).
2782 2197 2810 2227 κ
2834 2176 2986 2232 Dicit
3013 2176 3160 2234 tibi:
3194 2198 3224 2228 «
3281 2176 3413 2234 Noli
3464 2176 3660 2234 vinum
3708 2178 3859 2234 bibere

2267 2264 2327 2320 in
2358 2264 2700 2321 ebrietatem
2729 2265 2888 2335 (Ibid.
2922 2266 3033 2337 48).
3069 2288 3098 2316 ››
3132 2266 3280 2322 Dicit
3308 2267 3418 2323 tibi
3451 2285 3464 2323 :
3498 2288 3525 2318 «
3550 2268 3626 2324 De
3644 2270 3858 2340 panetuo

2267 2353 2640 2410 communica
2667 2353 3071 2411 esurientibus
3098 2355 3256 2428 (Ibid.
3295 2356 3402 2426 t7).
3438 2378 3467 2406 »
3495 2356 3637 2413 Vide
3661 2353 3781 2427 quid
3823 2356 3861 2408 te

2270 2444 2551 2499 fmnerarc
2580 2441 2814 2515 cupiat:
2849 2464 2877 2492 ‹‹
2909 2444 2977 2499 Et
3016 2444 3090 2500 do
3134 2444 3502 2502 vestimentis
3554 2445 3669 2502 tuis
3715 2442 3861 2498 nudos

2269 2536 2432 2605 tege:
2466 2548 2535 2588 ex
2566 2531 2844 2589 omnibus
2872 2548 3001 2604 qua:
3030 2533 3462 2593 abnudaverint
3489 2534 3613 2602 tibi,
3642 2534 3723 2589 iac
3745 2531 3862 2588 ciae.

2268 2636 2595 2694 mosyuam.
2626 2620 2801 2678 Omni
2832 2626 3098 2695 tempore
3126 2622 3369 2679 benedic
3399 2623 3700 2680 Dominum
3740 2619 3860 2689 (Ibit.

2270 2710 2357 2778 10,
2381 2712 2532 2783 20).»
2564 2710 2628 2765 In
2660 2709 2753 2767 his
2785 2708 2986 2783 itaque
3015 2710 3208 2769 {mnus
3236 2716 3523 2769 aeternum
3543 2717 3630 2769 est
3653 2715 3706 2767 et
3724 2721 3866 2765 usura

2266 2804 2565 2873 perpetua.

2266 3048 2442 3087 mum.
2477 3029 2694 3088 Melius
2724 3032 2977 3101 Thuan.,
3014 3033 3221 3097 Laud.,
3253 3032 3423 3089 Dion.

2263 3105 2314 3159 si
2335 3103 2640 3160 inﬁrmum.

2340 3174 2453 3247 (68)
2474 3175 2537 3231 In
2566 3191 2669 3247 quo
2696 3174 3090 3247 ocmtinentiam
3124 3175 3292 3247 docet,
3353 3178 3673 3233 resecatum
3721 3173 3871 3229 fuerat

3451 3038 3514 3134 et
3557 3030 3704 3088 Colb.
3750 3029 3867 3102 pejus

2183 3230 2228 3297 C
2267 3230 2531 3302 in‘Ro'm.
2563 3230 2707 3303 edit.
2736 3230 2897 3303 Intra
2918 3230 3052 3304 vero
3085 3230 3185 3303 ubi
3221 3230 3597 3303 omuss'edit.
3649 3260 3708 3301 ac
3755 3256 3866 3299 mss.

2268 3318 2562 3393 nonnulli,
2592 3318 2723 3393 quid
2753 3322 2805 3393 ξας
2828 3320 3105 3393 [auctare
3129 3320 3333 3391 cupiat,
3370 3319 3471 3375 alii
3496 3318 3723 3393 legunt,
3770 3311 3871 3387 quid

2267 3398 2342 3460 te,
2376 3388 2614 3462 quidam
2648 3388 2803 3461 (quid
2830 3389 2896 3446 de
2923 3390 2992 3462 te)
3012 3388 3342 3466 [tener-ctare
3370 3392 3576 3463 cupiat.

2533 3605 3870 3643 Μ

1913 3757 2725 3847 RPELLATIONE
2784 3757 2993 3845 JOB
3050 3758 3197 3845 ET
3251 3759 3606 3845 DAVID

1989 3909 2432 3972 ADMONITIO

556 4184 798 4241 Constat
828 4178 922 4234 hic
952 4181 1236 4251 tractatus
1267 4180 1478 4248 quater
1507 4174 1675 4232 libris
1705 4178 1779 4232 Do
1810 4176 2251 4248 interpellatione
2281 4176 2365 4247 (id
2392 4179 2503 4243 est,
2537 4175 3008 4249 expostulatione
3036 4192 3143 4232 seu
3191 4177 3459 4247 quereis)
3498 4177 3595 4233 Job
3634 4176 3681 4229 et
3732 4164 3869 4226 David

410 4320 413 4323 .
484 4273 586 4345 qui
616 4288 729 4326 non
772 4283 976 4324 omnes
999 4265 1177 4321 simul
1209 4266 1266 4319 iu
1305 4264 1834 4320 Ambrosianorum
1892 4281 2137 4336 operum
2168 4264 2525 4321 editionibus
2555 4266 2916 4338 prodierunt.
2950 4265 3258 4321 Enimvero
3289 4266 3394 4338 qui
3426 4264 3775 4337 antiquiores
3789 4273 3869 4313 cu-

486 4363 759 4417 raverunt
788 4356 1094 4419 editiones,
1126 4371 1258 4409 cum
1294 4354 1350 4407 in
1385 4352 1661 4409 mutilum
1692 4353 1991 4426 exemplar
2020 4354 2387 4423 incidissent,
2420 4351 2639 4410 librum
2671 4348 2994 4410 secundum
3025 4346 3664 4426 praetermisere.llunc
3683 4349 3868 4423 primus

486 4447 752 4505 omnium
784 4443 1073 4513 evnlgavit
1104 4444 1405 4507 Erasmus,
1439 4442 1537 4497 sed
1572 4458 1707 4497 cum
1741 4441 2081 4513 hujusmodi
2111 4457 2362 4498 censura
2393 4440 2596 4515 (Epist.
2640 4440 2778 4499 huic
2834 4441 2984 4498 libro
3014 4441 3249 4514 preﬁxa
3278 4441 3340 4497 in
3373 4443 3517 4498 edit.
3572 4432 3870 4503 Ambros),

486 4553 616 4610 qua:
646 4536 840 4607 ipsum
877 4533 1097 4588 Ductori
1133 4536 1332 4587 nostro
1363 4530 1768 4599 abiudicatum
1800 4530 2027 4586 auctori
2082 4530 2217 4586 libri

2274 4532 2351 4587 De
2399 4533 2680 4588 vocatione
2735 4531 2987 4587 Gentium
3040 4531 3419 4587 attribueret.
3486 4531 3630 4602 Ejus
3672 4524 3868 4581 uniwm

485 4628 899 4699 argumentum
926 4627 1014 4677 est
1044 4620 1178 4693 styli
1210 4635 1381 4691 quem
1416 4619 1487 4673 ab
1522 4619 1909 4674 Ambrosiano
1942 4617 2115 4692 longe
2144 4620 2444 4676 diversum
2496 4636 2626 4677 esse
2659 4624 2952 4685 autumat,
2983 4619 3405 4692 discrepantia.
3469 4618 3731 4675 Gillotius
3766 4624 3870 4667 vero

483 4715 585 4788 qui
616 4718 747 4787 post
776 4728 908 4768 eum
945 4711 1002 4765 in
1035 4709 1276 4766 edendis
1325 4707 1614 4764 Ambrosii
1643 4708 1926 4779 operibus
1956 4706 2214 4764 laborem
2247 4709 2508 4782 suscepit
2537 4724 2653 4764 non
2685 4708 3062 4774 mediocrem,
3120 4708 3410 4764 acerrime
3455 4708 3607 4763 hanc
3637 4700 3861 4776 ejusdem

482 4803 821 4877 opinionem
852 4801 1177 4870 impugnat,
1212 4796 1374 4851 illam
1409 4796 1598 4849 fulcro
1629 4810 1837 4866 parum
1872 4794 2191 4851 admodum
2224 4798 2349 4851 tuto
2380 4795 2487 4851 niti
2518 4796 2876 4852 contendens
2905 4796 3154 4867 (Prefat.
3205 4797 3264 4851 in
3323 4796 3470 4853 edit.
3528 4796 3783 4877 Ambros.
3826 4802 3867 4849 et

484 4875 706 4948 monito
736 4892 791 4946 in
826 4888 1147 4945 secundam
1184 4884 1527 4956 Apologiam
1562 4882 1802 4952 David);
1856 4896 1989 4937 cum
2022 4882 2287 4939 videlicet
2316 4884 2536 4940 sanctis
2567 4884 2841 4939 Patribus
2868 4883 3116 4941 minime
3142 4884 3412 4940 insolens
3462 4882 3638 4940 fuerit
3688 4875 3868 4951 stilum

485 4998 665 5039 suum
698 4997 803 5054 pro
838 4976 1103 5042 materia,
1141 4979 1424 5047 tempore,
1456 4972 1541 5028 vel
1574 4970 1843 5044 personis
1873 4987 2023 5044 quas
2044 4969 2517 5044 alloquebantur,
2538 4976 2793 5041 mutare,
2816 4984 2949 5029 cum
2973 4977 3252 5046 praterea
3270 4974 3513 5030 codices
3542 4984 3680 5028 mss.
3703 4974 3871 5054 quoio

478 5049 731 5127 diversis
754 5064 1123 5124 bibliothecis
1154 5061 1572 5135 conquisierat,
1604 5077 1822 5134 magno
1870 5078 2163 5117 consensu
2194 5062 2343 5117 hanc
2373 5076 2607 5119 omnem
2628 5058 3096 5120 lucubrationem
3116 5060 3434 5120 Ambrosio
3452 5060 3752 5119 ascribant.
3774 5049 3868 5108 Gil-

481 5158 624 5215 lotio
652 5157 833 5215 etiam
866 5157 1267 5226 suffragantur
1295 5169 1363 5208 ea
1393 5152 1610 5223 quibus
1642 5150 1731 5205 usi
1765 5166 1994 5219 sumus,
2031 5148 2409 5222 exemplaria,
2442 5166 2696 5222 quorum
2726 5165 2911 5205 unum
2944 5149 3038 5205 sin
3072 5149 3269 5208 minus
3296 5155 3421 5209 tam
3448 5138 3867 5207 mutuatum:

483 5249 734 5319 quitatis,
760 5254 817 5300 ut
847 5247 1039 5315 iurare
1067 5245 1236 5315 possis
1266 5249 1425 5297 aetate
1454 5241 1572 5296 divi
1600 5240 1875 5295 Ambrosii
1901 5241 2169 5311 scriptum
2198 5254 2331 5307 esse,
2366 5237 2869 5312 quemadmodum
2918 5237 2994 5294 de
3047 5238 3305 5311 quodam
3366 5255 3403 5295 e
3459 5238 3586 5295 suis
3639 5230 3868 5305 loquitur

484 5334 639 5391 idem
670 5334 947 5391 Gillotius
978 5334 1133 5406 (Loc.
1165 5332 1308 5401 cit.),
1372 5334 1432 5385 at
1462 5328 1672 5386 saltem
1702 5327 1861 5384 mille
1891 5344 2077 5384 annos
2113 5332 2175 5384 ut
2204 5327 2520 5385 minimum
2552 5327 2803 5400 praefert.
2835 5326 2899 5383 In
2930 5338 2998 5384 eo
3029 5331 3282 5401 quatuor
3312 5327 3376 5383 hi
3407 5326 3545 5384 libri
3577 5324 3763 5381 eodem
3791 5332 3863 5373 or-

484 5423 639 5489 dine,
664 5440 728 5479 ac
757 5424 866 5477 sub
896 5422 1101 5477 iisdem
1134 5420 1342 5484 titulis,
1377 5419 1593 5491 quibus
1625 5416 1757 5474 illos
1786 5416 2025 5474 edendis
2056 5416 2419 5484 curavimus,
2450 5414 2825 5473 exhibentur.

554 5514 628 5567 At
654 5528 789 5567 vero
819 5511 929 5565 etsi
961 5510 1130 5565 nobis
1169 5512 1442 5565 deessent
1470 5512 1644 5563 tanta:
1673 5506 2042 5564 auctoritatis
2071 5505 2479 5577 manuscripti.
2511 5510 2709 5562 tamen
2736 5504 2869 5576 ipsa
2897 5503 2961 5565 Β.
2993 5503 3306 5561 Prasulius
3357 5505 3561 5573 verba,
3615 5506 3671 5558 et
3715 5492 3863 5552 totius

484 5601 679 5672 cperis
713 5601 894 5655 series
926 5599 1167 5670 planum
1201 5600 1414 5654 faceret
1444 5596 1769 5654 secundum
1801 5595 1958 5652 hunc
1991 5594 2207 5652 librum
2236 5593 2629 5651 nihilominus
2656 5604 2837 5666 quam
2866 5596 2989 5650 tros
3014 5592 3160 5650 alios
3188 5593 3394 5650 deberi
3423 5589 3742 5649 Ambrosio.
3774 5582 3863 5637 Nec

488 5689 634 5745 illud
669 5704 930 5743 asserere
959 5687 1325 5757 dubitamus,
1350 5688 1658 5743 Erasmum
1691 5685 1885 5759 ipsum
1919 5700 2159 5757 prorsus
2189 5682 2527 5760 Opinionem
2558 5694 2754 5753 suam,
2785 5681 2835 5739 si
2866 5681 3041 5741 modo
3074 5682 3285 5740 horum
3319 5687 3579 5755 quatuor
3615 5676 3859 5735 librorum
