4052 6196
249 321 372 391 833
908 326 1008 387 DE
1051 322 1785 391 INTERPELLATIONE
1825 322 1961 397 JOB
2006 328 2106 387 ET
2152 326 2413 389 DAVID.
2447 361 2526 373 —
2554 326 3015 392 ADMONl'l‘lO.
3539 340 3658 401 834

252 453 428 509 initia
458 452 707 510 invicem
741 456 1104 527 contulisset,
1137 456 1500 531 ejuraturum
1542 458 1739 515 fuisse.
1778 457 1925 522 Quid
1962 458 2114 511 enim
2151 458 2476 517 evidentius
2510 461 2579 517 iis
2608 463 2798 518 verbis
2825 464 3039 535 quibus
3071 467 3277 521 Ambn
3329 468 3416 520 ira.
3453 486 3658 538 peror-

253 544 455 600 dinem
488 544 760 617 querelas
791 562 825 603 a
854 546 1074 603 sanctis
1100 540 1299 604 Job'et
1329 545 1507 603 David
1544 563 1718 618 super
1748 546 2048 601 hominum
2088 547 2338 602 miseriis
2370 548 2601 605 habitas
2656 552 3121 607 exan'iiuaturum
3183 572 3243 609 se
3287 554 3606 626 'piufltotur
3641 564 3663 614 ξ’

257 636 551 705 Utriusque
578 635 769 706 igitur,
802 634 997 708 inquit
1026 634 1148 709 (lib.
1184 652 1227 703 ι,
1257 652 1383 708 cap.
1420 636 1471 704 1,
1508 652 1669 691 num.
1703 635 1783 706 3),
1813 636 2274 707 interpeltutiunes
2304 638 2643 695 considerari
2687 640 2841 696 cordi
2869 649 3011 704 εει...
3081 642 3189 700 Suo
3247 646 3419 715 igitur
3472 648 3664 703 ordine

250 723 564 796 spectanda:
591 723 746 781 nobis
775 728 923 780 sunt.
954 724 1073 783 Hoc
1102 724 1306 799 utique
1337 741 1454 781 non
1488 722 1602 780 nisi
1631 722 1839 796 primis
1870 722 2102 778 duobus
2132 722 2300 780 libris
2328 729 2602 797 praestare
2634 728 2841 799 potuit,
2905 731 3057 800 quod
3120 734 3178 785 et
3232 732 3451 789 ibidem
3511 752 3545 790 a
3600 754 3664 792 se

252 813 582 888 prmstitum
613 812 809 883 tradit,
839 830 972 873 cum
998 814 1171 877 initio
1201 812 1358 871 tertii
1387 811 1523 871 libri
1555 812 1637 869 sic
1668 812 1929 885 loquitur
1956 812 2106 886 (cap.
2140 816 2192 883 1,
2223 830 2386 869 num.
2421 816 2474 886 l)
2510 831 2521 871 :
2556 818 2818 888 Superior
2847 820 2999 874 nobis
3030 819 3326 892 disputatio
3339 824 3454 893 fuit
3480 824 3545 880 de
3573 826 3662 880 in-

251 902 634 975 terpellatione
657 912 976 959 sanctorum
1006 903 1235 985 (nempe
1264 901 1373 963 Joh
1405 904 1463 961 et
1490 901 1694 975 David)
1724 901 1865 975 quod
1890 902 2114 973 fragilis
2157 906 2211 958 et
2256 904 2530 959 imbecilla
2583 905 2818 962 conditio
2865 907 3134 975 hui/mna,
3195 914 3303 966 etc.
3362 911 3663 970 Postremo

254 991 531 1065 quisquis
563 992 835 1048 eumdem
863 992 1193 1053 secundum
1226 990 1442 1051 librum
1476 1007 1609 1048 cum
1642 991 1907 1063 ejusdem
1940 990 2131 1063 operis
2164 996 2370 1064 quarto
2403 1008 2749 1065 componere
2807 994 3071 1064 voluerit,
3130 997 3178 1053 is
3234 1000 3436 1071 procul
3486 1002 3663 1060 dubio

253 1098 359 1154 per
390 1098 452 1138 se
483 1080 789 1156 intelliget,
811 1098 937 1141 eam
971 1080 1364 1139 diversitatem
1394 1096 1570 1153 quam
1599 1081 1881 1137 Erasmus
1902 1080 2159 1153 jactitat,
2191 1099 2402 1155 purum
2426 1087 2634 1156 putum
2667 1101 2793 1140 esse
2816 1089 3233 1144 commentum.

328 1169 579 1228 Romani
609 1170 848 1244 quidem
880 1170 1131 1227 editores
1160 1170 1270 1228 hos
1300 1185 1505 1226 omnes
1536 1168 1717 1253 libros
1748 1185 1817 1224 ex
1846 1186 2010 1242 isquo
2043 1171 2153 1226 sub
2187 1172 2479 1227 Ambrosii
2515 1172 2751 1229 nomine
2782 1192 2913 1229 cum
2947 1174 3076 1231 aliis
3107 1177 3369 1247 ejusdem
3391 1182 3667 1253 operibus

256 1256 419 1333 prelo
452 1259 771 1333 subjecere,
805 1260 905 1317 sed
938 1275 1038 1316 eos
1078 1260 1325 1316 fortasse
1351 1256 1525 1332 paulo
1558 1238 1839 1343 audacius
1869 1259 2187 1315 distraxere
2220 1260 2292 1315 ab
2326 1260 2590 1317 invicem.
2626 1262 2886 1319 Primum
2925 1281 2986 1319 ac
3022 1267 3255 1321 tertium
3284 1238 3503 1325 librtim
3534 1276 3665 1329 tan-

258 1365 436 1422 quam
469 1349 893 1405 commentaria
923 1349 982 1404 in
1012 1348 1232 1405 librum
1260 1347 1369 1405 Job
1395 1348 1584 1421 primo
1616 1363 1722 1403 suo
1750 1350 1909 1403 tomo
1940 1347 2316 1404 inseruerunt
2349 1367 2361 1404 :
2396 1351 2718 1406 secundum
2751 1358 2945 1408 (ulle
2978 1358 3035 1407 et
3065 1360 3340 1425 quartum
3400 1376 3434 1414 a
3492 1377 3666 1434 supe-

254 1438 514 1494 rioribus
546 1437 778 1494 avulsos
814 1438 870 1493 in
905 1439 1228 1494 secundum
1254 1441 1479 1493 tomum
1512 1436 1622 1493 sub
1654 1435 1826 1492 titulo
1856 1437 2303 1494 Enarrationum
2335 1439 2390 1494 in
2426 1440 2689 1496 Psalmos
2718 1459 2831 1508 xu,
2866 1460 2974 1496 λιιι
3011 1462 3072 1497 ar
3109 1462 3256 1500 Lxxu
3317 1447 3663 1519 rejecerunt.

256 1527 436 1584 Porro
466 1544 596 1584 cum
631 1526 973 1601 hujusmodi
1006 1527 1294 1601 separatio
1326 1525 1448 1583 fieri
1484 1542 1858 1599 nequaquam
1887 1527 2161 1599 potuerit,
2193 1529 2331 1601 quin
2366 1529 2738 1584 induceretur
2786 1530 2843 1585 in
2878 1532 3133 1589 auctoris
3190 1538 3415 1592 textum
3474 1538 3670 1612 aliqua

259 1617 530 1688 mutatio,
562 1622 619 1673 et
647 1618 991 1690 prmclarum
1024 1634 1173 1690 opus
1202 1617 1599 1673 membrorum
1631 1631 1874 1671 suorum
1906 1615 2203 1672 luxatione
2234 1634 2297 1671 ac
2329 1616 2670 1687 disjectione
2702 1618 3132 1690 quodammodo
3175 1634 3667 1698 corrumperetur,

256 1706 395 1762 hinc
428 1705 567 1762 illud
601 1706 829 1763 consilii
865 1724 978 1763 non
1013 1706 1144 1763 tulit
1178 1724 1376 1761 eorum
1414 1705 1915 1777 approbationem,
1951 1706 2049 1777 qui
2084 1706 2316 1761 Patrum
2353 1705 2587 1777 sci-ipta,
2622 1707 2818 1777 qualia
2851 1708 2921 1763 ub
2958 1708 3070 1765 illis
3105 1710 3305 1768 relicta
3334 1720 3493 1787 sunt,
3528 1716 3671 1772 talia

258 1795 372 1852 sibi
406 1794 663 1851 exhiberi
688 1796 821 1867 jurc
853 1795 1207 1852 desiderant.
1235 1795 1379 1851 llinc
1411 1793 1685 1850 Nicotaus
1720 1794 1900 1850 Faber
1926 1794 2138 1849 studiis
2176 1794 2445 1849 Ludovici
2480 1794 2605 1849 Xlll
2637 1811 2787 1867 quor.
2815 1796 2932 1851 iam
2968 1800 3295 1868 praefectus,
3330 1803 3416 1857 vir
3458 1804 3671 1876 pietate

250 1885 427 1955 juxta
457 1888 631 1955 atque
661 1883 985 1940 eruditione
1017 1882 1404 1951 clarissimus,
1439 1882 1779 1954 neutiquam
1814 1883 1922 1938 sibi
1955 1881 2318 1955 temperavit,
2354 1882 2492 1955 quin
2530 1883 2704 1939 libi-re
2735 1883 3173 1942 distractionem
3199 1888 3348 1945 hanc
3377 1890 3670 1963 improba-

260 1976 349 2028 rct
380 1972 439 2028 in
472 1972 722 2045 quadam
750 1990 856 2029 sua
886 1970 1132 2045 epistola
1161 1972 1255 2042 (ad
1292 1972 1488 2028 Front.
1517 1970 1840 2043 Daceum),
1875 1971 1974 2026 ubi
2005 1972 2239 2026 eosdem
2274 1972 2523 2027 editores
2558 1972 2625 2025 ad
2681 1971 2898 2029 hancce
2955 1974 3302 2034 divisionem
3359 1978 3672 2037 instituen-

259 2063 401 2119 dam
433 2066 663 2118 coactos
694 2061 875 2118 fuisse
906 2062 1116 2118 asserit
1146 2061 1398 2134 quadam
1448 2061 1783 2133 interpolare
1812 2062 2047 2117 minime
2073 2061 2351 2134 probabili
2376 2062 2640 2132 exemplo.
2677 2061 2872 2135 Neque
2907 2068 3097 2120 tamen
3158 2068 3558 2139 putaverimus
3613 2072 3670 2128 id

261 2150 395 2206 illos
424 2149 629 2207 fecisse
659 2149 813 2207 malo
845 2150 1063 2215 animo,
1093 2151 1194 2208 sed
1228 2150 1548 2211 credidisse
1577 2166 1649 2206 ea
1679 2166 1739 2206 re
1768 2165 1830 2207 se
1860 2149 2236 2207 consulturos
2267 2149 2499 2206 lectoris
2532 2150 2794 2216 utilitati,
2830 2150 2879 2207 si
2923 2158 3352 2213 Commentaria
3383 2160 3442 2214 in
3493 2160 3671 2218 variis

257 2239 575 2312 Scripturce
603 2244 796 2313 partes
823 2239 1051 2313 digesta
1079 2239 1194 2313 ipsi
1226 2244 1634 2313 proponerent,
1667 2238 1865 2294 minus
1895 2238 2130 2295 interim
2163 2258 2230 2295 ea
2262 2240 2630 2296 incommoda
2662 2257 2788 2313 qua:
2822 2260 2890 2298 ex
2921 2243 3181 2301 admissa
3215 2246 3275 2302 in
3307 2247 3543 2306 Patrum
3600 2249 3669 2306 li-

260 2328 400 2385 bros
430 2327 769 2400 hujusmodi
799 2327 1036 2385 licentia
1068 2331 1582 2401 consequerentur,
1615 2328 2029 2400 expendentes.

339 2418 537 2490 Itaque
566 2417 659 2473 his
691 2422 945 2490 quatuor
973 2416 1143 2474 libris
1174 2416 1503 2491 legitimum
1536 2415 1802 2472 ordinem
1834 2415 2221 2471 restituimus.
2258 2415 2403 2471 Nam
2439 2417 2591 2488 quod
2621 2417 2671 2473 is
2701 2416 2850 2474 liber
2880 2436 3053 2493 quem
3085 2440 3192 2481 nos
3224 2424 3676 2485 edimussecun-

260 2507 340 2563 do
370 2505 518 2576 loco,
552 2506 607 2561 in
640 2506 873 2588 duobus
898 2505 1238 2567 recentioris
1267 2504 1368 2561 aevi
1401 2504 1821 2577 manuscriptis
1852 2509 2060 2577 quarto
2095 2504 2432 2575 reperiatur,
2471 2505 2521 2559 id
2559 2523 2624 2560 co
2658 2506 2873 2564 factum
2932 2510 3309 2583 arbitramur,
3369 2517 3524 2588 quod
3588 2518 3672 2572 illi

262 2596 494 2653 codices
524 2613 593 2652 ex
621 2586 818 2668 aliquo
848 2593 1161 2668 exemplari
1195 2593 1402 2655 mutilo
1434 2594 1493 2652 in
1524 2610 1640 2666 quo
1670 2592 1825 2655 idem
1858 2593 2155 2649 secundus
2187 2591 2333 2646 liber
2362 2593 2826 2661 desiderabatur,
2857 2596 3134 2671 descripti
3167 2586 3403 2671 fuerint,
3426 2621 3559 2660 cum
3582 2622 3677 2662 ve~

265 2702 331 2742 ro
366 2684 686 2758 scriptores
715 2690 917 2758 postea
940 2684 1212 2741 eumdem
1244 2683 1385 2740 alibi
1419 2683 1571 2739 nacti
1603 2682 1872 2749 fuissent,
1908 2681 2072 2737 illum
2108 2686 2235 2753 post
2258 2681 2400 2736 alios
2432 2686 2547 2737 tres
2579 2683 2853 2738 continua
2886 2685 3036 2741 serie
3058 2688 3184 2757 jam
3237 2694 3371 2746 ante
3425 2692 3672 2765 disposi-

262 2780 358 2830 tos
388 2778 719 2830 exararunt.
754 2774 822 2829 Et
850 2778 1002 2830 certe
1033 2791 1149 2829 non
1180 2772 1449 2829 absimile
1480 2772 1762 2844 quiddam
1795 2771 1853 2833 in
1887 2770 2241 2828 editiouibus
2273 2787 2503 2843 quoque
2544 2771 2805 2845 contigit.
2840 2773 3063 2830 Etenim
3094 2777 3360 2835 omnium
3393 2781 3675 2854 antiquis-

264 2863 432 2920 simae
464 2878 591 2935 quas
620 2862 692 2917 ad
725 2861 1132 2935 imperfectum
1163 2861 1449 2929 codicem,
1483 2862 1695 2932 utjam
1727 2859 2006 2926 diximus,
2040 2875 2294 2915 excussa:
2328 2859 2578 2928 fuerunt,
2613 2863 2731 2916 tres
2774 2859 2952 2918 libros
3017 2881 3164 2937 quos
3221 2867 3378 2925 solos
3435 2869 3674 2941 habent,

263 2952 379 3009 sub
409 2950 597 3007 titulis
628 2950 911 3007 librorum
947 2969 986 3019 ι,
1020 2968 1083 3007 ιιι
1114 2958 1165 3006 el
1201 2967 1257 3006 IV
1283 2953 1703 3024 repraesentant
1729 2965 1742 3003 :
1776 2952 2088 3021 sequentes
2118 2963 2251 3003 vero
2275 2948 2560 3003 editiones
2594 2950 3108 3023 Erasmi,Costerii,
3140 2953 3425 3027 Guillotii,
3459 2976 3674 3017 memo-

266 3043 467 3096 ratum
500 3038 826 3095 secundum
859 3037 1072 3093 librum
1107 3054 1222 3094 non
1254 3053 1359 3094 suo
1390 3036 1517 3094 loco
1547 3037 1902 3110 impressum
1933 3037 2270 3092 ostendunt.
2306 3036 2429 3090 Non
2473 3036 2653 3093 fuisse
2710 3042 2904 3095 autem
2959 3039 3139 3097 alium
3172 3044 3356 3099 sancti
3414 3046 3676 3104 Doctoris

267 3129 539 3186 ordinem
573 3128 628 3184 in
658 3127 989 3185 scribendis
1018 3126 1112 3183 his
1142 3126 1331 3195 libris,
1365 3143 1540 3200 quam
1572 3143 1706 3184 eum
1739 3142 1855 3199 quo
1887 3124 1967 3181 illi
1999 3142 2034 3181 a
2059 3124 2227 3179 nobis
2255 3123 2348 3179 hic
2393 3124 2748 3198 digerentur,
2810 3144 2923 3184 non
2970 3129 3162 3186 solum
3221 3135 3472 3204 probant
3518 3138 3676 3195 anti-

270 3217 576 3292 quissimae
608 3223 755 3274 notae
788 3216 1195 3289 manuscripti,
1230 3232 1337 3273 nec
1364 3233 1478 3273 non
1512 3215 1827 3272 Guillotius
1856 3215 1870 3287 (

2078 3213 2164 3285 t..),
2197 3212 2542 3287 typographi
2574 3214 2807 3286 (Annot.
2842 3217 2898 3272 in
2932 3216 3032 3273 lib.
3070 3220 3142 3276 De
3171 3222 3420 3295 Interpet.
3448 3226 3565 3299 Job)
3587 3226 3675 3283 ul-

266 3307 553 3366 timarum
584 3306 978 3364 Parisinarum
1006 3305 1301 3365 Ambrosii
1326 3306 1678 3372 editionum,
1701 3304 1767 3363 D.
1798 3304 2169 3361 Hermannus
2202 3301 2352 3371 (Gen.
2389 3304 2485 3358 lib.
2516 3304 2751 3375 Ambr.),
2784 3309 2961 3378 atque
2991 3306 3093 3363 alii
3128 3310 3510 3369 observarunt
3535 3333 3554 3371 :
3583 3333 3677 3372 ve-

270 3414 407 3453 rum
439 3396 616 3452 etiam
647 3400 771 3452 tota
799 3395 991 3468 operis
1012 3394 1192 3452 series
1224 3393 1369 3449 illud
1402 3394 1710 3449 confirmat
1738 3390 2191 3448 evidentissima.
2243 3391 2401 3445 Hanc
2432 3391 2681 3447 breviter
2702 3393 2888 3449 oculis
2918 3394 3197 3453 lectorum
3232 3400 3601 3472 subjicimus.

343 3485 403 3541 In
439 3484 670 3541 duobus
699 3482 992 3557 prioribus
1022 3482 1189 3539 libris
1219 3482 1413 3556 agitur
1440 3482 1511 3538 de
1539 3479 2007 3554 interpellatione
2035 3480 2147 3534 Job
2177 3484 2233 3534 et
2263 3479 2439 3534 David
2473 3481 2545 3535 ob
2576 3481 2705 3536 vitta
2736 3481 3008 3539 humana:
3062 3487 3335 3557 miseram
3395 3493 3677 3549 conditio-

269 3591 408 3632 nem
439 3572 930 3647 intirmitatesque
962 3571 1120 3627 illius
1148 3576 1274 3633 tum
1306 3587 1635 3645 corporeae,
1666 3574 1790 3625 tum
1823 3567 2138 3643 spiritales,
2171 3568 2279 3623 hoc
2308 3573 2415 3634 est,
2458 3569 2693 3625 morbos
2726 3576 2783 3625 et
2811 3571 3172 3632 calamitates
3204 3596 3238 3633 a
3295 3580 3512 3651 quibus
3568 3584 3681 3639 exi-

271 3663 457 3719 mitur
484 3678 676 3728 nemo,
709 3664 885 3733 atque
918 3660 1209 3717 infelicem
1245 3659 1406 3716 illam
1438 3658 1845 3716 necessitatem
1876 3674 1942 3713 ea
1966 3660 2199 3729 peccata
2226 3654 2653 3726 committendi,
2687 3675 2937 3729 quorum
2970 3663 3254 3720 rationem
3312 3670 3681 3729 severissima

268 3752 480 3809 otfensi
504 3750 604 3807 Dei
628 3748 852 3822 judicio
884 3750 1122 3806 reddere
1154 3766 1261 3805 nos
1291 3751 1611 3822 opporteat.
1646 3747 1707 3803 Id
1742 3749 1981 3803 sanctus
2012 3744 2257 3800 antistes
2287 3743 2345 3799 in
2380 3743 2557 3815 priori
2608 3744 2755 3801 libro
2814 3747 2981 3803 docet
3035 3752 3226 3808 verbis
3267 3754 3456 3826 ipsius
3512 3759 3620 3817 Job
3650 3778 3681 3817 e

272 3839 481 3915 primis
514 3838 804 3912 capitibus
833 3838 968 3895 libri
1000 3837 1293 3911 prophetis
1319 3836 1584 3911 ejusdem
1617 3834 1836 3909 petitis,
1871 3833 2217 3905 copioseque
2249 3831 2468 3899 relatis,
2502 3833 2571 3888 ad
2598 3850 2850 3906 quorum
2883 3841 3111 3892 tantum
3144 3840 3495 3915 insigniores
3526 3847 3682 3905 locos

273 3926 597 3986 nonnullas
627 3926 830 3998 adjicit
860 3925 1402 3983 observatiunculas
1436 3942 1450 3993 ;
1484 3924 1582 3980 ubi
1611 3928 1810 3980 tamen
1842 3926 1933 3979 sat
1962 3922 2153 3977 fusam
2186 3923 2580 3993 quorumdam
2611 3923 2920 3979 verborum
2978 3925 3086 3982 Job
3144 3928 3679 4001 interpretationem

273 4018 605 4093 mysticam,
640 4033 767 4090 quae
799 4014 909 4089 ipsi
938 4015 1064 4071 visa
1088 4019 1177 4071 est
1207 4014 1559 4082 necessaria,
1593 4013 1738 4070 scite
1768 4012 2085 4071 admodum
2116 4010 2365 4067 inseruit
2392 4017 2540 4084 (cap.
2573 4014 2627 4081 5,
2660 4029 2822 4068 num.
2866 4018 2925 4069 l2
2979 4026 3029 4071 et
3085 4022 3241 4090 req)
3304 4021 3366 4075 In
3427 4026 3682 4081 secundo

271 4108 379 4163 Vir
407 4110 646 4162 sanctus
675 4104 830 4165 idem
862 4108 1277 4179 argumentum
1309 4101 1687 4176 prosequitur
1716 4100 1966 4158 Psalmis
1997 4117 2090 4154 XLI
2120 4104 2177 4155 et
2205 4117 2320 4154 XLII
2351 4102 2680 4156 accuratius
2710 4101 3029 4160 enucleatis
3061 4122 3073 4173 ;
3122 4106 3181 4160 in
3239 4110 3455 4179 quibus
3497 4111 3681 4187 tripli-

269 4213 402 4252 cem
433 4193 732 4267 Prophetae
764 4192 1192 4267 querimoniam
1222 4192 1493 4250 observat
1521 4192 1670 4265 (cap.
1702 4191 1757 4258 7,
1792 4207 1954 4245 num.
1988 4191 2079 4260 26,
2110 4192 2168 4244 et
2197 4206 2323 4262 cap.
2356 4191 2409 4257 8,
2446 4206 2608 4245 num.
2641 4191 2753 4264 29),
2815 4192 3065 4264 primam
3123 4196 3193 4250 de
3248 4198 3683 4260 calamitatibus

269 4301 423 4359 quas
452 4300 556 4356 per
585 4282 737 4338 hanc
766 4282 890 4338 vitae
922 4298 1162 4338 usuram
1197 4280 1579 4355 perpetimur,
1612 4279 1855 4337 alteram
1887 4279 1957 4334 de
1986 4278 2276 4333 bonorum
2310 4295 2436 4351 quae
2469 4296 2799 4351 speramus,
2851 4286 3023 4354 atquc
3051 4283 3342 4356 imprimis
3397 4292 3684 4349 Dominici

269 4374 559 4429 adventus
588 4387 764 4444 quem
796 4368 894 4426 ille
925 4368 1383 4445 flagrantissimo
1415 4369 1619 4425 ardore
1649 4366 2013 4441 peroptabat,
2047 4366 2374 4435 dilectione,
2408 4368 2639 4423 tertiam
2672 4370 2909 4424 demum
2941 4372 3011 4426 de
3043 4375 3388 4432 necessitate
3418 4379 3593 4436 vitam
3624 4381 3683 4437 in

268 4463 595 4535 impiorum
628 4458 921 4517 consortio
953 4458 1317 4516 traducendi.
1354 4458 1529 4514 Addit
1549 4461 1745 4514 autem
1778 4457 1837 4512 in
1868 4461 2119 4528 utroque
2147 4455 2299 4511 libro
2329 4456 2622 4512 rationum
2656 4464 2953 4515 momenta
2976 4462 3277 4519 firmandae
3310 4467 3481 4522 Verbi
3539 4470 3684 4527 divi-

269 4550 445 4607 nitati
474 4550 789 4623 peridonea
818 4548 942 4623 (lib.
979 4566 1017 4615 ι,
1046 4564 1169 4625 cap.
1203 4549 1237 4604 9
1270 4566 1283 4616 ;
1318 4547 1417 4602 lib.
1454 4564 1516 4613 ιι,
1547 4563 1672 4618 cap.
1705 4546 1739 4601 4
1769 4549 1825 4601 et
1853 4546 1929 4618 6),
1962 4546 2118 4617 quod
2150 4563 2283 4600 eum
2319 4562 2431 4600 non
2464 4545 2576 4600 alia
2608 4547 2677 4600 de
2708 4564 2886 4603 causa
2915 4548 3211 4607 factitasse
3242 4556 3684 4623 crediderimus,

270 4638 391 4696 nisi
428 4644 493 4694 ut
522 4639 803 4695 adversus
831 4653 1122 4694 venenum
1149 4635 1498 4693 Arianorum
1529 4635 1628 4709 qui
1658 4633 1965 4691 Mediolani
1995 4651 2063 4690 ea
2093 4638 2438 4707 tempestate
2468 4633 2791 4708 plurimum
2826 4642 3110 4710 poterant,
3171 4644 3454 4715 populum
3487 4663 3682 4714 suum,

267 4726 685 4784 communiret.

348 4821 470 4871 Duo
502 4816 855 4889 posteriores
890 4815 1017 4872 libri
1050 4832 1148 4871 eas
1180 4814 1489 4871 hominum
1522 4813 1789 4888 querelas
1819 4812 2139 4880 continent,
2172 4829 2320 4884 quas
2352 4812 2411 4867 hi
2444 4814 2738 4886 prosperis
2769 4815 3067 4873 abundare
3094 4817 3413 4891 improbos,
3470 4822 3683 4893 probos

266 4921 412 4962 vero
443 4904 764 4961 conflictari
794 4904 1054 4961 adversis
1084 4904 1371 4977 indignati
1403 4903 1616 4960 habere
1647 4902 1853 4963 solent.
1887 4902 2169 4967 Quocirca
2198 4902 2524 4974 primorum
2555 4904 2707 4959 bona
2729 4904 3093 4962 demonstrat
3123 4924 3235 4962 non
3268 4925 3395 4964 esse
3421 4926 3554 4966 vera
3581 4911 3683 4968 bo-

267 5012 373 5063 na,
402 5010 520 5050 non
551 5010 617 5050 ea
646 4993 793 5066 ipsis
824 4993 883 5049 in
911 4993 1215 5067 praemium
1248 4993 1588 5051 meritorum
1621 5009 1917 5073 concessa,
1951 5007 2055 5047 nec
2084 4990 2246 5045 illam
2280 5008 2479 5048 eorum
2529 4993 2897 5066 possessione
2929 4994 3263 5052 felicitatem
3320 4999 3531 5056 adferri
3580 5018 3685 5058 ne-

266 5099 392 5157 que
417 5082 474 5137 in
507 5099 785 5156 prmsens,
810 5098 1001 5154 neque
1031 5081 1214 5138 multo
1246 5082 1444 5139 minus
1475 5082 1533 5137 in
1567 5082 1851 5150 futurum,
1879 5086 1999 5154 quo
2029 5084 2289 5152 tempore
2316 5082 2464 5152 justi
2507 5081 2747 5138 demum
2780 5083 3076 5155 regnaturi
3108 5090 3265 5139 sunt.
3328 5087 3471 5142 Huic
3529 5092 3684 5147 veri-

268 5172 382 5229 tati
415 5170 590 5227 fidem
622 5171 760 5227 facit
785 5169 979 5227 allatis
1011 5170 1205 5227 verbis
1233 5170 1339 5227 Job
1370 5188 1437 5226 ex
1466 5169 1597 5227 aliis
1627 5169 1919 5244 capitibus
1950 5168 2080 5225 libri
2114 5170 2377 5242 ejusdem
2413 5188 2424 5226 :
2458 5187 2659 5227 verum
2694 5172 2787 5227 hic
2813 5188 2926 5226 non
2960 5176 3078 5226 tam
3130 5172 3336 5247 longas
3392 5178 3682 5248 periodos,

272 5276 459 5335 quam
488 5260 546 5316 in
579 5259 769 5333 primo
808 5260 988 5331 hujus
1018 5258 1532 5317 commentationis
1560 5258 1732 5331 libro,
1764 5258 2043 5315 describit
2076 5275 2090 5315 :
2124 5259 2224 5313 sed
2256 5260 2428 5314 verba
2459 5276 2584 5331 qua:
2617 5259 2725 5315 sibi
2757 5259 3025 5313 videntur
3054 5261 3125 5316 ad
3154 5278 3272 5318 rem
3310 5266 3495 5338 magis
3557 5284 3687 5325 esse

273 5349 723 5406 accommodata
751 5347 1002 5422 seligens
1033 5364 1102 5403 ea
1130 5348 1287 5404 brevi
1320 5346 1680 5420 expositione
1709 5345 1985 5402 illustrat.
2022 5348 2081 5402 In
2115 5351 2320 5420 quarto
2353 5346 2499 5402 libro
2529 5347 2729 5402 eadem
2788 5347 3063 5415 adstruit,
3124 5351 3387 5409 adhibita
3436 5354 3685 5431 eleganti

272 5437 644 5495 enarratione
675 5436 888 5493 Psalmi
923 5452 1093 5503 Lxxn,
1127 5435 1186 5492 in
1219 5452 1334 5508 quo
1364 5435 1544 5493 David
1575 5434 1826 5508 perbelle
1856 5436 1926 5490 de
1957 5436 2161 5492 eadem
2193 5436 2434 5491 materia
2465 5433 2745 5507 disputat.

350 5526 434 5583 Ex
452 5525 661 5584 ethicis
692 5524 810 5583 illis
847 5523 1153 5599 praeceptis
1178 5541 1307 5598 quas
1337 5523 1588 5583 subinde
1617 5522 1756 5583 huic
1786 5523 2061 5583 tractatui
2088 5523 2372 5581 admiscet
2402 5522 2764 5593 Ambrosius,
2796 5524 2942 5583 satis
2971 5526 3265 5603 intelligas
3287 5548 3422 5590 eum
3453 5541 3686 5593 consta-

277 5632 341 5672 re
372 5614 774 5685 concionibus,
805 5632 955 5688 quas
986 5614 1059 5671 ad
1091 5612 1355 5671 fidelium
1388 5612 1816 5671 institutionem
1850 5618 2278 5686 composuerat.
2315 5613 2431 5669 Has
2461 5615 2657 5668 autem
2689 5613 2761 5668 ab
2794 5613 2891 5670 illo
2921 5615 3129 5674 diebus
3154 5619 3398 5678 diversis
3456 5623 3685 5686 habitas

280 5705 465 5762 fuisse
495 5722 627 5761 cum
653 5704 895 5762 secundi
929 5703 1083 5773 libri,
1115 5707 1243 5760 tum
1276 5703 1529 5760 maxime
1558 5702 1714 5760 tertii
1745 5704 2047 5761 exordium
2078 5720 2192 5759 non
2225 5702 2439 5758 obsuro
2470 5705 2559 5758 est
2579 5710 2944 5776 argumento.

354 5795 435 5855 De
464 5798 724 5875 tempore
754 5793 991 5871 quidem
1022 5809 1139 5874 quo
1166 5791 1314 5857 illud
1344 5793 1539 5873 operis
1568 5795 1962 5873 conscriptum
1995 5793 2124 5869 fuit,
2157 5791 2378 5875 aliquid
2419 5791 2819 5856 indubitatum
2872 5797 3129 5875 proferre
3185 5801 3426 5875 majoris
3456 5802 3685 5873 videtur
