4104 6156
453 364 573 422 835

1923 363 1984 417 ς.
2035 360 2407 420 Ag‘vIBROSll
3715 360 3814 424 836

456 510 585 549 esse
619 491 852 564 negotii.
892 495 1307 547 Verumtamen
1343 491 1497 546 haud
1527 491 1779 546 absurde
1812 492 2019 561 conjici
2055 492 2239 562 possit
2265 509 2484 544 annum
2521 491 2709 546 cidem
2753 491 3172 562 assignandam
3233 491 3585 554 superiorem
3630 496 3812 549 trecen-

453 582 662 635 tesimo
686 580 1043 651 octogesimo
1075 581 1324 651 septimo
1355 598 1469 652 quo
1505 579 1750 635 Flacilhe
1782 580 2093 635 Theodosii
2127 580 2321 652 Magni
2358 580 2554 634 uxoris
2588 584 2813 635 statuas
2844 579 2898 633 in
2935 579 3205 652 populari
3230 579 3508 634 seditione
3531 580 3822 651 dejecerunt

448 669 898 724 Antiochenses.
936 669 1078 723 Cum
1113 669 1264 724 enim
1301 675 1538 724 sanctus
1570 670 1782 723 Doctor
1812 669 1881 723 de
1912 669 2244 740 principum
2279 668 2397 741 agit
2430 669 2808 740 imaginibus,
2845 669 2925 723 ita
2957 667 3217 739 loquitur
3243 668 3447 738 (lib.1v,
3475 685 3594 740 cap.
3627 672 3818 735 8,num.

388 781 396 789 -
444 758 536 827 24)
576 775 587 813 ;
631 759 779 813 Vides
811 758 1265 828 quemadmodmn
1296 762 1356 812 in.
1386 760 1700 814 civitatibus
1732 760 1994 813 bonorum
2022 761 2342 828 princip-um
2374 760 2642 828 imagines
2670 767 3032 828 perseverent,
3065 758 3349 812 deleantur
3380 759 3635 826 imagines
3661 761 3824 827 tyran-

445 863 666 900 norum.
703 845 839 909 Quis
860 853 1049 899 autem
1088 852 1246 916 putet
1282 852 1414 917 post
1448 846 1616 900 illum
1652 852 1920 901 eventum
1954 863 2198 901 summa:
2228 847 2549 918 prudentiae.
2590 847 2950 910 Antistitem,
2983 852 3039 902 et.
3071 848 3219 918 apud
3253 864 3423 918 quem
3457 847 3693 901 maximo
3721 855 3823 902 erat

449 934 508 988 in
542 935 730 1005 pretio
761 934 1146 998 Theodosius,
1181 934 1522 1004 hujusmodi
1555 935 1744 989 verbis
1777 952 1901 1006 qure
1935 935 2414 990 accerbissimum
2450 936 2593 990 tanti
2629 935 2909 1006 principis
2957 936 3170 991 vulnus
3219 953 3330 989 non
3361 936 3482 990 sine
3513 937 3827 992 contumelia

447 1022 838 1086 refricassent,
876 1022 955 1075 uti
989 1023 1241 1077 voluisse
1273 1024 1300 1076 ’ἶ
1331 1025 1610 1078 Praeterea
1642 1041 1767 1094 qua:
1803 1025 1896 1079 hic
1929 1024 2051 1094 (lih.
2090 1042 2148 1086 ιι,
2184 1041 2309 1095 cap.
2343 1025 2570 1090 6,num.
2606 1025 2696 1092 24)
2730 1025 2799 1078 de
2834 1023 3083 1079 Psalmis
3117 1028 3532 1093 memorantur,
3565 1041 3626 1078 ea
3657 1025 3821 1079 locum

440 1110 714 1164 videntur
746 1112 997 1182 prmlmre
1029 1113 1372 1182 conjiciendi
1417 1113 1788 1168 Ambrosium
1826 1115 2062 1169 eosdem
2097 1131 2398 1168 sermones
2433 1115 2711 1169 habuisse
2745 1119 2876 1186 ante
2935 1132 3160 1168 annum
3221 1116 3328 1168 385
3385 1121 3505 1178 aut,
3559 1115 3676 1177 386,
3731 1131 3825 1185 quo

443 1203 708 1268 tempore
743 1200 936 1269 populi
965 1207 1199 1254 cautum
1239 1202 1570 1255 instituitin
1607 1202 1878 1256 Ecclesia.
1909 1201 2063 1256 Nihil
2101 1203 2293 1273 itaque
2328 1203 2692 1273 prohibuerit
2723 1203 3039 1273 quominus
3099 1203 3644 1258 commentationem
3694 1203 3822 1257 hanc

443 1285 674 1340 circiter
705 1305 926 1341 annum
959 1289 1064 1341 383
1097 1289 1304 1342 factam
1340 1289 1628 1353 dicamus,
1665 1296 2054 1361 sanctumque
2088 1294 2353 1343 nostrum
2419 1290 2487 1341 de
2545 1288 2756 1343 statuis
2816 1289 3168 1344 mentionem
3225 1289 3502 1344 habuisse
3559 1289 3825 1344 occasione

445 1374 769 1444 imaginum
805 1375 1065 1430 Gratiani
1100 1377 1489 1448 imperatoris,
1527 1396 1692 1449 quas,
1728 1397 1792 1432 co
1825 1379 2135 1442 exstincto,
2171 1377 2422 1449 populus
2456 1378 2548 1430 cui
2574 1378 2807 1446 juvenis
2841 1375 2933 1430 ille
2980 1378 3247 1450 princeps
3307 1385 3422 1432 tam
3475 1379 3697 1448 justum
3751 1380 3826 1432 sui

441 1463 758 1534 reliquerat
789 1465 1168 1532 desiderium,
1205 1467 1584 1520 conservavit.

440 1644 916 1651 _———_—_~.____—
931 1644 1460 1650 ——.—___..——._—_
1467 1645 1648 1650 Μ

441 1661 650 1668 ῳ-
661 1662 932 1667 __.______._
953 1662 1056 1667 ———--
1065 1662 1126 1667 ην
1135 1662 1686 1667 ——--._—————--—.————-o

1099 1853 1924 2009 SANCTI
2115 1853 3194 2010 AMBROSH

1687 2154 2260 2210 MEDIOLANENSIS
2302 2155 2616 2209 EPISCOPI

2124 2342 2198 2384 DE

740 2519 2281 2652 lNTEBPELLATlONE
2373 2517 2671 2650 JOB
2768 2522 2963 2646 ΕΤ
3065 2521 3559 2652 DAVlD

1727 2774 1937 2842 [.lBRl
1996 2774 2394 2856 QUATUOR
2439 2772 2564 2843 (69).

1755 3095 2069 3177 LIBER
2135 3094 2547 3182 PRIMUS

933 3292 1032 3350 DE
1094 3290 1833 3349 lN'l‘l‘IRPELLATlONE
1889 3291 2027 3350 JUB
2093 3291 2190 3349 ET
2247 3292 2348 3350 DE
2411 3291 2740 3351 HOMINIS
2801 3291 3340 3350 lNFlRMlTATE.

826 3604 1072 3659 623-5
1125 3601 1354 3656 CAPUT
1414 3602 1702 3655 PRIMUM

439 3679 631 3732 Mullus
666 3678 724 3730 in
755 3677 854 3729 har
886 3677 994 3728 vita
1023 3674 1456 3744 perturbationes
1489 3689 1622 3736 esse,
1671 3675 1870 3726 mal/as
1900 3690 2086 3727 mmo-

511 3750 763 3811 lationes,
796 3747 887 3799 sed
917 3747 1001 3800 his
1035 3746 1162 3799 illas
1194 3747 1348 3814 longe
1377 3747 1629 3814 superari
1658 3762 1676 3805 ;
1711 3745 1847 3816 quod
1878 3754 2087 3799 sanem-

510 3837 635 3873 γυνη
666 3819 979 3872 inductione
1009 3817 1426 3888 comprobatur:
1461 3816 1636 3888 Darid
1667 3833 1730 3869 ue
1757 3818 1957 3888 Jolmm
1993 3832 2090 3886 pro

508 3893 713 3946 nostris
770 3889 1188 3957 infirmitatibus
1254 3887 1660 3957 interpellasse,
1731 3887 1872 3941 unde
1931 3888 2092 3958 hujus

508 3965 683 4034 operis
705 3970 1106 4031 argumentum.

511 4053 560 4103 1.
598 4049 814 4104 Multas
848 4047 1015 4102 nobis
1049 4048 1516 4118 perturbationes
1551 4047 1607 4100 in
1643 4047 1748 4100 hac
1795 4047 1912 4100 vita
1965 4062 2091 4100 esse

437 4138 773 4196 subeundas
804 4135 1106 4206 Scriptura
1137 4135 1334 4188 divina
1386 4136 1789 4206 frequentibus
1846 4136 2090 4189 demon-

437 4234 582 4282 strat
642 4227 803 4290 locis,
869 4224 1201 4295 multasque
1255 4232 1566 4295 suppetere
1643 4222 2088 4289 consolationes,

436 4317 652 4387 quibus
686 4316 1123 4384 animus'capax
1153 4313 1371 4383 vigoris
1405 4317 1462 4367 et
1492 4314 1628 4367 recti
1661 4313 1929 4367 conscius
1991 4313 2089 4366 ab-

438 4405 672 4458 sorbere
725 4402 932 4456 debeat
963 4419 1089 4472 quae
1153 4400 1526 4471 praisentium
1585 4402 2091 4456 incommodorum

437 4496 595 4556 sunt,
629 4495 891 4561 spectare
919 4507 986 4543 ea
1020 4506 1147 4560 quae
1184 4489 1433 4544 habeant
1466 4495 1759 4562 perpetem
1812 4490 2092 4560 jucundi-

438 4585 637 4634 tatem.
675 4580 1120 4649 Praeponderant
1151 4579 1306 4632 enim
1341 4578 1764 4633 consolationes
1799 4579 2094 4650 perturba-

438 4668 719 4736 tionibus,
748 4669 886 4739 quia
917 4672 969 4722 et
1005 4668 1377 4739 praesentiun‘i
1413 4668 1769 4723 sedationem
1819 4669 2088 4734 afferunt,

437 4765 493 4813 et
525 4775 688 4830 spem
726 4758 1075 4811 futurorum.
1102 4756 1260 4810 Unde
1277 4762 1333 4810 et
1355 4756 1653 4827 apostolus
1678 4756 1914 4822 Paulus,
1945 4781 1971 4804 ‹‹
2005 4757 2094 4810 In-

439 4848 626 4919 diguze
659 4851 816 4913 sunt,
852 4845 1064 4916 inquit,
1101 4844 1404 4916 passiones
1438 4845 1617 4916 hujus
1677 4846 1957 4917 temporis
2021 4845 2092 4899 ad

439 4941 919 5008 superventuram
954 4934 1200 5005 gloriam
1230 4935 1399 5003 (Hom.
1432 4952 1552 4998 vui,
1590 4937 1696 5001 18).
1746 4958 1772 4982 ››
1832 4935 2088 5006 Indigna;

439 5027 638 5097 utique
673 5026 742 5079 ad
800 5022 1214 5079 consolationis
1269 5023 1784 5092 comparationem,
1848 5040 1962 5078 non
2020 5023 2091 5078 ad

439 5115 691 5169 fructum
725 5113 1166 5184 redemptionis.

509 5208 562 5257 2.
600 5204 844 5267 Qumcst
876 5204 1030 5257 enim
1065 5209 1181 5256 tam
1237 5201 1512 5272 prreclara
1571 5202 1920 5272 cujusquam
1977 5201 2096 5256 vita

443 5292 500 5345 in
550 5293 743 5357 terris,
797 5297 860 5346 ut
919 5293 1222 5363 aquuare
1281 5289 1442 5344 illam
1501 5290 1790 5344 corlcstem
1850 5289 2094 5363 gloriam

445 5379 672 5450 possit?
705 5381 850 5444 Quid
886 5380 1206 5435 sublimius
1239 5377 1436 5447 Paulo,
1471 5378 1571 5450 qui
1605 5384 1833 5433 tantum
1866 5379 2094 5451 pericu-

514 5520 626 5586 (69)
658 5521 866 5592 Scripti
905 5523 1046 5576 forte
1082 5523 1218 5577 circ.
1254 5540 1347 5576 an.
1383 5523 1507 5575 383.

514 5594 625 5664 (70)
660 5592 741 5645 Ita
789 5593 928 5646 edit.
995 5595 1119 5649 Era.
1182 5611 1314 5648 cum
1379 5611 1520 5648 mss.
1573 5593 1778 5648 Thuan
1814 5635 1826 5657 ,
1889 5593 2091 5661 I.au«‘l..

442 5664 615 5718 'I‘orn.
652 5670 705 5715 ct
747 5663 916 5726 Vict,
953 5664 1073 5716 aliae
1132 5683 1264 5719 vero
1324 5665 1460 5719 erlit.
1519 5683 1582 5720 ac
1627 5682 1794 5732 mss,
1854 5666 2095 5719 datm-tis

447 5735 511 5788 ad
543 5745 783 5788 terras...
819 5735 1160 5805 i't’t.'t’i'ti.s_\'cl
1191 5737 1425 5789 reductis
1455 5737 1523 5789 ad
1565 5737 1777 5790 aetum.
1817 5737 1926 5791 Sed
1987 5754 2094 5805 pu-

446 5810 642 5860 tamus
676 5808 940 5862 nostram
970 5802 1273 5860 lectionem
1307 5811 1602 5878 praestare,
1635 5812 1810 5881 atque
1847 5802 2094 5866 Ambro-

2122 3610 2173 3673 Α
2203 3603 2391 3656 lorum
2427 3603 2624 3669 subiit,
2661 3607 2890 3657 tantum
2919 3601 3184 3657 dolorum
3221 3607 3394 3674 atque
3436 3601 3832 3656 inﬁrmitatuin

2203 3693 2504 3745 absorbuit
2534 3691 2560 3744 '?
2595 3692 2653 3744 In
2688 3692 2756 3745 iis
2790 3709 2934 3762 quas
2967 3691 3177 3746 Christi
3215 3693 3450 3746 nomine
3485 3692 3668 3747 subiit
3721 3705 3833 3760 pas-

2200 3781 2466 3835 sionibus
2503 3781 2782 3851 quotidie,
2819 3790 2876 3834 ut
2904 3781 3026 3851 ipse
3058 3780 3217 3841 dicit,
3254 3781 3622 3836 moriebatur
3669 3780 3831 3851 (ICor.

2200 3887 2293 3934 xv,
2324 3871 2434 3938 31),
2469 3875 2525 3923 et
2554 3868 2698 3922 nihil
2741 3869 3046 3940 indignum
3081 3868 3300 3941 perpeti
3345 3887 3408 3923 se
3455 3870 3514 3924 in
3552 3871 3657 3924 hoc
3712 3873 3836 3922 tem-

2202 3976 2339 4029 pore
2382 3976 2481 4028 pro
2515 3963 2686 4012 tantae
2718 3958 2911 4028 gloriae
2945 3975 3044 4030 spe
3078 3964 3249 4029 atque
3271 3959 3702 4030 exspectatione
3731 3972 3840 4010 cen-

2203 4048 2388 4101 sebat.
2424 4048 2575 4101 Elius
2607 4049 2841 4114 famem,
2876 4047 3141 4110 insidias,
3199 4050 3530 4119 mortisque
3591 4052 3840 4104 terrores.

2204 4135 2469 4190 laborum
2503 4137 2710 4190 acerba
2743 4135 3005 4191 toleravit
3040 4153 3052 4190 :
3089 4142 3140 4190 et
3175 4135 3333 4191 solus
3366 4135 3464 4191 ille
3517 4136 3702 4208 igneis
3732 4150 3840 4188 cur—

2204 4226 2385 4289 rihus,
2422 4226 2588 4295 equis
2652 4226 2835 4296 igneis
2889 4227 2960 4280 de
3013 4224 3155 4280 cmlo
3214 4225 3505 4280 deductus
3565 4226 3716 4281 626
3785 4220 3841 4275 ad

2201 4318 2406 4379 terras,
2443 4316 2576 4384 (70),
2611 4318 2666 4369 et
2696 4315 2763 4368 de
2793 4314 2964 4369 terris
2996 4321 3256 4370 revectus
3287 4315 3356 4368 ad
3419 4314 3659 4378 coelum,
3693 4325 3842 4367 omne

2204 4403 2480 4457 meritum
2517 4403 2694 4472 hujus
2728 4402 2946 4457 militia:
2979 4403 3303 4465 abscondit,
3337 4407 3519 4474 atque
3550 4402 3704 4456 ultra
3757 4400 3844 4454 hu-

2204 4509 2376 4546 mana
2410 4490 2607 4546 omnia
2636 4493 2884 4563 gratiam
2915 4491 2993 4564 pii
3023 4491 3350 4546 ascensoris
3374 4493 3587 4546 evexit.
3623 4492 3760 4546 Nam
3784 4489 3842 4541 de

2204 4580 2370 4634 Petro
2402 4581 2538 4649 quid
2574 4576 2802 4652 loquar,
2836 4581 2937 4650 qui
2971 4598 3198 4635 crucem
3232 4598 3399 4634 suam
3435 4581 3644 4635 futura
3675 4593 3844 4634 remu-

2207 4669 2506 4724 ueratione
2537 4669 2840 4739 indignam
2895 4669 3229 4734 arbitratus,
3290 4669 3525 4724 inverso
3585 4665 3844 4738 suspendi

2205 4758 2466 4829 poposcit
2499 4757 2764 4829 vestigio,
2802 4760 2864 4810 ut
2893 4757 3114 4828 aliquid
3147 4758 3399 4828 passioui
3431 4775 3560 4812 suae
3607 4757 3844 4816 adderet,

2207 4848 2372 4916 cujus
2406 4849 2674 4901 acet-bare
2705 4847 2825 4918 ipse
2857 4846 2966 4900 sibi
3002 4846 3287 4918 supplicia
3320 4865 3433 4900 non
3469 4847 3704 4901 timeret
3725 4837 3848 4910 (7i)?

2280 4937 2331 4990 3.
2371 4936 2531 4990 Unde
2564 4953 2677 4989 non
2714 4935 3005 4989 immerito
3055 4942 3295 4990 sanctus
3327 4936 3507 4991 David
3574 4936 3646 4990 ad
3703 4931 3845 4986 illam

2245 5023 2478 5089 IJriam,
2533 5042 2667 5079 eum
2703 5025 2758 5078 iu
2793 5029 2996 5079 caztcro
3051 5042 3240 5096 opere,
3305 5030 3426 5078 tum
3496 5024 3746 5079 maxime
3798 5018 3846 5071 in

2206 5112 2654 5186 quadragesimo
2689 5112 2874 5184 primo
2901 5112 3132 5168 Psalmo
3160 5131 3220 5168 se
3251 5114 3530 5168 festinare
3592 5115 3842 5170 testatur,

2205 5204 2408 5258 dicens
2443 5220 2454 5257 :
2493 5225 2519 5252 ‹‹
2551 5202 2791 5264 Quando
2818 5203 3044 5257 veniam
3071 5207 3125 5256 ct
3155 5203 3444 5274 apparebo
3484 5207 3626 5257 ante
3659 5199 3844 5254 faciem

2206 5293 2306 5348 DCi
2338 5293 2509 5363 (Psal.
2546 5309 2615 5345 XL
2642 5335 2659 5360 ,
2689 5292 2744 5358 1.3).
2778 5293 2804 5345 ‘.’
2836 5315 2860 5339 ›ο
2895 5291 2957 5345 In
2991 5308 3105 5362 quo
3156 5291 3384 5346 Psalmo
3443 5296 3503 5345 et
3565 5287 3846 5362 perturba-

2205 5381 2395 5437 tiones
2426 5381 2698 5435 humaua?
2728 5379 3086 5452 fragilitatis,
3120 5387 3173 5435 et
3199 5379 3634 5436 consolationes
3666 5396 3700 5432 ε.
3749 5376 3842 5430 Do-

2207 5525 2361 5578 sium
2396 5528 2690 5595 spectasse
2722 5523 2792 5575 ad
2825 5522 2958 5576 Elite
2992 5523 3243 5577 reditum
3277 5523 3464 5578 illum.
3504 5539 3623 5594 quo
3655 5522 3708 5573 in
3759 5521 3841 5571 Do-

2205 5595 2421 5649 minica
2452 5596 2966 5664 transtiguratione
2997 5597 3286 5664 apparuit,
3655 5663 3660 5664 γ
3775 5659 3778 5662 Ι

2282 5671 2393 5736 t7!)
2425 5668 2611 5737 Hujus
2645 5660 2898 5719 historiae
2931 5660 3195 5720 mem—init
3229 5666 3618 5736 Hieronymus
3651 5663 3704 5715 in

2208 5735 2306 5792 tal.
2341 5743 2398 5792 et
2429 5735 2786 5810 Hegesippus
2818 5755 2850 5792 a
2881 5754 3004 5810 quo
3025 5735 3532 5810 eaii'i‘Anibrosi'us
3558 5735 3839 5790 mutuatus

2205 5810 2441 5866 videtur
2475 5826 2487 5866 :
2514 5806 2740 5882 'qua'de
2765 5824 2826 5864 re
2855 5806 3098 5868 efnobis
3119 5807 3342 5866 dicetur
3369 5807 3484 5866 alio
3517 5806 3662 5864 loco.
