4052 6196
554 286 671 346 839

559 418 698 472 mihi
734 416 901 481 (l'sal.
936 432 1010 471 iv.
1043 414 1141 477 5;?
1166 436 1190 461 ››
1225 412 1567 468 Remedium
1612 412 1846 483 quidem
1891 411 2066 471 iii-dit,
2106 411 2200 463 sed

555 510 748 559 tamen
804 500 1221 556 conscientiam
1269 499 1612 555 vulneravit.
1656 500 1767 554 Sed
1817 505 1940 555 esto
1991 506 2055 553 ut
2104 498 2205 553 ali-

556 589 789 662 quando
822 589 992 645 fessis
1016 606 1259 644 somnus
1281 589 1540 661 obrepat,
1568 595 1853 645 terremur
1875 587 2204 653 insomniis,

553 679 920 750 exagitamur
966 677 1315 735 visionibus.
1350 695 1412 731 ut
1462 695 1573 731 non
1621 678 1746 747 jam
1800 678 2052 749 requies,
2105 677 2206 731 sed

555 785 727 841 pcena
765 768 859 824 sit.
897 768 981 823 lta
1033 767 1189 821 enim
1247 767 1465 821 abeunt
1519 766 1728 821 divitiae
1780 766 1999 830 sicculi,
2034 764 2206 821 veluti

554 858 853 915 somnium
913 855 1299 927 exsurgentis.
1351 856 1607 910 Surrexit
1660 855 1874 926 aliquis
1920 872 1989 911 ex
2034 853 2205 910 istius

557 946 817 1019 corporis
870 962 1100 1014 somno,
1152 948 1208 1000 et
1259 943 1405 1000 nihil
1465 944 1745 1018 possedit,
1782 945 1958 1017 idque
2008 943 2203 1016 ipsum

555 1035 711 1108 quod
743 1052 803 1091 se
833 1035 1105 1089 credebat
1134 1034 1369 1099 habere,
1402 1033 1620 1089 amisit.

623 1126 676 1178 9.
709 1122 1054 1178 Constituite
1085 1122 1227 1178 mihi
1261 1139 1417 1177 nunc
1448 1122 1684 1179 divitem
1716 1122 1909 1188 illum,
1933 1121 2033 1193 qui
2060 1138 2205 1193 quo-

552 1212 780 1269 tidiana
810 1213 972 1268 lucra
1000 1217 1056 1267 et
1085 1218 1344 1283 quaestus
1375 1212 1563 1268 varios
1594 1212 1964 1283 congerebat,
1996 1216 2052 1265 et
2079 1227 2206 1266 exa-

554 1302 852 1374 gitabatur
880 1300 1299 1372 cupiditatibus
1331 1301 1476 1366 suis,
1508 1300 1704 1355 subito
1741 1298 2204 1371 resipiscentem,

554 1390 1138 1461 considerantemque
1171 1406 1390 1455 secum,
1419 1390 1558 1462 quia
1589 1406 1702 1444 non
1737 1406 1870 1445 cum
1903 1388 2201 1454 morietur,

554 1479 799 1555 accipiet
849 1479 1067 1543 omnia,
1112 1496 1300 1550 neque
1358 1479 1535 1533 simul
1585 1473 1895 1533 descendet
1949 1494 2081 1533 cum
2139 1495 2205 1533 eo

553 1569 739 1642 gloria
788 1569 996 1624 domus
1048 1569 1195 1638 ejus,
1231 1575 1286 1622 et
1335 1570 1488 1640 quod
1540 1586 1607 1623 ea
1656 1586 1782 1639 quae
1833 1567 2110 1639 possidet,
2144 1566 2205 1621 in

554 1660 659 1713 hac
689 1658 807 1713 vita
852 1658 1104 1712 habeant
1153 1656 1375 1729 aliquid
1408 1655 1742 1727 voluptatis,
1778 1673 1893 1711 non
1938 1657 2113 1711 etiam
2144 1656 2203 1709 in

552 1748 839 1807 futurum,
865 1746 1218 1817 aperientem
1250 1745 1447 1799 oculos
1480 1747 1550 1799 ad
1586 1744 1839 1799 ccclesiis
1862 1747 1971 1813 (77.
2004 1744 2205 1799 Nonne

551 1836 658 1891 tibi
689 1836 920 1890 videtur
950 1837 1101 1889 sicut
1132 1835 1232 1905 qui
1282 1835 1342 1888 in
1393 1835 1616 1889 somnis
1650 1834 1906 1897 bibebat,
1935 1833 2155 1888 bibisse
2191 1862 2208 1906 ε

551 1930 608 1980 et
636 1924 789 1979 sicut
821 1924 919 1995 qui
953 1924 1009 1977 in
1046 1922 1271 1978 somnis
1312 1921 1677 1994 epulabatur,
1712 1923 1984 1993 epulatus
2019 1938 2031 1975 :
2070 1939 2204 1994 ape-

551 2014 743 2069 ruisse
774 2017 973 2067 autem
1004 2010 1205 2067 oculos
1227 2016 1282 2066 et
1311 2011 1653 2083 cognovisse
1683 2011 1837 2081 quod
1865 2010 2061 2065 anima
2081 2012 2210 2082 ejus

553 2103 725 2158 inane
756 2102 1030 2174 speravit,
1059 2105 1115 2155 et
1146 2100 1337 2155 adhuc
1381 2100 1622 2167 esuriat,
1654 2105 1831 2170 atque
1865 2100 2044 2163 sitiat,
2070 2099 2209 2170 quia

561 2191 800 2245 modum
838 2208 950 2245 non
983 2190 1157 2244 habet
1188 2189 1447 2255 avaritia,
1480 2206 1584 2243 nec
1616 2189 1892 2258 rapiendo
1922 2187 2205 2260 expletur,

556 2279 657 2335 sed
691 2278 966 2333 incitatur
1008 2296 1074 2332 eo
1120 2277 1399 2351 egentior,
1434 2294 1546 2348 quo
1581 2278 1747 2347 plura
1779 2277 2109 2348 quaesierit?
2143 2277 2208 2331 Et

560 2366 657 2420 hic
687 2382 821 2437 ergo
853 2366 1124 2431 surrexit,
1160 2371 1216 2421 et
1246 2382 1457 2418 vanum
1490 2370 1577 2419 est
1610 2364 1927 2419 somnium.

1202 2479 1431 2535 CAPUT
1472 2479 1562 2533 IV.

554 2570 826 2640 Quomodo
864 2572 1031 2624 amici
1074 2570 1169 2624 Job
1215 2569 1286 2622 ad
1330 2568 1719 2623 consolandum
1763 2586 1888 2625 eum
1938 2572 2207 2624 venientes

622 2644 740 2712 ejus
769 2641 1006 2697 dolorem
1037 2641 1411 2695 acerbaverint
1432 2658 1451 2693 .·
1474 2650 1525 2695 et
1553 2658 1717 2711 quam
1741 2642 2034 2710 magni/ire
2056 2640 2199 2695 idem

619 2715 850 2770 senserit
877 2713 943 2768 de
969 2713 1161 2768 divina
1188 2716 1465 2782 potestate,
1498 2729 1562 2767 ac
1590 2712 1970 2784 redemptionis
1998 2721 2198 2783 myste-

622 2788 709 2841 ria
734 2785 957 2855 designa
967 2787 1116 2840 verit.

627 2901 710 2955 10.
745 2899 855 2954 Sed
888 2899 1099 2954 iterum
1131 2899 1325 2969 ipsum
1369 2897 1682 2953 audiamus
1713 2897 2001 2953 dicentem
2037 2914 2048 2952 :
2076 2920 2103 2945 ‹‹
2138 2897 2201 2952 In

553 2987 794 3044 veritate
826 2986 956 3043 novi
1005 2986 1159 3057 quod
1209 2985 1290 3039 ita
1337 2988 1454 3051 est;
1503 2985 1795 3056 quomodo
1843 2985 1998 3040 enim
2047 2986 2201 3042 629

552 3075 908 3146 eritjustus,
966 3072 1249 3141 mortalis,
1297 3077 1406 3128 etc.
1451 3073 1587 3143 (Job.
1623 3090 1700 3135 Ix,
1732 3073 1807 3143 2).
1836 3095 1863 3121 ››
1898 3074 2201 3129 Incumbe-

2000 280 2064 338 S.
2112 270 2483 341 AMBROSII

3764 278 3850 338 840

2240 413 2282 475 Α
2325 409 2475 461 ιιιὶἱιι·
2510 407 2879 460 sermonibus
2925 404 3302 459 contradicat.
3362 403 3587 474 Sapiens
3631 412 3701 459 est
3742 411 3853 465 enim

2318 497 2637 561 intellectu,
2672 502 2727 551 ct
2759 494 2943 561 fortis,
2977 498 3033 548 et
3066 508 3317 563 magnus
3345 509 3356 547 :
3389 492 3517 562 quis
3565 499 3666 549 tam
3710 496 3855 565 durus,

2317 590 2383 640 ut
2411 585 2468 640 in
2501 589 2814 656 conspectu
2847 584 2975 654 ejus
2996 581 3181 654 possit
3242 580 3550 636 subsistere
3574 581 3600 635 7
3642 582 3729 647 Qui
3767 584 3859 641 facit

2317 679 2545 729 montes
2578 674 3019 737 inveterascere,
3054 676 3111 726 et
3142 671 3427 735 nesciunt,
3486 675 3540 725 et
3590 672 3757 727 evertit
3798 690 3859 729 eos

2316 764 2637 818 iracundia.
2675 763 2780 828 Qui
2814 765 3138 816 commovet
3177 760 3378 814 orbem
3420 764 3680 814 terrarum
3707 777 3734 814 a
3775 762 3858 817 fuu~

2316 852 2629 919 dementis,
2662 856 2718 906 et
2749 850 3033 905 columnae
3061 850 3190 920 ejus
3241 850 3591 920 quatiuntur.
3645 848 3736 911 Qui
3772 851 3863 907 dicit

2317 940 2447 1007 soli,
2480 944 2536 995 et
2563 957 2674 995 non
2707 940 2911 1008 oritur,
2948 940 3226 994 adversus
3259 943 3452 993 autem
3509 936 3683 992 sidera
3730 928 3859 993 consi-

2315 1034 2473 1102 gnat.
2506 1028 2613 1093 Qui
2643 1028 2899 1083 extendit
2922 1026 3133 1082 coelum
3165 1025 3349 1095 solus,
3382 1029 3438 1080 et
3483 1022 3721 1080 ambulat
3763 1026 3865 1081 sicut

2315 1120 2372 1173 in
2408 1118 2745 1189 pavimento
2782 1133 2961 1189 supra
2992 1132 3172 1171 mare.
3205 1114 3311 1181 Qui
3368 1113 3501 1169 facit
3547 1112 3792 1185 vergilias,
3832 1121 3865 1170 et

2314 1206 2649 1279 hesperum,
2680 1209 2737 1261 et
2765 1203 3241 1276 septentrionem,
3266 1207 3324 1258 et
3350 1202 3501 1257 austi
3524 1201 3861 1258 ministerium:

2317 1296 2415 1367 qui
2449 1296 2585 1350 facit
2623 1310 2838 1366 magna
2891 1298 2946 1348 et
3002 1290 3449 1363 investigabilia,
3501 1290 3813 1363 gloriosaque
3832 1298 3865 1345 et

2313 1384 2628 1451 immensa,
2662 1398 2911 1454 quorum
2943 1399 3057 1436 non
3090 1387 3179 1436 est
3208 1396 3511 1435 numerus.
3543 1380 3597 1434 Si
3650 1381 3865 1451 praeterie-

2316 1474 2390 1528 rit
2421 1490 2531 1541 me,
2568 1490 2683 1527 non
2715 1472 2921 1527 videbo
2955 1488 2967 1525 :
3002 1477 3059 1526 et
3089 1471 3137 1526 si
3170 1487 3263 1525 me
3282 1474 3710 1541 praetergressus
3729 1469 3862 1529 fuerit,

2317 1577 2420 1617 nec
2453 1562 2534 1616 sic
2567 1562 2746 1617 sciam
2777 1560 2894 1627 (Job
2928 1577 3001 1625 xx,
3032 1560 3210 1629 2-H).
3253 1560 3482 1622 Quanto
3525 1556 3868 1613 vehementiore

2317 1653 2455 1706 tuba
2486 1652 2593 1705 iste
2626 1650 2913 1720 increpuit
2945 1650 3015 1703 de
3046 1647 3278 1703 Domini
3302 1649 3583 1720 potestate
3609 1646 3634 1701 ?
3661 1646 3752 1701 Sed
3770 1646 3869 1700 inea

2240 1779 2283 1842 Β
2307 1740 2604 1810 justorum
2631 1738 2936 1803 auxilium,
2973 1754 3086 1792 non
3122 1737 3288 1791 ruina
3317 1743 3425 1791 est.
3485 1736 3722 1807 Denique
3759 1734 3869 1789 vide-

2319 1833 2415 1883 tur
2442 1829 2683 1900 exprimi
2720 1827 2997 1898 potentia,
3032 1827 3132 1881 sed
3156 1826 3344 1897 magis
3378 1824 3761 1897 redemptionis
3783 1839 3869 1877 nos.

2318 1922 2422 1973 trae
2453 1918 2728 1987 mysteria
2758 1915 3149 1971 declarantur.

2956 2030 3189 2086 CAPUT
3244 2029 3312 2084 V.

2318 2128 2493 2179 Deum
2522 2124 2713 2193 fecisse
2740 2124 2946 2175 montes
3012 2122 3423 2193 inveterascere,
3457 2117 3513 2171 id
3562 2119 3652 2183 est,
3700 2116 3869 2193 litteram

2396 2188 2596 2249 Veteris
2635 2193 2960 2247 Testamenti
2989 2194 3043 2246 in
3071 2191 3379 2262 spiritalem
3408 2205 3616 2244 sensum
3654 2188 3871 2262 convertis-

2386 2282 2442 2321 se
2477 2283 2488 2320 :
2542 2264 2775 2335 Iudaeos,
2807 2263 2948 2335 quod
2990 2258 3131 2318 iltud
3172 2263 3569 2335 ignoraverint,
3621 2258 3870 2316 excusabiles

2386 2354 2495 2391 non
2525 2353 2640 2391 esse
2667 2337 2730 2390 ob
2757 2332 3013 2407 prodigia
3041 2348 3170 2405 qua?
3192 2332 3407 2407 Christi
3436 2335 3656 2407 mortem
3677 2338 3780 2386 sunt
3816 2343 3871 2407 ςυ-

2384 2410 2606 2471 mi’ata,
2639 2406 2729 2462 sed
2759 2400 2999 2461 inaxiine
3027 2400 3092 2460 ὁὸ
3121 2406 3251 2459 solis
3281 2404 3632 2474 defectionem
3657 2416 3761 2472 qua
3801 2400 3872 2453 dss-

2386 2482 2640 2538 rribitur,
2667 2481 2984 2546 ’l‘ungunfur
3015 2478 3126 2530 alia
3156 2475 3412 2546 quaedam
3446 2474 3645 2528 Christi
3683 2486 3824 2546 operit,
3843 2476 3873 2520 ει

2381 2554 2663 2621 prazcipue
2682 2542 2980 2621 ambulatio
3036 2550 3097 2621 in
3149 2542 3343 2621 nutri,-
3396 2548 3509 2621 ulii
3519 2545 3583 2600 de
3633 2542 3873 2621 titubatiost

2384 2614 2651 2689 "Petra-ac
2690 2620 2755 2675 de
2783 2618 3124 2675 conferendis
3170 2620 3408 2673 navibus
3472 2618 3690 2683 Tharsis,
3739 2614 3872 2685 quibus

2383 2711 2605 2765 corpora
2638 2701 2824 2747 nostra
2854 2692 3236 2760 designantur.

2384 2810 2469 2861 i2.
2503 2808 2609 2871 Qui
2643 2812 2779 2863 sunt
2804 2808 2960 2863 enim
2994 2812 3222 2862 montes
3254 2822 3409 2877 quos
3438 2804 3806 2859 inveterascere
3825 2799 3876 2851 ta-

2314 2897 2409 2962 cit,
2434 2897 2556 2952 nisi
2579 2901 2821 2969 Moyses,
2854 2902 3043 2952 Aaron
3072 2899 3129 2951 et
3156 2895 3330 2950 Elias.
3366 2894 3541 2949 Jesus
3568 2892 3723 2953 Nave,
3749 2888 3875 2944 Gede-

2313 3004 2383 3041 on
2417 2986 2729 3058 prophetae,
2762 3001 2961 3041 omnes
2994 2984 3126 3039 libri
3162 2982 3388 3039 Veteris
3416 2979 3745 3039 Testainenti
3767 2976 3791 3031 ‘i
3811 2972 3875 3027 Ve

2312 3075 2399 3130 nit
2429 3075 2714 3131 Dominus
2741 3075 2913 3130 Jesus
2938 3090 2951 3128 :
2986 3074 3208 3128 Novum
3239 3071 3459 3127 detulit
3494 3069 3874 3126 Testamentum,

554 3166 696 3221 bant
727 3163 807 3218 illi
863 3162 1036 3219 amici
1069 3162 1167 3234 qui
1212 3162 1281 3215 ad
1334 3160 1758 3217 consolandum
1814 3167 2109 3227 venerant,
2143 3166 2199 3218 et
2229 3146 2273 3212 C
2311 3169 2367 3220 et
2391 3163 2537 3219 illud
2571 3164 2724 3235 quod
2756 3167 2879 3218 erat
2909 3166 3094 3228 vetus,
3130 3163 3348 3217 factum
3388 3165 3477 3217 est
3506 3174 3721 3215 novum.
3758 3155 3875 3208 Inno-

552 3254 723 3327 quasi
750 3252 973 3308 inimici
995 3251 1213 3307 amaris
1236 3267 1369 3305 eum
1395 3251 1783 3323 perurgebant
1807 3251 2198 3306 sermonibus.

558 3341 749 3397 Unum
781 3342 937 3396 enim
968 3338 1162 3395 solatii
1188 3354 1373 3411 genus
1395 3344 1483 3393 est
1505 3338 1561 3393 in
1584 3356 1845 3393 aerumna
1876 3345 1932 3394 et
1958 3339 2015 3393 in
2049 3355 2203 3395 ama-

561 3430 816 3485 ritudine
855 3428 1188 3484 constitutis
1219 3426 1391 3499 culpa
1433 3444 1652 3495 vacare,
1690 3435 1752 3482 ut
1799 3445 1867 3482 ea
1914 3446 2039 3500 quae
2074 3445 2199 3499 per-

559 3518 861 3591 petiuntur
889 3518 1150 3583 adversa,
1186 3534 1300 3572 non
1333 3534 1436 3589 pro
1466 3516 1661 3573 delicti
1701 3519 1883 3590 pretio
1914 3518 2202 3574 sustinere

557 3608 878 3663 videantur.
908 3607 1022 3662 Hoc
1053 3622 1286 3677 quoque
1316 3611 1516 3661 sancto
1555 3606 1675 3662 viro
1707 3607 1962 3663 adimere
1992 3607 2201 3679 gestie-

558 3698 727 3763 bant;
764 3700 825 3751 ut
855 3696 1146 3751 videretur
1193 3696 1315 3766 ipse
1365 3713 1481 3750 suae
1532 3701 1735 3750 auctor
1776 3713 2068 3766 aerumnae,
2102 3696 2202 3767 qui

556 3786 811 3858 peccatis
840 3786 1115 3857 gravibus
1142 3784 1375 3839 Domini
1408 3784 1789 3841 contraxisset
1821 3787 2125 3850 offensam,
2150 3789 2206 3841 et

557 3892 659 3947 pro
690 3874 1091 3946 impietatibus
1135 3874 1259 3929 suis
1309 3873 1412 3928 illa
1460 3864 1731 3929 toleraret
1764 3893 1776 3929 :
1810 3874 2203 3930 describentes

555 3964 871 4036 impiorum
902 3962 1189 4034 supplicia
1221 3981 1234 4018 :
1272 3968 1333 4017 ut
1375 3962 1473 4033 qui
1505 3962 1645 4017 vitia
1684 3967 1962 4031 sererent,
1995 3969 2051 4017 et
2081 3980 2202 4018 me-

553 4057 743 4109 torent
801 4051 911 4108 sibi
971 4052 1222 4118 dolores,
1256 4051 1409 4123 quod
1463 4050 1737 4105 mandata
1793 4051 2049 4122 perirent
2102 4051 2203 4106 Dei

555 4142 689 4213 (Job.
724 4159 799 4207 ιν,
832 4142 886 4205 8,
917 4140 994 4210 9),
1032 4144 1088 4195 et
1117 4138 1325 4211 spiritu
1358 4139 1484 4192 vita:
1525 4138 1713 4210 ipsius
1744 4138 2045 4194 interirent
2067 4141 2201 4210 (78),

555 4232 655 4302 qui
690 4230 1017 4286 insulilaret
1056 4230 1261 4284 domos
1309 4226 1498 4282 luteas
1548 4226 2013 4283 inhabitantibus
2044 4228 2201 4298 (Ibid.

558 4321 666 4389 19),
699 4325 756 4374 et
785 4312 1133 4383 arescerent,
1168 4316 1549 4389 cogitationes
1574 4316 1916 4371 destitueret
1943 4322 2202 4372 versuto-

556 4422 710 4471 rum,
762 4424 827 4461 os
875 4409 1200 4462 Obstrueret
1248 4406 1451 4477 injusti
1488 4406 1623 4477 (Job.
1659 4422 1710 4473 v,
1746 4406 1852 4475 13).
1888 4408 2020 4471 Quae
2069 4422 2205 4462 vera

555 4492 793 4583 quidem
824 4494 895 4583 de
927 4494 1157 4583 Domini
1188 4498 1493 4565 potestate,
1524 4494 1620 4548 sed
1656 4510 1769 4548 non
1805 4493 2207 4549 convenientia
2238 4519 2282 4583 Β

556 4580 701 4639 tanti
734 4580 838 4634 viri
872 4582 1097 4637 meritis
1133 4584 1490 4638 asserebant.

516 4710 529 4717 -
630 4670 714 4724 11.
746 4668 845 4724 His
883 4686 1019 4735 ergo
1070 4670 1370 4741 respondit
1406 4688 1469 4723 ;‹‹
1507 4673 1567 4726 In
1598 4670 1838 4726 veritate
1888 4672 2017 4726 novi
2070 4672 2208 4743 quia

559 4761 643 4816 ita
673 4763 799 4814 est:
824 4759 1115 4831 quomodo
1137 4757 1292 4813 enim
1320 4760 1523 4828 justus
1546 4760 1811 4816 mortalis
1842 4762 1996 4833 apud
2019 4761 2210 4816 Domi-

556 4848 743 4905 num?
773 4848 828 4904 Si
862 4848 1020 4903 enim
1050 4846 1297 4902 voluerit
1317 4847 1542 4917 judicio
1576 4850 1922 4905 contendere
1947 4866 2081 4905 cum
2105 4866 2204 4917 eo;

554 4956 669 4996 non
702 4937 900 4995 audiet
932 4936 1119 5004 illum,
1157 4942 1219 4991 ut
1272 4952 1384 4991 non
1438 4936 1508 4991 ad
1559 4953 1742 4992 unum
1789 4940 2031 4994 verbum
2080 4942 2208 5010 ejus

628 5098 740 5170 (77)
774 5098 920 5154 Edit.
949 5102 1077 5154 Am.
1112 5114 1245 5153 cum
1298 5095 1619 5170 mss.‘\'_icl.
1652 5099 1709 5151 et
1746 5097 1952 5170 ATorn.,
1987 5103 2037 5153 et
2084 5117 2209 5155 cum

554 5166 777 5241 ea‘qu'ze
801 5171 1036 5242 possidet
1066 5173 1123 5225 in
1155 5170 1255 5224 hac
1296 5170 1403 5223 vita
1436 5166 1673 5242 habeant
1700 5168 1911 5242 aliquid
1960 5172 2207 5241 volupta-

558 5240 680 5313 tis}
713 5240 821 5296 non
851 5244 1018 5298 etiam
1051 5244 1110 5297 in
1133 5244 1389 5313 futurum
1419 5241 1673 5311 aperiunt
1705 5240 1905 5313 oculos,
1937 5247 2045 5296 etc.
2069 5240 2208 5298 Alite

560 5310 700 5364 edit.
734 5329 984 5369 acmss.
1017 5310 1196 5369 ferme
1248 5315 1395 5368 inter
1449 5310 1511 5366 se
1570 5311 1922 5366 conveniunt
1978 5313 2091 5367 nisi
2149 5315 2208 5369 in

564 5383 977 5456 punctuatione
1007 5391 1062 5440 et
1103 5385 1324 5456 paucis,
1351 5382 1590 5449 voculis,
1621 5398 1750 5455 quae
1780 5399 2021 5439 sensum
2054 5383 2207 5441 haud

570 5449 820 5507 multum
854 5449 1148 5512 diversum
1180 5454 1459 5512 efficiunt.

634 5521 949 5605 (78)}39111.
993 5528 1130 5605 edit.
1182 5528 1481 5605 etgspiritu
1527 5525 1651 5605 ine
1677 5526 1846 5605 ipsius
1894 5528 2206 5585 interirent.

565 5591 710 5651 Huic
761 5593 899 5652 LXX
946 5591 1344 5674 suffragantur
1392 5598 1487 5656 his
1536 5591 1729 5656 verbis
1780 5608 1923 5659 ιάπὸ
1966 5606 2017 5657 δε
2064 5609 2211 5658 πνεύ-

2309 3258 2477 3308 vatus
2504 3253 2615 3324 (79)
2647 3258 2735 3308 est
2764 3251 3151 3314 Christianus,
3184 3250 3529 3305 inveteravit
3558 3242 3873 3303 littera.Everv

2308 3342 2379 3396 tit
2410 3348 2657 3409 montes,
2692 3347 2749 3396 et
2773 3339 3070 3395 convertit.
3123 3340 3338 3394 Evertit
3394 3339 3550 3393 enim
3603 3342 3653 3391 et
3702 3327 3873 3389 subruit

2307 3430 2670 3486 intellectum
2704 3430 3029 3485 secundum
3060 3428 3340 3493 litteram,
3374 3434 3431 3483 et
3479 3424 3675 3482 statuit
3724 3413 3872 3475 intelli-

2310 3520 2566 3593 gentiam
2593 3518 2939 3591 spiritalem.
2975 3517 3315 3573 Intellectus
3343 3532 3479 3588 crgo
3512 3514 3600 3569 ille
3629 3509 3770 3583 Legis
3791 3520 3874 3562 m-

2310 3610 2437 3665 nuit
2465 3607 2737 3675 carnalis,
2771 3611 2827 3663 et
2858 3607 3047 3662 factus
3077 3610 3167 3663 est
3213 3604 3520 3678 spiritalis.
3579 3601 3722 3657 Unde
3767 3599 3872 3666 Apo-

2310 3697 2495 3754 stolus
2526 3698 2607 3751 ait
2643 3714 2653 3750 :
2691 3696 2921 3751 Scimus
2955 3700 3151 3750 autem
3185 3694 3326 3767 quia
3347 3695 3502 3750 630
3535 3690 3640 3747 Lex
3665 3679 3875 3759 spiritalis

2310 3794 2417 3853 est,
2453 3803 2557 3858 ego
2597 3790 2791 3840 autem
2824 3784 3076 3840 carnalis
3108 3799 3240 3838 sum
3274 3782 3453 3852 (Rom.
3487 3797 3581 3845 vn,
3614 3778 3709 3846 14).
3739 3798 3761 3820 »ο
3803 3767 3874 3824 Sed

2310 3880 2366 3931 et
2400 3876 2520 3947 ipse
2551 3874 2650 3946 qui
2684 3873 2934 3929 carnalis
2966 3878 3109 3940 erat,
3146 3874 3338 3927 tactus
3372 3875 3460 3926 est
3490 3858 3877 3947 spii’italiasicti

2312 3944 2438 4035 ipse
2466 3944 2735 4027 asseruit,
2771 3962 2971 4017 dicens
3007 3979 3019 4017 :
3055 3984 3083 4013 ‹‹
3118 3961 3261 4016 Puto
3294 3960 3453 4016 enim
3516 3963 3568 4013 et
3620 3971 3712 4026 ego
3759 3944 3876 4019 spifi'

2311 4056 2437 4107 tum
2469 4052 2569 4107 Dei
2602 4052 2785 4107 habeo
2814 4053 2864 4119 (I
2889 4053 3009 4106 Cor.
3049 4065 3106 4106 v1
3137 4093 3149 4118 ,
3184 4052 3297 4117 40).
3361 4048 3478 4103 Hos
3536 4062 3661 4117 ergo
3712 4038 3877 4095 montes

2313 4139 2651 4196 inveteravit
2680 4140 2874 4206 Jesus,
2909 4143 2964 4194 et
2994 4138 3183 4194 Judaei
3214 4138 3511 4193 nesciunt.
3545 4135 3601 4191 Si
3640 4130 3773 4188 enim
3815 4137 3877 4216 φ’

2312 4229 2669 4302 gnovissent,
2707 4245 3009 4299 nunquam
3041 4226 3358 4283 Dominum
3392 4221 3703 4296 majestatis
3749 4226 3876 4271 crum-

2316 4318 2579 4373 fixissent
2613 4334 2624 4371 :
2662 4333 2965 4389 nunquam
3024 4316 3218 4371 adhuc
3272 4314 3514 4370 Jadaica
3577 4302 3879 4389 deliramenta

2313 4410 2717 4478 sequerentur.
2739 4387 2852 4478 Ipsi
2886 4410 3024 4461 sunt
3046 4423 3180 4478 ergo
3204 4404 3302 4477 qui
3327 4404 3609 4460 nesciunt.
3628 4396 3766 4453 Unde
3779 4387 3875 4446 etin

2314 4495 2625 4567 Evangelio
2648 4495 2790 4549 dicit
2816 4495 3095 4550 Dominus
3114 4494 3286 4550 Jesus
3311 4512 3323 4548 :
3360 4518 3386 4544 «
3424 4491 3650 4548 Dimitte
3672 4484 3787 4545 illis,
3808 4478 3880 4532 Ρι-

2317 4589 2424 4649 ter,
2457 4585 2593 4655 quia
2618 4583 2889 4639 nesciunt
2918 4584 3074 4655 quod
3105 4583 3326 4638 faciunt
3357 4584 3503 4653 (Luc.
3536 4591 3682 4642 xxnt,
3707 4570 3795 4637 ὅθι
3818 4587 3835 4611 ”

2388 4673 2477 4727 l3.
2510 4672 2621 4727 Sed
2655 4688 2768 4727 non
2803 4678 3159 4727 excusantur
3186 4673 3326 4744 quia
3356 4670 3638 4731 nesciunt,
3663 4676 3774 4719 cum
3818 4668 3882 4707 πῖθ’

2318 4762 2467 4817 scire
2498 4760 2704 4825 nolint,
2738 4761 2891 4833 quod
2916 4760 3224 4817 debuerint
3253 4773 3620 4833 cognoscere.
3649 4753 3878 4833 Certatim

2318 4849 2436 4905 illis
2468 4832 2815 4917 invidemus,
2852 4851 2899 4905 si
2940 4850 3173 4905 Domini
3204 4832 3529 4921 sequantur
3583 4832 3877 4921 sententiain-

2319 4940 2615 4996 Sententia
2645 4939 2801 4994 enim
2836 4940 3138 5011 superiora
3168 4940 3312 4995 solet
3341 4935 3648 4998 absolvere,
3687 4940 3778 4981 non
3817 4917 3877 4971 fu-

2317 5159 2448 5242 gata
2478 5159 2804 5241 refragatur
2856 5159 2963 5225 Sed
2995 5170 3053 5225 in
3083 5170 3328 5227 lectione
3350 5159 3475 5241 quis
3514 5179 3643 5220 mss.
3667 5159 3874 5242 emilth

2318 5251 2374 5299 et
2403 5250 2517 5299 vet.
2546 5243 2683 5298 edit.
2721 5248 2827 5306 est,
2865 5242 3009 5297 nihil
3041 5250 3360 5298 mutamus.
3394 5242 3543 5296 Infra

2319 5331 2523 5371 omnes
2554 5315 2691 5369 edit.
2728 5302 2860 5369 cum
2888 5314 3287 5370 recentoribus
3315 5329 3485 5382 mss.,
3514 5311 3560 5365 Is
3586 5316 3700 5371 ergo
3713 5302 3873 5363 mf“

2318 5388 2419 5454 dit,
2455 5386 2580 5458 cod.
2617 5383 2876 5458 mel_i_oris
2907 5389 3052 5458 notae
3084 5384 3308 5458 legunt,
3341 5385 3453 5458 liis,
3485 5385 3587 5458 etc.

2389 5421 3172 5529 ὂὸῖᾨεέᾜέἰὶἕοῗῗὸἷόιῖῗ
3182 5421 3255 5512 ἓῖ
3268 5421 3468 5517 Ἑὲἰὶἷῖ.
3485 5421 3592 5529 iii:
3608 5439 3731 5529 and

2318 5510 2465 5596 erat,
2488 5510 2643 5586 tein:
2662 5510 2887 5600 iam
2904 5510 3373 5600 estimates;
3397 5510 3504 5584 at.
3558 5513 3699 5587 Quod
3744 5510 3875 5561 etiam

2320 5618 2433 5659 non
2469 5598 2837 5658 incommode
2865 5603 3057 5674 potest
3096 5598 3391 5676 explicari.
