  <div class='ocr_page' id='page_1' title='image "/cluster/home/n/w/nwhite01/storage/ocr_20150623/14/hvd.32044048207138/426.png"; bbox 0 0 4052 6196; ppageno 0'>
   <div class='ocr_carea' id='block_1_1' title="bbox 221 364 332 426">
    <p class='ocr_par' dir='ltr' id='par_1_1' title="bbox 221 364 332 426">
     <span class='ocr_line' id='line_1_1' title="bbox 221 364 332 426; baseline 0 -3"><span class='ocrx_word' id='word_1_1' title='bbox 221 364 332 426; x_wconf 69' lang='lat' dir='ltr'><strong>8M</strong></span> 
     </span>
    </p>
   </div>
   <div class='ocr_carea' id='block_1_2' title="bbox 1005 366 2795 433">
    <p class='ocr_par' dir='ltr' id='par_1_2' title="bbox 1005 366 2795 433">
     <span class='ocr_line' id='line_1_2' title="bbox 1005 366 2795 433; baseline 0.002 -4"><span class='ocrx_word' id='word_1_2' title='bbox 1005 366 1113 429; x_wconf 90' lang='lat' dir='ltr'><strong>DE</strong></span> <span class='ocrx_word' id='word_1_3' title='bbox 1149 367 1890 433; x_wconf 79' lang='lat' dir='ltr'><strong>INTERPELLATIONE</strong></span> <span class='ocrx_word' id='word_1_4' title='bbox 1935 368 2073 431; x_wconf 81' lang='lat' dir='ltr'><strong>JOB</strong></span> <span class='ocrx_word' id='word_1_5' title='bbox 2119 371 2218 431; x_wconf 80' lang='lat' dir='ltr'><strong>ET</strong></span> <span class='ocrx_word' id='word_1_6' title='bbox 2263 369 2509 431; x_wconf 81' lang='lat' dir='ltr'><strong>DAVID</strong></span> <span class='ocrx_word' id='word_1_7' title='bbox 2555 369 2703 433; x_wconf 89' lang='lat' dir='ltr'><strong>LIB.</strong></span> <span class='ocrx_word' id='word_1_8' title='bbox 2751 369 2795 432; x_wconf 92' lang='grc'><strong>1.</strong></span> 
     </span>
    </p>
   </div>
   <div class='ocr_carea' id='block_1_3' title="bbox 3498 372 3615 433">
    <p class='ocr_par' dir='ltr' id='par_1_3' title="bbox 3498 372 3615 433">
     <span class='ocr_line' id='line_1_3' title="bbox 3498 372 3615 433; baseline -0.009 0"><span class='ocrx_word' id='word_1_9' title='bbox 3498 372 3615 433; x_wconf 68' lang='grc'><strong>842</strong></span> 
     </span>
    </p>
   </div>
   <div class='ocr_carea' id='block_1_4' title="bbox 218 496 3616 575">
    <p class='ocr_par' dir='ltr' id='par_1_4' title="bbox 218 496 3616 575">
     <span class='ocr_line' id='line_1_4' title="bbox 218 496 3616 575; baseline 0.002 -22"><span class='ocrx_word' id='word_1_10' title='bbox 218 503 371 555; x_wconf 82' lang='lat' dir='ltr'><strong>tura.</strong></span> <span class='ocrx_word' id='word_1_11' title='bbox 403 496 519 557; x_wconf 78' lang='lat' dir='ltr'><strong>Sed</strong></span> <span class='ocrx_word' id='word_1_12' title='bbox 550 514 654 557; x_wconf 73' lang='lat' dir='ltr'><strong>nec</strong></span> <span class='ocrx_word' id='word_1_13' title='bbox 684 496 780 561; x_wconf 80' lang='lat' dir='ltr'><strong>ille</strong></span> <span class='ocrx_word' id='word_1_14' title='bbox 810 498 1095 559; x_wconf 81' lang='lat' dir='ltr'><strong>immunis</strong></span> <span class='ocrx_word' id='word_1_15' title='bbox 1123 519 1159 558; x_wconf 91' lang='lat' dir='ltr'><strong>a</strong></span> <span class='ocrx_word' id='word_1_16' title='bbox 1185 502 1403 561; x_wconf 79' lang='lat' dir='ltr'><strong>scelere</strong></span> <span class='ocrx_word' id='word_1_17' title='bbox 1426 504 1527 575; x_wconf 86' lang='lat' dir='ltr'><strong>qui</strong></span> <span class='ocrx_word' id='word_1_18' title='bbox 1576 502 1861 559; x_wconf 81' lang='lat' dir='ltr'><strong>crucifixit</strong></span> <span class='ocrx_word' id='word_1_19' title='bbox 1888 503 1944 569; x_wconf 81' lang='grc' dir='ltr'><strong>Α</strong></span> <span class='ocrx_word' id='word_1_20' title='bbox 1975 506 2166 558; x_wconf 78' lang='lat' dir='ltr'><strong>tomus</strong></span> <span class='ocrx_word' id='word_1_21' title='bbox 2199 511 2253 559; x_wconf 90' lang='lat' dir='ltr'><strong>et</strong></span> <span class='ocrx_word' id='word_1_22' title='bbox 2284 505 2546 559; x_wconf 79' lang='lat' dir='ltr'><strong>laetemur</strong></span> <span class='ocrx_word' id='word_1_23' title='bbox 2574 504 2632 561; x_wconf 86' lang='lat' dir='ltr'><strong>in</strong></span> <span class='ocrx_word' id='word_1_24' title='bbox 2664 522 2730 561; x_wconf 86' lang='lat' dir='ltr'><strong>eo</strong></span> <span class='ocrx_word' id='word_1_25' title='bbox 2761 506 2929 575; x_wconf 73' lang='lat' dir='ltr'><strong>(Psal.</strong></span> <span class='ocrx_word' id='word_1_26' title='bbox 2961 521 3136 574; x_wconf 80' lang='lat' dir='ltr'><strong>cxvu,</strong></span> <span class='ocrx_word' id='word_1_27' title='bbox 3168 504 3258 575; x_wconf 71' lang='lat'><strong>‘24)</strong></span> <span class='ocrx_word' id='word_1_28' title='bbox 3288 526 3316 553; x_wconf 88' lang='lat'>»</span> <span class='ocrx_word' id='word_1_29' title='bbox 3338 521 3352 573; x_wconf 91' lang='lat'><strong>;</strong></span> <span class='ocrx_word' id='word_1_30' title='bbox 3375 503 3469 560; x_wconf 90' lang='lat' dir='ltr'><strong>cui</strong></span> <span class='ocrx_word' id='word_1_31' title='bbox 3498 520 3616 560; x_wconf 90' lang='lat' dir='ltr'><strong>non</strong></span> 
     </span>
    </p>
   </div>
   <div class='ocr_carea' id='block_1_5' title="bbox 220 586 1864 665">
    <p class='ocr_par' dir='ltr' id='par_1_5' title="bbox 220 586 1864 665">
     <span class='ocr_line' id='line_1_5' title="bbox 220 586 1864 665; baseline 0.005 -23"><span class='ocrx_word' id='word_1_32' title='bbox 220 604 339 649; x_wconf 67' lang='lat' dir='ltr'><strong>sua</strong></span> <span class='ocrx_word' id='word_1_33' title='bbox 369 589 667 645; x_wconf 75' lang='lat' dir='ltr'><strong>auctorem</strong></span> <span class='ocrx_word' id='word_1_34' title='bbox 699 586 928 659; x_wconf 79' lang='lat' dir='ltr'><strong>salutis,</strong></span> <span class='ocrx_word' id='word_1_35' title='bbox 952 595 1009 648; x_wconf 86' lang='lat' dir='ltr'><strong>et</strong></span> <span class='ocrx_word' id='word_1_36' title='bbox 1036 595 1241 663; x_wconf 88' lang='lat' dir='ltr'><strong>postea</strong></span> <span class='ocrx_word' id='word_1_37' title='bbox 1257 592 1487 651; x_wconf 86' lang='lat' dir='ltr'><strong>veniam</strong></span> <span class='ocrx_word' id='word_1_38' title='bbox 1512 610 1628 649; x_wconf 90' lang='lat' dir='ltr'><strong>non</strong></span> <span class='ocrx_word' id='word_1_39' title='bbox 1653 609 1864 665; x_wconf 89' lang='lat' dir='ltr'><strong>popos-</strong></span> 
     </span>
    </p>
   </div>
   <div class='ocr_carea' id='block_1_6' title="bbox 217 676 1861 756">
    <p class='ocr_par' dir='ltr' id='par_1_6' title="bbox 217 676 1861 756">
     <span class='ocr_line' id='line_1_6' title="bbox 217 676 1861 756; baseline 0.001 -21"><span class='ocrx_word' id='word_1_40' title='bbox 217 676 311 735; x_wconf 77' lang='lat' dir='ltr'><strong>cit.</strong></span> <span class='ocrx_word' id='word_1_41' title='bbox 342 676 478 739; x_wconf 80' lang='lat' dir='ltr'><strong>Esto</strong></span> <span class='ocrx_word' id='word_1_42' title='bbox 508 678 574 732; x_wconf 92' lang='lat' dir='ltr'><strong>ut</strong></span> <span class='ocrx_word' id='word_1_43' title='bbox 603 680 741 734; x_wconf 76' lang='lat' dir='ltr'><strong>ante</strong></span> <span class='ocrx_word' id='word_1_44' title='bbox 771 677 1122 752; x_wconf 82' lang='lat' dir='ltr'><strong>ignoraverit</strong></span> <span class='ocrx_word' id='word_1_45' title='bbox 1153 699 1326 756; x_wconf 84' lang='lat' dir='ltr'><strong>quem</strong></span> <span class='ocrx_word' id='word_1_46' title='bbox 1375 683 1861 755; x_wconf 82' lang='lat' dir='ltr'><strong>persequebatur;</strong></span> 
     </span>
    </p>
   </div>
   <div class='ocr_carea' id='block_1_7' title="bbox 216 765 1862 844">
    <p class='ocr_par' dir='ltr' id='par_1_7' title="bbox 216 765 1862 844">
     <span class='ocr_line' id='line_1_7' title="bbox 216 765 1862 844; baseline 0.003 -23"><span class='ocrx_word' id='word_1_47' title='bbox 216 765 277 825; x_wconf 90' lang='lat' dir='ltr'><strong>in</strong></span> <span class='ocrx_word' id='word_1_48' title='bbox 307 782 479 823; x_wconf 87' lang='lat' dir='ltr'><strong>cruce</strong></span> <span class='ocrx_word' id='word_1_49' title='bbox 509 770 703 831; x_wconf 60' lang='lat' dir='ltr'><strong>tunen</strong></span> <span class='ocrx_word' id='word_1_50' title='bbox 738 767 995 840; x_wconf 89' lang='lat' dir='ltr'><strong>positum</strong></span> <span class='ocrx_word' id='word_1_51' title='bbox 1028 770 1230 827; x_wconf 83' lang='lat' dir='ltr'><strong>debuit</strong></span> <span class='ocrx_word' id='word_1_52' title='bbox 1259 788 1671 844; x_wconf 80' lang='lat' dir='ltr'><strong>recognoscere</strong></span> <span class='ocrx_word' id='word_1_53' title='bbox 1732 771 1862 827; x_wconf 90' lang='lat' dir='ltr'><strong>uni-</strong></span> 
     </span>
    </p>
   </div>
   <div class='ocr_carea' id='block_1_8' title="bbox 214 856 1863 932">
    <p class='ocr_par' dir='ltr' id='par_1_8' title="bbox 214 856 1863 932">
     <span class='ocr_line' id='line_1_8' title="bbox 214 856 1863 932; baseline 0.002 -21"><span class='ocrx_word' id='word_1_54' title='bbox 214 871 517 915; x_wconf 86' lang='lat' dir='ltr'><strong>versorum</strong></span> <span class='ocrx_word' id='word_1_55' title='bbox 536 870 664 913; x_wconf 86' lang='lat' dir='ltr'><strong>esse</strong></span> <span class='ocrx_word' id='word_1_56' title='bbox 686 856 990 914; x_wconf 87' lang='lat' dir='ltr'><strong>dominum</strong></span> <span class='ocrx_word' id='word_1_57' title='bbox 1014 857 1459 928; x_wconf 84' lang='lat' dir='ltr'><strong>elementorum,</strong></span> <span class='ocrx_word' id='word_1_58' title='bbox 1478 861 1589 916; x_wconf 87' lang='lat' dir='ltr'><strong>sub</strong></span> <span class='ocrx_word' id='word_1_59' title='bbox 1602 876 1718 932; x_wconf 90' lang='lat' dir='ltr'><strong>quo</strong></span> <span class='ocrx_word' id='word_1_60' title='bbox 1738 877 1863 917; x_wconf 85' lang='lat' dir='ltr'><strong>om-</strong></span> 
     </span>
    </p>
   </div>
   <div class='ocr_carea' id='block_1_9' title="bbox 217 944 1860 1017">
    <p class='ocr_par' dir='ltr' id='par_1_9' title="bbox 217 944 1860 1017">
     <span class='ocr_line' id='line_1_9' title="bbox 217 944 1860 1017; baseline 0.002 -15"><span class='ocrx_word' id='word_1_61' title='bbox 217 944 315 1003; x_wconf 76' lang='lat' dir='ltr'><strong>nia</strong></span> <span class='ocrx_word' id='word_1_62' title='bbox 343 944 635 1003; x_wconf 70' lang='lat' dir='ltr'><strong>elementa</strong></span> <span class='ocrx_word' id='word_1_63' title='bbox 657 949 1044 1017; x_wconf 81' lang='lat' dir='ltr'><strong>tremuerunt,</strong></span> <span class='ocrx_word' id='word_1_64' title='bbox 1077 948 1288 1005; x_wconf 76' lang='lat' dir='ltr'><strong>cmlum</strong></span> <span class='ocrx_word' id='word_1_65' title='bbox 1319 949 1697 1007; x_wconf 72' lang='lat' dir='ltr'><strong>obscuratum</strong></span> <span class='ocrx_word' id='word_1_66' title='bbox 1750 953 1860 1017; x_wconf 89' lang='lat' dir='ltr'><strong>est,</strong></span> 
     </span>
    </p>
   </div>
   <div class='ocr_carea' id='block_1_10' title="bbox 215 1033 1866 1112">
    <p class='ocr_par' dir='ltr' id='par_1_10' title="bbox 215 1033 1866 1112">
     <span class='ocr_line' id='line_1_10' title="bbox 215 1033 1866 1112; baseline 0.004 -23"><span class='ocrx_word' id='word_1_67' title='bbox 215 1033 303 1101; x_wconf 89' lang='lat' dir='ltr'><strong>sol</strong></span> <span class='ocrx_word' id='word_1_68' title='bbox 331 1033 567 1106; x_wconf 77' lang='lat' dir='ltr'><strong>refugit,</strong></span> <span class='ocrx_word' id='word_1_69' title='bbox 600 1037 758 1091; x_wconf 81' lang='lat' dir='ltr'><strong>terra</strong></span> <span class='ocrx_word' id='word_1_70' title='bbox 806 1036 1085 1099; x_wconf 82' lang='lat' dir='ltr'><strong>dissiluit.</strong></span> <span class='ocrx_word' id='word_1_71' title='bbox 1136 1039 1546 1095; x_wconf 76' lang='lat' dir='ltr'><strong>defunctorum</strong></span> <span class='ocrx_word' id='word_1_72' title='bbox 1597 1038 1866 1112; x_wconf 86' lang='lat' dir='ltr'><strong>sepulcra</strong></span> 
     </span>
    </p>
   </div>
   <div class='ocr_carea' id='block_1_11' title="bbox 216 1123 1860 1200">
    <p class='ocr_par' dir='ltr' id='par_1_11' title="bbox 216 1123 1860 1200">
     <span class='ocr_line' id='line_1_11' title="bbox 216 1123 1860 1200; baseline 0.002 -20"><span class='ocrx_word' id='word_1_73' title='bbox 216 1126 551 1195; x_wconf 81' lang='lat' dir='ltr'><strong>patuerunt,</strong></span> <span class='ocrx_word' id='word_1_74' title='bbox 584 1123 800 1183; x_wconf 79' lang='lat' dir='ltr'><strong>mortui</strong></span> <span class='ocrx_word' id='word_1_75' title='bbox 831 1125 1151 1183; x_wconf 76' lang='lat' dir='ltr'><strong>viventium</strong></span> <span class='ocrx_word' id='word_1_76' title='bbox 1185 1132 1530 1200; x_wconf 87' lang='lat' dir='ltr'><strong>receperunt</strong></span> <span class='ocrx_word' id='word_1_77' title='bbox 1548 1128 1860 1186; x_wconf 85' lang='lat' dir='ltr'><strong>consortia.</strong></span> 
     </span>
    </p>
   </div>
   <div class='ocr_carea' id='block_1_12' title="bbox 217 1212 1865 1275">
    <p class='ocr_par' dir='ltr' id='par_1_12' title="bbox 217 1212 1865 1275">
     <span class='ocr_line' id='line_1_12' title="bbox 217 1212 1865 1275; baseline 0.004 -7"><span class='ocrx_word' id='word_1_78' title='bbox 217 1212 380 1268; x_wconf 87' lang='lat' dir='ltr'><strong>Unde</strong></span> <span class='ocrx_word' id='word_1_79' title='bbox 409 1212 756 1268; x_wconf 87' lang='lat' dir='ltr'><strong>etCenturio</strong></span> <span class='ocrx_word' id='word_1_80' title='bbox 790 1214 906 1271; x_wconf 88' lang='lat' dir='ltr'><strong>ait:</strong></span> <span class='ocrx_word' id='word_1_81' title='bbox 944 1237 972 1266; x_wconf 86' lang='lat'><strong>«</strong></span> <span class='ocrx_word' id='word_1_82' title='bbox 1004 1215 1148 1272; x_wconf 86' lang='lat' dir='ltr'><strong>Vere</strong></span> <span class='ocrx_word' id='word_1_83' title='bbox 1206 1217 1307 1272; x_wconf 92' lang='lat' dir='ltr'><strong>Dei</strong></span> <span class='ocrx_word' id='word_1_84' title='bbox 1357 1217 1538 1274; x_wconf 81' lang='lat' dir='ltr'><strong>Filius</strong></span> <span class='ocrx_word' id='word_1_85' title='bbox 1583 1222 1709 1273; x_wconf 87' lang='lat' dir='ltr'><strong>erat</strong></span> <span class='ocrx_word' id='word_1_86' title='bbox 1754 1216 1865 1275; x_wconf 87' lang='lat' dir='ltr'><strong>iste</strong></span> 
     </span>
    </p>
   </div>
   <div class='ocr_carea' id='block_1_13' title="bbox 216 1300 1861 1379">
    <p class='ocr_par' dir='ltr' id='par_1_13' title="bbox 216 1300 1861 1379">
     <span class='ocr_line' id='line_1_13' title="bbox 216 1300 1861 1379; baseline 0.002 -22"><span class='ocrx_word' id='word_1_87' title='bbox 216 1300 424 1373; x_wconf 71' lang='lat' dir='ltr'><strong>(Matth.</strong></span> <span class='ocrx_word' id='word_1_88' title='bbox 454 1318 630 1372; x_wconf 83' lang='lat' dir='ltr'><strong>xxvn,</strong></span> <span class='ocrx_word' id='word_1_89' title='bbox 661 1302 776 1374; x_wconf 66' lang='grc'>54).</span> <span class='ocrx_word' id='word_1_90' title='bbox 812 1325 841 1351; x_wconf 91' lang='grc'><strong>››</strong></span> <span class='ocrx_word' id='word_1_91' title='bbox 876 1302 1150 1362; x_wconf 79' lang='lat' dir='ltr'><strong>Centurio</strong></span> <span class='ocrx_word' id='word_1_92' title='bbox 1181 1306 1446 1379; x_wconf 74' lang='lat' dir='ltr'><strong>agnoscit</strong></span> <span class='ocrx_word' id='word_1_93' title='bbox 1465 1305 1743 1373; x_wconf 88' lang='lat' dir='ltr'><strong>alienum,</strong></span> <span class='ocrx_word' id='word_1_94' title='bbox 1776 1303 1861 1361; x_wconf 84' lang='lat' dir='ltr'><strong>le-</strong></span> 
     </span>
    </p>
   </div>
   <div class='ocr_carea' id='block_1_14' title="bbox 214 1391 1859 1467">
    <p class='ocr_par' dir='ltr' id='par_1_14' title="bbox 214 1391 1859 1467">
     <span class='ocr_line' id='line_1_14' title="bbox 214 1391 1859 1467; baseline 0.002 -21"><span class='ocrx_word' id='word_1_95' title='bbox 214 1391 334 1446; x_wconf 77' lang='lat' dir='ltr'><strong>vita</strong></span> <span class='ocrx_word' id='word_1_96' title='bbox 388 1407 506 1451; x_wconf 86' lang='lat' dir='ltr'><strong>non</strong></span> <span class='ocrx_word' id='word_1_97' title='bbox 565 1392 932 1464; x_wconf 72' lang='lat' dir='ltr'><strong>recognoscit</strong></span> <span class='ocrx_word' id='word_1_98' title='bbox 988 1410 1199 1451; x_wconf 86' lang='lat' dir='ltr'><strong>suum:</strong></span> <span class='ocrx_word' id='word_1_99' title='bbox 1249 1394 1482 1467; x_wconf 83' lang='lat' dir='ltr'><strong>gentilis</strong></span> <span class='ocrx_word' id='word_1_100' title='bbox 1529 1398 1859 1461; x_wconf 89' lang='lat' dir='ltr'><strong>veneratur,</strong></span> 
     </span>
    </p>
   </div>
   <div class='ocr_carea' id='block_1_15' title="bbox 217 1479 1861 1557">
    <p class='ocr_par' dir='ltr' id='par_1_15' title="bbox 217 1479 1861 1557">
     <span class='ocr_line' id='line_1_15' title="bbox 217 1479 1861 1557; baseline 0.001 -20"><span class='ocrx_word' id='word_1_101' title='bbox 217 1479 493 1537; x_wconf 71' lang='lat' dir='ltr'><strong>Hebrmus</strong></span> <span class='ocrx_word' id='word_1_102' title='bbox 525 1480 782 1551; x_wconf 79' lang='lat' dir='ltr'><strong>abjurat.</strong></span> <span class='ocrx_word' id='word_1_103' title='bbox 816 1482 937 1538; x_wconf 87' lang='lat' dir='ltr'><strong>Non</strong></span> <span class='ocrx_word' id='word_1_104' title='bbox 963 1482 1256 1541; x_wconf 85' lang='lat' dir='ltr'><strong>immerito</strong></span> <span class='ocrx_word' id='word_1_105' title='bbox 1286 1501 1423 1557; x_wconf 85' lang='lat' dir='ltr'><strong>ergo</strong></span> <span class='ocrx_word' id='word_1_106' title='bbox 1452 1483 1738 1540; x_wconf 63' lang='lat' dir='ltr'><strong>columna:</strong></span> <span class='ocrx_word' id='word_1_107' title='bbox 1769 1501 1861 1540; x_wconf 86' lang='lat' dir='ltr'><strong>or-</strong></span> 
     </span>
    </p>
   </div>
   <div class='ocr_carea' id='block_1_16' title="bbox 214 1568 1867 1643">
    <p class='ocr_par' dir='ltr' id='par_1_16' title="bbox 214 1568 1867 1643">
     <span class='ocr_line' id='line_1_16' title="bbox 214 1568 1867 1643; baseline 0.004 -20"><span class='ocrx_word' id='word_1_108' title='bbox 214 1568 307 1635; x_wconf 82' lang='lat' dir='ltr'><strong>bis</strong></span> <span class='ocrx_word' id='word_1_109' title='bbox 338 1574 629 1629; x_wconf 76' lang='lat' dir='ltr'><strong>terrarum</strong></span> <span class='ocrx_word' id='word_1_110' title='bbox 656 1573 823 1625; x_wconf 71' lang='lat' dir='ltr'><strong>motae</strong></span> <span class='ocrx_word' id='word_1_111' title='bbox 850 1574 1008 1637; x_wconf 89' lang='lat' dir='ltr'><strong>sunt,</strong></span> <span class='ocrx_word' id='word_1_112' title='bbox 1040 1573 1276 1643; x_wconf 80' lang='lat' dir='ltr'><strong>quando</strong></span> <span class='ocrx_word' id='word_1_113' title='bbox 1324 1589 1439 1627; x_wconf 87' lang='lat' dir='ltr'><strong>non</strong></span> <span class='ocrx_word' id='word_1_114' title='bbox 1489 1572 1867 1629; x_wconf 87' lang='lat' dir='ltr'><strong>crediderunt</strong></span> 
     </span>
    </p>
   </div>
   <div class='ocr_carea' id='block_1_17' title="bbox 213 1657 1863 1731">
    <p class='ocr_par' dir='ltr' id='par_1_17' title="bbox 213 1657 1863 1731">
     <span class='ocr_line' id='line_1_17' title="bbox 213 1657 1863 1731; baseline 0.002 -18"><span class='ocrx_word' id='word_1_115' title='bbox 213 1657 509 1731; x_wconf 85' lang='lat' dir='ltr'><strong>principes</strong></span> <span class='ocrx_word' id='word_1_116' title='bbox 542 1661 937 1715; x_wconf 87' lang='lat' dir='ltr'><strong>sacerdotum.</strong></span> <span class='ocrx_word' id='word_1_117' title='bbox 972 1660 1083 1716; x_wconf 91' lang='lat' dir='ltr'><strong>Sed</strong></span> <span class='ocrx_word' id='word_1_118' title='bbox 1117 1667 1287 1716; x_wconf 82' lang='lat' dir='ltr'><strong>motae</strong></span> <span class='ocrx_word' id='word_1_119' title='bbox 1328 1666 1466 1717; x_wconf 90' lang='lat' dir='ltr'><strong>sunt</strong></span> <span class='ocrx_word' id='word_1_120' title='bbox 1496 1666 1736 1728; x_wconf 77' lang='lat' dir='ltr'><strong>veteres,</strong></span> <span class='ocrx_word' id='word_1_121' title='bbox 1798 1666 1863 1717; x_wconf 89' lang='lat' dir='ltr'><strong>ut</strong></span> 
     </span>
    </p>
   </div>
   <div class='ocr_carea' id='block_1_18' title="bbox 210 1748 1857 1823">
    <p class='ocr_par' dir='ltr' id='par_1_18' title="bbox 210 1748 1857 1823">
     <span class='ocr_line' id='line_1_18' title="bbox 210 1748 1857 1823; baseline 0.001 -18"><span class='ocrx_word' id='word_1_122' title='bbox 210 1764 373 1805; x_wconf 73' lang='lat' dir='ltr'><strong>novae</strong></span> <span class='ocrx_word' id='word_1_123' title='bbox 402 1748 908 1813; x_wconf 76' lang='lat' dir='ltr'><strong>confirmarentur,</strong></span> <span class='ocrx_word' id='word_1_124' title='bbox 943 1750 1097 1805; x_wconf 83' lang='lat' dir='ltr'><strong>sicut</strong></span> <span class='ocrx_word' id='word_1_125' title='bbox 1160 1750 1285 1823; x_wconf 90' lang='lat' dir='ltr'><strong>ipse</strong></span> <span class='ocrx_word' id='word_1_126' title='bbox 1316 1751 1595 1823; x_wconf 88' lang='lat' dir='ltr'><strong>dignatus</strong></span> <span class='ocrx_word' id='word_1_127' title='bbox 1652 1756 1740 1806; x_wconf 86' lang='lat' dir='ltr'><strong>est</strong></span> <span class='ocrx_word' id='word_1_128' title='bbox 1770 1752 1857 1807; x_wconf 90' lang='lat' dir='ltr'><strong>di-</strong></span> 
     </span>
    </p>
   </div>
   <div class='ocr_carea' id='block_1_19' title="bbox 1973 592 3620 661">
    <p class='ocr_par' dir='ltr' id='par_1_19' title="bbox 1973 592 3620 661">
     <span class='ocr_line' id='line_1_19' title="bbox 1973 592 3620 661; baseline 0.002 -13"><span class='ocrx_word' id='word_1_129' title='bbox 1973 592 2300 649; x_wconf 89' lang='lat' dir='ltr'><strong>ministerio</strong></span> <span class='ocrx_word' id='word_1_130' title='bbox 2329 592 2568 661; x_wconf 87' lang='lat' dir='ltr'><strong>laboris,</strong></span> <span class='ocrx_word' id='word_1_131' title='bbox 2592 594 2695 649; x_wconf 87' lang='lat' dir='ltr'><strong>sed</strong></span> <span class='ocrx_word' id='word_1_132' title='bbox 2712 594 2900 650; x_wconf 82' lang='lat' dir='ltr'><strong>fructu</strong></span> <span class='ocrx_word' id='word_1_133' title='bbox 2920 592 3328 651; x_wconf 87' lang='lat' dir='ltr'><strong>exsultationis</strong></span> <span class='ocrx_word' id='word_1_134' title='bbox 3344 592 3620 652; x_wconf 82' lang='lat' dir='ltr'><strong>interero.</strong></span> 
     </span>
    </p>
   </div>
   <div class='ocr_carea' id='block_1_20' title="bbox 2046 683 3619 755">
    <p class='ocr_par' dir='ltr' id='par_1_20' title="bbox 2046 683 3619 755">
     <span class='ocr_line' id='line_1_20' title="bbox 2046 683 3619 755; baseline 0.001 -18"><span class='ocrx_word' id='word_1_135' title='bbox 2046 683 2133 737; x_wconf 85' lang='grc'><strong>15.</strong></span> <span class='ocrx_word' id='word_1_136' title='bbox 2165 684 2328 754; x_wconf 87' lang='lat' dir='ltr'><strong>-lpse</strong></span> <span class='ocrx_word' id='word_1_137' title='bbox 2386 698 2523 755; x_wconf 86' lang='lat' dir='ltr'><strong>ergo</strong></span> <span class='ocrx_word' id='word_1_138' title='bbox 2573 683 2852 739; x_wconf 84' lang='lat' dir='ltr'><strong>Dominus</strong></span> <span class='ocrx_word' id='word_1_139' title='bbox 2901 683 3055 739; x_wconf 90' lang='lat' dir='ltr'><strong>diem</strong></span> <span class='ocrx_word' id='word_1_140' title='bbox 3113 683 3294 752; x_wconf 83' lang='lat' dir='ltr'><strong>ducit,</strong></span> <span class='ocrx_word' id='word_1_141' title='bbox 3346 686 3403 739; x_wconf 87' lang='lat' dir='ltr'><strong>et</strong></span> <span class='ocrx_word' id='word_1_142' title='bbox 3484 686 3619 738; x_wconf 85' lang='lat' dir='ltr'><strong>ante</strong></span> 
     </span>
    </p>
   </div>
   <div class='ocr_carea' id='block_1_21' title="bbox 1974 770 3618 843">
    <p class='ocr_par' dir='ltr' id='par_1_21' title="bbox 1974 770 3618 843">
     <span class='ocr_line' id='line_1_21' title="bbox 1974 770 3618 843; baseline 0.002 -19"><span class='ocrx_word' id='word_1_143' title='bbox 1974 770 2178 825; x_wconf 89' lang='lat' dir='ltr'><strong>mundi</strong></span> <span class='ocrx_word' id='word_1_144' title='bbox 2210 772 2775 827; x_wconf 85' lang='lat' dir='ltr'><strong>consummationem</strong></span> <span class='ocrx_word' id='word_1_145' title='bbox 2834 771 3128 827; x_wconf 82' lang='lat' dir='ltr'><strong>videbitur</strong></span> <span class='ocrx_word' id='word_1_146' title='bbox 3182 772 3403 837; x_wconf 89' lang='lat' dir='ltr'><strong>lumen,</strong></span> <span class='ocrx_word' id='word_1_147' title='bbox 3462 771 3618 843; x_wconf 89' lang='lat' dir='ltr'><strong>quod</strong></span> 
     </span>
    </p>
   </div>
   <div class='ocr_carea' id='block_1_22' title="bbox 1970 858 3621 917">
    <p class='ocr_par' dir='ltr' id='par_1_22' title="bbox 1970 858 3621 917">
     <span class='ocr_line' id='line_1_22' title="bbox 1970 858 3621 917; baseline 0.002 -5"><span class='ocrx_word' id='word_1_148' title='bbox 1970 858 2266 915; x_wconf 88' lang='lat' dir='ltr'><strong>illuminat</strong></span> <span class='ocrx_word' id='word_1_149' title='bbox 2315 875 2546 915; x_wconf 90' lang='lat' dir='ltr'><strong>omnem</strong></span> <span class='ocrx_word' id='word_1_150' title='bbox 2610 860 2903 915; x_wconf 86' lang='lat' dir='ltr'><strong>hominem</strong></span> <span class='ocrx_word' id='word_1_151' title='bbox 2960 861 3289 917; x_wconf 83' lang='lat' dir='ltr'><strong>venientem</strong></span> <span class='ocrx_word' id='word_1_152' title='bbox 3347 858 3406 915; x_wconf 88' lang='lat' dir='ltr'><strong>in</strong></span> <span class='ocrx_word' id='word_1_153' title='bbox 3462 859 3621 916; x_wconf 90' lang='lat' dir='ltr'><strong>hunc</strong></span> 
     </span>
    </p>
   </div>
   <div class='ocr_carea' id='block_1_23' title="bbox 1974 948 3623 1023">
    <p class='ocr_par' dir='ltr' id='par_1_23' title="bbox 1974 948 3623 1023">
     <span class='ocr_line' id='line_1_23' title="bbox 1974 948 3623 1023; baseline 0.002 -21"><span class='ocrx_word' id='word_1_154' title='bbox 1974 948 2282 1004; x_wconf 89' lang='lat' dir='ltr'><strong>mundum.</strong></span> <span class='ocrx_word' id='word_1_155' title='bbox 2314 949 2442 1021; x_wconf 85' lang='lat' dir='ltr'><strong>Ipse</strong></span> <span class='ocrx_word' id='word_1_156' title='bbox 2470 953 2561 1005; x_wconf 87' lang='lat' dir='ltr'><strong>est</strong></span> <span class='ocrx_word' id='word_1_157' title='bbox 2589 948 2894 1015; x_wconf 85' lang='lat' dir='ltr'><strong>Dominus,</strong></span> <span class='ocrx_word' id='word_1_158' title='bbox 2919 950 3017 1022; x_wconf 91' lang='lat' dir='ltr'><strong>qui</strong></span> <span class='ocrx_word' id='word_1_159' title='bbox 3049 950 3245 1023; x_wconf 85' lang='lat' dir='ltr'><strong>signat</strong></span> <span class='ocrx_word' id='word_1_160' title='bbox 3274 955 3329 1005; x_wconf 87' lang='lat' dir='ltr'><strong>et</strong></span> <span class='ocrx_word' id='word_1_161' title='bbox 3350 953 3623 1007; x_wconf 84' lang='lat' dir='ltr'><strong>numerat</strong></span> 
     </span>
    </p>
   </div>
   <div class='ocr_carea' id='block_1_24' title="bbox 1973 1035 3622 1112">
    <p class='ocr_par' dir='ltr' id='par_1_24' title="bbox 1973 1035 3622 1112">
     <span class='ocr_line' id='line_1_24' title="bbox 1973 1035 3622 1112; baseline 0.002 -23"><span class='ocrx_word' id='word_1_162' title='bbox 1973 1035 2413 1092; x_wconf 89' lang='lat' dir='ltr'><strong>multitudinem</strong></span> <span class='ocrx_word' id='word_1_163' title='bbox 2473 1037 2810 1093; x_wconf 89' lang='lat' dir='ltr'><strong>stellarum:</strong></span> <span class='ocrx_word' id='word_1_164' title='bbox 2871 1037 2999 1109; x_wconf 89' lang='lat' dir='ltr'><strong>ipse</strong></span> <span class='ocrx_word' id='word_1_165' title='bbox 3028 1044 3117 1093; x_wconf 91' lang='lat' dir='ltr'><strong>est</strong></span> <span class='ocrx_word' id='word_1_166' title='bbox 3166 1039 3478 1104; x_wconf 83' lang='lat' dir='ltr'><strong>Dominus,</strong></span> <span class='ocrx_word' id='word_1_167' title='bbox 3521 1038 3622 1112; x_wconf 88' lang='lat' dir='ltr'><strong>qui</strong></span> 
     </span>
    </p>
   </div>
   <div class='ocr_carea' id='block_1_25' title="bbox 1971 1124 3621 1200">
    <p class='ocr_par' dir='ltr' id='par_1_25' title="bbox 1971 1124 3621 1200">
     <span class='ocr_line' id='line_1_25' title="bbox 1971 1124 3621 1200; baseline 0.002 -21"><span class='ocrx_word' id='word_1_168' title='bbox 1971 1124 2180 1182; x_wconf 69' lang='lat' dir='ltr'><strong>coelum</strong></span> <span class='ocrx_word' id='word_1_169' title='bbox 2212 1125 2372 1184; x_wconf 90' lang='lat' dir='ltr'><strong>solus</strong></span> <span class='ocrx_word' id='word_1_170' title='bbox 2403 1127 2679 1195; x_wconf 80' lang='lat' dir='ltr'><strong>extendit,</strong></span> <span class='ocrx_word' id='word_1_171' title='bbox 2715 1127 2813 1199; x_wconf 91' lang='lat' dir='ltr'><strong>qui</strong></span> <span class='ocrx_word' id='word_1_172' title='bbox 2846 1126 3169 1185; x_wconf 81' lang='lat' dir='ltr'><strong>ambulavit</strong></span> <span class='ocrx_word' id='word_1_173' title='bbox 3228 1133 3512 1200; x_wconf 84' lang='lat' dir='ltr'><strong>tanquam</strong></span> <span class='ocrx_word' id='word_1_174' title='bbox 3559 1127 3621 1183; x_wconf 90' lang='lat' dir='ltr'><strong>in</strong></span> 
     </span>
    </p>
   </div>
   <div class='ocr_carea' id='block_1_26' title="bbox 1972 1213 3621 1288">
    <p class='ocr_par' dir='ltr' id='par_1_26' title="bbox 1972 1213 3621 1288">
     <span class='ocr_line' id='line_1_26' title="bbox 1972 1213 3621 1288; baseline 0.004 -20"><span class='ocrx_word' id='word_1_175' title='bbox 1972 1213 2303 1286; x_wconf 88' lang='lat' dir='ltr'><strong>pavimento</strong></span> <span class='ocrx_word' id='word_1_176' title='bbox 2334 1232 2510 1287; x_wconf 89' lang='lat' dir='ltr'><strong>super</strong></span> <span class='ocrx_word' id='word_1_177' title='bbox 2540 1232 2720 1284; x_wconf 89' lang='lat' dir='ltr'><strong>mare,</strong></span> <span class='ocrx_word' id='word_1_178' title='bbox 2756 1215 2989 1288; x_wconf 88' lang='lat' dir='ltr'><strong>quando</strong></span> <span class='ocrx_word' id='word_1_179' title='bbox 3038 1217 3243 1273; x_wconf 83' lang='lat' dir='ltr'><strong>Petrus</strong></span> <span class='ocrx_word' id='word_1_180' title='bbox 3291 1216 3437 1275; x_wconf 86' lang='lat' dir='ltr'><strong>vidit</strong></span> <span class='ocrx_word' id='word_1_181' title='bbox 3483 1233 3621 1274; x_wconf 87' lang='lat' dir='ltr'><strong>eum</strong></span> 
     </span>
    </p>
   </div>
   <div class='ocr_carea' id='block_1_27' title="bbox 1972 1302 3623 1377">
    <p class='ocr_par' dir='ltr' id='par_1_27' title="bbox 1972 1302 3623 1377">
     <span class='ocr_line' id='line_1_27' title="bbox 1972 1302 3623 1377; baseline 0.002 -19"><span class='ocrx_word' id='word_1_182' title='bbox 1972 1302 2395 1370; x_wconf 84' lang='lat' dir='ltr'><strong>ambulantem,</strong></span> <span class='ocrx_word' id='word_1_183' title='bbox 2433 1309 2489 1359; x_wconf 90' lang='lat' dir='ltr'><strong>et</strong></span> <span class='ocrx_word' id='word_1_184' title='bbox 2519 1303 2697 1360; x_wconf 89' lang='lat' dir='ltr'><strong>dixit:</strong></span> <span class='ocrx_word' id='word_1_185' title='bbox 2725 1326 2752 1355; x_wconf 88' lang='grc'><em>‹‹</em></span> <span class='ocrx_word' id='word_1_186' title='bbox 2786 1304 3051 1373; x_wconf 86' lang='lat' dir='ltr'><strong>Domine,</strong></span> <span class='ocrx_word' id='word_1_187' title='bbox 3102 1305 3247 1377; x_wconf 89' lang='lat' dir='ltr'><strong>jube</strong></span> <span class='ocrx_word' id='word_1_188' title='bbox 3295 1322 3388 1363; x_wconf 85' lang='lat' dir='ltr'><strong>me</strong></span> <span class='ocrx_word' id='word_1_189' title='bbox 3425 1305 3623 1362; x_wconf 87' lang='lat' dir='ltr'><strong>venire</strong></span> 
     </span>
    </p>
   </div>
   <div class='ocr_carea' id='block_1_28' title="bbox 1972 1392 3617 1465">
    <p class='ocr_par' dir='ltr' id='par_1_28' title="bbox 1972 1392 3617 1465">
     <span class='ocr_line' id='line_1_28' title="bbox 1972 1392 3617 1465; baseline 0.002 -18"><span class='ocrx_word' id='word_1_190' title='bbox 1972 1392 2041 1447; x_wconf 87' lang='lat' dir='ltr'><strong>ad</strong></span> <span class='ocrx_word' id='word_1_191' title='bbox 2079 1395 2131 1447; x_wconf 92' lang='lat' dir='ltr'><strong>te</strong></span> <span class='ocrx_word' id='word_1_192' title='bbox 2164 1409 2341 1464; x_wconf 86' lang='lat' dir='ltr'><strong>super</strong></span> <span class='ocrx_word' id='word_1_193' title='bbox 2369 1408 2555 1465; x_wconf 86' lang='lat' dir='ltr'><strong>aquas</strong></span> <span class='ocrx_word' id='word_1_194' title='bbox 2584 1393 2791 1464; x_wconf 75' lang='lat' dir='ltr'><strong>(Matth.</strong></span> <span class='ocrx_word' id='word_1_195' title='bbox 2814 1410 2928 1457; x_wconf 84' lang='lat' dir='ltr'><strong>x1v,</strong></span> <span class='ocrx_word' id='word_1_196' title='bbox 2952 1393 3063 1465; x_wconf 89' lang='lat'><strong>28).</strong></span> <span class='ocrx_word' id='word_1_197' title='bbox 3100 1416 3127 1442; x_wconf 84' lang='lat'>»</span> <span class='ocrx_word' id='word_1_198' title='bbox 3148 1393 3217 1449; x_wconf 87' lang='lat' dir='ltr'><strong>Et</strong></span> <span class='ocrx_word' id='word_1_199' title='bbox 3231 1393 3617 1463; x_wconf 86' lang='lat' dir='ltr'><strong>jussitDomi-</strong></span> 
     </span>
    </p>
   </div>
   <div class='ocr_carea' id='block_1_29' title="bbox 1974 1480 3624 1554">
    <p class='ocr_par' dir='ltr' id='par_1_29' title="bbox 1974 1480 3624 1554">
     <span class='ocr_line' id='line_1_29' title="bbox 1974 1480 3624 1554; baseline 0.003 -19"><span class='ocrx_word' id='word_1_200' title='bbox 1974 1497 2122 1536; x_wconf 91' lang='lat' dir='ltr'><strong>nus:</strong></span> <span class='ocrx_word' id='word_1_201' title='bbox 2155 1481 2257 1539; x_wconf 86' lang='lat' dir='ltr'><strong>sed</strong></span> <span class='ocrx_word' id='word_1_202' title='bbox 2282 1481 2376 1537; x_wconf 82' lang='lat' dir='ltr'><strong>ille</strong></span> <span class='ocrx_word' id='word_1_203' title='bbox 2408 1481 2719 1549; x_wconf 79' lang='lat' dir='ltr'><strong>titubavit;</strong></span> <span class='ocrx_word' id='word_1_204' title='bbox 2754 1485 2810 1537; x_wconf 90' lang='lat' dir='ltr'><strong>et</strong></span> <span class='ocrx_word' id='word_1_205' title='bbox 2860 1480 2975 1536; x_wconf 86' lang='lat' dir='ltr'><strong>nisi</strong></span> <span class='ocrx_word' id='word_1_206' title='bbox 3034 1482 3387 1554; x_wconf 83' lang='lat' dir='ltr'><strong>perrexisset</strong></span> <span class='ocrx_word' id='word_1_207' title='bbox 3416 1483 3467 1540; x_wconf 90' lang='lat' dir='ltr'><strong>ei</strong></span> <span class='ocrx_word' id='word_1_208' title='bbox 3516 1483 3624 1540; x_wconf 83' lang='lat' dir='ltr'><strong>Do-</strong></span> 
     </span>
    </p>
   </div>
   <div class='ocr_carea' id='block_1_30' title="bbox 1972 1569 3616 1636">
    <p class='ocr_par' dir='ltr' id='par_1_30' title="bbox 1972 1569 3616 1636">
     <span class='ocr_line' id='line_1_30' title="bbox 1972 1569 3616 1636; baseline 0.003 -12"><span class='ocrx_word' id='word_1_209' title='bbox 1972 1569 2170 1626; x_wconf 80' lang='lat' dir='ltr'><strong>minus</strong></span> <span class='ocrx_word' id='word_1_210' title='bbox 2224 1571 2545 1636; x_wconf 78' lang='lat' dir='ltr'><strong>dexteram,</strong></span> <span class='ocrx_word' id='word_1_211' title='bbox 2600 1570 2903 1626; x_wconf 87' lang='lat' dir='ltr'><strong>demersus</strong></span> <span class='ocrx_word' id='word_1_212' title='bbox 2960 1570 3237 1627; x_wconf 87' lang='lat' dir='ltr'><strong>ﬂuctibus</strong></span> <span class='ocrx_word' id='word_1_213' title='bbox 3288 1571 3616 1631; x_wconf 90' lang='lat' dir='ltr'><strong>occidisset.</strong></span> 
     </span>
    </p>
   </div>
   <div class='ocr_carea' id='block_1_31' title="bbox 1972 1658 3618 1725">
    <p class='ocr_par' dir='ltr' id='par_1_31' title="bbox 1972 1658 3618 1725">
     <span class='ocr_line' id='line_1_31' title="bbox 1972 1658 3618 1725; baseline 0.003 -12"><span class='ocrx_word' id='word_1_214' title='bbox 1972 1658 2269 1714; x_wconf 87' lang='lat' dir='ltr'><strong>Titubavit</strong></span> <span class='ocrx_word' id='word_1_215' title='bbox 2298 1676 2453 1725; x_wconf 89' lang='lat' dir='ltr'><strong>caro,</strong></span> <span class='ocrx_word' id='word_1_216' title='bbox 2486 1658 2730 1714; x_wconf 87' lang='lat' dir='ltr'><strong>salvavit</strong></span> <span class='ocrx_word' id='word_1_217' title='bbox 2763 1659 3017 1719; x_wconf 86' lang='lat' dir='ltr'><strong>dextera.</strong></span> <span class='ocrx_word' id='word_1_218' title='bbox 3052 1661 3120 1715; x_wconf 88' lang='lat' dir='ltr'><strong>Et</strong></span> <span class='ocrx_word' id='word_1_219' title='bbox 3178 1660 3260 1715; x_wconf 85' lang='lat' dir='ltr'><strong>ait</strong></span> <span class='ocrx_word' id='word_1_220' title='bbox 3287 1660 3400 1717; x_wconf 84' lang='lat' dir='ltr'><strong>illi:</strong></span> <span class='ocrx_word' id='word_1_221' title='bbox 3433 1685 3463 1714; x_wconf 83' lang='lat'><strong>«</strong></span> <span class='ocrx_word' id='word_1_222' title='bbox 3498 1662 3618 1718; x_wconf 91' lang='lat' dir='ltr'><strong>Mo-</strong></span> 
     </span>
    </p>
   </div>
   <div class='ocr_carea' id='block_1_32' title="bbox 1969 1747 3619 1821">
    <p class='ocr_par' dir='ltr' id='par_1_32' title="bbox 1969 1747 3619 1821">
     <span class='ocr_line' id='line_1_32' title="bbox 1969 1747 3619 1821; baseline 0.004 -20"><span class='ocrx_word' id='word_1_223' title='bbox 1969 1747 2109 1802; x_wconf 65' lang='lat' dir='ltr'><strong>dica:</strong></span> <span class='ocrx_word' id='word_1_224' title='bbox 2140 1748 2291 1811; x_wconf 80' lang='lat' dir='ltr'><strong>fidei,</strong></span> <span class='ocrx_word' id='word_1_225' title='bbox 2325 1764 2503 1819; x_wconf 82' lang='lat' dir='ltr'><strong>quare</strong></span> <span class='ocrx_word' id='word_1_226' title='bbox 2535 1747 2816 1803; x_wconf 86' lang='lat' dir='ltr'><strong>dubitasti</strong></span> <span class='ocrx_word' id='word_1_227' title='bbox 2847 1750 2959 1819; x_wconf 82' lang='lat'><strong>(80)</strong></span> <span class='ocrx_word' id='word_1_228' title='bbox 2990 1751 3010 1817; x_wconf 92' lang='lat'><strong>)</strong></span> <span class='ocrx_word' id='word_1_229' title='bbox 3042 1750 3179 1805; x_wconf 76' lang='lat' dir='ltr'><strong>Ibid.</strong></span> <span class='ocrx_word' id='word_1_230' title='bbox 3214 1749 3344 1815; x_wconf 81' lang='lat' dir='ltr'><strong>3t)?</strong></span> <span class='ocrx_word' id='word_1_231' title='bbox 3372 1773 3399 1800; x_wconf 87' lang='lat'>»</span> <span class='ocrx_word' id='word_1_232' title='bbox 3422 1750 3619 1821; x_wconf 64' lang='lat' dir='ltr'><strong>[Fides</strong></span> 
     </span>
    </p>
   </div>
   <div class='ocr_carea' id='block_1_33' title="bbox 210 1835 3620 1940">
    <p class='ocr_par' dir='ltr' id='par_1_33' title="bbox 210 1835 3620 1940">
     <span class='ocr_line' id='line_1_33' title="bbox 210 1835 3620 1940; baseline 0.001 -50"><span class='ocrx_word' id='word_1_233' title='bbox 210 1853 375 1893; x_wconf 87' lang='lat' dir='ltr'><strong>cere:</strong></span> <span class='ocrx_word' id='word_1_234' title='bbox 409 1861 437 1887; x_wconf 73' lang='grc' dir='ltr'><strong>(ι</strong></span> <span class='ocrx_word' id='word_1_235' title='bbox 497 1838 616 1908; x_wconf 86' lang='lat' dir='ltr'><strong>Ego</strong></span> <span class='ocrx_word' id='word_1_236' title='bbox 666 1838 1005 1893; x_wconf 80' lang='lat' dir='ltr'><strong>conﬁrmavi</strong></span> <span class='ocrx_word' id='word_1_237' title='bbox 1091 1838 1396 1895; x_wconf 81' lang='lat' dir='ltr'><strong>columnas</strong></span> <span class='ocrx_word' id='word_1_238' title='bbox 1476 1840 1604 1911; x_wconf 88' lang='lat' dir='ltr'><strong>ejus</strong></span> <span class='ocrx_word' id='word_1_239' title='bbox 1688 1840 1858 1913; x_wconf 81' lang='lat' dir='ltr'><strong>(Psal.</strong></span> <span class='ocrx_word' id='word_1_240' title='bbox 1890 1875 1937 1940; x_wconf 76' lang='grc' dir='ltr'><strong>Β</strong></span> <span class='ocrx_word' id='word_1_241' title='bbox 1972 1853 2109 1908; x_wconf 87' lang='lat' dir='ltr'><strong>ergo</strong></span> <span class='ocrx_word' id='word_1_242' title='bbox 2169 1835 2489 1892; x_wconf 82' lang='lat' dir='ltr'><strong>ambulavit</strong></span> <span class='ocrx_word' id='word_1_243' title='bbox 2537 1837 2594 1891; x_wconf 91' lang='lat' dir='ltr'><strong>in</strong></span> <span class='ocrx_word' id='word_1_244' title='bbox 2639 1836 2934 1909; x_wconf 89' lang='lat' dir='ltr'><strong>Apostolo,</strong></span> <span class='ocrx_word' id='word_1_245' title='bbox 2981 1854 3095 1892; x_wconf 91' lang='lat' dir='ltr'><strong>non</strong></span> <span class='ocrx_word' id='word_1_246' title='bbox 3153 1855 3307 1893; x_wconf 88' lang='lat' dir='ltr'><strong>caro.</strong></span> <span class='ocrx_word' id='word_1_247' title='bbox 3358 1838 3620 1911; x_wconf 87' lang='lat' dir='ltr'><strong>Denique</strong></span> 
     </span>
    </p>
   </div>
   <div class='ocr_carea' id='block_1_34' title="bbox 208 1926 1857 1998">
    <p class='ocr_par' dir='ltr' id='par_1_34' title="bbox 208 1926 1857 1998">
     <span class='ocr_line' id='line_1_34' title="bbox 208 1926 1857 1998; baseline 0.003 -18"><span class='ocrx_word' id='word_1_248' title='bbox 208 1943 402 1994; x_wconf 74' lang='lat' dir='ltr'><strong>Lxxxv,</strong></span> <span class='ocrx_word' id='word_1_249' title='bbox 426 1928 500 1995; x_wconf 78' lang='lat'><strong>4).</strong></span> <span class='ocrx_word' id='word_1_250' title='bbox 527 1948 555 1976; x_wconf 87' lang='lat'><strong><em>»</em></strong></span> <span class='ocrx_word' id='word_1_251' title='bbox 572 1926 887 1998; x_wconf 84' lang='lat' dir='ltr'><strong>Audiquas</strong></span> <span class='ocrx_word' id='word_1_252' title='bbox 899 1926 1668 1985; x_wconf 85' lang='lat' dir='ltr'><strong>columnasconfirmaverit.</strong></span> <span class='ocrx_word' id='word_1_253' title='bbox 1696 1952 1723 1979; x_wconf 85' lang='lat'><strong><em>«</em></strong></span> <span class='ocrx_word' id='word_1_254' title='bbox 1756 1929 1857 1985; x_wconf 87' lang='lat' dir='ltr'><strong>Pe-</strong></span> 
     </span>
    </p>
   </div>
   <div class='ocr_carea' id='block_1_35' title="bbox 206 2014 1861 2088">
    <p class='ocr_par' dir='ltr' id='par_1_35' title="bbox 206 2014 1861 2088">
     <span class='ocr_line' id='line_1_35' title="bbox 206 2014 1861 2088; baseline 0.004 -20"><span class='ocrx_word' id='word_1_255' title='bbox 206 2019 338 2070; x_wconf 86' lang='lat' dir='ltr'><strong>trus</strong></span> <span class='ocrx_word' id='word_1_256' title='bbox 367 2018 425 2073; x_wconf 81' lang='lat' dir='ltr'><strong>et</strong></span> <span class='ocrx_word' id='word_1_257' title='bbox 451 2014 705 2071; x_wconf 84' lang='lat' dir='ltr'><strong>Jacobus</strong></span> <span class='ocrx_word' id='word_1_258' title='bbox 734 2019 791 2069; x_wconf 90' lang='lat' dir='ltr'><strong>et</strong></span> <span class='ocrx_word' id='word_1_259' title='bbox 812 2014 1091 2076; x_wconf 83' lang='lat' dir='ltr'><strong>Joannes,</strong></span> <span class='ocrx_word' id='word_1_260' title='bbox 1122 2016 1223 2088; x_wconf 91' lang='lat' dir='ltr'><strong>qui</strong></span> <span class='ocrx_word' id='word_1_261' title='bbox 1274 2016 1616 2073; x_wconf 77' lang='lat' dir='ltr'><strong>videbantur</strong></span> <span class='ocrx_word' id='word_1_262' title='bbox 1640 2016 1861 2074; x_wconf 88' lang='lat' dir='ltr'><strong>colum-</strong></span> 
     </span>
    </p>
   </div>
   <div class='ocr_carea' id='block_1_36' title="bbox 207 2104 1860 2168">
    <p class='ocr_par' dir='ltr' id='par_1_36' title="bbox 207 2104 1860 2168">
     <span class='ocr_line' id='line_1_36' title="bbox 207 2104 1860 2168; baseline 0.001 -8"><span class='ocrx_word' id='word_1_263' title='bbox 207 2121 295 2160; x_wconf 76' lang='lat' dir='ltr'><strong>nze</strong></span> <span class='ocrx_word' id='word_1_264' title='bbox 322 2120 475 2168; x_wconf 88' lang='lat' dir='ltr'><strong>esse,</strong></span> <span class='ocrx_word' id='word_1_265' title='bbox 508 2104 779 2160; x_wconf 80' lang='lat' dir='ltr'><strong>dexteras</strong></span> <span class='ocrx_word' id='word_1_266' title='bbox 812 2104 1100 2161; x_wconf 89' lang='lat' dir='ltr'><strong>dederunt</strong></span> <span class='ocrx_word' id='word_1_267' title='bbox 1131 2105 1276 2161; x_wconf 89' lang='lat' dir='ltr'><strong>mihi</strong></span> <span class='ocrx_word' id='word_1_268' title='bbox 1306 2111 1364 2162; x_wconf 92' lang='lat' dir='ltr'><strong>et</strong></span> <span class='ocrx_word' id='word_1_269' title='bbox 1393 2107 1669 2162; x_wconf 68' lang='lat' dir='ltr'><strong>Barnabas</strong></span> <span class='ocrx_word' id='word_1_270' title='bbox 1700 2123 1860 2163; x_wconf 92' lang='lat' dir='ltr'><strong>com-</strong></span> 
     </span>
    </p>
   </div>
   <div class='ocr_carea' id='block_1_37' title="bbox 206 2191 1007 2264">
    <p class='ocr_par' dir='ltr' id='par_1_37' title="bbox 206 2191 1007 2264">
     <span class='ocr_line' id='line_1_37' title="bbox 206 2191 1007 2264; baseline -0.006 -15"><span class='ocrx_word' id='word_1_271' title='bbox 206 2191 512 2249; x_wconf 87' lang='lat' dir='ltr'><strong>munionis</strong></span> <span class='ocrx_word' id='word_1_272' title='bbox 542 2192 745 2264; x_wconf 82' lang='lat' dir='ltr'><strong>(Galat.</strong></span> <span class='ocrx_word' id='word_1_273' title='bbox 772 2209 833 2259; x_wconf 80' lang='lat' dir='ltr'><strong>Il,</strong></span> <span class='ocrx_word' id='word_1_274' title='bbox 865 2194 942 2261; x_wconf 94' lang='lat'><strong>9).</strong></span> <span class='ocrx_word' id='word_1_275' title='bbox 979 2216 1007 2244; x_wconf 75' lang='grc' dir='ltr'><strong><em>υ</em></strong></span> 
     </span>
    </p>
   </div>
   <div class='ocr_carea' id='block_1_38' title="bbox 278 2282 1860 2357">
    <p class='ocr_par' dir='ltr' id='par_1_38' title="bbox 278 2282 1860 2357">
     <span class='ocr_line' id='line_1_38' title="bbox 278 2282 1860 2357; baseline 0.002 -20"><span class='ocrx_word' id='word_1_276' title='bbox 278 2283 368 2338; x_wconf 76' lang='grc'><strong>14.</strong></span> <span class='ocrx_word' id='word_1_277' title='bbox 396 2282 698 2346; x_wconf 86' lang='lat' dir='ltr'><strong>Quomodo</strong></span> <span class='ocrx_word' id='word_1_278' title='bbox 728 2297 866 2354; x_wconf 86' lang='lat' dir='ltr'><strong>ergo</strong></span> <span class='ocrx_word' id='word_1_279' title='bbox 893 2287 1176 2339; x_wconf 86' lang='lat' dir='ltr'><strong>excusant</strong></span> <span class='ocrx_word' id='word_1_280' title='bbox 1203 2299 1267 2339; x_wconf 88' lang='lat' dir='ltr'><strong>se</strong></span> <span class='ocrx_word' id='word_1_281' title='bbox 1296 2283 1574 2353; x_wconf 86' lang='lat' dir='ltr'><strong>nescisse,</strong></span> <span class='ocrx_word' id='word_1_282' title='bbox 1608 2302 1860 2357; x_wconf 91' lang='lat' dir='ltr'><strong>quorum</strong></span> 
     </span>
    </p>
   </div>
   <div class='ocr_carea' id='block_1_39' title="bbox 206 2369 1861 2447">
    <p class='ocr_par' dir='ltr' id='par_1_39' title="bbox 206 2369 1861 2447">
     <span class='ocr_line' id='line_1_39' title="bbox 206 2369 1861 2447; baseline 0.002 -20"><span class='ocrx_word' id='word_1_283' title='bbox 206 2369 304 2428; x_wconf 82' lang='lat' dir='ltr'><strong>alii</strong></span> <span class='ocrx_word' id='word_1_284' title='bbox 337 2370 629 2436; x_wconf 87' lang='lat' dir='ltr'><strong>viderunt,</strong></span> <span class='ocrx_word' id='word_1_285' title='bbox 662 2370 763 2426; x_wconf 90' lang='lat' dir='ltr'><strong>alii</strong></span> <span class='ocrx_word' id='word_1_286' title='bbox 794 2375 1191 2444; x_wconf 87' lang='lat' dir='ltr'><strong>cognoverunt</strong></span> <span class='ocrx_word' id='word_1_287' title='bbox 1245 2372 1426 2429; x_wconf 90' lang='lat' dir='ltr'><strong>solem</strong></span> <span class='ocrx_word' id='word_1_288' title='bbox 1474 2390 1591 2429; x_wconf 90' lang='lat' dir='ltr'><strong>non</strong></span> <span class='ocrx_word' id='word_1_289' title='bbox 1638 2373 1861 2447; x_wconf 82' lang='lat' dir='ltr'><strong>expleto</strong></span> 
     </span>
    </p>
   </div>
   <div class='ocr_carea' id='block_1_40' title="bbox 206 2458 1858 2536">
    <p class='ocr_par' dir='ltr' id='par_1_40' title="bbox 206 2458 1858 2536">
     <span class='ocr_line' id='line_1_40' title="bbox 206 2458 1858 2536; baseline 0.002 -21"><span class='ocrx_word' id='word_1_290' title='bbox 206 2460 321 2516; x_wconf 89' lang='lat' dir='ltr'><strong>diei</strong></span> <span class='ocrx_word' id='word_1_291' title='bbox 353 2458 667 2527; x_wconf 85' lang='lat' dir='ltr'><strong>curriculo,</strong></span> <span class='ocrx_word' id='word_1_292' title='bbox 699 2476 764 2515; x_wconf 90' lang='lat' dir='ltr'><strong>se</strong></span> <span class='ocrx_word' id='word_1_293' title='bbox 794 2460 1120 2532; x_wconf 85' lang='lat' dir='ltr'><strong>recepisse;</strong></span> <span class='ocrx_word' id='word_1_294' title='bbox 1153 2466 1211 2518; x_wconf 87' lang='lat' dir='ltr'><strong>et</strong></span> <span class='ocrx_word' id='word_1_295' title='bbox 1241 2478 1448 2518; x_wconf 90' lang='lat' dir='ltr'><strong>rursus</strong></span> <span class='ocrx_word' id='word_1_296' title='bbox 1478 2464 1611 2521; x_wconf 78' lang='lat' dir='ltr'><strong>ante</strong></span> <span class='ocrx_word' id='word_1_297' title='bbox 1658 2479 1858 2536; x_wconf 86' lang='lat' dir='ltr'><strong>perac-</strong></span> 
     </span>
    </p>
   </div>
   <div class='ocr_carea' id='block_1_41' title="bbox 203 2547 1857 2620">
    <p class='ocr_par' dir='ltr' id='par_1_41' title="bbox 203 2547 1857 2620">
     <span class='ocr_line' id='line_1_41' title="bbox 203 2547 1857 2620; baseline 0.003 -17"><span class='ocrx_word' id='word_1_298' title='bbox 203 2554 333 2605; x_wconf 88' lang='lat' dir='ltr'><strong>tum</strong></span> <span class='ocrx_word' id='word_1_299' title='bbox 369 2548 626 2620; x_wconf 87' lang='lat' dir='ltr'><strong>spatium</strong></span> <span class='ocrx_word' id='word_1_300' title='bbox 660 2547 850 2605; x_wconf 83' lang='lat' dir='ltr'><strong>noctis</strong></span> <span class='ocrx_word' id='word_1_301' title='bbox 877 2564 1203 2620; x_wconf 86' lang='lat' dir='ltr'><strong>egressum,</strong></span> <span class='ocrx_word' id='word_1_302' title='bbox 1256 2556 1486 2606; x_wconf 83' lang='lat' dir='ltr'><strong>noctem</strong></span> <span class='ocrx_word' id='word_1_303' title='bbox 1537 2550 1597 2606; x_wconf 88' lang='lat' dir='ltr'><strong>in</strong></span> <span class='ocrx_word' id='word_1_304' title='bbox 1647 2551 1741 2607; x_wconf 88' lang='lat' dir='ltr'><strong>die</strong></span> <span class='ocrx_word' id='word_1_305' title='bbox 1777 2551 1857 2608; x_wconf 85' lang='lat' dir='ltr'><strong>fe-</strong></span> 
     </span>
    </p>
   </div>
   <div class='ocr_carea' id='block_1_42' title="bbox 203 2636 1861 2712">
    <p class='ocr_par' dir='ltr' id='par_1_42' title="bbox 203 2636 1861 2712">
     <span class='ocr_line' id='line_1_42' title="bbox 203 2636 1861 2712; baseline 0.001 -18"><span class='ocrx_word' id='word_1_306' title='bbox 203 2638 383 2704; x_wconf 87' lang='lat' dir='ltr'><strong>cisse,</strong></span> <span class='ocrx_word' id='word_1_307' title='bbox 412 2637 474 2692; x_wconf 89' lang='lat' dir='ltr'><strong>in</strong></span> <span class='ocrx_word' id='word_1_308' title='bbox 506 2641 672 2693; x_wconf 89' lang='lat' dir='ltr'><strong>nocte</strong></span> <span class='ocrx_word' id='word_1_309' title='bbox 702 2636 878 2693; x_wconf 89' lang='lat' dir='ltr'><strong>diem.</strong></span> <span class='ocrx_word' id='word_1_310' title='bbox 914 2637 1123 2711; x_wconf 88' lang='lat' dir='ltr'><strong>Utique</strong></span> <span class='ocrx_word' id='word_1_311' title='bbox 1153 2638 1476 2712; x_wconf 86' lang='lat' dir='ltr'><strong>intelligere</strong></span> <span class='ocrx_word' id='word_1_312' title='bbox 1532 2640 1861 2696; x_wconf 88' lang='lat' dir='ltr'><strong>debuerunt</strong></span> 
     </span>
    </p>
   </div>
   <div class='ocr_carea' id='block_1_43' title="bbox 203 2725 1856 2800">
    <p class='ocr_par' dir='ltr' id='par_1_43' title="bbox 203 2725 1856 2800">
     <span class='ocr_line' id='line_1_43' title="bbox 203 2725 1856 2800; baseline 0.001 -18"><span class='ocrx_word' id='word_1_313' title='bbox 203 2726 347 2799; x_wconf 86' lang='lat' dir='ltr'><strong>quia</strong></span> <span class='ocrx_word' id='word_1_314' title='bbox 372 2725 460 2783; x_wconf 90' lang='lat' dir='ltr'><strong>sol</strong></span> <span class='ocrx_word' id='word_1_315' title='bbox 483 2726 691 2798; x_wconf 88' lang='lat' dir='ltr'><strong>jussus</strong></span> <span class='ocrx_word' id='word_1_316' title='bbox 720 2742 783 2784; x_wconf 87' lang='lat' dir='ltr'><strong>se</strong></span> <span class='ocrx_word' id='word_1_317' title='bbox 814 2726 1048 2800; x_wconf 88' lang='lat' dir='ltr'><strong>recepit,</strong></span> <span class='ocrx_word' id='word_1_318' title='bbox 1098 2731 1157 2782; x_wconf 90' lang='lat' dir='ltr'><strong>et</strong></span> <span class='ocrx_word' id='word_1_319' title='bbox 1202 2728 1411 2799; x_wconf 84' lang='lat' dir='ltr'><strong>jussus</strong></span> <span class='ocrx_word' id='word_1_320' title='bbox 1468 2727 1660 2784; x_wconf 84' lang='lat' dir='ltr'><strong>exivit.</strong></span> <span class='ocrx_word' id='word_1_321' title='bbox 1710 2729 1856 2784; x_wconf 66' lang='lat' dir='ltr'><strong>Prae-</strong></span> 
     </span>
    </p>
   </div>
   <div class='ocr_carea' id='block_1_44' title="bbox 213 2814 1859 2889">
    <p class='ocr_par' dir='ltr' id='par_1_44' title="bbox 213 2814 1859 2889">
     <span class='ocr_line' id='line_1_44' title="bbox 213 2814 1859 2889; baseline -0.001 -14"><span class='ocrx_word' id='word_1_322' title='bbox 213 2817 445 2875; x_wconf 73' lang='lat' dir='ltr'><strong>dixerat</strong></span> <span class='ocrx_word' id='word_1_323' title='bbox 473 2814 629 2871; x_wconf 90' lang='lat' dir='ltr'><strong>enim</strong></span> <span class='ocrx_word' id='word_1_324' title='bbox 659 2815 945 2873; x_wconf 87' lang='lat' dir='ltr'><strong>Dominus</strong></span> <span class='ocrx_word' id='word_1_325' title='bbox 975 2816 1187 2889; x_wconf 80' lang='lat' dir='ltr'><strong>(Matth.</strong></span> <span class='ocrx_word' id='word_1_326' title='bbox 1219 2834 1320 2881; x_wconf 83' lang='lat' dir='ltr'><strong>xu,</strong></span> <span class='ocrx_word' id='word_1_327' title='bbox 1353 2818 1465 2885; x_wconf 81' lang='grc'>40),</span> <span class='ocrx_word' id='word_1_328' title='bbox 1498 2817 1637 2889; x_wconf 89' lang='lat' dir='ltr'><strong>quia</strong></span> <span class='ocrx_word' id='word_1_329' title='bbox 1667 2818 1859 2875; x_wconf 86' lang='lat' dir='ltr'><strong>tribus</strong></span> 
     </span>
    </p>
   </div>
   <div class='ocr_carea' id='block_1_45' title="bbox 208 2904 1857 2971">
    <p class='ocr_par' dir='ltr' id='par_1_45' title="bbox 208 2904 1857 2971">
     <span class='ocr_line' id='line_1_45' title="bbox 208 2904 1857 2971; baseline -0.001 -8"><span class='ocrx_word' id='word_1_330' title='bbox 208 2905 423 2963; x_wconf 88' lang='lat' dir='ltr'><strong>diebus</strong></span> <span class='ocrx_word' id='word_1_331' title='bbox 456 2904 689 2960; x_wconf 84' lang='lat' dir='ltr'><strong>futurus</strong></span> <span class='ocrx_word' id='word_1_332' title='bbox 717 2908 841 2960; x_wconf 88' lang='lat' dir='ltr'><strong>erat</strong></span> <span class='ocrx_word' id='word_1_333' title='bbox 870 2904 925 2959; x_wconf 93' lang='lat' dir='ltr'><strong>in</strong></span> <span class='ocrx_word' id='word_1_334' title='bbox 960 2906 1132 2961; x_wconf 88' lang='lat' dir='ltr'><strong>corde</strong></span> <span class='ocrx_word' id='word_1_335' title='bbox 1163 2910 1345 2971; x_wconf 83' lang='lat' dir='ltr'><strong>terrae,</strong></span> <span class='ocrx_word' id='word_1_336' title='bbox 1378 2910 1435 2961; x_wconf 88' lang='lat' dir='ltr'><strong>et</strong></span> <span class='ocrx_word' id='word_1_337' title='bbox 1487 2905 1675 2961; x_wconf 88' lang='lat' dir='ltr'><strong>tribus</strong></span> <span class='ocrx_word' id='word_1_338' title='bbox 1726 2923 1857 2962; x_wconf 92' lang='lat' dir='ltr'><strong>noc-</strong></span> 
     </span>
    </p>
   </div>
   <div class='ocr_carea' id='block_1_46' title="bbox 206 2993 1855 3067">
    <p class='ocr_par' dir='ltr' id='par_1_46' title="bbox 206 2993 1855 3067">
     <span class='ocr_line' id='line_1_46' title="bbox 206 2993 1855 3067; baseline 0 -17"><span class='ocrx_word' id='word_1_339' title='bbox 206 2995 406 3051; x_wconf 87' lang='lat' dir='ltr'><strong>tibus:</strong></span> <span class='ocrx_word' id='word_1_340' title='bbox 441 2993 721 3050; x_wconf 85' lang='lat' dir='ltr'><strong>didicerat</strong></span> <span class='ocrx_word' id='word_1_341' title='bbox 750 2993 859 3050; x_wconf 86' lang='lat' dir='ltr'><strong>hoc</strong></span> <span class='ocrx_word' id='word_1_342' title='bbox 889 2993 995 3059; x_wconf 92' lang='lat' dir='ltr'><strong>sol,</strong></span> <span class='ocrx_word' id='word_1_343' title='bbox 1030 2995 1297 3051; x_wconf 86' lang='lat' dir='ltr'><strong>servabat</strong></span> <span class='ocrx_word' id='word_1_344' title='bbox 1329 2999 1701 3067; x_wconf 66' lang='lat' dir='ltr'><strong>praeceptum.</strong></span> <span class='ocrx_word' id='word_1_345' title='bbox 1739 2995 1855 3050; x_wconf 93' lang='lat' dir='ltr'><strong>Du-</strong></span> 
     </span>
    </p>
   </div>
   <div class='ocr_carea' id='block_1_47' title="bbox 203 3083 1857 3155">
    <p class='ocr_par' dir='ltr' id='par_1_47' title="bbox 203 3083 1857 3155">
     <span class='ocr_line' id='line_1_47' title="bbox 203 3083 1857 3155; baseline 0 -15"><span class='ocrx_word' id='word_1_346' title='bbox 203 3084 436 3141; x_wconf 84' lang='lat' dir='ltr'><strong>bitabat</strong></span> <span class='ocrx_word' id='word_1_347' title='bbox 465 3100 624 3155; x_wconf 84' lang='lat' dir='ltr'><strong>ergo,</strong></span> <span class='ocrx_word' id='word_1_348' title='bbox 670 3083 902 3140; x_wconf 85' lang='lat' dir='ltr'><strong>dicens:</strong></span> <span class='ocrx_word' id='word_1_349' title='bbox 957 3083 1104 3150; x_wconf 89' lang='lat' dir='ltr'><strong>Quid</strong></span> <span class='ocrx_word' id='word_1_350' title='bbox 1155 3084 1348 3139; x_wconf 83' lang='lat' dir='ltr'><strong>facio?</strong></span> <span class='ocrx_word' id='word_1_351' title='bbox 1392 3083 1577 3151; x_wconf 88' lang='lat' dir='ltr'><strong>Orior,</strong></span> <span class='ocrx_word' id='word_1_352' title='bbox 1630 3088 1685 3141; x_wconf 87' lang='lat' dir='ltr'><strong>et</strong></span> <span class='ocrx_word' id='word_1_353' title='bbox 1731 3084 1857 3141; x_wconf 89' lang='lat' dir='ltr'><strong>dies</strong></span> 
     </span>
    </p>
   </div>
   <div class='ocr_carea' id='block_1_48' title="bbox 204 3172 1856 3239">
    <p class='ocr_par' dir='ltr' id='par_1_48' title="bbox 204 3172 1856 3239">
     <span class='ocr_line' id='line_1_48' title="bbox 204 3172 1856 3239; baseline -0.002 -9"><span class='ocrx_word' id='word_1_354' title='bbox 204 3179 325 3230; x_wconf 87' lang='lat' dir='ltr'><strong>est:</strong></span> <span class='ocrx_word' id='word_1_355' title='bbox 359 3172 584 3239; x_wconf 91' lang='lat' dir='ltr'><strong>occido,</strong></span> <span class='ocrx_word' id='word_1_356' title='bbox 617 3176 675 3228; x_wconf 89' lang='lat' dir='ltr'><strong>et</strong></span> <span class='ocrx_word' id='word_1_357' title='bbox 703 3189 816 3228; x_wconf 87' lang='lat' dir='ltr'><strong>nox</strong></span> <span class='ocrx_word' id='word_1_358' title='bbox 871 3176 980 3228; x_wconf 88' lang='lat' dir='ltr'><strong>est.</strong></span> <span class='ocrx_word' id='word_1_359' title='bbox 1012 3173 1065 3227; x_wconf 89' lang='lat' dir='ltr'><strong>Si</strong></span> <span class='ocrx_word' id='word_1_360' title='bbox 1128 3189 1369 3228; x_wconf 87' lang='lat' dir='ltr'><strong>cursum</strong></span> <span class='ocrx_word' id='word_1_361' title='bbox 1419 3189 1616 3229; x_wconf 90' lang='lat' dir='ltr'><strong>meum</strong></span> <span class='ocrx_word' id='word_1_362' title='bbox 1665 3190 1856 3229; x_wconf 85' lang='lat' dir='ltr'><strong>serva-</strong></span> 
     </span>
    </p>
   </div>
   <div class='ocr_carea' id='block_1_49' title="bbox 1977 1925 3619 2001">
    <p class='ocr_par' dir='ltr' id='par_1_49' title="bbox 1977 1925 3619 2001">
     <span class='ocr_line' id='line_1_49' title="bbox 1977 1925 3619 2001; baseline 0.002 -20"><span class='ocrx_word' id='word_1_363' title='bbox 1977 1927 2118 1981; x_wconf 84' lang='lat' dir='ltr'><strong>ﬁdes</strong></span> <span class='ocrx_word' id='word_1_364' title='bbox 2148 1926 2437 1994; x_wconf 84' lang='lat' dir='ltr'><strong>titubavit,</strong></span> <span class='ocrx_word' id='word_1_365' title='bbox 2470 1930 2527 1981; x_wconf 89' lang='lat' dir='ltr'><strong>et</strong></span> <span class='ocrx_word' id='word_1_366' title='bbox 2557 1943 2690 1980; x_wconf 88' lang='lat' dir='ltr'><strong>caro</strong></span> <span class='ocrx_word' id='word_1_367' title='bbox 2721 1925 2937 1983; x_wconf 89' lang='lat' dir='ltr'><strong>sentire</strong></span> <span class='ocrx_word' id='word_1_368' title='bbox 2957 1926 3619 2001; x_wconf 75' lang='lat' dir='ltr'><strong>cmperatnaufragium.</strong></span> 
     </span>
    </p>
   </div>
   <div class='ocr_carea' id='block_1_50' title="bbox 1973 2014 3619 2088">
    <p class='ocr_par' dir='ltr' id='par_1_50' title="bbox 1973 2014 3619 2088">
     <span class='ocr_line' id='line_1_50' title="bbox 1973 2014 3619 2088; baseline 0.004 -20"><span class='ocrx_word' id='word_1_369' title='bbox 1973 2016 2136 2081; x_wconf 90' lang='lat' dir='ltr'><strong>Quod</strong></span> <span class='ocrx_word' id='word_1_370' title='bbox 2167 2032 2283 2070; x_wconf 91' lang='lat' dir='ltr'><strong>non</strong></span> <span class='ocrx_word' id='word_1_371' title='bbox 2314 2014 2632 2087; x_wconf 85' lang='lat' dir='ltr'><strong>impr0prie</strong></span> <span class='ocrx_word' id='word_1_372' title='bbox 2660 2015 2884 2071; x_wconf 88' lang='lat' dir='ltr'><strong>dictum</strong></span> <span class='ocrx_word' id='word_1_373' title='bbox 2913 2020 3035 2083; x_wconf 84' lang='lat' dir='ltr'><strong>est;</strong></span> <span class='ocrx_word' id='word_1_374' title='bbox 3068 2016 3209 2088; x_wconf 90' lang='lat' dir='ltr'><strong>quia</strong></span> <span class='ocrx_word' id='word_1_375' title='bbox 3265 2033 3397 2073; x_wconf 88' lang='lat' dir='ltr'><strong>caro</strong></span> <span class='ocrx_word' id='word_1_376' title='bbox 3455 2017 3619 2075; x_wconf 88' lang='lat' dir='ltr'><strong>navis</strong></span> 
     </span>
    </p>
   </div>
   <div class='ocr_carea' id='block_1_51' title="bbox 1973 2103 3619 2175">
    <p class='ocr_par' dir='ltr' id='par_1_51' title="bbox 1973 2103 3619 2175">
     <span class='ocr_line' id='line_1_51' title="bbox 1973 2103 3619 2175; baseline 0.002 -15"><span class='ocrx_word' id='word_1_377' title='bbox 1973 2108 2061 2160; x_wconf 90' lang='lat' dir='ltr'><strong>est</strong></span> <span class='ocrx_word' id='word_1_378' title='bbox 2091 2103 2321 2167; x_wconf 76' lang='lat' dir='ltr'><strong>animae,</strong></span> <span class='ocrx_word' id='word_1_379' title='bbox 2346 2103 2501 2159; x_wconf 85' lang='lat' dir='ltr'><strong>sicut</strong></span> <span class='ocrx_word' id='word_1_380' title='bbox 2531 2103 2817 2175; x_wconf 89' lang='lat' dir='ltr'><strong>scriptum</strong></span> <span class='ocrx_word' id='word_1_381' title='bbox 2849 2109 2967 2162; x_wconf 88' lang='lat' dir='ltr'><strong>est:</strong></span> <span class='ocrx_word' id='word_1_382' title='bbox 3002 2128 3029 2155; x_wconf 82' lang='lat'>«</span> <span class='ocrx_word' id='word_1_383' title='bbox 3092 2105 3197 2171; x_wconf 90' lang='lat' dir='ltr'><strong>Qui</strong></span> <span class='ocrx_word' id='word_1_384' title='bbox 3255 2106 3619 2164; x_wconf 86' lang='lat' dir='ltr'><strong>descendunt</strong></span> 
     </span>
    </p>
   </div>
   <div class='ocr_carea' id='block_1_52' title="bbox 1973 2192 3617 2265">
    <p class='ocr_par' dir='ltr' id='par_1_52' title="bbox 1973 2192 3617 2265">
     <span class='ocr_line' id='line_1_52' title="bbox 1973 2192 3617 2265; baseline 0.001 -17"><span class='ocrx_word' id='word_1_385' title='bbox 1973 2209 2133 2248; x_wconf 89' lang='lat' dir='ltr'><strong>mare</strong></span> <span class='ocrx_word' id='word_1_386' title='bbox 2162 2192 2222 2247; x_wconf 91' lang='lat' dir='ltr'><strong>in</strong></span> <span class='ocrx_word' id='word_1_387' title='bbox 2254 2192 2500 2248; x_wconf 83' lang='lat' dir='ltr'><strong>navibus</strong></span> <span class='ocrx_word' id='word_1_388' title='bbox 2531 2193 2699 2260; x_wconf 83' lang='lat' dir='ltr'><strong>(Psal.</strong></span> <span class='ocrx_word' id='word_1_389' title='bbox 2732 2210 2842 2260; x_wconf 72' lang='lat' dir='ltr'><strong>cvx,</strong></span> <span class='ocrx_word' id='word_1_390' title='bbox 2899 2193 3010 2265; x_wconf 86' lang='lat'><strong>23).</strong></span> <span class='ocrx_word' id='word_1_391' title='bbox 3044 2215 3072 2244; x_wconf 84' lang='lat'><strong>»</strong></span> <span class='ocrx_word' id='word_1_392' title='bbox 3124 2195 3194 2249; x_wconf 91' lang='lat' dir='ltr'><strong>Et</strong></span> <span class='ocrx_word' id='word_1_393' title='bbox 3235 2193 3406 2250; x_wconf 88' lang='lat' dir='ltr'><strong>alibi:</strong></span> <span class='ocrx_word' id='word_1_394' title='bbox 3443 2217 3471 2245; x_wconf 85' lang='lat'><strong>«</strong></span> <span class='ocrx_word' id='word_1_395' title='bbox 3531 2195 3617 2252; x_wconf 85' lang='lat' dir='ltr'><strong>Ibi</strong></span> 
     </span>
    </p>
   </div>
   <div class='ocr_carea' id='block_1_53' title="bbox 1973 2280 3614 2354">
    <p class='ocr_par' dir='ltr' id='par_1_53' title="bbox 1973 2280 3614 2354">
     <span class='ocr_line' id='line_1_53' title="bbox 1973 2280 3614 2354; baseline 0.003 -19"><span class='ocrx_word' id='word_1_396' title='bbox 1973 2281 2201 2337; x_wconf 88' lang='lat' dir='ltr'><strong>dolores</strong></span> <span class='ocrx_word' id='word_1_397' title='bbox 2230 2287 2295 2335; x_wconf 87' lang='lat' dir='ltr'><strong>ut</strong></span> <span class='ocrx_word' id='word_1_398' title='bbox 2327 2280 2726 2352; x_wconf 87' lang='lat' dir='ltr'><strong>parturientis,</strong></span> <span class='ocrx_word' id='word_1_399' title='bbox 2760 2281 2819 2336; x_wconf 91' lang='lat' dir='ltr'><strong>in</strong></span> <span class='ocrx_word' id='word_1_400' title='bbox 2838 2281 3047 2354; x_wconf 86' lang='lat' dir='ltr'><strong>spiritu</strong></span> <span class='ocrx_word' id='word_1_401' title='bbox 3069 2282 3396 2339; x_wconf 88' lang='lat' dir='ltr'><strong>vehementi</strong></span> <span class='ocrx_word' id='word_1_402' title='bbox 3418 2285 3614 2340; x_wconf 84' lang='lat' dir='ltr'><strong>conte-</strong></span> 
     </span>
    </p>
   </div>
   <div class='ocr_carea' id='block_1_54' title="bbox 1971 2370 3613 2444">
    <p class='ocr_par' dir='ltr' id='par_1_54' title="bbox 1971 2370 3613 2444">
     <span class='ocr_line' id='line_1_54' title="bbox 1971 2370 3613 2444; baseline 0.002 -20"><span class='ocrx_word' id='word_1_403' title='bbox 1971 2386 2063 2425; x_wconf 89' lang='lat' dir='ltr'><strong>res</strong></span> <span class='ocrx_word' id='word_1_404' title='bbox 2094 2387 2268 2425; x_wconf 89' lang='lat' dir='ltr'><strong>naves</strong></span> <span class='ocrx_word' id='word_1_405' title='bbox 2303 2371 2543 2426; x_wconf 73' lang='lat' dir='ltr'><strong>Tiiarsis</strong></span> <span class='ocrx_word' id='word_1_406' title='bbox 2572 2370 2740 2442; x_wconf 79' lang='lat' dir='ltr'><strong>(Psal.</strong></span> <span class='ocrx_word' id='word_1_407' title='bbox 2790 2388 2962 2439; x_wconf 81' lang='lat' dir='ltr'><strong>XLVII,</strong></span> <span class='ocrx_word' id='word_1_408' title='bbox 2994 2372 3068 2444; x_wconf 90' lang='lat'><strong>8).</strong></span> <span class='ocrx_word' id='word_1_409' title='bbox 3093 2393 3121 2424; x_wconf 85' lang='lat'>»</span> <span class='ocrx_word' id='word_1_410' title='bbox 3181 2372 3401 2429; x_wconf 75' lang='lat' dir='ltr'><strong>Animae</strong></span> <span class='ocrx_word' id='word_1_411' title='bbox 3456 2373 3613 2430; x_wconf 85' lang='lat' dir='ltr'><strong>enim</strong></span> 
     </span>
    </p>
   </div>
   <div class='ocr_carea' id='block_1_55' title="bbox 1971 2459 3691 2533">
    <p class='ocr_par' dir='ltr' id='par_1_55' title="bbox 1971 2459 3691 2533">
     <span class='ocr_line' id='line_1_55' title="bbox 1971 2459 3691 2533; baseline 0.003 -19"><span class='ocrx_word' id='word_1_412' title='bbox 1971 2462 2181 2515; x_wconf 64' lang='lat' dir='ltr'><strong>nostrae</strong></span> <span class='ocrx_word' id='word_1_413' title='bbox 2213 2476 2347 2514; x_wconf 91' lang='lat' dir='ltr'><strong>cum</strong></span> <span class='ocrx_word' id='word_1_414' title='bbox 2406 2459 2663 2515; x_wconf 68' lang='lat' dir='ltr'><strong>Verbum</strong></span> <span class='ocrx_word' id='word_1_415' title='bbox 2720 2460 3073 2533; x_wconf 87' lang='lat' dir='ltr'><strong>parturiunt,</strong></span> <span class='ocrx_word' id='word_1_416' title='bbox 3125 2462 3307 2518; x_wconf 89' lang='lat' dir='ltr'><strong>edunt</strong></span> <span class='ocrx_word' id='word_1_417' title='bbox 3353 2461 3611 2519; x_wconf 88' lang='lat' dir='ltr'><strong>dolores:</strong></span> <span class='ocrx_word' id='word_1_418' title='bbox 3662 2488 3691 2501; x_wconf 86' lang='lat'><strong>-</strong></span> 
     </span>
    </p>
   </div>
   <div class='ocr_carea' id='block_1_56' title="bbox 1971 2548 3612 2620">
    <p class='ocr_par' dir='ltr' id='par_1_56' title="bbox 1971 2548 3612 2620">
     <span class='ocr_line' id='line_1_56' title="bbox 1971 2548 3612 2620; baseline 0.003 -16"><span class='ocrx_word' id='word_1_419' title='bbox 1971 2565 2099 2620; x_wconf 65' lang='lat' dir='ltr'><strong>quae</strong></span> <span class='ocrx_word' id='word_1_420' title='bbox 2140 2555 2334 2604; x_wconf 85' lang='lat' dir='ltr'><strong>autem</strong></span> <span class='ocrx_word' id='word_1_421' title='bbox 2392 2548 2636 2620; x_wconf 87' lang='lat' dir='ltr'><strong>peperit,</strong></span> <span class='ocrx_word' id='word_1_422' title='bbox 2684 2549 2809 2619; x_wconf 88' lang='lat' dir='ltr'><strong>jam</strong></span> <span class='ocrx_word' id='word_1_423' title='bbox 2868 2566 2984 2605; x_wconf 90' lang='lat' dir='ltr'><strong>non</strong></span> <span class='ocrx_word' id='word_1_424' title='bbox 3041 2549 3313 2606; x_wconf 89' lang='lat' dir='ltr'><strong>meminit</strong></span> <span class='ocrx_word' id='word_1_425' title='bbox 3362 2550 3612 2609; x_wconf 62' lang='lat' dir='ltr'><strong>tristitiae</strong></span> 
     </span>
    </p>
   </div>
   <div class='ocr_carea' id='block_1_57' title="bbox 1970 2636 3613 2712">
    <p class='ocr_par' dir='ltr' id='par_1_57' title="bbox 1970 2636 3613 2712">
     <span class='ocr_line' id='line_1_57' title="bbox 1970 2636 3613 2712; baseline 0.001 -19"><span class='ocrx_word' id='word_1_426' title='bbox 1970 2643 2205 2710; x_wconf 88' lang='lat' dir='ltr'><strong>propter</strong></span> <span class='ocrx_word' id='word_1_427' title='bbox 2254 2638 2565 2710; x_wconf 84' lang='lat' dir='ltr'><strong>gaudium;</strong></span> <span class='ocrx_word' id='word_1_428' title='bbox 2612 2636 2749 2709; x_wconf 89' lang='lat' dir='ltr'><strong>quia</strong></span> <span class='ocrx_word' id='word_1_429' title='bbox 2798 2641 2973 2693; x_wconf 85' lang='lat' dir='ltr'><strong>natus</strong></span> <span class='ocrx_word' id='word_1_430' title='bbox 3011 2642 3099 2694; x_wconf 89' lang='lat' dir='ltr'><strong>est</strong></span> <span class='ocrx_word' id='word_1_431' title='bbox 3156 2637 3239 2694; x_wconf 90' lang='lat' dir='ltr'><strong>illi</strong></span> <span class='ocrx_word' id='word_1_432' title='bbox 3290 2638 3465 2695; x_wconf 91' lang='lat' dir='ltr'><strong>homo</strong></span> <span class='ocrx_word' id='word_1_433' title='bbox 3511 2640 3613 2712; x_wconf 90' lang='lat' dir='ltr'><strong>qui</strong></span> 
     </span>
    </p>
   </div>
   <div class='ocr_carea' id='block_1_58' title="bbox 1970 2725 3611 2802">
    <p class='ocr_par' dir='ltr' id='par_1_58' title="bbox 1970 2725 3611 2802">
     <span class='ocr_line' id='line_1_58' title="bbox 1970 2725 3611 2802; baseline 0.002 -21"><span class='ocrx_word' id='word_1_434' title='bbox 1970 2727 2259 2781; x_wconf 87' lang='lat' dir='ltr'><strong>mundum</strong></span> <span class='ocrx_word' id='word_1_435' title='bbox 2292 2725 2559 2782; x_wconf 88' lang='lat' dir='ltr'><strong>redemit.</strong></span> <span class='ocrx_word' id='word_1_436' title='bbox 2601 2727 2772 2782; x_wconf 83' lang='lat' dir='ltr'><strong>Naves</strong></span> <span class='ocrx_word' id='word_1_437' title='bbox 2824 2726 3056 2794; x_wconf 78' lang='lat' dir='ltr'><strong>Tharsis,</strong></span> <span class='ocrx_word' id='word_1_438' title='bbox 3089 2726 3149 2783; x_wconf 89' lang='lat' dir='ltr'><strong>id</strong></span> <span class='ocrx_word' id='word_1_439' title='bbox 3174 2731 3285 2794; x_wconf 86' lang='lat' dir='ltr'><strong>est,</strong></span> <span class='ocrx_word' id='word_1_440' title='bbox 3332 2726 3611 2802; x_wconf 85' lang='lat' dir='ltr'><strong>intelligi-</strong></span> 
     </span>
    </p>
   </div>
   <div class='ocr_carea' id='block_1_59' title="bbox 1967 2814 3611 2890">
    <p class='ocr_par' dir='ltr' id='par_1_59' title="bbox 1967 2814 3611 2890">
     <span class='ocr_line' id='line_1_59' title="bbox 1967 2814 3611 2890; baseline 0.004 -21"><span class='ocrx_word' id='word_1_441' title='bbox 1967 2814 2114 2871; x_wconf 85' lang='lat' dir='ltr'><strong>bilcs</strong></span> <span class='ocrx_word' id='word_1_442' title='bbox 2153 2831 2279 2887; x_wconf 54' lang='lat' dir='ltr'><strong>qua!</strong></span> <span class='ocrx_word' id='word_1_443' title='bbox 2313 2814 2607 2871; x_wconf 82' lang='lat' dir='ltr'><strong>Salomoni</strong></span> <span class='ocrx_word' id='word_1_444' title='bbox 2640 2832 2850 2870; x_wconf 85' lang='lat' dir='ltr'><strong>aurum</strong></span> <span class='ocrx_word' id='word_1_445' title='bbox 2877 2816 3142 2873; x_wconf 83' lang='lat' dir='ltr'><strong>ferebant</strong></span> <span class='ocrx_word' id='word_1_446' title='bbox 3171 2820 3347 2889; x_wconf 89' lang='lat' dir='ltr'><strong>atque</strong></span> <span class='ocrx_word' id='word_1_447' title='bbox 3402 2834 3611 2890; x_wconf 84' lang='lat' dir='ltr'><strong>argen-</strong></span> 
     </span>
    </p>
   </div>
   <div class='ocr_carea' id='block_1_60' title="bbox 1966 2904 3608 2977">
    <p class='ocr_par' dir='ltr' id='par_1_60' title="bbox 1966 2904 3608 2977">
     <span class='ocr_line' id='line_1_60' title="bbox 1966 2904 3608 2977; baseline 0.004 -17"><span class='ocrx_word' id='word_1_448' title='bbox 1966 2909 2117 2970; x_wconf 92' lang='lat' dir='ltr'><strong>tum,</strong></span> <span class='ocrx_word' id='word_1_449' title='bbox 2148 2904 2205 2959; x_wconf 85' lang='lat' dir='ltr'><strong>id</strong></span> <span class='ocrx_word' id='word_1_450' title='bbox 2238 2906 2346 2970; x_wconf 86' lang='lat' dir='ltr'><strong>est,</strong></span> <span class='ocrx_word' id='word_1_451' title='bbox 2380 2920 2623 2974; x_wconf 87' lang='lat' dir='ltr'><strong>corpora</strong></span> <span class='ocrx_word' id='word_1_452' title='bbox 2669 2909 2888 2972; x_wconf 83' lang='lat' dir='ltr'><strong>nostra,</strong></span> <span class='ocrx_word' id='word_1_453' title='bbox 2938 2922 3066 2977; x_wconf 81' lang='lat' dir='ltr'><strong>quae</strong></span> <span class='ocrx_word' id='word_1_454' title='bbox 3111 2905 3329 2963; x_wconf 88' lang='lat' dir='ltr'><strong>habent</strong></span> <span class='ocrx_word' id='word_1_455' title='bbox 3372 2905 3608 2967; x_wconf 86' lang='lat' dir='ltr'><strong>thesau-</strong></span> 
     </span>
    </p>
   </div>
   <div class='ocr_carea' id='block_1_61' title="bbox 1968 2992 3604 3068">
    <p class='ocr_par' dir='ltr' id='par_1_61' title="bbox 1968 2992 3604 3068">
     <span class='ocr_line' id='line_1_61' title="bbox 1968 2992 3604 3068; baseline 0.004 -22"><span class='ocrx_word' id='word_1_456' title='bbox 1968 3009 2098 3047; x_wconf 90' lang='lat' dir='ltr'><strong>rum</strong></span> <span class='ocrx_word' id='word_1_457' title='bbox 2130 2992 2189 3047; x_wconf 92' lang='lat' dir='ltr'><strong>in</strong></span> <span class='ocrx_word' id='word_1_458' title='bbox 2239 2993 2395 3049; x_wconf 86' lang='lat' dir='ltr'><strong>vasis</strong></span> <span class='ocrx_word' id='word_1_459' title='bbox 2425 2992 2725 3061; x_wconf 81' lang='lat' dir='ltr'><strong>fictilibus,</strong></span> <span class='ocrx_word' id='word_1_460' title='bbox 2760 2999 2823 3049; x_wconf 92' lang='lat' dir='ltr'><strong>ut</strong></span> <span class='ocrx_word' id='word_1_461' title='bbox 2850 2993 3165 3066; x_wconf 83' lang='lat' dir='ltr'><strong>Apostolus</strong></span> <span class='ocrx_word' id='word_1_462' title='bbox 3197 2994 3340 3051; x_wconf 88' lang='lat' dir='ltr'><strong>dicit</strong></span> <span class='ocrx_word' id='word_1_463' title='bbox 3365 2995 3437 3068; x_wconf 91' lang='lat' dir='ltr'><strong>(II</strong></span> <span class='ocrx_word' id='word_1_464' title='bbox 3483 2995 3604 3053; x_wconf 83' lang='lat' dir='ltr'><strong>Cor.</strong></span> 
     </span>
    </p>
   </div>
   <div class='ocr_carea' id='block_1_62' title="bbox 1966 3080 3605 3155">
    <p class='ocr_par' dir='ltr' id='par_1_62' title="bbox 1966 3080 3605 3155">
     <span class='ocr_line' id='line_1_62' title="bbox 1966 3080 3605 3155; baseline 0.004 -21"><span class='ocrx_word' id='word_1_465' title='bbox 1966 3098 2041 3146; x_wconf 87' lang='lat' dir='ltr'><strong>1v,</strong></span> <span class='ocrx_word' id='word_1_466' title='bbox 2073 3083 2161 3149; x_wconf 88' lang='lat'><strong>7):</strong></span> <span class='ocrx_word' id='word_1_467' title='bbox 2194 3080 2279 3137; x_wconf 90' lang='lat' dir='ltr'><strong>vel</strong></span> <span class='ocrx_word' id='word_1_468' title='bbox 2312 3082 2465 3153; x_wconf 91' lang='lat' dir='ltr'><strong>quod</strong></span> <span class='ocrx_word' id='word_1_469' title='bbox 2493 3081 2671 3137; x_wconf 89' lang='lat' dir='ltr'><strong>etiam</strong></span> <span class='ocrx_word' id='word_1_470' title='bbox 2703 3082 2793 3137; x_wconf 89' lang='lat' dir='ltr'><strong>hic</strong></span> <span class='ocrx_word' id='word_1_471' title='bbox 2825 3088 3028 3155; x_wconf 87' lang='lat' dir='ltr'><strong>partus</strong></span> <span class='ocrx_word' id='word_1_472' title='bbox 3079 3083 3256 3139; x_wconf 92' lang='lat' dir='ltr'><strong>dubio</strong></span> <span class='ocrx_word' id='word_1_473' title='bbox 3296 3088 3605 3142; x_wconf 87' lang='lat' dir='ltr'><strong>conterun-</strong></span> 
     </span>
    </p>
   </div>
   <div class='ocr_carea' id='block_1_63' title="bbox 1965 3171 3606 3247">
    <p class='ocr_par' dir='ltr' id='par_1_63' title="bbox 1965 3171 3606 3247">
     <span class='ocr_line' id='line_1_63' title="bbox 1965 3171 3606 3247; baseline 0.004 -22"><span class='ocrx_word' id='word_1_474' title='bbox 1965 3176 2081 3236; x_wconf 89' lang='lat' dir='ltr'><strong>tur,</strong></span> <span class='ocrx_word' id='word_1_475' title='bbox 2107 3171 2278 3241; x_wconf 84' lang='lat' dir='ltr'><strong>juxta</strong></span> <span class='ocrx_word' id='word_1_476' title='bbox 2307 3171 2463 3241; x_wconf 91' lang='lat' dir='ltr'><strong>quod</strong></span> <span class='ocrx_word' id='word_1_477' title='bbox 2494 3171 2715 3226; x_wconf 88' lang='lat' dir='ltr'><strong>dictum</strong></span> <span class='ocrx_word' id='word_1_478' title='bbox 2786 3176 2915 3227; x_wconf 86' lang='lat' dir='ltr'><strong>est:</strong></span> <span class='ocrx_word' id='word_1_479' title='bbox 2955 3196 2975 3221; x_wconf 78' lang='grc' dir='ltr'>ι</span> <span class='ocrx_word' id='word_1_480' title='bbox 3030 3176 3124 3227; x_wconf 73' lang='lat' dir='ltr'><strong>Vm</strong></span> <span class='ocrx_word' id='word_1_481' title='bbox 3168 3174 3606 3247; x_wconf 65' lang='lat' dir='ltr'><strong>praegnantibus</strong></span> 
     </span>
    </p>
   </div>
   <div class='ocr_carea' id='block_1_64' title="bbox 204 3244 3608 3332">
    <p class='ocr_par' dir='ltr' id='par_1_64' title="bbox 204 3244 3608 3332">
     <span class='ocr_line' id='line_1_64' title="bbox 204 3244 3608 3332; baseline 0.001 -15"><span class='ocrx_word' id='word_1_482' title='bbox 204 3278 361 3330; x_wconf 87' lang='lat' dir='ltr'><strong>vero,</strong></span> <span class='ocrx_word' id='word_1_483' title='bbox 393 3261 742 3317; x_wconf 87' lang='lat' dir='ltr'><strong>demorabor</strong></span> <span class='ocrx_word' id='word_1_484' title='bbox 763 3261 970 3317; x_wconf 91' lang='lat' dir='ltr'><strong>mundi</strong></span> <span class='ocrx_word' id='word_1_485' title='bbox 990 3261 1259 3319; x_wconf 84' lang='lat' dir='ltr'><strong>salutem.</strong></span> <span class='ocrx_word' id='word_1_486' title='bbox 1287 3262 1650 3318; x_wconf 78' lang='lat' dir='ltr'><strong>Festinamus</strong></span> <span class='ocrx_word' id='word_1_487' title='bbox 1674 3262 1852 3319; x_wconf 88' lang='lat' dir='ltr'><strong>etiam</strong></span> <span class='ocrx_word' id='word_1_488' title='bbox 1883 3244 1925 3312; x_wconf 63' lang='grc' dir='ltr'><strong>(ἶ</strong></span> <span class='ocrx_word' id='word_1_489' title='bbox 1964 3264 2020 3315; x_wconf 90' lang='lat' dir='ltr'><strong>et</strong></span> <span class='ocrx_word' id='word_1_490' title='bbox 2050 3260 2447 3315; x_wconf 86' lang='lat' dir='ltr'><strong>nutrientibus</strong></span> <span class='ocrx_word' id='word_1_491' title='bbox 2475 3262 2626 3328; x_wconf 84' lang='lat' dir='ltr'><strong>(Luc.</strong></span> <span class='ocrx_word' id='word_1_492' title='bbox 2659 3278 2774 3328; x_wconf 77' lang='lat' dir='ltr'><strong>xxi,</strong></span> <span class='ocrx_word' id='word_1_493' title='bbox 2805 3261 2925 3332; x_wconf 85' lang='lat'><strong>23)!</strong></span> <span class='ocrx_word' id='word_1_494' title='bbox 2952 3283 2979 3311; x_wconf 75' lang='grc' dir='ltr'><em>η</em></span> <span class='ocrx_word' id='word_1_495' title='bbox 3013 3261 3159 3316; x_wconf 82' lang='lat' dir='ltr'><strong>Nam</strong></span> <span class='ocrx_word' id='word_1_496' title='bbox 3216 3278 3349 3318; x_wconf 90' lang='lat' dir='ltr'><strong>cum</strong></span> <span class='ocrx_word' id='word_1_497' title='bbox 3409 3263 3608 3320; x_wconf 89' lang='lat' dir='ltr'><strong>anima</strong></span> 
     </span>
    </p>
   </div>
   <div class='ocr_carea' id='block_1_65' title="bbox 207 3348 3605 3423">
    <p class='ocr_par' dir='ltr' id='par_1_65' title="bbox 207 3348 3605 3423">
     <span class='ocr_line' id='line_1_65' title="bbox 207 3348 3605 3423; baseline 0 -17"><span class='ocrx_word' id='word_1_498' title='bbox 207 3351 278 3406; x_wconf 86' lang='lat' dir='ltr'><strong>ad</strong></span> <span class='ocrx_word' id='word_1_499' title='bbox 311 3350 775 3422; x_wconf 87' lang='lat' dir='ltr'><strong>redemptionem</strong></span> <span class='ocrx_word' id='word_1_500' title='bbox 820 3353 1113 3407; x_wconf 89' lang='lat' dir='ltr'><strong>nostram:</strong></span> <span class='ocrx_word' id='word_1_501' title='bbox 1150 3350 1423 3407; x_wconf 81' lang='lat' dir='ltr'><strong>festinare</strong></span> <span class='ocrx_word' id='word_1_502' title='bbox 1451 3351 1627 3407; x_wconf 90' lang='lat' dir='ltr'><strong>etiam</strong></span> <span class='ocrx_word' id='word_1_503' title='bbox 1673 3351 1853 3407; x_wconf 89' lang='lat' dir='ltr'><strong>debeo</strong></span> <span class='ocrx_word' id='word_1_504' title='bbox 1964 3350 2245 3421; x_wconf 81' lang='lat' dir='ltr'><strong>quatitur,</strong></span> <span class='ocrx_word' id='word_1_505' title='bbox 2285 3365 2417 3404; x_wconf 89' lang='lat' dir='ltr'><strong>caro</strong></span> <span class='ocrx_word' id='word_1_506' title='bbox 2473 3348 2754 3404; x_wconf 84' lang='lat' dir='ltr'><strong>ﬂuctuat:</strong></span> <span class='ocrx_word' id='word_1_507' title='bbox 2825 3350 2914 3405; x_wconf 83' lang='lat' dir='ltr'><strong>vel</strong></span> <span class='ocrx_word' id='word_1_508' title='bbox 2984 3350 3195 3423; x_wconf 83' lang='lat' dir='ltr'><strong>spiritu</strong></span> <span class='ocrx_word' id='word_1_509' title='bbox 3278 3351 3605 3409; x_wconf 83' lang='lat' dir='ltr'><strong>vehementi</strong></span> 
     </span>
    </p>
   </div>
   <div class='ocr_carea' id='block_1_66' title="bbox 208 3437 3606 3513">
    <p class='ocr_par' dir='ltr' id='par_1_66' title="bbox 208 3437 3606 3513">
     <span class='ocr_line' id='line_1_66' title="bbox 208 3437 3606 3513; baseline 0.002 -22"><span class='ocrx_word' id='word_1_510' title='bbox 208 3438 333 3511; x_wconf 88' lang='lat' dir='ltr'><strong>ipse</strong></span> <span class='ocrx_word' id='word_1_511' title='bbox 381 3438 452 3495; x_wconf 88' lang='lat' dir='ltr'><strong>ad</strong></span> <span class='ocrx_word' id='word_1_512' title='bbox 487 3455 695 3495; x_wconf 88' lang='lat' dir='ltr'><strong>novam</strong></span> <span class='ocrx_word' id='word_1_513' title='bbox 733 3439 943 3509; x_wconf 88' lang='lat' dir='ltr'><strong>vitam;</strong></span> <span class='ocrx_word' id='word_1_514' title='bbox 976 3440 1087 3497; x_wconf 89' lang='lat' dir='ltr'><strong>erit</strong></span> <span class='ocrx_word' id='word_1_515' title='bbox 1132 3440 1285 3497; x_wconf 88' lang='lat' dir='ltr'><strong>enim</strong></span> <span class='ocrx_word' id='word_1_516' title='bbox 1344 3439 1625 3495; x_wconf 82' lang='lat' dir='ltr'><strong>beneﬁcio</strong></span> <span class='ocrx_word' id='word_1_517' title='bbox 1665 3439 1855 3496; x_wconf 89' lang='lat' dir='ltr'><strong>erucis</strong></span> <span class='ocrx_word' id='word_1_518' title='bbox 1962 3438 2411 3511; x_wconf 86' lang='lat' dir='ltr'><strong>exagitabuntur</strong></span> <span class='ocrx_word' id='word_1_519' title='bbox 2443 3437 2658 3505; x_wconf 82' lang='lat' dir='ltr'><strong>infuso,</strong></span> <span class='ocrx_word' id='word_1_520' title='bbox 2694 3456 2823 3494; x_wconf 89' lang='lat' dir='ltr'><strong>cum</strong></span> <span class='ocrx_word' id='word_1_521' title='bbox 2859 3438 3084 3511; x_wconf 85' lang='lat' dir='ltr'><strong>expleto</strong></span> <span class='ocrx_word' id='word_1_522' title='bbox 3114 3445 3373 3513; x_wconf 89' lang='lat' dir='ltr'><strong>tempore</strong></span> <span class='ocrx_word' id='word_1_523' title='bbox 3429 3441 3606 3498; x_wconf 80' lang='lat' dir='ltr'><strong>fuerit</strong></span> 
     </span>
    </p>
   </div>
   <div class='ocr_carea' id='block_1_67' title="bbox 213 3527 3599 3602">
    <p class='ocr_par' dir='ltr' id='par_1_67' title="bbox 213 3527 3599 3602">
     <span class='ocr_line' id='line_1_67' title="bbox 213 3527 3599 3602; baseline 0.002 -21"><span class='ocrx_word' id='word_1_524' title='bbox 213 3543 327 3600; x_wconf 83' lang='lat' dir='ltr'><strong>qua</strong></span> <span class='ocrx_word' id='word_1_525' title='bbox 357 3531 713 3584; x_wconf 86' lang='lat' dir='ltr'><strong>renovantur</strong></span> <span class='ocrx_word' id='word_1_526' title='bbox 742 3528 1035 3597; x_wconf 79' lang='lat' dir='ltr'><strong>universa,</strong></span> <span class='ocrx_word' id='word_1_527' title='bbox 1086 3532 1143 3584; x_wconf 90' lang='lat' dir='ltr'><strong>et</strong></span> <span class='ocrx_word' id='word_1_528' title='bbox 1171 3527 1255 3584; x_wconf 88' lang='lat' dir='ltr'><strong>sol</strong></span> <span class='ocrx_word' id='word_1_529' title='bbox 1290 3545 1496 3596; x_wconf 87' lang='lat' dir='ltr'><strong>novus,</strong></span> <span class='ocrx_word' id='word_1_530' title='bbox 1545 3532 1602 3583; x_wconf 90' lang='lat' dir='ltr'><strong>et</strong></span> <span class='ocrx_word' id='word_1_531' title='bbox 1643 3528 1853 3584; x_wconf 78' lang='lat' dir='ltr'><strong>emtum</strong></span> <span class='ocrx_word' id='word_1_532' title='bbox 1963 3527 2407 3600; x_wconf 87' lang='lat' dir='ltr'><strong>resurgendum,</strong></span> <span class='ocrx_word' id='word_1_533' title='bbox 2480 3527 2802 3582; x_wconf 83' lang='lat' dir='ltr'><strong>secundum</strong></span> <span class='ocrx_word' id='word_1_534' title='bbox 2878 3529 3034 3600; x_wconf 91' lang='lat' dir='ltr'><strong>quod</strong></span> <span class='ocrx_word' id='word_1_535' title='bbox 3118 3530 3406 3602; x_wconf 87' lang='lat' dir='ltr'><strong>scriptum</strong></span> <span class='ocrx_word' id='word_1_536' title='bbox 3484 3536 3599 3587; x_wconf 90' lang='lat' dir='ltr'><strong>est:</strong></span> 
     </span>
    </p>
   </div>
   <div class='ocr_carea' id='block_1_68' title="bbox 212 3615 3606 3691">
    <p class='ocr_par' dir='ltr' id='par_1_68' title="bbox 212 3615 3606 3691">
     <span class='ocr_line' id='line_1_68' title="bbox 212 3615 3606 3691; baseline 0.004 -20"><span class='ocrx_word' id='word_1_537' title='bbox 212 3633 447 3672; x_wconf 91' lang='lat' dir='ltr'><strong>novum.</strong></span> <span class='ocrx_word' id='word_1_538' title='bbox 484 3616 716 3673; x_wconf 85' lang='lat' dir='ltr'><strong>Festino</strong></span> <span class='ocrx_word' id='word_1_539' title='bbox 745 3634 882 3691; x_wconf 89' lang='lat' dir='ltr'><strong>ergo</strong></span> <span class='ocrx_word' id='word_1_540' title='bbox 923 3621 988 3673; x_wconf 88' lang='lat' dir='ltr'><strong>ut</strong></span> <span class='ocrx_word' id='word_1_541' title='bbox 1034 3616 1200 3673; x_wconf 89' lang='lat' dir='ltr'><strong>illum</strong></span> <span class='ocrx_word' id='word_1_542' title='bbox 1251 3617 1473 3689; x_wconf 89' lang='lat' dir='ltr'><strong>possim</strong></span> <span class='ocrx_word' id='word_1_543' title='bbox 1524 3616 1715 3672; x_wconf 90' lang='lat' dir='ltr'><strong>videre</strong></span> <span class='ocrx_word' id='word_1_544' title='bbox 1760 3621 1856 3673; x_wconf 90' lang='lat' dir='ltr'><strong>So-</strong></span> <span class='ocrx_word' id='word_1_545' title='bbox 1964 3615 2190 3681; x_wconf 82' lang='lat' dir='ltr'><strong>«Veni,</strong></span> <span class='ocrx_word' id='word_1_546' title='bbox 2218 3615 2485 3687; x_wconf 86' lang='lat' dir='ltr'><strong>spiritus,</strong></span> <span class='ocrx_word' id='word_1_547' title='bbox 2517 3620 2573 3670; x_wconf 91' lang='lat' dir='ltr'><strong>et</strong></span> <span class='ocrx_word' id='word_1_548' title='bbox 2602 3615 2841 3671; x_wconf 85' lang='lat' dir='ltr'><strong>insufﬂa</strong></span> <span class='ocrx_word' id='word_1_549' title='bbox 2891 3616 2952 3671; x_wconf 91' lang='lat' dir='ltr'><strong>in</strong></span> <span class='ocrx_word' id='word_1_550' title='bbox 3011 3624 3274 3675; x_wconf 87' lang='lat' dir='ltr'><strong>mortuos</strong></span> <span class='ocrx_word' id='word_1_551' title='bbox 3332 3620 3500 3686; x_wconf 65' lang='lat' dir='ltr'><strong>istos.</strong></span> <span class='ocrx_word' id='word_1_552' title='bbox 3550 3624 3606 3677; x_wconf 65' lang='lat' dir='ltr'><strong>et</strong></span> 
     </span>
    </p>
   </div>
   <div class='ocr_carea' id='block_1_69' title="bbox 213 3703 3606 3780">
    <p class='ocr_par' dir='ltr' id='par_1_69' title="bbox 213 3703 3606 3780">
     <span class='ocr_line' id='line_1_69' title="bbox 213 3703 3606 3780; baseline 0.001 -19"><span class='ocrx_word' id='word_1_553' title='bbox 213 3703 1283 3777; x_wconf 70' lang='lat' dir='ltr'><strong>lemjustitize,illuminantemanimas</strong></span> <span class='ocrx_word' id='word_1_554' title='bbox 1302 3705 1850 3761; x_wconf 87' lang='lat' dir='ltr'><strong>universorum.Sed</strong></span> <span class='ocrx_word' id='word_1_555' title='bbox 1960 3706 2152 3761; x_wconf 90' lang='lat' dir='ltr'><strong>vivent</strong></span> <span class='ocrx_word' id='word_1_556' title='bbox 2182 3704 2405 3775; x_wconf 64' lang='lat' dir='ltr'><strong>(Ezech.</strong></span> <span class='ocrx_word' id='word_1_557' title='bbox 2458 3722 2670 3772; x_wconf 84' lang='lat' dir='ltr'><strong>xxxxu,</strong></span> <span class='ocrx_word' id='word_1_558' title='bbox 2704 3706 2778 3776; x_wconf 74' lang='lat'><strong>9).</strong></span> <span class='ocrx_word' id='word_1_559' title='bbox 2810 3725 2836 3756; x_wconf 70' lang='grc' dir='ltr'><strong><em>η</em></strong></span> <span class='ocrx_word' id='word_1_560' title='bbox 2876 3705 3039 3762; x_wconf 89' lang='lat' dir='ltr'><strong>Unde</strong></span> <span class='ocrx_word' id='word_1_561' title='bbox 3086 3712 3141 3762; x_wconf 90' lang='lat' dir='ltr'><strong>et</strong></span> <span class='ocrx_word' id='word_1_562' title='bbox 3200 3708 3324 3780; x_wconf 90' lang='lat' dir='ltr'><strong>ipse</strong></span> <span class='ocrx_word' id='word_1_563' title='bbox 3377 3709 3489 3766; x_wconf 85' lang='lat' dir='ltr'><strong>Job</strong></span> <span class='ocrx_word' id='word_1_564' title='bbox 3545 3708 3606 3764; x_wconf 87' lang='lat' dir='ltr'><strong>in</strong></span> 
     </span>
    </p>
   </div>
   <div class='ocr_carea' id='block_1_70' title="bbox 213 3793 3610 3868">
    <p class='ocr_par' dir='ltr' id='par_1_70' title="bbox 213 3793 3610 3868">
     <span class='ocr_line' id='line_1_70' title="bbox 213 3793 3610 3868; baseline 0.001 -19"><span class='ocrx_word' id='word_1_565' title='bbox 213 3795 346 3865; x_wconf 89' lang='lat' dir='ltr'><strong>quid</strong></span> <span class='ocrx_word' id='word_1_566' title='bbox 378 3795 633 3851; x_wconf 85' lang='lat' dir='ltr'><strong>faciam?</strong></span> <span class='ocrx_word' id='word_1_567' title='bbox 655 3796 782 3868; x_wconf 87' lang='lat' dir='ltr'><strong>Ipse</strong></span> <span class='ocrx_word' id='word_1_568' title='bbox 810 3795 933 3851; x_wconf 88' lang='lat' dir='ltr'><strong>vult</strong></span> <span class='ocrx_word' id='word_1_569' title='bbox 961 3799 1095 3868; x_wconf 90' lang='lat' dir='ltr'><strong>post</strong></span> <span class='ocrx_word' id='word_1_570' title='bbox 1122 3795 1384 3850; x_wconf 89' lang='lat' dir='ltr'><strong>triduum</strong></span> <span class='ocrx_word' id='word_1_571' title='bbox 1417 3794 1541 3850; x_wconf 84' lang='lat' dir='ltr'><strong>fieri</strong></span> <span class='ocrx_word' id='word_1_572' title='bbox 1564 3812 1854 3852; x_wconf 87' lang='lat' dir='ltr'><strong>resurrec-</strong></span> <span class='ocrx_word' id='word_1_573' title='bbox 1964 3793 2383 3867; x_wconf 84' lang='lat' dir='ltr'><strong>posterioribus</strong></span> <span class='ocrx_word' id='word_1_574' title='bbox 2414 3793 2580 3849; x_wconf 87' lang='lat' dir='ltr'><strong>dicit:</strong></span> <span class='ocrx_word' id='word_1_575' title='bbox 2615 3817 2642 3843; x_wconf 89' lang='grc'><em>‹‹</em></span> <span class='ocrx_word' id='word_1_576' title='bbox 2678 3793 2817 3849; x_wconf 87' lang='lat' dir='ltr'><strong>Novi</strong></span> <span class='ocrx_word' id='word_1_577' title='bbox 2870 3794 3027 3851; x_wconf 90' lang='lat' dir='ltr'><strong>enim</strong></span> <span class='ocrx_word' id='word_1_578' title='bbox 3087 3796 3226 3867; x_wconf 88' lang='lat' dir='ltr'><strong>quia</strong></span> <span class='ocrx_word' id='word_1_579' title='bbox 3271 3801 3524 3854; x_wconf 83' lang='lat' dir='ltr'><strong>aeternus</strong></span> <span class='ocrx_word' id='word_1_580' title='bbox 3551 3801 3610 3854; x_wconf 87' lang='lat' dir='ltr'><strong>et</strong></span> 
     </span>
    </p>
   </div>
   <div class='ocr_carea' id='block_1_71' title="bbox 214 3882 3607 3956">
    <p class='ocr_par' dir='ltr' id='par_1_71' title="bbox 214 3882 3607 3956">
     <span class='ocr_line' id='line_1_71' title="bbox 214 3882 3607 3956; baseline 0.001 -20"><span class='ocrx_word' id='word_1_581' title='bbox 214 3882 445 3941; x_wconf 87' lang='lat' dir='ltr'><strong>tionem.</strong></span> <span class='ocrx_word' id='word_1_582' title='bbox 478 3884 676 3941; x_wconf 90' lang='lat' dir='ltr'><strong>Inveni</strong></span> <span class='ocrx_word' id='word_1_583' title='bbox 707 3885 849 3956; x_wconf 90' lang='lat' dir='ltr'><strong>quid</strong></span> <span class='ocrx_word' id='word_1_584' title='bbox 882 3883 1115 3950; x_wconf 87' lang='lat' dir='ltr'><strong>faciam,</strong></span> <span class='ocrx_word' id='word_1_585' title='bbox 1149 3888 1214 3939; x_wconf 92' lang='lat' dir='ltr'><strong>ut</strong></span> <span class='ocrx_word' id='word_1_586' title='bbox 1265 3889 1321 3939; x_wconf 88' lang='lat' dir='ltr'><strong>ct</strong></span> <span class='ocrx_word' id='word_1_587' title='bbox 1367 3900 1562 3940; x_wconf 89' lang='lat' dir='ltr'><strong>moras</strong></span> <span class='ocrx_word' id='word_1_588' title='bbox 1612 3901 1724 3940; x_wconf 89' lang='lat' dir='ltr'><strong>non</strong></span> <span class='ocrx_word' id='word_1_589' title='bbox 1774 3885 1853 3940; x_wconf 87' lang='lat' dir='ltr'><strong>fa-</strong></span> <span class='ocrx_word' id='word_1_590' title='bbox 1964 3887 2170 3956; x_wconf 88' lang='lat' dir='ltr'><strong>potens</strong></span> <span class='ocrx_word' id='word_1_591' title='bbox 2199 3888 2308 3953; x_wconf 89' lang='lat' dir='ltr'><strong>est,</strong></span> <span class='ocrx_word' id='word_1_592' title='bbox 2336 3883 2436 3955; x_wconf 89' lang='lat' dir='ltr'><strong>qui</strong></span> <span class='ocrx_word' id='word_1_593' title='bbox 2468 3882 2771 3939; x_wconf 86' lang='lat' dir='ltr'><strong>soluturus</strong></span> <span class='ocrx_word' id='word_1_594' title='bbox 2802 3890 2891 3939; x_wconf 82' lang='lat' dir='ltr'><strong>est</strong></span> <span class='ocrx_word' id='word_1_595' title='bbox 2923 3899 3015 3939; x_wconf 89' lang='lat' dir='ltr'><strong>me</strong></span> <span class='ocrx_word' id='word_1_596' title='bbox 3047 3883 3107 3938; x_wconf 91' lang='lat' dir='ltr'><strong>in</strong></span> <span class='ocrx_word' id='word_1_597' title='bbox 3139 3889 3313 3953; x_wconf 89' lang='lat' dir='ltr'><strong>terra,</strong></span> <span class='ocrx_word' id='word_1_598' title='bbox 3355 3885 3607 3941; x_wconf 90' lang='lat' dir='ltr'><strong>resusci-</strong></span> 
     </span>
    </p>
   </div>
   <div class='ocr_carea' id='block_1_72' title="bbox 215 3971 3609 4045">
    <p class='ocr_par' dir='ltr' id='par_1_72' title="bbox 215 3971 3609 4045">
     <span class='ocr_line' id='line_1_72' title="bbox 215 3971 3609 4045; baseline 0.001 -20"><span class='ocrx_word' id='word_1_599' title='bbox 215 3973 355 4028; x_wconf 85' lang='lat' dir='ltr'><strong>ciam</strong></span> <span class='ocrx_word' id='word_1_600' title='bbox 387 3979 444 4030; x_wconf 90' lang='lat' dir='ltr'><strong>ct</strong></span> <span class='ocrx_word' id='word_1_601' title='bbox 473 3990 786 4029; x_wconf 83' lang='lat' dir='ltr'><strong>numerum</strong></span> <span class='ocrx_word' id='word_1_602' title='bbox 819 3974 1051 4029; x_wconf 89' lang='lat' dir='ltr'><strong>dierum</strong></span> <span class='ocrx_word' id='word_1_603' title='bbox 1083 3974 1432 4029; x_wconf 88' lang='lat' dir='ltr'><strong>custodiam.</strong></span> <span class='ocrx_word' id='word_1_604' title='bbox 1464 3973 1589 4028; x_wconf 90' lang='lat' dir='ltr'><strong>Non</strong></span> <span class='ocrx_word' id='word_1_605' title='bbox 1648 3972 1851 4029; x_wconf 86' lang='lat' dir='ltr'><strong>faciam</strong></span> <span class='ocrx_word' id='word_1_606' title='bbox 1965 3980 2084 4029; x_wconf 84' lang='lat' dir='ltr'><strong>tare</strong></span> <span class='ocrx_word' id='word_1_607' title='bbox 2116 3972 2326 4044; x_wconf 88' lang='lat' dir='ltr'><strong>pellem</strong></span> <span class='ocrx_word' id='word_1_608' title='bbox 2360 3988 2550 4027; x_wconf 83' lang='lat' dir='ltr'><strong>meum</strong></span> <span class='ocrx_word' id='word_1_609' title='bbox 2583 3989 2710 4044; x_wconf 63' lang='lat' dir='ltr'><strong>quae</strong></span> <span class='ocrx_word' id='word_1_610' title='bbox 2743 3972 2995 4044; x_wconf 88' lang='lat' dir='ltr'><strong>portavit</strong></span> <span class='ocrx_word' id='word_1_611' title='bbox 3026 3971 3145 4027; x_wconf 84' lang='lat' dir='ltr'><strong>haec</strong></span> <span class='ocrx_word' id='word_1_612' title='bbox 3176 3973 3290 4045; x_wconf 85' lang='lat' dir='ltr'><strong>(Job</strong></span> <span class='ocrx_word' id='word_1_613' title='bbox 3319 3990 3440 4041; x_wconf 87' lang='lat' dir='ltr'><strong>x1x,</strong></span> <span class='ocrx_word' id='word_1_614' title='bbox 3467 3974 3609 4029; x_wconf 69' lang='lat' dir='ltr'><strong>25st</strong></span> 
     </span>
    </p>
   </div>
   <div class='ocr_carea' id='block_1_73' title="bbox 218 4060 3609 4135">
    <p class='ocr_par' dir='ltr' id='par_1_73' title="bbox 218 4060 3609 4135">
     <span class='ocr_line' id='line_1_73' title="bbox 218 4060 3609 4135; baseline 0 -20"><span class='ocrx_word' id='word_1_615' title='bbox 218 4061 501 4135; x_wconf 87' lang='lat' dir='ltr'><strong>integrum</strong></span> <span class='ocrx_word' id='word_1_616' title='bbox 532 4063 690 4118; x_wconf 90' lang='lat' dir='ltr'><strong>diem</strong></span> <span class='ocrx_word' id='word_1_617' title='bbox 741 4067 798 4118; x_wconf 89' lang='lat' dir='ltr'><strong>et</strong></span> <span class='ocrx_word' id='word_1_618' title='bbox 855 4062 1142 4134; x_wconf 83' lang='lat' dir='ltr'><strong>integram</strong></span> <span class='ocrx_word' id='word_1_619' title='bbox 1189 4066 1440 4119; x_wconf 90' lang='lat' dir='ltr'><strong>noctem.</strong></span> <span class='ocrx_word' id='word_1_620' title='bbox 1490 4062 1854 4119; x_wconf 79' lang='lat' dir='ltr'><strong>Abbreviabo</strong></span> <span class='ocrx_word' id='word_1_621' title='bbox 1960 4062 2072 4133; x_wconf 83' lang='lat'><strong>26).</strong></span> <span class='ocrx_word' id='word_1_622' title='bbox 2112 4084 2139 4111; x_wconf 87' lang='grc'><strong>››</strong></span> <span class='ocrx_word' id='word_1_623' title='bbox 2170 4061 2566 4116; x_wconf 86' lang='lat' dir='ltr'><strong>Ccnteruntur</strong></span> <span class='ocrx_word' id='word_1_624' title='bbox 2593 4065 2789 4117; x_wconf 88' lang='lat' dir='ltr'><strong>autem</strong></span> <span class='ocrx_word' id='word_1_625' title='bbox 2822 4060 2921 4133; x_wconf 90' lang='lat' dir='ltr'><strong>qui</strong></span> <span class='ocrx_word' id='word_1_626' title='bbox 2952 4060 3011 4115; x_wconf 92' lang='lat' dir='ltr'><strong>in</strong></span> <span class='ocrx_word' id='word_1_627' title='bbox 3034 4061 3327 4129; x_wconf 88' lang='lat' dir='ltr'><strong>judicium</strong></span> <span class='ocrx_word' id='word_1_628' title='bbox 3358 4061 3609 4118; x_wconf 90' lang='lat' dir='ltr'><strong>resusci-</strong></span> 
     </span>
    </p>
   </div>
   <div class='ocr_carea' id='block_1_74' title="bbox 223 4148 1857 4223">
    <p class='ocr_par' dir='ltr' id='par_1_74' title="bbox 223 4148 1857 4223">
     <span class='ocr_line' id='line_1_74' title="bbox 223 4148 1857 4223; baseline 0.002 -19"><span class='ocrx_word' id='word_1_629' title='bbox 223 4148 406 4221; x_wconf 88' lang='lat' dir='ltr'><strong>horas,</strong></span> <span class='ocrx_word' id='word_1_630' title='bbox 438 4155 504 4207; x_wconf 91' lang='lat' dir='ltr'><strong>ut</strong></span> <span class='ocrx_word' id='word_1_631' title='bbox 540 4150 731 4208; x_wconf 88' lang='lat' dir='ltr'><strong>tribus</strong></span> <span class='ocrx_word' id='word_1_632' title='bbox 780 4150 1020 4223; x_wconf 90' lang='lat' dir='ltr'><strong>quidem</strong></span> <span class='ocrx_word' id='word_1_633' title='bbox 1079 4150 1287 4207; x_wconf 87' lang='lat' dir='ltr'><strong>diebus</strong></span> <span class='ocrx_word' id='word_1_634' title='bbox 1337 4168 1402 4207; x_wconf 89' lang='lat' dir='ltr'><strong>ac</strong></span> <span class='ocrx_word' id='word_1_635' title='bbox 1450 4151 1722 4207; x_wconf 89' lang='lat' dir='ltr'><strong>noctibus</strong></span> <span class='ocrx_word' id='word_1_636' title='bbox 1780 4152 1857 4208; x_wconf 91' lang='lat' dir='ltr'><strong>sit</strong></span> 
     </span>
    </p>
   </div>
   <div class='ocr_carea' id='block_1_75' title="bbox 225 4237 1854 4312">
    <p class='ocr_par' dir='ltr' id='par_1_75' title="bbox 225 4237 1854 4312">
     <span class='ocr_line' id='line_1_75' title="bbox 225 4237 1854 4312; baseline 0.003 -21"><span class='ocrx_word' id='word_1_637' title='bbox 225 4237 362 4296; x_wconf 84' lang='lat' dir='ltr'><strong>inter</strong></span> <span class='ocrx_word' id='word_1_638' title='bbox 383 4245 646 4296; x_wconf 87' lang='lat' dir='ltr'><strong>mortuos</strong></span> <span class='ocrx_word' id='word_1_639' title='bbox 663 4238 948 4294; x_wconf 88' lang='lat' dir='ltr'><strong>Dominus</strong></span> <span class='ocrx_word' id='word_1_640' title='bbox 980 4239 1153 4296; x_wconf 84' lang='lat' dir='ltr'><strong>Jesus</strong></span> <span class='ocrx_word' id='word_1_641' title='bbox 1180 4257 1192 4295; x_wconf 91' lang='lat'><strong>:</strong></span> <span class='ocrx_word' id='word_1_642' title='bbox 1226 4239 1398 4296; x_wconf 89' lang='lat' dir='ltr'><strong>citius</strong></span> <span class='ocrx_word' id='word_1_643' title='bbox 1430 4243 1623 4297; x_wconf 89' lang='lat' dir='ltr'><strong>tamen</strong></span> <span class='ocrx_word' id='word_1_644' title='bbox 1677 4257 1854 4312; x_wconf 86' lang='lat' dir='ltr'><strong>quam</strong></span> 
     </span>
    </p>
   </div>
   <div class='ocr_carea' id='block_1_76' title="bbox 224 4326 1855 4400">
    <p class='ocr_par' dir='ltr' id='par_1_76' title="bbox 224 4326 1855 4400">
     <span class='ocr_line' id='line_1_76' title="bbox 224 4326 1855 4400; baseline 0.004 -20"><span class='ocrx_word' id='word_1_645' title='bbox 224 4327 385 4383; x_wconf 89' lang='lat' dir='ltr'><strong>trium</strong></span> <span class='ocrx_word' id='word_1_646' title='bbox 415 4328 639 4385; x_wconf 88' lang='lat' dir='ltr'><strong>dierum</strong></span> <span class='ocrx_word' id='word_1_647' title='bbox 674 4331 732 4383; x_wconf 85' lang='lat' dir='ltr'><strong>et</strong></span> <span class='ocrx_word' id='word_1_648' title='bbox 760 4328 1021 4385; x_wconf 91' lang='lat' dir='ltr'><strong>noctium</strong></span> <span class='ocrx_word' id='word_1_649' title='bbox 1053 4326 1357 4384; x_wconf 87' lang='lat' dir='ltr'><strong>intervalla</strong></span> <span class='ocrx_word' id='word_1_650' title='bbox 1403 4330 1733 4400; x_wconf 86' lang='lat' dir='ltr'><strong>patiuntur,</strong></span> <span class='ocrx_word' id='word_1_651' title='bbox 1766 4346 1855 4386; x_wconf 86' lang='lat' dir='ltr'><strong>re-</strong></span> 
     </span>
    </p>
   </div>
   <div class='ocr_carea' id='block_1_77' title="bbox 229 4417 1854 4490">
    <p class='ocr_par' dir='ltr' id='par_1_77' title="bbox 229 4417 1854 4490">
     <span class='ocr_line' id='line_1_77' title="bbox 229 4417 1854 4490; baseline 0.004 -22"><span class='ocrx_word' id='word_1_652' title='bbox 229 4423 408 4490; x_wconf 86' lang='lat' dir='ltr'><strong>surgat</strong></span> <span class='ocrx_word' id='word_1_653' title='bbox 435 4436 470 4475; x_wconf 87' lang='lat' dir='ltr'><strong>a</strong></span> <span class='ocrx_word' id='word_1_654' title='bbox 496 4417 767 4474; x_wconf 82' lang='lat' dir='ltr'><strong>mortuis.</strong></span> <span class='ocrx_word' id='word_1_655' title='bbox 801 4417 1167 4474; x_wconf 88' lang='lat' dir='ltr'><strong>Abbreviabo</strong></span> <span class='ocrx_word' id='word_1_656' title='bbox 1199 4417 1378 4489; x_wconf 86' lang='lat' dir='ltr'><strong>igitur</strong></span> <span class='ocrx_word' id='word_1_657' title='bbox 1403 4417 1577 4474; x_wconf 87' lang='lat' dir='ltr'><strong>horas</strong></span> <span class='ocrx_word' id='word_1_658' title='bbox 1604 4417 1703 4473; x_wconf 91' lang='lat' dir='ltr'><strong>ubi</strong></span> <span class='ocrx_word' id='word_1_659' title='bbox 1763 4435 1854 4474; x_wconf 84' lang='lat' dir='ltr'><strong>as-</strong></span> 
     </span>
    </p>
   </div>
   <div class='ocr_carea' id='block_1_78' title="bbox 228 4505 1855 4576">
    <p class='ocr_par' dir='ltr' id='par_1_78' title="bbox 228 4505 1855 4576">
     <span class='ocr_line' id='line_1_78' title="bbox 228 4505 1855 4576; baseline 0.002 -17"><span class='ocrx_word' id='word_1_660' title='bbox 228 4506 462 4561; x_wconf 80' lang='lat' dir='ltr'><strong>cenderit</strong></span> <span class='ocrx_word' id='word_1_661' title='bbox 491 4522 746 4561; x_wconf 85' lang='lat' dir='ltr'><strong>crucem.</strong></span> <span class='ocrx_word' id='word_1_662' title='bbox 780 4508 825 4561; x_wconf 87' lang='lat' dir='ltr'><strong>A</strong></span> <span class='ocrx_word' id='word_1_663' title='bbox 858 4510 1019 4562; x_wconf 90' lang='lat' dir='ltr'><strong>sexta</strong></span> <span class='ocrx_word' id='word_1_664' title='bbox 1048 4505 1193 4562; x_wconf 85' lang='lat' dir='ltr'><strong>hora</strong></span> <span class='ocrx_word' id='word_1_665' title='bbox 1221 4506 1420 4561; x_wconf 84' lang='lat' dir='ltr'><strong>statim</strong></span> <span class='ocrx_word' id='word_1_666' title='bbox 1454 4507 1557 4562; x_wconf 78' lang='lat' dir='ltr'><strong>ﬁat</strong></span> <span class='ocrx_word' id='word_1_667' title='bbox 1608 4523 1748 4576; x_wconf 88' lang='lat' dir='ltr'><strong>nox;</strong></span> <span class='ocrx_word' id='word_1_668' title='bbox 1783 4524 1855 4562; x_wconf 90' lang='lat' dir='ltr'><strong>ne</strong></span> 
     </span>
    </p>
   </div>
   <div class='ocr_carea' id='block_1_79' title="bbox 1964 4149 3608 4207">
    <p class='ocr_par' dir='ltr' id='par_1_79' title="bbox 1964 4149 3608 4207">
     <span class='ocr_line' id='line_1_79' title="bbox 1964 4149 3608 4207; baseline 0.001 -1"><span class='ocrx_word' id='word_1_669' title='bbox 1964 4155 2180 4207; x_wconf 85' lang='lat' dir='ltr'><strong>tantur.</strong></span> <span class='ocrx_word' id='word_1_670' title='bbox 2232 4151 2332 4205; x_wconf 85' lang='lat' dir='ltr'><strong>Est</strong></span> <span class='ocrx_word' id='word_1_671' title='bbox 2362 4158 2557 4205; x_wconf 86' lang='lat' dir='ltr'><strong>autem</strong></span> <span class='ocrx_word' id='word_1_672' title='bbox 2588 4150 2741 4205; x_wconf 87' lang='lat' dir='ltr'><strong>bona</strong></span> <span class='ocrx_word' id='word_1_673' title='bbox 2772 4150 3069 4206; x_wconf 89' lang='lat' dir='ltr'><strong>contritio:</strong></span> <span class='ocrx_word' id='word_1_674' title='bbox 3117 4168 3217 4207; x_wconf 91' lang='lat' dir='ltr'><strong>cor</strong></span> <span class='ocrx_word' id='word_1_675' title='bbox 3262 4149 3419 4207; x_wconf 90' lang='lat' dir='ltr'><strong>enim</strong></span> <span class='ocrx_word' id='word_1_676' title='bbox 3470 4168 3608 4207; x_wconf 72' lang='lat' dir='ltr'><strong>con-</strong></span> 
     </span>
    </p>
   </div>
   <div class='ocr_carea' id='block_1_80' title="bbox 1963 4239 3608 4312">
    <p class='ocr_par' dir='ltr' id='par_1_80' title="bbox 1963 4239 3608 4312">
     <span class='ocr_line' id='line_1_80' title="bbox 1963 4239 3608 4312; baseline 0 -17"><span class='ocrx_word' id='word_1_677' title='bbox 1963 4239 2169 4295; x_wconf 91' lang='lat' dir='ltr'><strong>tritum</strong></span> <span class='ocrx_word' id='word_1_678' title='bbox 2199 4244 2257 4295; x_wconf 87' lang='lat' dir='ltr'><strong>et</strong></span> <span class='ocrx_word' id='word_1_679' title='bbox 2305 4239 2683 4295; x_wconf 88' lang='lat' dir='ltr'><strong>humiliatum</strong></span> <span class='ocrx_word' id='word_1_680' title='bbox 2714 4239 2866 4295; x_wconf 90' lang='lat' dir='ltr'><strong>Deus</strong></span> <span class='ocrx_word' id='word_1_681' title='bbox 2899 4256 3014 4294; x_wconf 89' lang='lat' dir='ltr'><strong>non</strong></span> <span class='ocrx_word' id='word_1_682' title='bbox 3075 4241 3300 4311; x_wconf 88' lang='lat' dir='ltr'><strong>spernit</strong></span> <span class='ocrx_word' id='word_1_683' title='bbox 3355 4240 3523 4312; x_wconf 79' lang='lat' dir='ltr'><strong>(Psal.</strong></span> <span class='ocrx_word' id='word_1_684' title='bbox 3555 4258 3608 4309; x_wconf 85' lang='lat' dir='ltr'><strong>L,</strong></span> 
     </span>
    </p>
   </div>
   <div class='ocr_carea' id='block_1_81' title="bbox 1966 4327 3607 4401">
    <p class='ocr_par' dir='ltr' id='par_1_81' title="bbox 1966 4327 3607 4401">
     <span class='ocr_line' id='line_1_81' title="bbox 1966 4327 3607 4401; baseline 0.001 -18"><span class='ocrx_word' id='word_1_685' title='bbox 1966 4328 2076 4401; x_wconf 73' lang='lat' dir='ltr'><strong>l9).</strong></span> <span class='ocrx_word' id='word_1_686' title='bbox 2113 4329 2178 4384; x_wconf 87' lang='lat' dir='ltr'><strong>Et</strong></span> <span class='ocrx_word' id='word_1_687' title='bbox 2202 4327 2366 4384; x_wconf 83' lang='lat' dir='ltr'><strong>alibi:</strong></span> <span class='ocrx_word' id='word_1_688' title='bbox 2397 4351 2423 4377; x_wconf 88' lang='grc'><strong>‹‹</strong></span> <span class='ocrx_word' id='word_1_689' title='bbox 2460 4328 2613 4383; x_wconf 89' lang='lat' dir='ltr'><strong>Sana</strong></span> <span class='ocrx_word' id='word_1_690' title='bbox 2642 4328 3021 4385; x_wconf 89' lang='lat' dir='ltr'><strong>contritiones</strong></span> <span class='ocrx_word' id='word_1_691' title='bbox 3077 4330 3204 4400; x_wconf 86' lang='lat' dir='ltr'><strong>ejus</strong></span> <span class='ocrx_word' id='word_1_692' title='bbox 3265 4330 3437 4400; x_wconf 74' lang='lat' dir='ltr'><strong>(Psal.</strong></span> <span class='ocrx_word' id='word_1_693' title='bbox 3497 4347 3607 4399; x_wconf 80' lang='lat' dir='ltr'><strong>le,</strong></span> 
     </span>
    </p>
   </div>
   <div class='ocr_carea' id='block_1_82' title="bbox 1964 4415 3613 4487">
    <p class='ocr_par' dir='ltr' id='par_1_82' title="bbox 1964 4415 3613 4487">
     <span class='ocr_line' id='line_1_82' title="bbox 1964 4415 3613 4487; baseline 0.002 -16"><span class='ocrx_word' id='word_1_694' title='bbox 1964 4418 2037 4487; x_wconf 82' lang='grc'><strong>4).</strong></span> <span class='ocrx_word' id='word_1_695' title='bbox 2075 4440 2101 4466; x_wconf 88' lang='grc'><strong>››</strong></span> <span class='ocrx_word' id='word_1_696' title='bbox 2137 4417 2247 4471; x_wconf 87' lang='lat' dir='ltr'><strong>Sed</strong></span> <span class='ocrx_word' id='word_1_697' title='bbox 2270 4421 2325 4471; x_wconf 88' lang='lat' dir='ltr'><strong>et</strong></span> <span class='ocrx_word' id='word_1_698' title='bbox 2344 4417 2415 4471; x_wconf 85' lang='lat' dir='ltr'><strong>ad</strong></span> <span class='ocrx_word' id='word_1_699' title='bbox 2440 4416 2723 4487; x_wconf 85' lang='lat' dir='ltr'><strong>Josapbat</strong></span> <span class='ocrx_word' id='word_1_700' title='bbox 2744 4415 2968 4471; x_wconf 90' lang='lat' dir='ltr'><strong>dictum</strong></span> <span class='ocrx_word' id='word_1_701' title='bbox 2985 4421 3103 4472; x_wconf 90' lang='lat' dir='ltr'><strong>est:</strong></span> <span class='ocrx_word' id='word_1_702' title='bbox 3123 4440 3151 4468; x_wconf 85' lang='lat'><strong>«</strong></span> <span class='ocrx_word' id='word_1_703' title='bbox 3173 4416 3444 4474; x_wconf 85' lang='lat' dir='ltr'><strong>Contritae</strong></span> <span class='ocrx_word' id='word_1_704' title='bbox 3471 4423 3613 4475; x_wconf 87' lang='lat' dir='ltr'><strong>sunt</strong></span> 
     </span>
    </p>
   </div>
   <div class='ocr_carea' id='block_1_83' title="bbox 1964 4504 3613 4581">
    <p class='ocr_par' dir='ltr' id='par_1_83' title="bbox 1964 4504 3613 4581">
     <span class='ocr_line' id='line_1_83' title="bbox 1964 4504 3613 4581; baseline 0.004 -22"><span class='ocrx_word' id='word_1_705' title='bbox 1964 4522 2136 4561; x_wconf 88' lang='lat' dir='ltr'><strong>naves</strong></span> <span class='ocrx_word' id='word_1_706' title='bbox 2162 4505 2246 4561; x_wconf 89' lang='lat' dir='ltr'><strong>ire</strong></span> <span class='ocrx_word' id='word_1_707' title='bbox 2278 4506 2334 4559; x_wconf 92' lang='lat' dir='ltr'><strong>in</strong></span> <span class='ocrx_word' id='word_1_708' title='bbox 2367 4504 2605 4560; x_wconf 89' lang='lat' dir='ltr'><strong>Tharsis</strong></span> <span class='ocrx_word' id='word_1_709' title='bbox 2627 4506 2699 4576; x_wconf 89' lang='lat' dir='ltr'><strong>(II</strong></span> <span class='ocrx_word' id='word_1_710' title='bbox 2725 4505 2914 4561; x_wconf 80' lang='lat' dir='ltr'><strong>Paral.</strong></span> <span class='ocrx_word' id='word_1_711' title='bbox 2946 4523 3041 4575; x_wconf 86' lang='lat' dir='ltr'><strong>xx,</strong></span> <span class='ocrx_word' id='word_1_712' title='bbox 3071 4507 3197 4576; x_wconf 89' lang='lat'><strong>37):</strong></span> <span class='ocrx_word' id='word_1_713' title='bbox 3234 4529 3262 4557; x_wconf 84' lang='lat'>»</span> <span class='ocrx_word' id='word_1_714' title='bbox 3284 4524 3350 4564; x_wconf 90' lang='lat' dir='ltr'><strong>eo</strong></span> <span class='ocrx_word' id='word_1_715' title='bbox 3376 4509 3531 4581; x_wconf 89' lang='lat' dir='ltr'><strong>quod</strong></span> <span class='ocrx_word' id='word_1_716' title='bbox 3551 4524 3613 4564; x_wconf 90' lang='lat' dir='ltr'><strong>se</strong></span> 
     </span>
    </p>
   </div>
   <div class='ocr_carea' id='block_1_84' title="bbox 230 4592 3611 4679">
    <p class='ocr_par' dir='ltr' id='par_1_84' title="bbox 230 4592 3611 4679">
     <span class='ocr_line' id='line_1_84' title="bbox 230 4592 3611 4679; baseline 0.002 -35"><span class='ocrx_word' id='word_1_717' title='bbox 230 4592 431 4651; x_wconf 81' lang='lat' dir='ltr'><strong>videam</strong></span> <span class='ocrx_word' id='word_1_718' title='bbox 457 4594 693 4651; x_wconf 90' lang='lat' dir='ltr'><strong>Domini</strong></span> <span class='ocrx_word' id='word_1_719' title='bbox 726 4594 1080 4666; x_wconf 88' lang='lat' dir='ltr'><strong>passionem,</strong></span> <span class='ocrx_word' id='word_1_720' title='bbox 1113 4594 1213 4651; x_wconf 88' lang='lat' dir='ltr'><strong>sed</strong></span> <span class='ocrx_word' id='word_1_721' title='bbox 1248 4593 1467 4667; x_wconf 85' lang='lat' dir='ltr'><strong>fugiam</strong></span> <span class='ocrx_word' id='word_1_722' title='bbox 1492 4594 1858 4667; x_wconf 88' lang='lat' dir='ltr'><strong>parricidalis</strong></span> <span class='ocrx_word' id='word_1_723' title='bbox 1887 4615 1934 4679; x_wconf 70' lang='grc' dir='ltr'><strong>Β</strong></span> <span class='ocrx_word' id='word_1_724' title='bbox 1967 4594 2246 4667; x_wconf 85' lang='lat' dir='ltr'><strong>sacrilego</strong></span> <span class='ocrx_word' id='word_1_725' title='bbox 2280 4594 2612 4649; x_wconf 89' lang='lat' dir='ltr'><strong>miscuisset</strong></span> <span class='ocrx_word' id='word_1_726' title='bbox 2632 4594 2764 4665; x_wconf 79' lang='lat'><strong>(81).</strong></span> <span class='ocrx_word' id='word_1_727' title='bbox 2796 4594 3123 4667; x_wconf 85' lang='lat' dir='ltr'><strong>Utrumque</strong></span> <span class='ocrx_word' id='word_1_728' title='bbox 3146 4595 3611 4668; x_wconf 87' lang='lat' dir='ltr'><strong>igiturcontritio</strong></span> 
     </span>
    </p>
   </div>
   <div class='ocr_carea' id='block_1_85' title="bbox 233 4681 1859 4756">
    <p class='ocr_par' dir='ltr' id='par_1_85' title="bbox 233 4681 1859 4756">
     <span class='ocr_line' id='line_1_85' title="bbox 233 4681 1859 4756; baseline 0.004 -22"><span class='ocrx_word' id='word_1_729' title='bbox 233 4682 632 4749; x_wconf 82' lang='lat' dir='ltr'><strong>persecutionis</strong></span> <span class='ocrx_word' id='word_1_730' title='bbox 664 4681 1092 4756; x_wconf 85' lang='lat' dir='ltr'><strong>spectaculum.</strong></span> <span class='ocrx_word' id='word_1_731' title='bbox 1155 4683 1449 4749; x_wconf 83' lang='lat' dir='ltr'><strong>Occidam,</strong></span> <span class='ocrx_word' id='word_1_732' title='bbox 1508 4689 1563 4739; x_wconf 89' lang='lat' dir='ltr'><strong>et</strong></span> <span class='ocrx_word' id='word_1_733' title='bbox 1593 4684 1704 4741; x_wconf 91' lang='lat' dir='ltr'><strong>erit</strong></span> <span class='ocrx_word' id='word_1_734' title='bbox 1747 4700 1859 4741; x_wconf 85' lang='lat' dir='ltr'><strong>nox</strong></span> 
     </span>
    </p>
   </div>
   <div class='ocr_carea' id='block_1_86' title="bbox 234 4764 1867 4844">
    <p class='ocr_par' dir='ltr' id='par_1_86' title="bbox 234 4764 1867 4844">
     <span class='ocr_line' id='line_1_86' title="bbox 234 4764 1867 4844; baseline 0.004 -22"><span class='ocrx_word' id='word_1_735' title='bbox 234 4764 483 4828; x_wconf 86' lang='lat' dir='ltr'><strong>horarum</strong></span> <span class='ocrx_word' id='word_1_736' title='bbox 516 4772 732 4827; x_wconf 90' lang='lat' dir='ltr'><strong>trium:</strong></span> <span class='ocrx_word' id='word_1_737' title='bbox 769 4772 1056 4844; x_wconf 84' lang='lat' dir='ltr'><strong>egrediar,</strong></span> <span class='ocrx_word' id='word_1_738' title='bbox 1118 4788 1176 4827; x_wconf 76' lang='lat' dir='ltr'><strong>et</strong></span> <span class='ocrx_word' id='word_1_739' title='bbox 1228 4772 1514 4828; x_wconf 85' lang='lat' dir='ltr'><strong>innovabo</strong></span> <span class='ocrx_word' id='word_1_740' title='bbox 1573 4772 1750 4840; x_wconf 91' lang='lat' dir='ltr'><strong>diem,</strong></span> <span class='ocrx_word' id='word_1_741' title='bbox 1800 4777 1867 4829; x_wconf 85' lang='lat' dir='ltr'><strong>ut</strong></span> 
     </span>
    </p>
   </div>
   <div class='ocr_carea' id='block_1_87' title="bbox 227 4856 1858 4932">
    <p class='ocr_par' dir='ltr' id='par_1_87' title="bbox 227 4856 1858 4932">
     <span class='ocr_line' id='line_1_87' title="bbox 227 4856 1858 4932; baseline 0.004 -22"><span class='ocrx_word' id='word_1_742' title='bbox 227 4856 294 4912; x_wconf 85' lang='lat' dir='ltr'><strong>sit</strong></span> <span class='ocrx_word' id='word_1_743' title='bbox 336 4859 609 4916; x_wconf 85' lang='lat' dir='ltr'><strong>horarum</strong></span> <span class='ocrx_word' id='word_1_744' title='bbox 668 4860 887 4916; x_wconf 89' lang='lat' dir='ltr'><strong>trium:</strong></span> <span class='ocrx_word' id='word_1_745' title='bbox 923 4876 1237 4932; x_wconf 83' lang='lat' dir='ltr'><strong>percursus</strong></span> <span class='ocrx_word' id='word_1_746' title='bbox 1283 4864 1371 4915; x_wconf 87' lang='lat' dir='ltr'><strong>est</strong></span> <span class='ocrx_word' id='word_1_747' title='bbox 1429 4860 1655 4932; x_wconf 88' lang='lat' dir='ltr'><strong>primus</strong></span> <span class='ocrx_word' id='word_1_748' title='bbox 1705 4860 1858 4918; x_wconf 90' lang='lat' dir='ltr'><strong>dies:</strong></span> 
     </span>
    </p>
   </div>
   <div class='ocr_carea' id='block_1_88' title="bbox 219 4949 1865 5023">
    <p class='ocr_par' dir='ltr' id='par_1_88' title="bbox 219 4949 1865 5023">
     <span class='ocr_line' id='line_1_88' title="bbox 219 4949 1865 5023; baseline 0.002 -20"><span class='ocrx_word' id='word_1_749' title='bbox 219 4955 483 5020; x_wconf 78' lang='lat' dir='ltr'><strong>sequetur</strong></span> <span class='ocrx_word' id='word_1_750' title='bbox 529 4967 641 5006; x_wconf 87' lang='lat' dir='ltr'><strong>nox</strong></span> <span class='ocrx_word' id='word_1_751' title='bbox 670 4950 930 5005; x_wconf 87' lang='lat' dir='ltr'><strong>secunda</strong></span> <span class='ocrx_word' id='word_1_752' title='bbox 979 4949 1168 5021; x_wconf 81' lang='lat' dir='ltr'><strong>spatio</strong></span> <span class='ocrx_word' id='word_1_753' title='bbox 1218 4950 1364 5006; x_wconf 75' lang='lat'><strong>031</strong></span> <span class='ocrx_word' id='word_1_754' title='bbox 1413 4966 1539 5018; x_wconf 91' lang='lat' dir='ltr'><strong>suo,</strong></span> <span class='ocrx_word' id='word_1_755' title='bbox 1587 4956 1865 5023; x_wconf 90' lang='lat' dir='ltr'><strong>sequetur</strong></span> 
     </span>
    </p>
   </div>
   <div class='ocr_carea' id='block_1_89' title="bbox 212 5035 1863 5111">
    <p class='ocr_par' dir='ltr' id='par_1_89' title="bbox 212 5035 1863 5111">
     <span class='ocr_line' id='line_1_89' title="bbox 212 5035 1863 5111; baseline 0.004 -23"><span class='ocrx_word' id='word_1_756' title='bbox 212 5035 480 5095; x_wconf 76' lang='lat' dir='ltr'><strong>similiter</strong></span> <span class='ocrx_word' id='word_1_757' title='bbox 508 5038 670 5095; x_wconf 89' lang='lat' dir='ltr'><strong>dies:</strong></span> <span class='ocrx_word' id='word_1_758' title='bbox 706 5038 948 5111; x_wconf 89' lang='lat' dir='ltr'><strong>incipiet</strong></span> <span class='ocrx_word' id='word_1_759' title='bbox 975 5055 1088 5093; x_wconf 90' lang='lat' dir='ltr'><strong>nox</strong></span> <span class='ocrx_word' id='word_1_760' title='bbox 1129 5038 1317 5105; x_wconf 87' lang='lat' dir='ltr'><strong>tertia,</strong></span> <span class='ocrx_word' id='word_1_761' title='bbox 1352 5044 1616 5111; x_wconf 90' lang='lat' dir='ltr'><strong>resurget</strong></span> <span class='ocrx_word' id='word_1_762' title='bbox 1667 5040 1863 5096; x_wconf 89' lang='lat' dir='ltr'><strong>Domi-</strong></span> 
     </span>
    </p>
   </div>
   <div class='ocr_carea' id='block_1_90' title="bbox 214 5126 1870 5200">
    <p class='ocr_par' dir='ltr' id='par_1_90' title="bbox 214 5126 1870 5200">
     <span class='ocr_line' id='line_1_90' title="bbox 214 5126 1870 5200; baseline 0.004 -23"><span class='ocrx_word' id='word_1_763' title='bbox 214 5136 333 5180; x_wconf 72' lang='lat' dir='ltr'><strong>nus</strong></span> <span class='ocrx_word' id='word_1_764' title='bbox 362 5126 415 5182; x_wconf 88' lang='lat' dir='ltr'><strong>in</strong></span> <span class='ocrx_word' id='word_1_765' title='bbox 448 5131 637 5193; x_wconf 87' lang='lat' dir='ltr'><strong>nocte,</strong></span> <span class='ocrx_word' id='word_1_766' title='bbox 668 5130 726 5183; x_wconf 89' lang='lat' dir='ltr'><strong>et</strong></span> <span class='ocrx_word' id='word_1_767' title='bbox 756 5128 867 5182; x_wconf 88' lang='lat' dir='ltr'><strong>erit</strong></span> <span class='ocrx_word' id='word_1_768' title='bbox 900 5127 1023 5183; x_wconf 82' lang='lat' dir='ltr'><strong>dies</strong></span> <span class='ocrx_word' id='word_1_769' title='bbox 1058 5126 1114 5183; x_wconf 91' lang='lat' dir='ltr'><strong>in</strong></span> <span class='ocrx_word' id='word_1_770' title='bbox 1146 5126 1367 5183; x_wconf 89' lang='lat' dir='ltr'><strong>lumine</strong></span> <span class='ocrx_word' id='word_1_771' title='bbox 1389 5128 1778 5200; x_wconf 86' lang='lat' dir='ltr'><strong>resurgentis:</strong></span> <span class='ocrx_word' id='word_1_772' title='bbox 1805 5133 1870 5184; x_wconf 89' lang='lat' dir='ltr'><strong>ut</strong></span> 
     </span>
    </p>
   </div>
   <div class='ocr_carea' id='block_1_91' title="bbox 200 5215 1872 5287">
    <p class='ocr_par' dir='ltr' id='par_1_91' title="bbox 200 5215 1872 5287">
     <span class='ocr_line' id='line_1_91' title="bbox 200 5215 1872 5287; baseline 0.002 -20"><span class='ocrx_word' id='word_1_773' title='bbox 200 5215 588 5287; x_wconf 57' lang='lat' dir='ltr'><strong>compleatur</strong></span> <span class='ocrx_word' id='word_1_774' title='bbox 615 5215 797 5271; x_wconf 89' lang='lat' dir='ltr'><strong>illud:</strong></span> <span class='ocrx_word' id='word_1_775' title='bbox 835 5238 860 5263; x_wconf 78' lang='grc' dir='ltr'>α</span> <span class='ocrx_word' id='word_1_776' title='bbox 895 5217 963 5271; x_wconf 86' lang='lat' dir='ltr'><strong>Et</strong></span> <span class='ocrx_word' id='word_1_777' title='bbox 993 5233 1105 5272; x_wconf 87' lang='lat' dir='ltr'><strong>nox</strong></span> <span class='ocrx_word' id='word_1_778' title='bbox 1137 5216 1288 5271; x_wconf 87' lang='lat' dir='ltr'><strong>sicut</strong></span> <span class='ocrx_word' id='word_1_779' title='bbox 1346 5216 1469 5273; x_wconf 89' lang='lat' dir='ltr'><strong>dies</strong></span> <span class='ocrx_word' id='word_1_780' title='bbox 1517 5216 1872 5272; x_wconf 87' lang='lat' dir='ltr'><strong>illuminabi-</strong></span> 
     </span>
    </p>
   </div>
   <div class='ocr_carea' id='block_1_92' title="bbox 175 5296 1867 5377">
    <p class='ocr_par' dir='ltr' id='par_1_92' title="bbox 175 5296 1867 5377">
     <span class='ocr_line' id='line_1_92' title="bbox 175 5296 1867 5377; baseline 0.004 -22"><span class='ocrx_word' id='word_1_781' title='bbox 175 5296 316 5369; x_wconf 45' lang='lat' dir='ltr'><strong>ﬁer</strong></span> <span class='ocrx_word' id='word_1_782' title='bbox 341 5305 510 5373; x_wconf 74' lang='lat' dir='ltr'><strong>(Psal.</strong></span> <span class='ocrx_word' id='word_1_783' title='bbox 550 5322 828 5372; x_wconf 82' lang='lat' dir='ltr'><strong>cxxxvm,</strong></span> <span class='ocrx_word' id='word_1_784' title='bbox 865 5305 973 5377; x_wconf 76' lang='grc'><strong>12).</strong></span> <span class='ocrx_word' id='word_1_785' title='bbox 1005 5328 1025 5354; x_wconf 76' lang='grc' dir='ltr'>ι</span> <span class='ocrx_word' id='word_1_786' title='bbox 1062 5304 1165 5360; x_wconf 83' lang='lat' dir='ltr'><strong>Hic</strong></span> <span class='ocrx_word' id='word_1_787' title='bbox 1195 5311 1285 5361; x_wconf 90' lang='lat' dir='ltr'><strong>est</strong></span> <span class='ocrx_word' id='word_1_788' title='bbox 1315 5306 1439 5361; x_wconf 89' lang='lat' dir='ltr'><strong>dies</strong></span> <span class='ocrx_word' id='word_1_789' title='bbox 1470 5304 1565 5360; x_wconf 92' lang='lat' dir='ltr'><strong>ille</strong></span> <span class='ocrx_word' id='word_1_790' title='bbox 1616 5321 1867 5377; x_wconf 89' lang='lat' dir='ltr'><strong>magnus</strong></span> 
     </span>
    </p>
   </div>
   <div class='ocr_carea' id='block_1_93' title="bbox 206 5393 1868 5466">
    <p class='ocr_par' dir='ltr' id='par_1_93' title="bbox 206 5393 1868 5466">
     <span class='ocr_line' id='line_1_93' title="bbox 206 5393 1868 5466; baseline 0.001 -19"><span class='ocrx_word' id='word_1_791' title='bbox 206 5397 389 5457; x_wconf 56' lang='lat' dir='ltr'><strong>quem</strong></span> <span class='ocrx_word' id='word_1_792' title='bbox 414 5394 557 5449; x_wconf 89' lang='lat' dir='ltr'><strong>vidit</strong></span> <span class='ocrx_word' id='word_1_793' title='bbox 600 5394 922 5463; x_wconf 81' lang='lat' dir='ltr'><strong>Abraham,</strong></span> <span class='ocrx_word' id='word_1_794' title='bbox 989 5397 1046 5450; x_wconf 92' lang='lat' dir='ltr'><strong>et</strong></span> <span class='ocrx_word' id='word_1_795' title='bbox 1100 5393 1335 5465; x_wconf 89' lang='lat' dir='ltr'><strong>gavisus</strong></span> <span class='ocrx_word' id='word_1_796' title='bbox 1381 5399 1498 5450; x_wconf 90' lang='lat' dir='ltr'><strong>est:</strong></span> <span class='ocrx_word' id='word_1_797' title='bbox 1533 5394 1603 5450; x_wconf 91' lang='lat' dir='ltr'><strong>de</strong></span> <span class='ocrx_word' id='word_1_798' title='bbox 1650 5410 1766 5466; x_wconf 89' lang='lat' dir='ltr'><strong>quo</strong></span> <span class='ocrx_word' id='word_1_799' title='bbox 1810 5398 1868 5450; x_wconf 86' lang='lat' dir='ltr'><strong>et</strong></span> 
     </span>
    </p>
   </div>
   <div class='ocr_carea' id='block_1_94' title="bbox 228 5468 1871 5555">
    <p class='ocr_par' dir='ltr' id='par_1_94' title="bbox 228 5468 1871 5555">
     <span class='ocr_line' id='line_1_94' title="bbox 228 5468 1871 5555; baseline 0.003 -22"><span class='ocrx_word' id='word_1_800' title='bbox 228 5468 392 5538; x_wconf 46' lang='lat' dir='ltr'><strong>David</strong></span> <span class='ocrx_word' id='word_1_801' title='bbox 426 5484 540 5539; x_wconf 86' lang='lat' dir='ltr'><strong>ait:</strong></span> <span class='ocrx_word' id='word_1_802' title='bbox 576 5508 601 5530; x_wconf 78' lang='grc' dir='ltr'><strong>ιι</strong></span> <span class='ocrx_word' id='word_1_803' title='bbox 637 5482 983 5538; x_wconf 76' lang='lat' dir='ltr'><strong>Hicestdies</strong></span> <span class='ocrx_word' id='word_1_804' title='bbox 1008 5484 1337 5555; x_wconf 73' lang='lat' dir='ltr'><strong>quemlrrit</strong></span> <span class='ocrx_word' id='word_1_805' title='bbox 1371 5481 1871 5551; x_wconf 85' lang='lat' dir='ltr'><strong>Dominus,exsul-</strong></span> 
     </span>
    </p>
   </div>
   <div class='ocr_carea' id='block_1_95' title="bbox 313 5624 1872 5698">
    <p class='ocr_par' dir='ltr' id='par_1_95' title="bbox 313 5624 1872 5698">
     <span class='ocr_line' id='line_1_95' title="bbox 313 5624 1872 5698; baseline 0.002 -19"><span class='ocrx_word' id='word_1_806' title='bbox 313 5626 395 5698; x_wconf 55' lang='grc' dir='ltr'><strong>βο)</strong></span> <span class='ocrx_word' id='word_1_807' title='bbox 428 5626 565 5698; x_wconf 59' lang='lat' dir='ltr'><strong>Mss.</strong></span> <span class='ocrx_word' id='word_1_808' title='bbox 599 5631 854 5696; x_wconf 88' lang='lat' dir='ltr'><strong>quatuor</strong></span> <span class='ocrx_word' id='word_1_809' title='bbox 884 5624 1341 5698; x_wconf 61' lang='lat' dir='ltr'><strong>meliorispotze,</strong></span> <span class='ocrx_word' id='word_1_810' title='bbox 1369 5641 1541 5698; x_wconf 73' lang='lat' dir='ltr'><strong>quare</strong></span> <span class='ocrx_word' id='word_1_811' title='bbox 1586 5626 1872 5683; x_wconf 76' lang='lat' dir='ltr'><strong>titubasti?</strong></span> 
     </span>
    </p>
   </div>
   <div class='ocr_carea' id='block_1_96' title="bbox 317 5693 1869 5773">
    <p class='ocr_par' dir='ltr' id='par_1_96' title="bbox 317 5693 1869 5773">
     <span class='ocr_line' id='line_1_96' title="bbox 317 5693 1869 5773; baseline 0.005 -24"><span class='ocrx_word' id='word_1_812' title='bbox 317 5693 401 5773; x_wconf 85' lang='lat'><strong>8|)</strong></span> <span class='ocrx_word' id='word_1_813' title='bbox 433 5696 584 5754; x_wconf 90' lang='lat' dir='ltr'><strong>Edit.</strong></span> <span class='ocrx_word' id='word_1_814' title='bbox 613 5693 838 5769; x_wconf 82' lang='lat' dir='ltr'><strong>omnes,</strong></span> <span class='ocrx_word' id='word_1_815' title='bbox 870 5702 930 5754; x_wconf 90' lang='lat' dir='ltr'><strong>et</strong></span> <span class='ocrx_word' id='word_1_816' title='bbox 968 5713 1114 5756; x_wconf 87' lang='lat' dir='ltr'><strong>mss.</strong></span> <span class='ocrx_word' id='word_1_817' title='bbox 1148 5696 1319 5765; x_wconf 87' lang='lat' dir='ltr'><strong>Vict.,</strong></span> <span class='ocrx_word' id='word_1_818' title='bbox 1375 5693 1696 5771; x_wconf 57' lang='lat' dir='ltr'><strong>sacrilegio;</strong></span> <span class='ocrx_word' id='word_1_819' title='bbox 1748 5714 1869 5756; x_wconf 87' lang='lat' dir='ltr'><strong>me-</strong></span> 
     </span>
    </p>
   </div>
   <div class='ocr_carea' id='block_1_97' title="bbox 532 5821 1008 5896">
    <p class='ocr_par' dir='ltr' id='par_1_97' title="bbox 532 5821 1008 5896">
     <span class='ocr_line' id='line_1_97' title="bbox 532 5821 1008 5896; baseline 0.013 -7"><span class='ocrx_word' id='word_1_820' title='bbox 532 5821 801 5891; x_wconf 69' lang='lat' dir='ltr'><strong>PATROL.</strong></span> <span class='ocrx_word' id='word_1_821' title='bbox 842 5822 1008 5896; x_wconf 80' lang='lat' dir='ltr'><strong>XIV.</strong></span> 
     </span>
    </p>
   </div>
   <div class='ocr_carea' id='block_1_98' title="bbox 1971 4682 3612 4756">
    <p class='ocr_par' dir='ltr' id='par_1_98' title="bbox 1971 4682 3612 4756">
     <span class='ocr_line' id='line_1_98' title="bbox 1971 4682 3612 4756; baseline 0.001 -18"><span class='ocrx_word' id='word_1_822' title='bbox 1971 4682 2279 4756; x_wconf 87' lang='lat' dir='ltr'><strong>significat,</strong></span> <span class='ocrx_word' id='word_1_823' title='bbox 2313 4682 2450 4755; x_wconf 89' lang='lat' dir='ltr'><strong>quia</strong></span> <span class='ocrx_word' id='word_1_824' title='bbox 2472 4688 2785 4753; x_wconf 84' lang='lat' dir='ltr'><strong>utrumque</strong></span> <span class='ocrx_word' id='word_1_825' title='bbox 2805 4688 2894 4739; x_wconf 88' lang='lat' dir='ltr'><strong>est</strong></span> <span class='ocrx_word' id='word_1_826' title='bbox 2914 4683 2974 4738; x_wconf 91' lang='lat' dir='ltr'><strong>in</strong></span> <span class='ocrx_word' id='word_1_827' title='bbox 2997 4684 3341 4755; x_wconf 90' lang='lat' dir='ltr'><strong>diejudicii:</strong></span> <span class='ocrx_word' id='word_1_828' title='bbox 3376 4707 3405 4737; x_wconf 69' lang='grc' dir='ltr'>ι)</span> <span class='ocrx_word' id='word_1_829' title='bbox 3426 4687 3612 4750; x_wconf 88' lang='lat' dir='ltr'><strong>Quan-</strong></span> 
     </span>
    </p>
   </div>
   <div class='ocr_carea' id='block_1_99' title="bbox 1970 4771 3610 4844">
    <p class='ocr_par' dir='ltr' id='par_1_99' title="bbox 1970 4771 3610 4844">
     <span class='ocr_line' id='line_1_99' title="bbox 1970 4771 3610 4844; baseline -0.001 -16"><span class='ocrx_word' id='word_1_830' title='bbox 1970 4773 2042 4828; x_wconf 88' lang='lat' dir='ltr'><strong>do</strong></span> <span class='ocrx_word' id='word_1_831' title='bbox 2073 4789 2275 4827; x_wconf 88' lang='lat' dir='ltr'><strong>omnes</strong></span> <span class='ocrx_word' id='word_1_832' title='bbox 2306 4772 2402 4844; x_wconf 89' lang='lat' dir='ltr'><strong>qui</strong></span> <span class='ocrx_word' id='word_1_833' title='bbox 2437 4771 2495 4826; x_wconf 89' lang='lat' dir='ltr'><strong>in</strong></span> <span class='ocrx_word' id='word_1_834' title='bbox 2529 4773 2926 4828; x_wconf 87' lang='lat' dir='ltr'><strong>monumentis</strong></span> <span class='ocrx_word' id='word_1_835' title='bbox 2965 4778 3123 4842; x_wconf 89' lang='lat' dir='ltr'><strong>sunt,</strong></span> <span class='ocrx_word' id='word_1_836' title='bbox 3156 4774 3395 4829; x_wconf 89' lang='lat' dir='ltr'><strong>audient</strong></span> <span class='ocrx_word' id='word_1_837' title='bbox 3412 4787 3610 4828; x_wconf 91' lang='lat' dir='ltr'><strong>vocem</strong></span> 
     </span>
    </p>
   </div>
   <div class='ocr_carea' id='block_1_100' title="bbox 1970 4860 3609 4933">
    <p class='ocr_par' dir='ltr' id='par_1_100' title="bbox 1970 4860 3609 4933">
     <span class='ocr_line' id='line_1_100' title="bbox 1970 4860 3609 4933; baseline -0.001 -18"><span class='ocrx_word' id='word_1_838' title='bbox 1970 4860 2096 4915; x_wconf 87' lang='lat' dir='ltr'><strong>Filii</strong></span> <span class='ocrx_word' id='word_1_839' title='bbox 2129 4860 2253 4928; x_wconf 89' lang='lat' dir='ltr'><strong>Dei,</strong></span> <span class='ocrx_word' id='word_1_840' title='bbox 2286 4865 2341 4916; x_wconf 87' lang='lat' dir='ltr'><strong>et</strong></span> <span class='ocrx_word' id='word_1_841' title='bbox 2366 4861 2679 4932; x_wconf 84' lang='lat' dir='ltr'><strong>procedent</strong></span> <span class='ocrx_word' id='word_1_842' title='bbox 2709 4861 2809 4933; x_wconf 90' lang='lat' dir='ltr'><strong>qui</strong></span> <span class='ocrx_word' id='word_1_843' title='bbox 2841 4862 2994 4917; x_wconf 90' lang='lat' dir='ltr'><strong>bona</strong></span> <span class='ocrx_word' id='word_1_844' title='bbox 3025 4863 3307 4931; x_wconf 84' lang='lat' dir='ltr'><strong>fecerunt,</strong></span> <span class='ocrx_word' id='word_1_845' title='bbox 3340 4861 3398 4915; x_wconf 91' lang='lat' dir='ltr'><strong>in</strong></span> <span class='ocrx_word' id='word_1_846' title='bbox 3418 4876 3609 4915; x_wconf 89' lang='lat' dir='ltr'><strong>resur-</strong></span> 
     </span>
    </p>
   </div>
   <div class='ocr_carea' id='block_1_101' title="bbox 1973 4949 3613 5023">
    <p class='ocr_par' dir='ltr' id='par_1_101' title="bbox 1973 4949 3613 5023">
     <span class='ocr_line' id='line_1_101' title="bbox 1973 4949 3613 5023; baseline -0.001 -17"><span class='ocrx_word' id='word_1_847' title='bbox 1973 4949 2286 5006; x_wconf 88' lang='lat' dir='ltr'><strong>rectionem</strong></span> <span class='ocrx_word' id='word_1_848' title='bbox 2304 4950 2435 5005; x_wconf 72' lang='lat' dir='ltr'><strong>vitze</strong></span> <span class='ocrx_word' id='word_1_849' title='bbox 2460 4966 2473 5005; x_wconf 88' lang='lat'><strong>:</strong></span> <span class='ocrx_word' id='word_1_850' title='bbox 2505 4949 2605 5019; x_wconf 90' lang='lat' dir='ltr'><strong>qui</strong></span> <span class='ocrx_word' id='word_1_851' title='bbox 2630 4967 2759 5006; x_wconf 86' lang='lat' dir='ltr'><strong>vero</strong></span> <span class='ocrx_word' id='word_1_852' title='bbox 2782 4950 2934 5006; x_wconf 87' lang='lat' dir='ltr'><strong>mala</strong></span> <span class='ocrx_word' id='word_1_853' title='bbox 2954 4955 3215 5023; x_wconf 89' lang='lat' dir='ltr'><strong>egerunt,</strong></span> <span class='ocrx_word' id='word_1_854' title='bbox 3242 4949 3302 5003; x_wconf 92' lang='lat' dir='ltr'><strong>in</strong></span> <span class='ocrx_word' id='word_1_855' title='bbox 3323 4963 3613 5004; x_wconf 87' lang='lat' dir='ltr'><strong>resurrec-</strong></span> 
     </span>
    </p>
   </div>
   <div class='ocr_carea' id='block_1_102' title="bbox 1972 5036 3614 5111">
    <p class='ocr_par' dir='ltr' id='par_1_102' title="bbox 1972 5036 3614 5111">
     <span class='ocr_line' id='line_1_102' title="bbox 1972 5036 3614 5111; baseline -0.002 -17"><span class='ocrx_word' id='word_1_856' title='bbox 1972 5044 2169 5095; x_wconf 88' lang='lat' dir='ltr'><strong>tonem</strong></span> <span class='ocrx_word' id='word_1_857' title='bbox 2205 5037 2405 5108; x_wconf 80' lang='lat' dir='ltr'><strong>iudicii</strong></span> <span class='ocrx_word' id='word_1_858' title='bbox 2435 5040 2609 5109; x_wconf 80' lang='lat' dir='ltr'><strong>(Joan.</strong></span> <span class='ocrx_word' id='word_1_859' title='bbox 2644 5056 2697 5106; x_wconf 85' lang='grc' dir='ltr'><strong>ν,</strong></span> <span class='ocrx_word' id='word_1_860' title='bbox 2739 5041 2830 5105; x_wconf 89' lang='lat'><strong>28,</strong></span> <span class='ocrx_word' id='word_1_861' title='bbox 2860 5040 2970 5111; x_wconf 85' lang='lat'><strong>29).</strong></span> <span class='ocrx_word' id='word_1_862' title='bbox 3006 5060 3035 5087; x_wconf 87' lang='lat'>»</span> <span class='ocrx_word' id='word_1_863' title='bbox 3067 5037 3228 5101; x_wconf 86' lang='lat' dir='ltr'><strong>Quod</strong></span> <span class='ocrx_word' id='word_1_864' title='bbox 3268 5036 3444 5092; x_wconf 89' lang='lat' dir='ltr'><strong>etiam</strong></span> <span class='ocrx_word' id='word_1_865' title='bbox 3500 5041 3614 5092; x_wconf 90' lang='lat' dir='ltr'><strong>Da-</strong></span> 
     </span>
    </p>
   </div>
   <div class='ocr_carea' id='block_1_103' title="bbox 1974 5124 3617 5202">
    <p class='ocr_par' dir='ltr' id='par_1_103' title="bbox 1974 5124 3617 5202">
     <span class='ocr_line' id='line_1_103' title="bbox 1974 5124 3617 5202; baseline -0.002 -19"><span class='ocrx_word' id='word_1_866' title='bbox 1974 5127 2067 5183; x_wconf 91' lang='lat' dir='ltr'><strong>vid</strong></span> <span class='ocrx_word' id='word_1_867' title='bbox 2088 5127 2369 5199; x_wconf 87' lang='lat' dir='ltr'><strong>propheta</strong></span> <span class='ocrx_word' id='word_1_868' title='bbox 2390 5128 2683 5202; x_wconf 84' lang='lat' dir='ltr'><strong>significat</strong></span> <span class='ocrx_word' id='word_1_869' title='bbox 2703 5127 2929 5182; x_wconf 85' lang='lat' dir='ltr'><strong>dicens:</strong></span> <span class='ocrx_word' id='word_1_870' title='bbox 2948 5148 2974 5175; x_wconf 90' lang='grc'><strong>‹‹</strong></span> <span class='ocrx_word' id='word_1_871' title='bbox 2992 5125 3072 5179; x_wconf 91' lang='lat' dir='ltr'><strong>Ibi</strong></span> <span class='ocrx_word' id='word_1_872' title='bbox 3093 5124 3322 5181; x_wconf 87' lang='lat' dir='ltr'><strong>dolores</strong></span> <span class='ocrx_word' id='word_1_873' title='bbox 3343 5128 3617 5197; x_wconf 87' lang='lat' dir='ltr'><strong>utpartu-</strong></span> 
     </span>
    </p>
   </div>
   <div class='ocr_carea' id='block_1_104' title="bbox 1978 5212 3618 5282">
    <p class='ocr_par' dir='ltr' id='par_1_104' title="bbox 1978 5212 3618 5282">
     <span class='ocr_line' id='line_1_104' title="bbox 1978 5212 3618 5282; baseline -0.001 -9"><span class='ocrx_word' id='word_1_874' title='bbox 1978 5216 2205 5273; x_wconf 87' lang='lat' dir='ltr'><strong>rientis:</strong></span> <span class='ocrx_word' id='word_1_875' title='bbox 2229 5217 2381 5272; x_wconf 89' lang='lat' dir='ltr'><strong>sicut</strong></span> <span class='ocrx_word' id='word_1_876' title='bbox 2394 5217 2745 5282; x_wconf 89' lang='lat' dir='ltr'><strong>audivimus,</strong></span> <span class='ocrx_word' id='word_1_877' title='bbox 2762 5215 2843 5269; x_wconf 85' lang='lat' dir='ltr'><strong>ita</strong></span> <span class='ocrx_word' id='word_1_878' title='bbox 2855 5219 2911 5269; x_wconf 91' lang='lat' dir='ltr'><strong>et</strong></span> <span class='ocrx_word' id='word_1_879' title='bbox 2926 5212 3179 5269; x_wconf 89' lang='lat' dir='ltr'><strong>vidimus</strong></span> <span class='ocrx_word' id='word_1_880' title='bbox 3192 5212 3249 5268; x_wconf 90' lang='lat' dir='ltr'><strong>in</strong></span> <span class='ocrx_word' id='word_1_881' title='bbox 3272 5214 3501 5270; x_wconf 88' lang='lat' dir='ltr'><strong>civitate</strong></span> <span class='ocrx_word' id='word_1_882' title='bbox 3513 5215 3618 5272; x_wconf 87' lang='lat' dir='ltr'><strong>Do-</strong></span> 
     </span>
    </p>
   </div>
   <div class='ocr_carea' id='block_1_105' title="bbox 1979 5301 3617 5375">
    <p class='ocr_par' dir='ltr' id='par_1_105' title="bbox 1979 5301 3617 5375">
     <span class='ocr_line' id='line_1_105' title="bbox 1979 5301 3617 5375; baseline -0.001 -15"><span class='ocrx_word' id='word_1_883' title='bbox 1979 5305 2122 5360; x_wconf 89' lang='lat' dir='ltr'><strong>mini</strong></span> <span class='ocrx_word' id='word_1_884' title='bbox 2148 5306 2451 5375; x_wconf 87' lang='lat' dir='ltr'><strong>virtutum,</strong></span> <span class='ocrx_word' id='word_1_885' title='bbox 2477 5305 2531 5358; x_wconf 89' lang='lat' dir='ltr'><strong>in</strong></span> <span class='ocrx_word' id='word_1_886' title='bbox 2557 5304 2788 5360; x_wconf 86' lang='lat' dir='ltr'><strong>civitate</strong></span> <span class='ocrx_word' id='word_1_887' title='bbox 2825 5302 2925 5357; x_wconf 86' lang='lat' dir='ltr'><strong>Dei</strong></span> <span class='ocrx_word' id='word_1_888' title='bbox 2955 5301 3131 5356; x_wconf 89' lang='lat' dir='ltr'><strong>nostri</strong></span> <span class='ocrx_word' id='word_1_889' title='bbox 3165 5304 3333 5374; x_wconf 78' lang='lat' dir='ltr'><strong>(Psal.</strong></span> <span class='ocrx_word' id='word_1_890' title='bbox 3380 5321 3555 5371; x_wconf 69' lang='lat' dir='ltr'><strong>xcvu,</strong></span> <span class='ocrx_word' id='word_1_891' title='bbox 3583 5306 3617 5359; x_wconf 90' lang='lat'>7</span> 
     </span>
    </p>
   </div>
   <div class='ocr_carea' id='block_1_106' title="bbox 1977 5389 3618 5467">
    <p class='ocr_par' dir='ltr' id='par_1_106' title="bbox 1977 5389 3618 5467">
     <span class='ocr_line' id='line_1_106' title="bbox 1977 5389 3618 5467; baseline 0.002 -20"><span class='ocrx_word' id='word_1_892' title='bbox 1977 5394 2053 5456; x_wconf 89' lang='lat'><strong>9).</strong></span> <span class='ocrx_word' id='word_1_893' title='bbox 2074 5393 2367 5467; x_wconf 71' lang='lat' dir='ltr'><strong>nNamque</strong></span> <span class='ocrx_word' id='word_1_894' title='bbox 2388 5390 2710 5448; x_wconf 88' lang='lat' dir='ltr'><strong>etdolorem</strong></span> <span class='ocrx_word' id='word_1_895' title='bbox 2727 5389 3342 5458; x_wconf 72' lang='lat' dir='ltr'><strong>futurum,etlzetitiam</strong></span> <span class='ocrx_word' id='word_1_896' title='bbox 3357 5410 3618 5467; x_wconf 82' lang='lat' dir='ltr'><strong>compre-</strong></span> 
     </span>
    </p>
   </div>
   <div class='ocr_carea' id='block_1_107' title="bbox 1980 5478 3619 5550">
    <p class='ocr_par' dir='ltr' id='par_1_107' title="bbox 1980 5478 3619 5550">
     <span class='ocr_line' id='line_1_107' title="bbox 1980 5478 3619 5550; baseline 0.002 -12"><span class='ocrx_word' id='word_1_897' title='bbox 1980 5482 2188 5539; x_wconf 90' lang='lat' dir='ltr'><strong>hendit</strong></span> <span class='ocrx_word' id='word_1_898' title='bbox 2207 5482 2485 5539; x_wconf 85' lang='lat' dir='ltr'><strong>:dolorem</strong></span> <span class='ocrx_word' id='word_1_899' title='bbox 2504 5478 3619 5550; x_wconf 71' lang='lat' dir='ltr'><strong>dejudicio,etdeabsolutionelzrtitiam</strong></span> 
     </span>
    </p>
   </div>
   <div class='ocr_carea' id='block_1_108' title="bbox 1979 5621 3616 5701">
    <p class='ocr_par' dir='ltr' id='par_1_108' title="bbox 1979 5621 3616 5701">
     <span class='ocr_line' id='line_1_108' title="bbox 1979 5621 3616 5701; baseline 0.001 -18"><span class='ocrx_word' id='word_1_900' title='bbox 1979 5626 2093 5701; x_wconf 81' lang='lat' dir='ltr'><strong>lius</strong></span> <span class='ocrx_word' id='word_1_901' title='bbox 2124 5627 2222 5682; x_wconf 88' lang='lat' dir='ltr'><strong>alii</strong></span> <span class='ocrx_word' id='word_1_902' title='bbox 2246 5642 2411 5690; x_wconf 87' lang='lat' dir='ltr'><strong>mss.,</strong></span> <span class='ocrx_word' id='word_1_903' title='bbox 2443 5622 2725 5701; x_wconf 58' lang='lat' dir='ltr'><strong>sacrilego,</strong></span> <span class='ocrx_word' id='word_1_904' title='bbox 2750 5621 2981 5701; x_wconf 25' lang='lat' dir='ltr'><strong>_id__‘est,</strong></span> <span class='ocrx_word' id='word_1_905' title='bbox 3008 5622 3295 5701; x_wconf 74' lang='lat' dir='ltr'><strong>_(_)c_hozia3</strong></span> <span class='ocrx_word' id='word_1_906' title='bbox 3352 5627 3472 5701; x_wconf 89' lang='lat' dir='ltr'><strong>regi</strong></span> <span class='ocrx_word' id='word_1_907' title='bbox 3531 5627 3616 5685; x_wconf 83' lang='lat' dir='ltr'><strong>Is-</strong></span> 
     </span>
    </p>
   </div>
   <div class='ocr_carea' id='block_1_109' title="bbox 1978 5693 3215 5773">
    <p class='ocr_par' dir='ltr' id='par_1_109' title="bbox 1978 5693 3215 5773">
     <span class='ocr_line' id='line_1_109' title="bbox 1978 5693 3215 5773; baseline 0 -18"><span class='ocrx_word' id='word_1_908' title='bbox 1978 5697 2099 5757; x_wconf 86' lang='lat' dir='ltr'><strong>rael</strong></span> <span class='ocrx_word' id='word_1_909' title='bbox 2128 5714 2261 5756; x_wconf 89' lang='lat' dir='ltr'><strong>eum</strong></span> <span class='ocrx_word' id='word_1_910' title='bbox 2292 5712 2406 5773; x_wconf 90' lang='lat' dir='ltr'><strong>quo</strong></span> <span class='ocrx_word' id='word_1_911' title='bbox 2436 5693 2717 5768; x_wconf 86' lang='lat' dir='ltr'><strong>Josaphat</strong></span> <span class='ocrx_word' id='word_1_912' title='bbox 2746 5693 2876 5752; x_wconf 89' lang='lat' dir='ltr'><strong>iniit</strong></span> <span class='ocrx_word' id='word_1_913' title='bbox 2905 5695 3215 5755; x_wconf 84' lang='lat' dir='ltr'><strong>amicitias.</strong></span> 
     </span>
    </p>
   </div>
   <div class='ocr_carea' id='block_1_110' title="bbox 3222 5828 3297 5895">
    <p class='ocr_par' dir='ltr' id='par_1_110' title="bbox 3222 5828 3297 5895">
     <span class='ocr_line' id='line_1_110' title="bbox 3222 5828 3297 5895; baseline 0 0"><span class='ocrx_word' id='word_1_914' title='bbox 3222 5828 3297 5895; x_wconf 76' lang='grc'><strong>2⁵1</strong></span> 
     </span>
    </p>
   </div>
  </div>
