  <div class='ocr_page' id='page_1' title='image "/cluster/home/n/w/nwhite01/storage/ocr_20150623/14/hvd.32044048207138/427.png"; bbox 0 0 4104 6156; ppageno 0'>
   <div class='ocr_carea' id='block_1_1' title="bbox 519 338 664 413">
    <p class='ocr_par' dir='ltr' id='par_1_1' title="bbox 519 338 664 413">
     <span class='ocr_line' id='line_1_1' title="bbox 519 338 664 413; baseline 0.014 -2"><span class='ocrx_word' id='word_1_1' title='bbox 519 338 664 413; x_wconf 69' lang='lat' dir='ltr'><strong><em>sts’</em></strong></span> 
     </span>
    </p>
   </div>
   <div class='ocr_carea' id='block_1_2' title="bbox 1060 479 1617 539">
    <p class='ocr_par' dir='ltr' id='par_1_2' title="bbox 1060 479 1617 539">
     <span class='ocr_line' id='line_1_2' title="bbox 1060 479 1617 539; baseline -0.004 -2"><span class='ocrx_word' id='word_1_2' title='bbox 1060 479 1214 539; x_wconf 68' lang='lat'><strong><em>082</em></strong></span> <span class='ocrx_word' id='word_1_3' title='bbox 1254 479 1485 537; x_wconf 86' lang='lat' dir='ltr'><strong><em>CAPUT</em></strong></span> <span class='ocrx_word' id='word_1_4' title='bbox 1521 480 1617 536; x_wconf 88' lang='lat' dir='ltr'><strong><em>VI.</em></strong></span> 
     </span>
    </p>
   </div>
   <div class='ocr_carea' id='block_1_3' title="bbox 523 568 2161 643">
    <p class='ocr_par' dir='ltr' id='par_1_3' title="bbox 523 568 2161 643">
     <span class='ocr_line' id='line_1_3' title="bbox 523 568 2161 643; baseline -0.001 -16"><span class='ocrx_word' id='word_1_5' title='bbox 523 569 689 627; x_wconf 76' lang='lat' dir='ltr'><strong><em>Verba</em></strong></span> <span class='ocrx_word' id='word_1_6' title='bbox 715 568 831 643; x_wconf 65' lang='lat' dir='ltr'><strong><em>Job,</em></strong></span> <span class='ocrx_word' id='word_1_7' title='bbox 888 569 1083 643; x_wconf 84' lang='lat' dir='ltr'><strong><em>quibus</em></strong></span> <span class='ocrx_word' id='word_1_8' title='bbox 1130 570 1399 627; x_wconf 84' lang='lat' dir='ltr'><strong><em>humanas</em></strong></span> <span class='ocrx_word' id='word_1_9' title='bbox 1446 570 1797 641; x_wconf 80' lang='lat' dir='ltr'><strong><em>inﬁrmitates</em></strong></span> <span class='ocrx_word' id='word_1_10' title='bbox 1824 572 2021 643; x_wconf 84' lang='lat' dir='ltr'><strong><em>aperit,</em></strong></span> <span class='ocrx_word' id='word_1_11' title='bbox 2065 585 2161 625; x_wconf 73' lang='lat' dir='ltr'><strong><em>ea:-</em></strong></span> 
     </span>
    </p>
   </div>
   <div class='ocr_carea' id='block_1_4' title="bbox 581 640 2167 715">
    <p class='ocr_par' dir='ltr' id='par_1_4' title="bbox 581 640 2167 715">
     <span class='ocr_line' id='line_1_4' title="bbox 581 640 2167 715; baseline -0.001 -17"><span class='ocrx_word' id='word_1_12' title='bbox 581 640 923 714; x_wconf 70' lang='lat' dir='ltr'><strong><em>penduntuf.</em></strong></span> <span class='ocrx_word' id='word_1_13' title='bbox 957 642 1411 715; x_wconf 82' lang='lat' dir='ltr'><strong><em>Quemadmoduu</em></strong></span> <span class='ocrx_word' id='word_1_14' title='bbox 1473 640 1564 699; x_wconf 85' lang='lat' dir='ltr'><strong><em>Vir</em></strong></span> <span class='ocrx_word' id='word_1_15' title='bbox 1611 645 1832 698; x_wconf 86' lang='lat' dir='ltr'><strong><em>sanctus</em></strong></span> <span class='ocrx_word' id='word_1_16' title='bbox 1855 640 1871 643; x_wconf 74' lang='grc'><em>’</em></span> <span class='ocrx_word' id='word_1_17' title='bbox 1882 646 2167 715; x_wconf 86' lang='lat' dir='ltr'><strong><em>peccatum</em></strong></span> 
     </span>
    </p>
   </div>
   <div class='ocr_carea' id='block_1_5' title="bbox 586 714 2167 786">
    <p class='ocr_par' dir='ltr' id='par_1_5' title="bbox 586 714 2167 786">
     <span class='ocr_line' id='line_1_5' title="bbox 586 714 2167 786; baseline -0.001 -17"><span class='ocrx_word' id='word_1_18' title='bbox 586 729 753 770; x_wconf 87' lang='lat' dir='ltr'><strong><em>suum</em></strong></span> <span class='ocrx_word' id='word_1_19' title='bbox 778 716 1216 786; x_wconf 15' lang='lat' dir='ltr'><strong><em>nongnegaverit,</em></strong></span> <span class='ocrx_word' id='word_1_20' title='bbox 1247 714 1443 786; x_wconf 82' lang='lat' dir='ltr'><strong><em>quidve</em></strong></span> <span class='ocrx_word' id='word_1_21' title='bbox 1472 716 1619 770; x_wconf 88' lang='lat' dir='ltr'><strong><em>inter</em></strong></span> <span class='ocrx_word' id='word_1_22' title='bbox 1652 730 1876 786; x_wconf 76' lang='lat' dir='ltr'><strong><em>peccare</em></strong></span> <span class='ocrx_word' id='word_1_23' title='bbox 1903 721 1955 769; x_wconf 83' lang='lat' dir='ltr'><strong><em>et</em></strong></span> <span class='ocrx_word' id='word_1_24' title='bbox 1996 714 2167 786; x_wconf 82' lang='lat' dir='ltr'><strong><em>impie</em></strong></span> 
     </span>
    </p>
   </div>
   <div class='ocr_carea' id='block_1_6' title="bbox 589 783 2167 857">
    <p class='ocr_par' dir='ltr' id='par_1_6' title="bbox 589 783 2167 857">
     <span class='ocr_line' id='line_1_6' title="bbox 589 783 2167 857; baseline -0.002 -16"><span class='ocrx_word' id='word_1_25' title='bbox 589 801 756 855; x_wconf 82' lang='lat' dir='ltr'><strong><em>agere</em></strong></span> <span class='ocrx_word' id='word_1_26' title='bbox 782 786 855 841; x_wconf 86' lang='lat' dir='ltr'><strong><em>sit</em></strong></span> <span class='ocrx_word' id='word_1_27' title='bbox 881 783 1476 857; x_wconf 42' lang='lat' dir='ltr'><strong><em>discriminis;‘quibus</em></strong></span> <span class='ocrx_word' id='word_1_28' title='bbox 1504 783 1686 842; x_wconf 84' lang='lat' dir='ltr'><strong><em>verbis</em></strong></span> <span class='ocrx_word' id='word_1_29' title='bbox 1716 785 1993 841; x_wconf 80' lang='lat' dir='ltr'><strong><em>hominem</em></strong></span> <span class='ocrx_word' id='word_1_30' title='bbox 2021 783 2167 856; x_wconf 77' lang='lat' dir='ltr'><strong><em>apud</em></strong></span> 
     </span>
    </p>
   </div>
   <div class='ocr_carea' id='block_1_7' title="bbox 588 857 2168 929">
    <p class='ocr_par' dir='ltr' id='par_1_7' title="bbox 588 857 2168 929">
     <span class='ocr_line' id='line_1_7' title="bbox 588 857 2168 929; baseline -0.002 -16"><span class='ocrx_word' id='word_1_31' title='bbox 588 859 770 913; x_wconf 90' lang='lat' dir='ltr'><strong><em>Deum</em></strong></span> <span class='ocrx_word' id='word_1_32' title='bbox 796 859 1017 929; x_wconf 84' lang='lat' dir='ltr'><strong><em>conetur</em></strong></span> <span class='ocrx_word' id='word_1_33' title='bbox 1042 873 1333 914; x_wconf 70' lang='lat' dir='ltr'><strong><em>excusare:</em></strong></span> <span class='ocrx_word' id='word_1_34' title='bbox 1350 860 1620 929; x_wconf 84' lang='lat' dir='ltr'><strong><em>postremo</em></strong></span> <span class='ocrx_word' id='word_1_35' title='bbox 1650 857 1933 927; x_wconf 83' lang='lat' dir='ltr'><strong><em>conﬁtenti</em></strong></span> <span class='ocrx_word' id='word_1_36' title='bbox 1952 858 2168 911; x_wconf 87' lang='lat' dir='ltr'><strong><em>veniam</em></strong></span> 
     </span>
    </p>
   </div>
   <div class='ocr_carea' id='block_1_8' title="bbox 587 928 2170 1001">
    <p class='ocr_par' dir='ltr' id='par_1_8' title="bbox 587 928 2170 1001">
     <span class='ocr_line' id='line_1_8' title="bbox 587 928 2170 1001; baseline 0 -18"><span class='ocrx_word' id='word_1_37' title='bbox 587 928 861 1001; x_wconf 76' lang='lat' dir='ltr'><strong><em>promitti,</em></strong></span> <span class='ocrx_word' id='word_1_38' title='bbox 895 944 960 984; x_wconf 87' lang='lat' dir='ltr'><strong><em>ac</em></strong></span> <span class='ocrx_word' id='word_1_39' title='bbox 980 929 1197 1001; x_wconf 87' lang='lat' dir='ltr'><strong><em>justum</em></strong></span> <span class='ocrx_word' id='word_1_40' title='bbox 1252 928 1574 1001; x_wconf 67' lang='lat' dir='ltr'><strong><em>inionitates</em></strong></span> <span class='ocrx_word' id='word_1_41' title='bbox 1602 945 1737 986; x_wconf 82' lang='lat' dir='ltr'><strong><em>suas</em></strong></span> <span class='ocrx_word' id='word_1_42' title='bbox 1758 942 2170 998; x_wconf 84' lang='lat' dir='ltr'><strong><em>agnoscerc,os-</em></strong></span> 
     </span>
    </p>
   </div>
   <div class='ocr_carea' id='block_1_9' title="bbox 592 998 855 1055">
    <p class='ocr_par' dir='ltr' id='par_1_9' title="bbox 592 998 855 1055">
     <span class='ocr_line' id='line_1_9' title="bbox 592 998 855 1055; baseline 0 0"><span class='ocrx_word' id='word_1_43' title='bbox 592 998 855 1055; x_wconf 76' lang='lat' dir='ltr'><strong><em>tenditur.</em></strong></span> 
     </span>
    </p>
   </div>
   <div class='ocr_carea' id='block_1_10' title="bbox 588 1103 2165 1180">
    <p class='ocr_par' dir='ltr' id='par_1_10' title="bbox 588 1103 2165 1180">
     <span class='ocr_line' id='line_1_10' title="bbox 588 1103 2165 1180; baseline 0.001 -20"><span class='ocrx_word' id='word_1_44' title='bbox 588 1103 677 1161; x_wconf 74' lang='lat' dir='ltr'><strong><em>l6.</em></strong></span> <span class='ocrx_word' id='word_1_45' title='bbox 711 1104 823 1162; x_wconf 88' lang='lat' dir='ltr'><strong><em>Sed</em></strong></span> <span class='ocrx_word' id='word_1_46' title='bbox 856 1105 928 1162; x_wconf 91' lang='lat' dir='ltr'><strong><em>ad</em></strong></span> <span class='ocrx_word' id='word_1_47' title='bbox 959 1106 1271 1180; x_wconf 68' lang='lat' dir='ltr'><strong><em>propositae</em></strong></span> <span class='ocrx_word' id='word_1_48' title='bbox 1324 1107 1497 1163; x_wconf 90' lang='lat' dir='ltr'><strong><em>nobis</em></strong></span> <span class='ocrx_word' id='word_1_49' title='bbox 1540 1104 2027 1179; x_wconf 88' lang='lat' dir='ltr'><strong><em>interpellationis</em></strong></span> <span class='ocrx_word' id='word_1_50' title='bbox 2072 1122 2165 1161; x_wconf 90' lang='lat' dir='ltr'><strong><em>se-</em></strong></span> 
     </span>
    </p>
   </div>
   <div class='ocr_carea' id='block_1_11' title="bbox 519 1193 2168 1269">
    <p class='ocr_par' dir='ltr' id='par_1_11' title="bbox 519 1193 2168 1269">
     <span class='ocr_line' id='line_1_11' title="bbox 519 1193 2168 1269; baseline -0.001 -19"><span class='ocrx_word' id='word_1_51' title='bbox 519 1193 666 1251; x_wconf 88' lang='lat' dir='ltr'><strong><em>riem</em></strong></span> <span class='ocrx_word' id='word_1_52' title='bbox 724 1199 1104 1252; x_wconf 81' lang='lat' dir='ltr'><strong><em>revertamur.</em></strong></span> <span class='ocrx_word' id='word_1_53' title='bbox 1143 1216 1165 1244; x_wconf 76' lang='grc' dir='ltr'>ι</span> <span class='ocrx_word' id='word_1_54' title='bbox 1223 1196 1461 1265; x_wconf 89' lang='lat' dir='ltr'><strong><em>Multas,</em></strong></span> <span class='ocrx_word' id='word_1_55' title='bbox 1517 1195 1732 1269; x_wconf 85' lang='lat' dir='ltr'><strong><em>inquit,</em></strong></span> <span class='ocrx_word' id='word_1_56' title='bbox 1788 1195 2168 1251; x_wconf 86' lang='lat' dir='ltr'><strong><em>contritiones</em></strong></span> 
     </span>
    </p>
   </div>
   <div class='ocr_carea' id='block_1_12' title="bbox 520 1283 2169 1359">
    <p class='ocr_par' dir='ltr' id='par_1_12' title="bbox 520 1283 2169 1359">
     <span class='ocr_line' id='line_1_12' title="bbox 520 1283 2169 1359; baseline -0.001 -19"><span class='ocrx_word' id='word_1_57' title='bbox 520 1283 656 1341; x_wconf 81' lang='lat' dir='ltr'><strong><em>fecit</em></strong></span> <span class='ocrx_word' id='word_1_58' title='bbox 684 1283 854 1353; x_wconf 90' lang='lat' dir='ltr'><strong><em>mihi,</em></strong></span> <span class='ocrx_word' id='word_1_59' title='bbox 914 1285 1203 1359; x_wconf 83' lang='lat' dir='ltr'><strong>respirare</strong></span> <span class='ocrx_word' id='word_1_60' title='bbox 1232 1302 1327 1341; x_wconf 90' lang='lat' dir='ltr'><strong><em>me</em></strong></span> <span class='ocrx_word' id='word_1_61' title='bbox 1378 1302 1491 1341; x_wconf 90' lang='lat' dir='ltr'><strong><em>non</em></strong></span> <span class='ocrx_word' id='word_1_62' title='bbox 1555 1284 1715 1351; x_wconf 83' lang='lat' dir='ltr'><strong><em>sinit,</em></strong></span> <span class='ocrx_word' id='word_1_63' title='bbox 1778 1283 2020 1357; x_wconf 79' lang='lat' dir='ltr'><strong>replevit</strong></span> <span class='ocrx_word' id='word_1_64' title='bbox 2076 1300 2169 1339; x_wconf 91' lang='lat' dir='ltr'><strong><em>me</em></strong></span> 
     </span>
    </p>
   </div>
   <div class='ocr_carea' id='block_1_13' title="bbox 521 1372 2168 1448">
    <p class='ocr_par' dir='ltr' id='par_1_13' title="bbox 521 1372 2168 1448">
     <span class='ocr_line' id='line_1_13' title="bbox 521 1372 2168 1448; baseline -0.001 -18"><span class='ocrx_word' id='word_1_65' title='bbox 521 1372 948 1442; x_wconf 80' lang='lat' dir='ltr'><strong><em>amaritudine;</em></strong></span> <span class='ocrx_word' id='word_1_66' title='bbox 977 1379 1033 1431; x_wconf 87' lang='lat' dir='ltr'><strong><em>et</em></strong></span> <span class='ocrx_word' id='word_1_67' title='bbox 1053 1374 1193 1448; x_wconf 85' lang='lat' dir='ltr'><strong><em>quia</em></strong></span> <span class='ocrx_word' id='word_1_68' title='bbox 1220 1374 1431 1431; x_wconf 88' lang='lat' dir='ltr'><strong><em>virtute</em></strong></span> <span class='ocrx_word' id='word_1_69' title='bbox 1458 1378 1547 1430; x_wconf 90' lang='lat' dir='ltr'><strong><em>est</em></strong></span> <span class='ocrx_word' id='word_1_70' title='bbox 1575 1378 1804 1446; x_wconf 89' lang='lat' dir='ltr'><strong><em>potens,</em></strong></span> <span class='ocrx_word' id='word_1_71' title='bbox 1838 1390 2010 1429; x_wconf 77' lang='lat' dir='ltr'><strong><em>nemo</em></strong></span> <span class='ocrx_word' id='word_1_72' title='bbox 2068 1390 2168 1445; x_wconf 92' lang='lat' dir='ltr'><strong><em>po-</em></strong></span> 
     </span>
    </p>
   </div>
   <div class='ocr_carea' id='block_1_14' title="bbox 521 1461 2167 1535">
    <p class='ocr_par' dir='ltr' id='par_1_14' title="bbox 521 1461 2167 1535">
     <span class='ocr_line' id='line_1_14' title="bbox 521 1461 2167 1535; baseline 0.001 -17"><span class='ocrx_word' id='word_1_73' title='bbox 521 1464 637 1518; x_wconf 93' lang='lat' dir='ltr'><strong><em>test</em></strong></span> <span class='ocrx_word' id='word_1_74' title='bbox 661 1461 883 1535; x_wconf 90' lang='lat' dir='ltr'><strong><em>judicio</em></strong></span> <span class='ocrx_word' id='word_1_75' title='bbox 925 1464 1053 1535; x_wconf 88' lang='lat' dir='ltr'><strong><em>ejus</em></strong></span> <span class='ocrx_word' id='word_1_76' title='bbox 1110 1462 1399 1519; x_wconf 83' lang='lat' dir='ltr'><strong>resistere.</strong></span> <span class='ocrx_word' id='word_1_77' title='bbox 1458 1463 1518 1519; x_wconf 89' lang='lat' dir='ltr'><strong><em>Si</em></strong></span> <span class='ocrx_word' id='word_1_78' title='bbox 1549 1464 1752 1534; x_wconf 88' lang='lat' dir='ltr'><strong><em>justus</em></strong></span> <span class='ocrx_word' id='word_1_79' title='bbox 1783 1480 1914 1518; x_wconf 89' lang='lat' dir='ltr'><strong><em>sum</em></strong></span> <span class='ocrx_word' id='word_1_80' title='bbox 1974 1462 2167 1532; x_wconf 87' lang='lat' dir='ltr'><strong><em>corde,</em></strong></span> 
     </span>
    </p>
   </div>
   <div class='ocr_carea' id='block_1_15' title="bbox 520 1550 2172 1625">
    <p class='ocr_par' dir='ltr' id='par_1_15' title="bbox 520 1550 2172 1625">
     <span class='ocr_line' id='line_1_15' title="bbox 520 1550 2172 1625; baseline 0 -18"><span class='ocrx_word' id='word_1_81' title='bbox 520 1550 723 1625; x_wconf 83' lang='lat' dir='ltr'><strong><em>lingua</em></strong></span> <span class='ocrx_word' id='word_1_82' title='bbox 753 1567 883 1607; x_wconf 88' lang='lat' dir='ltr'><strong><em>mea</em></strong></span> <span class='ocrx_word' id='word_1_83' title='bbox 902 1556 1123 1609; x_wconf 88' lang='lat' dir='ltr'><strong><em>errat...</em></strong></span> <span class='ocrx_word' id='word_1_84' title='bbox 1157 1552 1435 1624; x_wconf 88' lang='lat' dir='ltr'><strong><em>Magnum</em></strong></span> <span class='ocrx_word' id='word_1_85' title='bbox 1486 1557 1543 1606; x_wconf 90' lang='lat' dir='ltr'><strong><em>et</em></strong></span> <span class='ocrx_word' id='word_1_86' title='bbox 1596 1555 1888 1625; x_wconf 90' lang='lat' dir='ltr'><strong><em>potentem</em></strong></span> <span class='ocrx_word' id='word_1_87' title='bbox 1950 1552 2172 1624; x_wconf 88' lang='lat' dir='ltr'><strong><em>disper-</em></strong></span> 
     </span>
    </p>
   </div>
   <div class='ocr_carea' id='block_1_16' title="bbox 522 1639 2170 1714">
    <p class='ocr_par' dir='ltr' id='par_1_16' title="bbox 522 1639 2170 1714">
     <span class='ocr_line' id='line_1_16' title="bbox 522 1639 2170 1714; baseline -0.001 -18"><span class='ocrx_word' id='word_1_88' title='bbox 522 1640 607 1696; x_wconf 91' lang='lat' dir='ltr'><strong><em>dit</em></strong></span> <span class='ocrx_word' id='word_1_89' title='bbox 636 1640 742 1697; x_wconf 90' lang='lat' dir='ltr'><strong><em>ira.</em></strong></span> <span class='ocrx_word' id='word_1_90' title='bbox 770 1640 1029 1714; x_wconf 88' lang='lat' dir='ltr'><strong><em>Improbi</em></strong></span> <span class='ocrx_word' id='word_1_91' title='bbox 1063 1642 1119 1696; x_wconf 91' lang='lat' dir='ltr'><strong><em>in</em></strong></span> <span class='ocrx_word' id='word_1_92' title='bbox 1153 1645 1337 1697; x_wconf 90' lang='lat' dir='ltr'><strong><em>morte</em></strong></span> <span class='ocrx_word' id='word_1_93' title='bbox 1369 1641 1556 1714; x_wconf 83' lang='lat' dir='ltr'><strong>gravi:</strong></span> <span class='ocrx_word' id='word_1_94' title='bbox 1586 1640 1734 1711; x_wconf 87' lang='lat' dir='ltr'><strong><em>justi</em></strong></span> <span class='ocrx_word' id='word_1_95' title='bbox 1794 1645 1989 1696; x_wconf 89' lang='lat' dir='ltr'><strong><em>autem</em></strong></span> <span class='ocrx_word' id='word_1_96' title='bbox 2038 1639 2170 1695; x_wconf 88' lang='lat' dir='ltr'><strong><em>irri-</em></strong></span> 
     </span>
    </p>
   </div>
   <div class='ocr_carea' id='block_1_17' title="bbox 523 1729 2168 1801">
    <p class='ocr_par' dir='ltr' id='par_1_17' title="bbox 523 1729 2168 1801">
     <span class='ocr_line' id='line_1_17' title="bbox 523 1729 2168 1801; baseline 0.001 -16"><span class='ocrx_word' id='word_1_97' title='bbox 523 1730 753 1785; x_wconf 86' lang='lat' dir='ltr'><strong>dentur.</strong></span> <span class='ocrx_word' id='word_1_98' title='bbox 786 1729 913 1785; x_wconf 90' lang='lat' dir='ltr'><strong><em>Dati</em></strong></span> <span class='ocrx_word' id='word_1_99' title='bbox 973 1734 1116 1786; x_wconf 90' lang='lat' dir='ltr'><strong><em>sunt</em></strong></span> <span class='ocrx_word' id='word_1_100' title='bbox 1143 1729 1297 1786; x_wconf 90' lang='lat' dir='ltr'><strong><em>enim</em></strong></span> <span class='ocrx_word' id='word_1_101' title='bbox 1355 1729 1413 1783; x_wconf 90' lang='lat' dir='ltr'><strong><em>in</em></strong></span> <span class='ocrx_word' id='word_1_102' title='bbox 1466 1746 1678 1785; x_wconf 90' lang='lat' dir='ltr'><strong><em>manus</em></strong></span> <span class='ocrx_word' id='word_1_103' title='bbox 1710 1729 1876 1801; x_wconf 89' lang='lat' dir='ltr'><strong><em>impii</em></strong></span> <span class='ocrx_word' id='word_1_104' title='bbox 1934 1732 2050 1801; x_wconf 80' lang='lat' dir='ltr'><strong><em>(Job</em></strong></span> <span class='ocrx_word' id='word_1_105' title='bbox 2092 1748 2168 1797; x_wconf 81' lang='lat' dir='ltr'><strong><em>Ix,</em></strong></span> 
     </span>
    </p>
   </div>
   <div class='ocr_carea' id='block_1_18' title="bbox 524 1816 2169 1890">
    <p class='ocr_par' dir='ltr' id='par_1_18' title="bbox 524 1816 2169 1890">
     <span class='ocr_line' id='line_1_18' title="bbox 524 1816 2169 1890; baseline 0.001 -17"><span class='ocrx_word' id='word_1_106' title='bbox 524 1818 595 1873; x_wconf 86' lang='grc'><strong><em>17</em></strong></span> <span class='ocrx_word' id='word_1_107' title='bbox 621 1817 735 1888; x_wconf 82' lang='lat'><strong><em>20).</em></strong></span> <span class='ocrx_word' id='word_1_108' title='bbox 771 1838 799 1866; x_wconf 83' lang='lat'>»</span> <span class='ocrx_word' id='word_1_109' title='bbox 823 1816 1230 1890; x_wconf 88' lang='lat' dir='ltr'><strong><em>Videsingula.</em></strong></span> <span class='ocrx_word' id='word_1_110' title='bbox 1256 1817 1596 1873; x_wconf 88' lang='lat' dir='ltr'><strong><em>Potentibus</em></strong></span> <span class='ocrx_word' id='word_1_111' title='bbox 1615 1818 1701 1872; x_wconf 87' lang='lat' dir='ltr'><strong><em>ira</em></strong></span> <span class='ocrx_word' id='word_1_112' title='bbox 1726 1835 1833 1873; x_wconf 91' lang='lat' dir='ltr'><strong><em>sua</em></strong></span> <span class='ocrx_word' id='word_1_113' title='bbox 1857 1818 2169 1890; x_wconf 89' lang='lat' dir='ltr'><strong><em>gravisest,</em></strong></span> 
     </span>
    </p>
   </div>
   <div class='ocr_carea' id='block_1_19' title="bbox 523 1906 2173 1980">
    <p class='ocr_par' dir='ltr' id='par_1_19' title="bbox 523 1906 2173 1980">
     <span class='ocr_line' id='line_1_19' title="bbox 523 1906 2173 1980; baseline 0 -17"><span class='ocrx_word' id='word_1_114' title='bbox 523 1906 809 1980; x_wconf 85' lang='lat' dir='ltr'><strong><em>improbis</em></strong></span> <span class='ocrx_word' id='word_1_115' title='bbox 839 1906 1125 1979; x_wconf 83' lang='lat' dir='ltr'><strong><em>nequitia,</em></strong></span> <span class='ocrx_word' id='word_1_116' title='bbox 1149 1906 1333 1979; x_wconf 88' lang='lat' dir='ltr'><strong><em>justis</em></strong></span> <span class='ocrx_word' id='word_1_117' title='bbox 1363 1906 1713 1963; x_wconf 88' lang='lat' dir='ltr'><strong><em>conditionis</em></strong></span> <span class='ocrx_word' id='word_1_118' title='bbox 1744 1907 2173 1963; x_wconf 83' lang='lat' dir='ltr'><strong><em>inﬁrmitas.lta</em></strong></span> 
     </span>
    </p>
   </div>
   <div class='ocr_carea' id='block_1_20' title="bbox 524 1994 2171 2069">
    <p class='ocr_par' dir='ltr' id='par_1_20' title="bbox 524 1994 2171 2069">
     <span class='ocr_line' id='line_1_20' title="bbox 524 1994 2171 2069; baseline 0.001 -19"><span class='ocrx_word' id='word_1_119' title='bbox 524 1994 671 2051; x_wconf 86' lang='lat' dir='ltr'><strong><em>nihil</em></strong></span> <span class='ocrx_word' id='word_1_120' title='bbox 700 1995 957 2068; x_wconf 89' lang='lat' dir='ltr'><strong><em>periculo</em></strong></span> <span class='ocrx_word' id='word_1_121' title='bbox 986 2000 1172 2052; x_wconf 86' lang='lat' dir='ltr'><strong><em>vacat.</em></strong></span> <span class='ocrx_word' id='word_1_122' title='bbox 1207 1996 1506 2052; x_wconf 82' lang='lat' dir='ltr'><strong><em>Fortitudo</em></strong></span> <span class='ocrx_word' id='word_1_123' title='bbox 1552 2001 1608 2051; x_wconf 91' lang='lat' dir='ltr'><strong><em>et</em></strong></span> <span class='ocrx_word' id='word_1_124' title='bbox 1664 1996 2007 2069; x_wconf 83' lang='lat' dir='ltr'><strong><em>magnitudo</em></strong></span> <span class='ocrx_word' id='word_1_125' title='bbox 2064 1996 2171 2052; x_wconf 88' lang='lat' dir='ltr'><strong><em>viri</em></strong></span> 
     </span>
    </p>
   </div>
   <div class='ocr_carea' id='block_1_21' title="bbox 523 2084 2172 2158">
    <p class='ocr_par' dir='ltr' id='par_1_21' title="bbox 523 2084 2172 2158">
     <span class='ocr_line' id='line_1_21' title="bbox 523 2084 2172 2158; baseline 0.001 -18"><span class='ocrx_word' id='word_1_126' title='bbox 523 2100 633 2141; x_wconf 85' lang='lat' dir='ltr'><strong><em>sua</em></strong></span> <span class='ocrx_word' id='word_1_127' title='bbox 656 2088 943 2157; x_wconf 84' lang='lat' dir='ltr'><strong><em>potestate</em></strong></span> <span class='ocrx_word' id='word_1_128' title='bbox 964 2084 1276 2158; x_wconf 87' lang='lat' dir='ltr'><strong><em>decipitur,</em></strong></span> <span class='ocrx_word' id='word_1_129' title='bbox 1292 2084 1638 2158; x_wconf 84' lang='lat' dir='ltr'><strong><em>improbitas</em></strong></span> <span class='ocrx_word' id='word_1_130' title='bbox 1660 2084 1961 2157; x_wconf 86' lang='lat' dir='ltr'><strong><em>afﬂigitur,</em></strong></span> <span class='ocrx_word' id='word_1_131' title='bbox 1987 2086 2172 2143; x_wconf 90' lang='lat' dir='ltr'><strong><em>virtus</em></strong></span> 
     </span>
    </p>
   </div>
   <div class='ocr_carea' id='block_1_22' title="bbox 522 2171 2173 2247">
    <p class='ocr_par' dir='ltr' id='par_1_22' title="bbox 522 2171 2173 2247">
     <span class='ocr_line' id='line_1_22' title="bbox 522 2171 2173 2247; baseline 0.002 -19"><span class='ocrx_word' id='word_1_132' title='bbox 522 2172 765 2229; x_wconf 86' lang='lat' dir='ltr'><strong><em>ridetur.</em></strong></span> <span class='ocrx_word' id='word_1_133' title='bbox 799 2171 901 2228; x_wconf 87' lang='lat' dir='ltr'><strong><em>Ille</em></strong></span> <span class='ocrx_word' id='word_1_134' title='bbox 931 2173 1074 2245; x_wconf 85' lang='lat' dir='ltr'><strong><em>quia</em></strong></span> <span class='ocrx_word' id='word_1_135' title='bbox 1104 2172 1238 2246; x_wconf 90' lang='lat' dir='ltr'><strong><em>plus</em></strong></span> <span class='ocrx_word' id='word_1_136' title='bbox 1296 2176 1505 2246; x_wconf 89' lang='lat' dir='ltr'><strong><em>potest,</em></strong></span> <span class='ocrx_word' id='word_1_137' title='bbox 1566 2173 1817 2230; x_wconf 87' lang='lat' dir='ltr'><strong><em>labitur:</em></strong></span> <span class='ocrx_word' id='word_1_138' title='bbox 1868 2173 1977 2230; x_wconf 92' lang='lat' dir='ltr'><strong><em>iste</em></strong></span> <span class='ocrx_word' id='word_1_139' title='bbox 2031 2176 2173 2247; x_wconf 87' lang='lat' dir='ltr'><strong><em>quia</em></strong></span> 
     </span>
    </p>
   </div>
   <div class='ocr_carea' id='block_1_23' title="bbox 522 2260 2172 2336">
    <p class='ocr_par' dir='ltr' id='par_1_23' title="bbox 522 2260 2172 2336">
     <span class='ocr_line' id='line_1_23' title="bbox 522 2260 2172 2336; baseline 0.001 -18"><span class='ocrx_word' id='word_1_140' title='bbox 522 2260 670 2318; x_wconf 90' lang='lat' dir='ltr'><strong><em>nihil</em></strong></span> <span class='ocrx_word' id='word_1_141' title='bbox 701 2265 914 2334; x_wconf 86' lang='lat' dir='ltr'><strong><em>potest,</em></strong></span> <span class='ocrx_word' id='word_1_142' title='bbox 946 2261 1247 2334; x_wconf 86' lang='lat' dir='ltr'><strong><em>affligitur.</em></strong></span> <span class='ocrx_word' id='word_1_143' title='bbox 1278 2262 1639 2319; x_wconf 90' lang='lat' dir='ltr'><strong><em>Conditionis</em></strong></span> <span class='ocrx_word' id='word_1_144' title='bbox 1665 2270 1751 2317; x_wconf 87' lang='lat' dir='ltr'><strong><em>est</em></strong></span> <span class='ocrx_word' id='word_1_145' title='bbox 1780 2262 2008 2332; x_wconf 90' lang='lat' dir='ltr'><strong><em>vitium,</em></strong></span> <span class='ocrx_word' id='word_1_146' title='bbox 2033 2264 2172 2336; x_wconf 89' lang='lat' dir='ltr'><strong><em>quia</em></strong></span> 
     </span>
    </p>
   </div>
   <div class='ocr_carea' id='block_1_24' title="bbox 527 2349 2169 2419">
    <p class='ocr_par' dir='ltr' id='par_1_24' title="bbox 527 2349 2169 2419">
     <span class='ocr_line' id='line_1_24' title="bbox 527 2349 2169 2419; baseline 0.002 -16"><span class='ocrx_word' id='word_1_147' title='bbox 527 2350 700 2407; x_wconf 80' lang='lat' dir='ltr'><strong><em>«vita</em></strong></span> <span class='ocrx_word' id='word_1_148' title='bbox 726 2354 927 2407; x_wconf 89' lang='lat' dir='ltr'><strong><em>nostra</em></strong></span> <span class='ocrx_word' id='word_1_149' title='bbox 956 2349 1136 2406; x_wconf 89' lang='lat' dir='ltr'><strong><em>levior</em></strong></span> <span class='ocrx_word' id='word_1_150' title='bbox 1163 2354 1253 2407; x_wconf 90' lang='lat' dir='ltr'><strong><em>est</em></strong></span> <span class='ocrx_word' id='word_1_151' title='bbox 1283 2367 1538 2407; x_wconf 88' lang='lat' dir='ltr'><strong><em>cursore.</em></strong></span> <span class='ocrx_word' id='word_1_152' title='bbox 1573 2350 1887 2419; x_wconf 88' lang='lat' dir='ltr'><strong><em>Transivit,</em></strong></span> <span class='ocrx_word' id='word_1_153' title='bbox 1919 2355 1976 2407; x_wconf 90' lang='lat' dir='ltr'><strong><em>et</em></strong></span> <span class='ocrx_word' id='word_1_154' title='bbox 2020 2352 2169 2408; x_wconf 88' lang='lat' dir='ltr'><strong><em>nihil</em></strong></span> 
     </span>
    </p>
   </div>
   <div class='ocr_carea' id='block_1_25' title="bbox 466 2437 2171 2513">
    <p class='ocr_par' dir='ltr' id='par_1_25' title="bbox 466 2437 2171 2513">
     <span class='ocr_line' id='line_1_25' title="bbox 466 2437 2171 2513; baseline 0.001 -18"><span class='ocrx_word' id='word_1_155' title='bbox 466 2440 481 2445; x_wconf 71' lang='grc'><strong><em>“</em></strong></span> <span class='ocrx_word' id='word_1_156' title='bbox 519 2437 688 2496; x_wconf 86' lang='lat' dir='ltr'><strong><em>vidit.</em></strong></span> <span class='ocrx_word' id='word_1_157' title='bbox 720 2439 1024 2511; x_wconf 87' lang='lat' dir='ltr'><strong><em>Tanquam</em></strong></span> <span class='ocrx_word' id='word_1_158' title='bbox 1064 2438 1228 2495; x_wconf 89' lang='lat' dir='ltr'><strong><em>navis</em></strong></span> <span class='ocrx_word' id='word_1_159' title='bbox 1283 2438 1615 2511; x_wconf 83' lang='lat' dir='ltr'><strong><em>vestigium,</em></strong></span> <span class='ocrx_word' id='word_1_160' title='bbox 1666 2444 1767 2495; x_wconf 91' lang='lat' dir='ltr'><strong><em>aut</em></strong></span> <span class='ocrx_word' id='word_1_161' title='bbox 1812 2440 2022 2513; x_wconf 62' lang='lat' dir='ltr'><strong><em>aquilas</em></strong></span> <span class='ocrx_word' id='word_1_162' title='bbox 2078 2459 2171 2497; x_wconf 84' lang='lat' dir='ltr'><strong><em>vo-</em></strong></span> 
     </span>
    </p>
   </div>
   <div class='ocr_carea' id='block_1_26' title="bbox 522 2526 2170 2602">
    <p class='ocr_par' dir='ltr' id='par_1_26' title="bbox 522 2526 2170 2602">
     <span class='ocr_line' id='line_1_26' title="bbox 522 2526 2170 2602; baseline 0.001 -18"><span class='ocrx_word' id='word_1_163' title='bbox 522 2527 705 2584; x_wconf 89' lang='lat' dir='ltr'><strong><em>tantis</em></strong></span> <span class='ocrx_word' id='word_1_164' title='bbox 736 2531 794 2583; x_wconf 87' lang='lat' dir='ltr'><strong><em>et</em></strong></span> <span class='ocrx_word' id='word_1_165' title='bbox 821 2526 1139 2600; x_wconf 66' lang='lat' dir='ltr'><strong><em>quaerentis</em></strong></span> <span class='ocrx_word' id='word_1_166' title='bbox 1158 2544 1352 2582; x_wconf 87' lang='lat' dir='ltr'><strong><em>escam</em></strong></span> <span class='ocrx_word' id='word_1_167' title='bbox 1386 2528 1545 2600; x_wconf 83' lang='lat' dir='ltr'><strong><em>(Ibid.</em></strong></span> <span class='ocrx_word' id='word_1_168' title='bbox 1577 2530 1667 2593; x_wconf 80' lang='lat'><strong><em>25,</em></strong></span> <span class='ocrx_word' id='word_1_169' title='bbox 1702 2530 1825 2592; x_wconf 84' lang='lat'><strong><em>26);</em></strong></span> <span class='ocrx_word' id='word_1_170' title='bbox 1862 2553 1882 2579; x_wconf 69' lang='grc' dir='ltr'><strong><em>υ</em></strong></span> <span class='ocrx_word' id='word_1_171' title='bbox 1915 2529 1994 2585; x_wconf 87' lang='lat' dir='ltr'><strong><em>ita</em></strong></span> <span class='ocrx_word' id='word_1_172' title='bbox 2024 2547 2170 2602; x_wconf 69' lang='lat' dir='ltr'><strong><em>prin-</em></strong></span> 
     </span>
    </p>
   </div>
   <div class='ocr_carea' id='block_1_27' title="bbox 519 2615 2169 2689">
    <p class='ocr_par' dir='ltr' id='par_1_27' title="bbox 519 2615 2169 2689">
     <span class='ocr_line' id='line_1_27' title="bbox 519 2615 2169 2689; baseline 0.002 -17"><span class='ocrx_word' id='word_1_173' title='bbox 519 2615 658 2673; x_wconf 86' lang='lat' dir='ltr'><strong><em>terit</em></strong></span> <span class='ocrx_word' id='word_1_174' title='bbox 683 2620 742 2672; x_wconf 90' lang='lat' dir='ltr'><strong><em>et</em></strong></span> <span class='ocrx_word' id='word_1_175' title='bbox 763 2615 881 2672; x_wconf 89' lang='lat' dir='ltr'><strong><em>vita</em></strong></span> <span class='ocrx_word' id='word_1_176' title='bbox 910 2615 1189 2672; x_wconf 88' lang='lat' dir='ltr'><strong><em>hominis.</em></strong></span> <span class='ocrx_word' id='word_1_177' title='bbox 1221 2618 1383 2683; x_wconf 86' lang='lat' dir='ltr'><strong><em>Quod</em></strong></span> <span class='ocrx_word' id='word_1_178' title='bbox 1406 2615 1726 2689; x_wconf 88' lang='lat' dir='ltr'><strong><em>loquimur,</em></strong></span> <span class='ocrx_word' id='word_1_179' title='bbox 1749 2617 2169 2687; x_wconf 87' lang='lat' dir='ltr'><strong><em>obliviscimur,</em></strong></span> 
     </span>
    </p>
   </div>
   <div class='ocr_carea' id='block_1_28' title="bbox 523 2704 2168 2779">
    <p class='ocr_par' dir='ltr' id='par_1_28' title="bbox 523 2704 2168 2779">
     <span class='ocr_line' id='line_1_28' title="bbox 523 2704 2168 2779; baseline 0 -16"><span class='ocrx_word' id='word_1_180' title='bbox 523 2722 629 2763; x_wconf 88' lang='lat' dir='ltr'><strong><em>nec</em></strong></span> <span class='ocrx_word' id='word_1_181' title='bbox 659 2704 828 2761; x_wconf 88' lang='lat' dir='ltr'><strong><em>illum</em></strong></span> <span class='ocrx_word' id='word_1_182' title='bbox 858 2706 1148 2761; x_wconf 86' lang='lat' dir='ltr'><strong><em>transitus</em></strong></span> <span class='ocrx_word' id='word_1_183' title='bbox 1182 2705 1367 2761; x_wconf 87' lang='lat' dir='ltr'><strong><em>nostri</em></strong></span> <span class='ocrx_word' id='word_1_184' title='bbox 1411 2705 1642 2778; x_wconf 84' lang='lat' dir='ltr'><strong><em>insigne</em></strong></span> <span class='ocrx_word' id='word_1_185' title='bbox 1694 2706 2168 2779; x_wconf 87' lang='lat' dir='ltr'><strong><em>deprehenditur,</em></strong></span> 
     </span>
    </p>
   </div>
   <div class='ocr_carea' id='block_1_29' title="bbox 522 2792 2171 2869">
    <p class='ocr_par' dir='ltr' id='par_1_29' title="bbox 522 2792 2171 2869">
     <span class='ocr_line' id='line_1_29' title="bbox 522 2792 2171 2869; baseline 0.001 -18"><span class='ocrx_word' id='word_1_186' title='bbox 522 2793 637 2852; x_wconf 89' lang='lat' dir='ltr'><strong><em>nisi</em></strong></span> <span class='ocrx_word' id='word_1_187' title='bbox 662 2796 818 2869; x_wconf 92' lang='lat' dir='ltr'><strong><em>quod</em></strong></span> <span class='ocrx_word' id='word_1_188' title='bbox 850 2793 926 2849; x_wconf 93' lang='lat' dir='ltr'><strong><em>sit</em></strong></span> <span class='ocrx_word' id='word_1_189' title='bbox 953 2792 1194 2866; x_wconf 88' lang='lat' dir='ltr'><strong><em>plenum</em></strong></span> <span class='ocrx_word' id='word_1_190' title='bbox 1236 2794 1502 2849; x_wconf 65' lang='lat' dir='ltr'><strong><em>maeroris</em></strong></span> <span class='ocrx_word' id='word_1_191' title='bbox 1527 2797 1586 2849; x_wconf 91' lang='lat' dir='ltr'><strong><em>et</em></strong></span> <span class='ocrx_word' id='word_1_192' title='bbox 1640 2794 1916 2865; x_wconf 90' lang='lat' dir='ltr'><strong><em>gemitus.</em></strong></span> <span class='ocrx_word' id='word_1_193' title='bbox 1954 2817 1982 2844; x_wconf 84' lang='lat'><strong>«</strong></span> <span class='ocrx_word' id='word_1_194' title='bbox 2023 2795 2171 2853; x_wconf 86' lang='lat' dir='ltr'><strong><em>Con-</em></strong></span> 
     </span>
    </p>
   </div>
   <div class='ocr_carea' id='block_1_30' title="bbox 523 2881 2171 2954">
    <p class='ocr_par' dir='ltr' id='par_1_30' title="bbox 523 2881 2171 2954">
     <span class='ocr_line' id='line_1_30' title="bbox 523 2881 2171 2954; baseline 0.001 -15"><span class='ocrx_word' id='word_1_195' title='bbox 523 2882 734 2949; x_wconf 90' lang='lat' dir='ltr'><strong><em>cutior,</em></strong></span> <span class='ocrx_word' id='word_1_196' title='bbox 763 2881 980 2954; x_wconf 87' lang='lat' dir='ltr'><strong><em>inquit,</em></strong></span> <span class='ocrx_word' id='word_1_197' title='bbox 1011 2882 1288 2938; x_wconf 91' lang='lat' dir='ltr'><strong><em>omnibus</em></strong></span> <span class='ocrx_word' id='word_1_198' title='bbox 1320 2881 1621 2937; x_wconf 89' lang='lat' dir='ltr'><strong><em>membris.</em></strong></span> <span class='ocrx_word' id='word_1_199' title='bbox 1659 2881 1889 2938; x_wconf 87' lang='lat' dir='ltr'><strong><em>Utinam</em></strong></span> <span class='ocrx_word' id='word_1_200' title='bbox 1946 2883 2022 2940; x_wconf 91' lang='lat' dir='ltr'><strong><em>sit</em></strong></span> <span class='ocrx_word' id='word_1_201' title='bbox 2051 2902 2171 2941; x_wconf 88' lang='lat' dir='ltr'><strong><em>me-</em></strong></span> 
     </span>
    </p>
   </div>
   <div class='ocr_carea' id='block_1_31' title="bbox 523 2969 2172 3046">
    <p class='ocr_par' dir='ltr' id='par_1_31' title="bbox 523 2969 2172 3046">
     <span class='ocr_line' id='line_1_31' title="bbox 523 2969 2172 3046; baseline 0.002 -19"><span class='ocrx_word' id='word_1_202' title='bbox 523 2971 716 3027; x_wconf 91' lang='lat' dir='ltr'><strong><em>diator</em></strong></span> <span class='ocrx_word' id='word_1_203' title='bbox 741 2974 942 3027; x_wconf 87' lang='lat' dir='ltr'><strong><em>noster</em></strong></span> <span class='ocrx_word' id='word_1_204' title='bbox 968 2985 1223 3043; x_wconf 89' lang='lat' dir='ltr'><strong><em>arguens</em></strong></span> <span class='ocrx_word' id='word_1_205' title='bbox 1252 2974 1308 3025; x_wconf 89' lang='lat' dir='ltr'><strong><em>et</em></strong></span> <span class='ocrx_word' id='word_1_206' title='bbox 1337 2969 1835 3041; x_wconf 89' lang='lat' dir='ltr'><strong><em>dijudicansinter</em></strong></span> <span class='ocrx_word' id='word_1_207' title='bbox 1856 2975 2172 3046; x_wconf 89' lang='lat' dir='ltr'><strong><em>utrumque</em></strong></span> 
     </span>
    </p>
   </div>
   <div class='ocr_carea' id='block_1_32' title="bbox 526 3058 1373 3131">
    <p class='ocr_par' dir='ltr' id='par_1_32' title="bbox 526 3058 1373 3131">
     <span class='ocr_line' id='line_1_32' title="bbox 526 3058 1373 3131; baseline -0.009 -14"><span class='ocrx_word' id='word_1_208' title='bbox 526 3063 794 3117; x_wconf 89' lang='lat' dir='ltr'><strong><em>nostrum</em></strong></span> <span class='ocrx_word' id='word_1_209' title='bbox 827 3060 944 3131; x_wconf 85' lang='lat' dir='ltr'><strong><em>(Job</em></strong></span> <span class='ocrx_word' id='word_1_210' title='bbox 974 3077 1051 3129; x_wconf 85' lang='lat' dir='ltr'><strong><em>1x,</em></strong></span> <span class='ocrx_word' id='word_1_211' title='bbox 1079 3060 1169 3115; x_wconf 84' lang='lat'><strong><em>28.</em></strong></span> <span class='ocrx_word' id='word_1_212' title='bbox 1196 3058 1310 3127; x_wconf 88' lang='lat'><strong><em>33).</em></strong></span> <span class='ocrx_word' id='word_1_213' title='bbox 1346 3080 1373 3109; x_wconf 75' lang='grc' dir='ltr'><strong>η</strong></span> 
     </span>
    </p>
   </div>
   <div class='ocr_carea' id='block_1_33' title="bbox 592 3147 2171 3220">
    <p class='ocr_par' dir='ltr' id='par_1_33' title="bbox 592 3147 2171 3220">
     <span class='ocr_line' id='line_1_33' title="bbox 592 3147 2171 3220; baseline 0 -15"><span class='ocrx_word' id='word_1_214' title='bbox 592 3150 682 3206; x_wconf 84' lang='grc'><strong><em>47.</em></strong></span> <span class='ocrx_word' id='word_1_215' title='bbox 718 3168 741 3199; x_wconf 81' lang='grc' dir='ltr'>ι</span> <span class='ocrx_word' id='word_1_216' title='bbox 773 3148 975 3205; x_wconf 90' lang='lat' dir='ltr'><strong><em>Dicam</em></strong></span> <span class='ocrx_word' id='word_1_217' title='bbox 1006 3148 1286 3203; x_wconf 91' lang='lat' dir='ltr'><strong><em>Domino:</em></strong></span> <span class='ocrx_word' id='word_1_218' title='bbox 1320 3149 1508 3211; x_wconf 86' lang='lat' dir='ltr'><strong><em>Quare</em></strong></span> <span class='ocrx_word' id='word_1_219' title='bbox 1539 3147 1623 3203; x_wconf 89' lang='lat' dir='ltr'><strong><em>sic</em></strong></span> <span class='ocrx_word' id='word_1_220' title='bbox 1655 3149 2038 3220; x_wconf 87' lang='lat' dir='ltr'><strong><em>mejudicas‘?</em></strong></span> <span class='ocrx_word' id='word_1_221' title='bbox 2086 3155 2171 3205; x_wconf 85' lang='lat' dir='ltr'><strong><em>An</em></strong></span> 
     </span>
    </p>
   </div>
   <div class='ocr_carea' id='block_1_34' title="bbox 1979 344 2468 411">
    <p class='ocr_par' dir='ltr' id='par_1_34' title="bbox 1979 344 2468 411">
     <span class='ocr_line' id='line_1_34' title="bbox 1979 344 2468 411; baseline -0.008 0"><span class='ocrx_word' id='word_1_222' title='bbox 1979 347 2045 411; x_wconf 88' lang='lat' dir='ltr'><strong><em>S.</em></strong></span> <span class='ocrx_word' id='word_1_223' title='bbox 2091 344 2468 409; x_wconf 80' lang='lat' dir='ltr'><strong><em>AMBROSII</em></strong></span> 
     </span>
    </p>
   </div>
   <div class='ocr_carea' id='block_1_35' title="bbox 2193 478 3837 555">
    <p class='ocr_par' dir='ltr' id='par_1_35' title="bbox 2193 478 3837 555">
     <span class='ocr_line' id='line_1_35' title="bbox 2193 478 3837 555; baseline 0.003 -22"><span class='ocrx_word' id='word_1_224' title='bbox 2193 481 2247 546; x_wconf 84' lang='grc' dir='ltr'><strong>Α</strong></span> <span class='ocrx_word' id='word_1_225' title='bbox 2278 480 2506 543; x_wconf 89' lang='lat' dir='ltr'><strong><em>Quanta</em></strong></span> <span class='ocrx_word' id='word_1_226' title='bbox 2535 479 2854 553; x_wconf 89' lang='lat' dir='ltr'><strong><em>deploratio</em></strong></span> <span class='ocrx_word' id='word_1_227' title='bbox 2884 482 3072 538; x_wconf 91' lang='lat' dir='ltr'><strong><em>sancti</em></strong></span> <span class='ocrx_word' id='word_1_228' title='bbox 3099 479 3206 538; x_wconf 91' lang='lat' dir='ltr'><strong><em>viri</em></strong></span> <span class='ocrx_word' id='word_1_229' title='bbox 3231 496 3333 555; x_wconf 87' lang='lat' dir='ltr'><strong><em>pro</em></strong></span> <span class='ocrx_word' id='word_1_230' title='bbox 3352 478 3626 537; x_wconf 88' lang='lat' dir='ltr'><strong><em>communi</em></strong></span> <span class='ocrx_word' id='word_1_231' title='bbox 3645 480 3837 540; x_wconf 81' lang='lat' dir='ltr'><strong><em>inﬁmi-</em></strong></span> 
     </span>
    </p>
   </div>
   <div class='ocr_carea' id='block_1_36' title="bbox 3741 353 3829 414">
    <p class='ocr_par' dir='ltr' id='par_1_36' title="bbox 3741 353 3829 414">
     <span class='ocr_line' id='line_1_36' title="bbox 3741 353 3829 414; baseline -0.011 0"><span class='ocrx_word' id='word_1_232' title='bbox 3741 353 3829 414; x_wconf 71' lang='grc' dir='ltr'><strong><em>θιι</em></strong></span> 
     </span>
    </p>
   </div>
   <div class='ocr_carea' id='block_1_37' title="bbox 2272 569 3840 643">
    <p class='ocr_par' dir='ltr' id='par_1_37' title="bbox 2272 569 3840 643">
     <span class='ocr_line' id='line_1_37' title="bbox 2272 569 3840 643; baseline 0.003 -18"><span class='ocrx_word' id='word_1_233' title='bbox 2272 572 2391 625; x_wconf 88' lang='lat' dir='ltr'><strong><em>tate</em></strong></span> <span class='ocrx_word' id='word_1_234' title='bbox 2447 572 2667 641; x_wconf 87' lang='lat' dir='ltr'><strong><em>quanta</em></strong></span> <span class='ocrx_word' id='word_1_235' title='bbox 2713 570 3113 627; x_wconf 91' lang='lat' dir='ltr'><strong><em>conventionis</em></strong></span> <span class='ocrx_word' id='word_1_236' title='bbox 3170 569 3480 627; x_wconf 87' lang='lat' dir='ltr'><strong><em>auctoritas</em></strong></span> <span class='ocrx_word' id='word_1_237' title='bbox 3530 571 3667 643; x_wconf 87' lang='lat' dir='ltr'><strong><em>quod</em></strong></span> <span class='ocrx_word' id='word_1_238' title='bbox 3718 572 3840 630; x_wconf 79' lang='lat' dir='ltr'><strong><em>Deus</em></strong></span> 
     </span>
    </p>
   </div>
   <div class='ocr_carea' id='block_1_38' title="bbox 2272 656 3843 734">
    <p class='ocr_par' dir='ltr' id='par_1_38' title="bbox 2272 656 3843 734">
     <span class='ocr_line' id='line_1_38' title="bbox 2272 656 3843 734; baseline 0.001 -22"><span class='ocrx_word' id='word_1_239' title='bbox 2272 656 2570 714; x_wconf 90' lang='lat' dir='ltr'><strong><em>hominem</em></strong></span> <span class='ocrx_word' id='word_1_240' title='bbox 2604 658 2879 715; x_wconf 90' lang='lat' dir='ltr'><strong><em>manibus</em></strong></span> <span class='ocrx_word' id='word_1_241' title='bbox 2910 660 3037 715; x_wconf 90' lang='lat' dir='ltr'><strong><em>suis</em></strong></span> <span class='ocrx_word' id='word_1_242' title='bbox 3086 659 3327 716; x_wconf 83' lang='lat' dir='ltr'><strong><em>fecerit?</em></strong></span> <span class='ocrx_word' id='word_1_243' title='bbox 3380 660 3677 716; x_wconf 80' lang='lat' dir='ltr'><strong><em>Excusatur</em></strong></span> <span class='ocrx_word' id='word_1_244' title='bbox 3711 659 3843 734; x_wconf 76' lang='lat' dir='ltr'><strong><em>culpa</em></strong></span> 
     </span>
    </p>
   </div>
   <div class='ocr_carea' id='block_1_39' title="bbox 2274 746 3845 823">
    <p class='ocr_par' dir='ltr' id='par_1_39' title="bbox 2274 746 3845 823">
     <span class='ocr_line' id='line_1_39' title="bbox 2274 746 3845 823; baseline 0.004 -23"><span class='ocrx_word' id='word_1_245' title='bbox 2274 746 2373 803; x_wconf 82' lang='lat' dir='ltr'><strong><em>inti</em></strong></span> <span class='ocrx_word' id='word_1_246' title='bbox 2385 746 2634 803; x_wconf 89' lang='lat' dir='ltr'><strong><em>rmitatis</em></strong></span> <span class='ocrx_word' id='word_1_247' title='bbox 2665 748 2904 804; x_wconf 90' lang='lat' dir='ltr'><strong><em>obtentu</em></strong></span> <span class='ocrx_word' id='word_1_248' title='bbox 2916 792 2928 816; x_wconf 93' lang='lat'><strong><em>,</em></strong></span> <span class='ocrx_word' id='word_1_249' title='bbox 2951 749 3396 805; x_wconf 87' lang='lat' dir='ltr'><strong><em>commendatur</em></strong></span> <span class='ocrx_word' id='word_1_250' title='bbox 3410 748 3584 821; x_wconf 87' lang='lat' dir='ltr'><strong><em>gratia</em></strong></span> <span class='ocrx_word' id='word_1_251' title='bbox 3600 748 3845 823; x_wconf 84' lang='lat' dir='ltr'><strong><em>privilegio</em></strong></span> 
     </span>
    </p>
   </div>
   <div class='ocr_carea' id='block_1_40' title="bbox 2274 834 3850 910">
    <p class='ocr_par' dir='ltr' id='par_1_40' title="bbox 2274 834 3850 910">
     <span class='ocr_line' id='line_1_40' title="bbox 2274 834 3850 910; baseline 0.002 -19"><span class='ocrx_word' id='word_1_252' title='bbox 2274 834 2628 907; x_wconf 86' lang='lat' dir='ltr'><strong><em>operationis</em></strong></span> <span class='ocrx_word' id='word_1_253' title='bbox 2657 840 2903 906; x_wconf 65' lang='lat' dir='ltr'><strong><em>internae,</em></strong></span> <span class='ocrx_word' id='word_1_254' title='bbox 2936 840 2995 892; x_wconf 87' lang='lat' dir='ltr'><strong><em>et</em></strong></span> <span class='ocrx_word' id='word_1_255' title='bbox 3022 836 3398 910; x_wconf 88' lang='lat' dir='ltr'><strong><em>protectionis</em></strong></span> <span class='ocrx_word' id='word_1_256' title='bbox 3426 837 3727 909; x_wconf 85' lang='lat' dir='ltr'><strong><em>dignatione</em></strong></span> <span class='ocrx_word' id='word_1_257' title='bbox 3761 838 3850 909; x_wconf 91' lang='lat'><strong><em>(83)</em></strong></span> 
     </span>
    </p>
   </div>
   <div class='ocr_carea' id='block_1_41' title="bbox 2274 923 3847 998">
    <p class='ocr_par' dir='ltr' id='par_1_41' title="bbox 2274 923 3847 998">
     <span class='ocr_line' id='line_1_41' title="bbox 2274 923 3847 998; baseline 0.002 -19"><span class='ocrx_word' id='word_1_258' title='bbox 2274 923 2547 980; x_wconf 70' lang='lat' dir='ltr'><strong><em>cmlestis.</em></strong></span> <span class='ocrx_word' id='word_1_259' title='bbox 2579 924 2657 981; x_wconf 93' lang='lat' dir='ltr'><strong><em>De</em></strong></span> <span class='ocrx_word' id='word_1_260' title='bbox 2689 942 2805 997; x_wconf 92' lang='lat' dir='ltr'><strong><em>quo</em></strong></span> <span class='ocrx_word' id='word_1_261' title='bbox 2825 924 2953 981; x_wconf 89' lang='lat' dir='ltr'><strong><em>loco</em></strong></span> <span class='ocrx_word' id='word_1_262' title='bbox 2984 926 3163 982; x_wconf 89' lang='lat' dir='ltr'><strong><em>etiam</em></strong></span> <span class='ocrx_word' id='word_1_263' title='bbox 3190 925 3365 983; x_wconf 86' lang='lat' dir='ltr'><strong><em>David</em></strong></span> <span class='ocrx_word' id='word_1_264' title='bbox 3396 924 3750 998; x_wconf 86' lang='lat' dir='ltr'><strong><em>pulcherrime</em></strong></span> <span class='ocrx_word' id='word_1_265' title='bbox 3784 926 3847 982; x_wconf 85' lang='lat' dir='ltr'><strong><em>lo-</em></strong></span> 
     </span>
    </p>
   </div>
   <div class='ocr_carea' id='block_1_42' title="bbox 2274 1014 3852 1087">
    <p class='ocr_par' dir='ltr' id='par_1_42' title="bbox 2274 1014 3852 1087">
     <span class='ocr_line' id='line_1_42' title="bbox 2274 1014 3852 1087; baseline 0.001 -19"><span class='ocrx_word' id='word_1_266' title='bbox 2274 1017 2447 1069; x_wconf 90' lang='lat' dir='ltr'><strong><em>cutus</em></strong></span> <span class='ocrx_word' id='word_1_267' title='bbox 2477 1016 2566 1069; x_wconf 89' lang='lat' dir='ltr'><strong><em>est</em></strong></span> <span class='ocrx_word' id='word_1_268' title='bbox 2595 1014 2820 1071; x_wconf 89' lang='lat' dir='ltr'><strong><em>dicens:</em></strong></span> <span class='ocrx_word' id='word_1_269' title='bbox 2855 1037 2884 1065; x_wconf 87' lang='grc'><strong><em>‹‹</em></strong></span> <span class='ocrx_word' id='word_1_270' title='bbox 2917 1015 3064 1080; x_wconf 88' lang='lat' dir='ltr'><strong><em>Quid</em></strong></span> <span class='ocrx_word' id='word_1_271' title='bbox 3098 1019 3188 1071; x_wconf 88' lang='lat' dir='ltr'><strong><em>est</em></strong></span> <span class='ocrx_word' id='word_1_272' title='bbox 3246 1015 3443 1084; x_wconf 89' lang='lat' dir='ltr'><strong><em>homo,</em></strong></span> <span class='ocrx_word' id='word_1_273' title='bbox 3489 1014 3629 1087; x_wconf 91' lang='lat' dir='ltr'><strong><em>quod</em></strong></span> <span class='ocrx_word' id='word_1_274' title='bbox 3673 1031 3852 1070; x_wconf 83' lang='lat' dir='ltr'><strong><em>memor</em></strong></span> 
     </span>
    </p>
   </div>
   <div class='ocr_carea' id='block_1_43' title="bbox 2274 1102 3852 1177">
    <p class='ocr_par' dir='ltr' id='par_1_43' title="bbox 2274 1102 3852 1177">
     <span class='ocr_line' id='line_1_43' title="bbox 2274 1102 3852 1177; baseline 0.001 -20"><span class='ocrx_word' id='word_1_275' title='bbox 2274 1118 2336 1157; x_wconf 88' lang='lat' dir='ltr'><strong><em>es</em></strong></span> <span class='ocrx_word' id='word_1_276' title='bbox 2358 1103 2488 1173; x_wconf 84' lang='lat' dir='ltr'><strong><em>ejus</em></strong></span> <span class='ocrx_word' id='word_1_277' title='bbox 2506 1120 2519 1169; x_wconf 93' lang='lat'><strong><em>;</em></strong></span> <span class='ocrx_word' id='word_1_278' title='bbox 2536 1107 2640 1157; x_wconf 90' lang='lat' dir='ltr'><strong><em>aut</em></strong></span> <span class='ocrx_word' id='word_1_279' title='bbox 2664 1102 2820 1159; x_wconf 81' lang='lat' dir='ltr'><strong><em>filius</em></strong></span> <span class='ocrx_word' id='word_1_280' title='bbox 2843 1104 3123 1173; x_wconf 90' lang='lat' dir='ltr'><strong><em>hominis,</em></strong></span> <span class='ocrx_word' id='word_1_281' title='bbox 3149 1103 3261 1161; x_wconf 90' lang='lat' dir='ltr'><strong><em>nisi</em></strong></span> <span class='ocrx_word' id='word_1_282' title='bbox 3278 1104 3414 1177; x_wconf 90' lang='lat' dir='ltr'><strong><em>quia</em></strong></span> <span class='ocrx_word' id='word_1_283' title='bbox 3426 1103 3616 1160; x_wconf 86' lang='lat' dir='ltr'><strong><em>visitas</em></strong></span> <span class='ocrx_word' id='word_1_284' title='bbox 3642 1105 3852 1176; x_wconf 68' lang='lat' dir='ltr'><strong><em>eum(8t)</em></strong></span> 
     </span>
    </p>
   </div>
   <div class='ocr_carea' id='block_1_44' title="bbox 2275 1191 2793 1264">
    <p class='ocr_par' dir='ltr' id='par_1_44' title="bbox 2275 1191 2793 1264">
     <span class='ocr_line' id='line_1_44' title="bbox 2275 1191 2793 1264; baseline -0.01 -18"><span class='ocrx_word' id='word_1_285' title='bbox 2275 1191 2455 1264; x_wconf 81' lang='lat' dir='ltr'><strong><em>(Psat.</em></strong></span> <span class='ocrx_word' id='word_1_286' title='bbox 2486 1209 2611 1259; x_wconf 87' lang='lat' dir='ltr'><strong><em>vm,</em></strong></span> <span class='ocrx_word' id='word_1_287' title='bbox 2642 1193 2739 1264; x_wconf 83' lang='lat'><strong><em>5)?</em></strong></span> <span class='ocrx_word' id='word_1_288' title='bbox 2766 1215 2793 1241; x_wconf 83' lang='grc'><strong>››</strong></span> 
     </span>
    </p>
   </div>
   <div class='ocr_carea' id='block_1_45' title="bbox 2348 1280 3855 1354">
    <p class='ocr_par' dir='ltr' id='par_1_45' title="bbox 2348 1280 3855 1354">
     <span class='ocr_line' id='line_1_45' title="bbox 2348 1280 3855 1354; baseline 0.001 -18"><span class='ocrx_word' id='word_1_289' title='bbox 2348 1281 2500 1337; x_wconf 74' lang='lat'><strong><em>083</em></strong></span> <span class='ocrx_word' id='word_1_290' title='bbox 2535 1281 2620 1336; x_wconf 84' lang='grc'><strong><em>19.</em></strong></span> <span class='ocrx_word' id='word_1_291' title='bbox 2655 1304 2684 1331; x_wconf 83' lang='grc'><strong><em>‹‹</em></strong></span> <span class='ocrx_word' id='word_1_292' title='bbox 2718 1283 2859 1338; x_wconf 65' lang='grc' dir='ltr'><em>Ηεεσ.</em></span> <span class='ocrx_word' id='word_1_293' title='bbox 2892 1282 3103 1354; x_wconf 89' lang='lat' dir='ltr'><strong><em>inquit,</em></strong></span> <span class='ocrx_word' id='word_1_294' title='bbox 3134 1282 3316 1339; x_wconf 88' lang='lat' dir='ltr'><strong><em>babes</em></strong></span> <span class='ocrx_word' id='word_1_295' title='bbox 3370 1282 3431 1337; x_wconf 90' lang='lat' dir='ltr'><strong><em>in</em></strong></span> <span class='ocrx_word' id='word_1_296' title='bbox 3460 1285 3540 1337; x_wconf 90' lang='lat' dir='ltr'><strong><em>te:</em></strong></span> <span class='ocrx_word' id='word_1_297' title='bbox 3598 1282 3713 1337; x_wconf 86' lang='lat' dir='ltr'><strong><em>novi</em></strong></span> <span class='ocrx_word' id='word_1_298' title='bbox 3748 1280 3855 1353; x_wconf 77' lang='lat' dir='ltr'><strong><em>quia</em></strong></span> 
     </span>
    </p>
   </div>
   <div class='ocr_carea' id='block_1_46' title="bbox 2276 1368 3856 1444">
    <p class='ocr_par' dir='ltr' id='par_1_46' title="bbox 2276 1368 3856 1444">
     <span class='ocr_line' id='line_1_46' title="bbox 2276 1368 3856 1444; baseline 0.001 -20"><span class='ocrx_word' id='word_1_299' title='bbox 2276 1368 2475 1424; x_wconf 88' lang='lat' dir='ltr'><strong><em>omnia</em></strong></span> <span class='ocrx_word' id='word_1_300' title='bbox 2502 1374 2688 1441; x_wconf 84' lang='lat' dir='ltr'><strong><em>potes,</em></strong></span> <span class='ocrx_word' id='word_1_301' title='bbox 2713 1370 3072 1444; x_wconf 86' lang='lat' dir='ltr'><strong><em>impossibile</em></strong></span> <span class='ocrx_word' id='word_1_302' title='bbox 3097 1375 3289 1427; x_wconf 86' lang='lat' dir='ltr'><strong><em>autem</em></strong></span> <span class='ocrx_word' id='word_1_303' title='bbox 3319 1370 3425 1427; x_wconf 90' lang='lat' dir='ltr'><strong><em>tibi</em></strong></span> <span class='ocrx_word' id='word_1_304' title='bbox 3477 1370 3633 1427; x_wconf 89' lang='lat' dir='ltr'><strong><em>nihil.</em></strong></span> <span class='ocrx_word' id='word_1_305' title='bbox 3662 1371 3716 1425; x_wconf 83' lang='lat' dir='ltr'><strong><em>Si</em></strong></span> <span class='ocrx_word' id='word_1_306' title='bbox 3732 1371 3856 1426; x_wconf 87' lang='lat' dir='ltr'><strong><em>enim</em></strong></span> 
     </span>
    </p>
   </div>
   <div class='ocr_carea' id='block_1_47' title="bbox 2279 1459 3855 1532">
    <p class='ocr_par' dir='ltr' id='par_1_47' title="bbox 2279 1459 3855 1532">
     <span class='ocr_line' id='line_1_47' title="bbox 2279 1459 3855 1532; baseline 0.003 -21"><span class='ocrx_word' id='word_1_307' title='bbox 2279 1473 2605 1529; x_wconf 85' lang='lat' dir='ltr'><strong><em>peccavero,</em></strong></span> <span class='ocrx_word' id='word_1_308' title='bbox 2639 1460 2935 1516; x_wconf 79' lang='lat' dir='ltr'><strong><em>custodias</em></strong></span> <span class='ocrx_word' id='word_1_309' title='bbox 2965 1476 3079 1529; x_wconf 85' lang='lat' dir='ltr'><strong><em>me,</em></strong></span> <span class='ocrx_word' id='word_1_310' title='bbox 3112 1460 3185 1516; x_wconf 88' lang='lat' dir='ltr'><strong><em>ab</em></strong></span> <span class='ocrx_word' id='word_1_311' title='bbox 3215 1459 3522 1532; x_wconf 87' lang='lat' dir='ltr'><strong><em>iniquitate</em></strong></span> <span class='ocrx_word' id='word_1_312' title='bbox 3552 1463 3726 1516; x_wconf 87' lang='lat' dir='ltr'><strong><em>autem</em></strong></span> <span class='ocrx_word' id='word_1_313' title='bbox 3773 1460 3855 1515; x_wconf 88' lang='lat' dir='ltr'><strong><em>im-</em></strong></span> 
     </span>
    </p>
   </div>
   <div class='ocr_carea' id='block_1_48' title="bbox 2279 1546 3860 1620">
    <p class='ocr_par' dir='ltr' id='par_1_48' title="bbox 2279 1546 3860 1620">
     <span class='ocr_line' id='line_1_48' title="bbox 2279 1546 3860 1620; baseline 0.002 -19"><span class='ocrx_word' id='word_1_314' title='bbox 2279 1546 2638 1601; x_wconf 78' lang='lat' dir='ltr'><strong><em>maculatum</em></strong></span> <span class='ocrx_word' id='word_1_315' title='bbox 2672 1563 2764 1603; x_wconf 91' lang='lat' dir='ltr'><strong><em>me</em></strong></span> <span class='ocrx_word' id='word_1_316' title='bbox 2798 1565 2911 1602; x_wconf 88' lang='lat' dir='ltr'><strong><em>non</em></strong></span> <span class='ocrx_word' id='word_1_317' title='bbox 2965 1547 3170 1605; x_wconf 80' lang='lat' dir='ltr'><strong><em>fecisti.</em></strong></span> <span class='ocrx_word' id='word_1_318' title='bbox 3219 1549 3276 1602; x_wconf 86' lang='lat' dir='ltr'><strong><em>Si</em></strong></span> <span class='ocrx_word' id='word_1_319' title='bbox 3331 1548 3548 1620; x_wconf 88' lang='lat' dir='ltr'><strong><em>impius</em></strong></span> <span class='ocrx_word' id='word_1_320' title='bbox 3602 1548 3760 1616; x_wconf 85' lang='lat' dir='ltr'><strong><em>fuero,</em></strong></span> <span class='ocrx_word' id='word_1_321' title='bbox 3798 1564 3860 1604; x_wconf 74' lang='lat' dir='ltr'><strong><em>ve</em></strong></span> 
     </span>
    </p>
   </div>
   <div class='ocr_carea' id='block_1_49' title="bbox 2281 1635 3859 1709">
    <p class='ocr_par' dir='ltr' id='par_1_49' title="bbox 2281 1635 3859 1709">
     <span class='ocr_line' id='line_1_49' title="bbox 2281 1635 3859 1709; baseline 0.001 -19"><span class='ocrx_word' id='word_1_322' title='bbox 2281 1635 2423 1690; x_wconf 90' lang='lat' dir='ltr'><strong><em>mihi</em></strong></span> <span class='ocrx_word' id='word_1_323' title='bbox 2449 1635 2460 1688; x_wconf 90' lang='lat'>!</span> <span class='ocrx_word' id='word_1_324' title='bbox 2485 1636 2540 1691; x_wconf 89' lang='lat' dir='ltr'><strong><em>Si</em></strong></span> <span class='ocrx_word' id='word_1_325' title='bbox 2568 1638 2678 1691; x_wconf 89' lang='lat' dir='ltr'><strong><em>sim</em></strong></span> <span class='ocrx_word' id='word_1_326' title='bbox 2701 1637 2917 1706; x_wconf 84' lang='lat' dir='ltr'><strong><em>justus,</em></strong></span> <span class='ocrx_word' id='word_1_327' title='bbox 2934 1654 3046 1692; x_wconf 89' lang='lat' dir='ltr'><strong><em>non</em></strong></span> <span class='ocrx_word' id='word_1_328' title='bbox 3062 1653 3303 1709; x_wconf 88' lang='lat' dir='ltr'><strong><em>possum</em></strong></span> <span class='ocrx_word' id='word_1_329' title='bbox 3330 1647 3423 1692; x_wconf 89' lang='lat' dir='ltr'><strong><em>me</em></strong></span> <span class='ocrx_word' id='word_1_330' title='bbox 3447 1638 3672 1709; x_wconf 89' lang='lat' dir='ltr'><strong><em>erigere.</em></strong></span> <span class='ocrx_word' id='word_1_331' title='bbox 3693 1636 3859 1692; x_wconf 87' lang='lat' dir='ltr'><strong><em>Plenus</em></strong></span> 
     </span>
    </p>
   </div>
   <div class='ocr_carea' id='block_1_50' title="bbox 2278 1725 3861 1799">
    <p class='ocr_par' dir='ltr' id='par_1_50' title="bbox 2278 1725 3861 1799">
     <span class='ocr_line' id='line_1_50' title="bbox 2278 1725 3861 1799; baseline 0 -20"><span class='ocrx_word' id='word_1_332' title='bbox 2278 1742 2409 1779; x_wconf 87' lang='lat' dir='ltr'><strong><em>sum</em></strong></span> <span class='ocrx_word' id='word_1_333' title='bbox 2425 1725 2578 1780; x_wconf 90' lang='lat' dir='ltr'><strong><em>enim</em></strong></span> <span class='ocrx_word' id='word_1_334' title='bbox 2593 1726 2977 1787; x_wconf 82' lang='lat' dir='ltr'><strong><em>confusionis.</em></strong></span> <span class='ocrx_word' id='word_1_335' title='bbox 3002 1725 3482 1799; x_wconf 89' lang='lat' dir='ltr'><strong><em>investigorsicut</em></strong></span> <span class='ocrx_word' id='word_1_336' title='bbox 3501 1725 3586 1781; x_wconf 85' lang='lat' dir='ltr'><strong><em>leo</em></strong></span> <span class='ocrx_word' id='word_1_337' title='bbox 3611 1726 3676 1781; x_wconf 89' lang='lat' dir='ltr'><strong><em>ad</em></strong></span> <span class='ocrx_word' id='word_1_338' title='bbox 3704 1741 3861 1781; x_wconf 82' lang='lat' dir='ltr'><strong><em>necem</em></strong></span> 
     </span>
    </p>
   </div>
   <div class='ocr_carea' id='block_1_51' title="bbox 2208 1813 3861 1913">
    <p class='ocr_par' dir='ltr' id='par_1_51' title="bbox 2208 1813 3861 1913">
     <span class='ocr_line' id='line_1_51' title="bbox 2208 1813 3861 1913; baseline -0.002 -42"><span class='ocrx_word' id='word_1_339' title='bbox 2208 1849 2256 1913; x_wconf 85' lang='lat' dir='ltr'><strong>B</strong></span> <span class='ocrx_word' id='word_1_340' title='bbox 2286 1815 2409 1885; x_wconf 83' lang='lat' dir='ltr'><strong><em>(Job</em></strong></span> <span class='ocrx_word' id='word_1_341' title='bbox 2440 1832 2495 1879; x_wconf 85' lang='lat' dir='ltr'><strong><em>x,</em></strong></span> <span class='ocrx_word' id='word_1_342' title='bbox 2533 1816 2731 1887; x_wconf 58' lang='lat'><strong><em>1346).</em></strong></span> <span class='ocrx_word' id='word_1_343' title='bbox 2770 1838 2791 1863; x_wconf 71' lang='grc' dir='ltr'><strong><em>ι»</em></strong></span> <span class='ocrx_word' id='word_1_344' title='bbox 2817 1815 3135 1871; x_wconf 68' lang='lat' dir='ltr'><strong><em>Vide&#39;tria:</em></strong></span> <span class='ocrx_word' id='word_1_345' title='bbox 3173 1838 3202 1864; x_wconf 84' lang='lat'><strong><em>«</em></strong></span> <span class='ocrx_word' id='word_1_346' title='bbox 3235 1814 3293 1871; x_wconf 90' lang='lat' dir='ltr'><strong><em>Si</em></strong></span> <span class='ocrx_word' id='word_1_347' title='bbox 3328 1832 3652 1888; x_wconf 81' lang='lat' dir='ltr'><strong><em>peccavero,</em></strong></span> <span class='ocrx_word' id='word_1_348' title='bbox 3695 1813 3861 1886; x_wconf 88' lang='lat' dir='ltr'><strong><em>inquit,</em></strong></span> 
     </span>
    </p>
   </div>
   <div class='ocr_carea' id='block_1_52' title="bbox 2285 1904 3862 1976">
    <p class='ocr_par' dir='ltr' id='par_1_52' title="bbox 2285 1904 3862 1976">
     <span class='ocr_line' id='line_1_52' title="bbox 2285 1904 3862 1976; baseline -0.001 -18"><span class='ocrx_word' id='word_1_349' title='bbox 2285 1904 2577 1958; x_wconf 84' lang='lat' dir='ltr'><strong><em>custodies</em></strong></span> <span class='ocrx_word' id='word_1_350' title='bbox 2609 1921 2720 1959; x_wconf 91' lang='lat' dir='ltr'><strong><em>me.</em></strong></span> <span class='ocrx_word' id='word_1_351' title='bbox 2758 1926 2785 1952; x_wconf 85' lang='lat'>»</span> <span class='ocrx_word' id='word_1_352' title='bbox 2819 1905 2884 1959; x_wconf 86' lang='lat' dir='ltr'><strong><em>Et</em></strong></span> <span class='ocrx_word' id='word_1_353' title='bbox 2915 1904 3065 1971; x_wconf 91' lang='lat' dir='ltr'><strong><em>ideo,</em></strong></span> <span class='ocrx_word' id='word_1_354' title='bbox 3098 1921 3130 1960; x_wconf 93' lang='grc' dir='ltr'>ο</span> <span class='ocrx_word' id='word_1_355' title='bbox 3162 1904 3359 1973; x_wconf 89' lang='lat' dir='ltr'><strong><em>homo,</em></strong></span> <span class='ocrx_word' id='word_1_356' title='bbox 3384 1904 3561 1961; x_wconf 85' lang='lat' dir='ltr'><strong><em>fatere</em></strong></span> <span class='ocrx_word' id='word_1_357' title='bbox 3595 1907 3862 1976; x_wconf 85' lang='lat' dir='ltr'><strong><em>peccatum,</em></strong></span> 
     </span>
    </p>
   </div>
   <div class='ocr_carea' id='block_1_53' title="bbox 2281 1992 3860 2065">
    <p class='ocr_par' dir='ltr' id='par_1_53' title="bbox 2281 1992 3860 2065">
     <span class='ocr_line' id='line_1_53' title="bbox 2281 1992 3860 2065; baseline -0.001 -18"><span class='ocrx_word' id='word_1_358' title='bbox 2281 1996 2347 2047; x_wconf 91' lang='lat' dir='ltr'><strong><em>ut</em></strong></span> <span class='ocrx_word' id='word_1_359' title='bbox 2376 1992 2602 2047; x_wconf 77' lang='lat' dir='ltr'><strong><em>veniam</em></strong></span> <span class='ocrx_word' id='word_1_360' title='bbox 2639 1992 3052 2065; x_wconf 79' lang='lat' dir='ltr'><strong><em>consequaris:</em></strong></span> <span class='ocrx_word' id='word_1_361' title='bbox 3086 2016 3114 2043; x_wconf 87' lang='grc'><strong><em>‹‹</em></strong></span> <span class='ocrx_word' id='word_1_362' title='bbox 3146 1993 3268 2061; x_wconf 91' lang='lat' dir='ltr'><strong><em>Dic,</em></strong></span> <span class='ocrx_word' id='word_1_363' title='bbox 3302 1993 3516 2065; x_wconf 89' lang='lat' dir='ltr'><strong><em>inquit,</em></strong></span> <span class='ocrx_word' id='word_1_364' title='bbox 3573 1992 3860 2064; x_wconf 82' lang='lat' dir='ltr'><strong><em>iniquitates</em></strong></span> 
     </span>
    </p>
   </div>
   <div class='ocr_carea' id='block_1_54' title="bbox 2280 2078 3866 2153">
    <p class='ocr_par' dir='ltr' id='par_1_54' title="bbox 2280 2078 3866 2153">
     <span class='ocr_line' id='line_1_54' title="bbox 2280 2078 3866 2153; baseline -0.002 -17"><span class='ocrx_word' id='word_1_365' title='bbox 2280 2084 2433 2145; x_wconf 86' lang='lat' dir='ltr'><strong><em>tuas,</em></strong></span> <span class='ocrx_word' id='word_1_366' title='bbox 2468 2085 2533 2136; x_wconf 89' lang='lat' dir='ltr'><strong><em>ut</em></strong></span> <span class='ocrx_word' id='word_1_367' title='bbox 2555 2082 2699 2153; x_wconf 86' lang='lat' dir='ltr'><strong><em>justi</em></strong></span> <span class='ocrx_word' id='word_1_368' title='bbox 2711 2082 2897 2137; x_wconf 80' lang='lat' dir='ltr'><strong><em>ﬁceris</em></strong></span> <span class='ocrx_word' id='word_1_369' title='bbox 2928 2083 3055 2152; x_wconf 87' lang='lat' dir='ltr'><strong><em>(Isa.</em></strong></span> <span class='ocrx_word' id='word_1_370' title='bbox 3083 2099 3242 2146; x_wconf 78' lang='lat' dir='ltr'><strong><em>mn,</em></strong></span> <span class='ocrx_word' id='word_1_371' title='bbox 3265 2083 3376 2153; x_wconf 84' lang='lat'><strong><em>26).</em></strong></span> <span class='ocrx_word' id='word_1_372' title='bbox 3413 2105 3440 2131; x_wconf 85' lang='grc'><strong><em>››</em></strong></span> <span class='ocrx_word' id='word_1_373' title='bbox 3458 2081 3602 2148; x_wconf 90' lang='lat' dir='ltr'><strong><em>Quid</em></strong></span> <span class='ocrx_word' id='word_1_374' title='bbox 3624 2078 3866 2137; x_wconf 80' lang='lat' dir='ltr'><strong><em>erubescis</em></strong></span> 
     </span>
    </p>
   </div>
   <div class='ocr_carea' id='block_1_55' title="bbox 2282 2168 3866 2242">
    <p class='ocr_par' dir='ltr' id='par_1_55' title="bbox 2282 2168 3866 2242">
     <span class='ocr_line' id='line_1_55' title="bbox 2282 2168 3866 2242; baseline -0.003 -17"><span class='ocrx_word' id='word_1_375' title='bbox 2282 2170 2445 2225; x_wconf 78' lang='lat' dir='ltr'><strong><em>fateri</em></strong></span> <span class='ocrx_word' id='word_1_376' title='bbox 2476 2187 2573 2225; x_wconf 79' lang='lat' dir='ltr'><strong><em>eas</em></strong></span> <span class='ocrx_word' id='word_1_377' title='bbox 2606 2169 2664 2224; x_wconf 89' lang='lat' dir='ltr'><strong><em>in</em></strong></span> <span class='ocrx_word' id='word_1_378' title='bbox 2697 2170 3661 2242; x_wconf 80' lang='lat' dir='ltr'><strong><em>qnibusnatuses?Negantis,non</em></strong></span> <span class='ocrx_word' id='word_1_379' title='bbox 3684 2168 3866 2223; x_wconf 87' lang='lat' dir='ltr'><strong><em>fatentis</em></strong></span> 
     </span>
    </p>
   </div>
   <div class='ocr_carea' id='block_1_56' title="bbox 2282 2254 3865 2332">
    <p class='ocr_par' dir='ltr' id='par_1_56' title="bbox 2282 2254 3865 2332">
     <span class='ocr_line' id='line_1_56' title="bbox 2282 2254 3865 2332; baseline -0.002 -19"><span class='ocrx_word' id='word_1_380' title='bbox 2282 2259 2500 2313; x_wconf 87' lang='lat' dir='ltr'><strong><em>crimen</em></strong></span> <span class='ocrx_word' id='word_1_381' title='bbox 2533 2263 2641 2325; x_wconf 90' lang='lat' dir='ltr'><strong><em>est,</em></strong></span> <span class='ocrx_word' id='word_1_382' title='bbox 2675 2276 2885 2331; x_wconf 75' lang='lat' dir='ltr'><strong><em>negare</em></strong></span> <span class='ocrx_word' id='word_1_383' title='bbox 2916 2259 3072 2332; x_wconf 84' lang='lat' dir='ltr'><strong><em>quod</em></strong></span> <span class='ocrx_word' id='word_1_384' title='bbox 3106 2262 3282 2314; x_wconf 89' lang='lat' dir='ltr'><strong><em>natus</em></strong></span> <span class='ocrx_word' id='word_1_385' title='bbox 3312 2259 3416 2316; x_wconf 89' lang='lat' dir='ltr'><strong><em>sis.</em></strong></span> <span class='ocrx_word' id='word_1_386' title='bbox 3441 2259 3598 2323; x_wconf 86' lang='lat' dir='ltr'><strong><em>Quod</em></strong></span> <span class='ocrx_word' id='word_1_387' title='bbox 3626 2254 3865 2330; x_wconf 83' lang='lat' dir='ltr'><strong><em>accepisti.</em></strong></span> 
     </span>
    </p>
   </div>
   <div class='ocr_carea' id='block_1_57' title="bbox 2282 2347 3869 2420">
    <p class='ocr_par' dir='ltr' id='par_1_57' title="bbox 2282 2347 3869 2420">
     <span class='ocr_line' id='line_1_57' title="bbox 2282 2347 3869 2420; baseline -0.002 -18"><span class='ocrx_word' id='word_1_388' title='bbox 2282 2348 2508 2403; x_wconf 86' lang='lat' dir='ltr'><strong><em>utinam</em></strong></span> <span class='ocrx_word' id='word_1_389' title='bbox 2542 2365 2755 2403; x_wconf 88' lang='lat' dir='ltr'><strong><em>serves.</em></strong></span> <span class='ocrx_word' id='word_1_390' title='bbox 2790 2352 2902 2403; x_wconf 90' lang='lat' dir='ltr'><strong><em>Cur</em></strong></span> <span class='ocrx_word' id='word_1_391' title='bbox 2931 2353 3103 2419; x_wconf 87' lang='lat' dir='ltr'><strong><em>putas</em></strong></span> <span class='ocrx_word' id='word_1_392' title='bbox 3132 2352 3189 2403; x_wconf 90' lang='lat' dir='ltr'><strong><em>te</em></strong></span> <span class='ocrx_word' id='word_1_393' title='bbox 3219 2347 3433 2405; x_wconf 89' lang='lat' dir='ltr'><strong><em>habere</em></strong></span> <span class='ocrx_word' id='word_1_394' title='bbox 3465 2348 3615 2420; x_wconf 89' lang='lat' dir='ltr'><strong><em>quod</em></strong></span> <span class='ocrx_word' id='word_1_395' title='bbox 3660 2363 3759 2402; x_wconf 89' lang='lat' dir='ltr'><strong><em>non</em></strong></span> <span class='ocrx_word' id='word_1_396' title='bbox 3804 2361 3869 2399; x_wconf 82' lang='lat' dir='ltr'><strong><em>ac-</em></strong></span> 
     </span>
    </p>
   </div>
   <div class='ocr_carea' id='block_1_58' title="bbox 2282 2434 3867 2509">
    <p class='ocr_par' dir='ltr' id='par_1_58' title="bbox 2282 2434 3867 2509">
     <span class='ocr_line' id='line_1_58' title="bbox 2282 2434 3867 2509; baseline -0.003 -18"><span class='ocrx_word' id='word_1_397' title='bbox 2282 2437 2503 2506; x_wconf 82' lang='lat' dir='ltr'><strong><em>ceperis</em></strong></span> <span class='ocrx_word' id='word_1_398' title='bbox 2520 2437 2547 2492; x_wconf 86' lang='lat'><strong>?</strong></span> <span class='ocrx_word' id='word_1_399' title='bbox 2570 2438 2717 2509; x_wconf 84' lang='lat' dir='ltr'><strong><em>Ergo</em></strong></span> <span class='ocrx_word' id='word_1_400' title='bbox 2740 2442 3009 2509; x_wconf 83' lang='lat' dir='ltr'><strong><em>peccator</em></strong></span> <span class='ocrx_word' id='word_1_401' title='bbox 3030 2437 3299 2506; x_wconf 88' lang='lat' dir='ltr'><strong><em>fateatur,</em></strong></span> <span class='ocrx_word' id='word_1_402' title='bbox 3319 2437 3541 2509; x_wconf 87' lang='lat' dir='ltr'><strong><em>impius</em></strong></span> <span class='ocrx_word' id='word_1_403' title='bbox 3558 2434 3867 2507; x_wconf 84' lang='lat' dir='ltr'><strong><em>ingemiscat,</em></strong></span> 
     </span>
    </p>
   </div>
   <div class='ocr_carea' id='block_1_59' title="bbox 2273 2524 3869 2599">
    <p class='ocr_par' dir='ltr' id='par_1_59' title="bbox 2273 2524 3869 2599">
     <span class='ocr_line' id='line_1_59' title="bbox 2273 2524 3869 2599; baseline -0.003 -19"><span class='ocrx_word' id='word_1_404' title='bbox 2273 2528 2475 2597; x_wconf 89' lang='lat' dir='ltr'><strong><em>justus</em></strong></span> <span class='ocrx_word' id='word_1_405' title='bbox 2508 2543 2622 2581; x_wconf 92' lang='lat' dir='ltr'><strong><em>non</em></strong></span> <span class='ocrx_word' id='word_1_406' title='bbox 2655 2544 2716 2581; x_wconf 88' lang='lat' dir='ltr'><strong><em>se</em></strong></span> <span class='ocrx_word' id='word_1_407' title='bbox 2742 2526 2926 2598; x_wconf 84' lang='lat' dir='ltr'><strong><em>erigat</em></strong></span> <span class='ocrx_word' id='word_1_408' title='bbox 2947 2530 3003 2582; x_wconf 90' lang='lat' dir='ltr'><strong><em>et</em></strong></span> <span class='ocrx_word' id='word_1_409' title='bbox 3031 2524 3288 2589; x_wconf 86' lang='lat' dir='ltr'><strong><em>extollat,</em></strong></span> <span class='ocrx_word' id='word_1_410' title='bbox 3307 2543 3380 2581; x_wconf 90' lang='lat' dir='ltr'><strong><em>ne</em></strong></span> <span class='ocrx_word' id='word_1_411' title='bbox 3411 2543 3516 2599; x_wconf 90' lang='lat' dir='ltr'><strong><em>per</em></strong></span> <span class='ocrx_word' id='word_1_412' title='bbox 3539 2524 3869 2598; x_wconf 80' lang='lat' dir='ltr'><strong><em>arrogantiam</em></strong></span> 
     </span>
    </p>
   </div>
   <div class='ocr_carea' id='block_1_60' title="bbox 2283 2616 3086 2685">
    <p class='ocr_par' dir='ltr' id='par_1_60' title="bbox 2283 2616 3086 2685">
     <span class='ocr_line' id='line_1_60' title="bbox 2283 2616 3086 2685; baseline 0.002 -16"><span class='ocrx_word' id='word_1_413' title='bbox 2283 2616 2534 2670; x_wconf 80' lang='lat' dir='ltr'><strong><em>fructum</em></strong></span> <span class='ocrx_word' id='word_1_414' title='bbox 2564 2616 2806 2685; x_wconf 69' lang='lat' dir='ltr'><strong><em>justitizr</em></strong></span> <span class='ocrx_word' id='word_1_415' title='bbox 2840 2616 3086 2671; x_wconf 86' lang='lat' dir='ltr'><strong><em>amittat.</em></strong></span> 
     </span>
    </p>
   </div>
   <div class='ocr_carea' id='block_1_61' title="bbox 2350 2705 3874 2776">
    <p class='ocr_par' dir='ltr' id='par_1_61' title="bbox 2350 2705 3874 2776">
     <span class='ocr_line' id='line_1_61' title="bbox 2350 2705 3874 2776; baseline -0.002 -18"><span class='ocrx_word' id='word_1_416' title='bbox 2350 2705 2439 2758; x_wconf 83' lang='lat'><strong><em>20.</em></strong></span> <span class='ocrx_word' id='word_1_417' title='bbox 2474 2705 2540 2759; x_wconf 90' lang='lat' dir='ltr'><strong><em>Et</em></strong></span> <span class='ocrx_word' id='word_1_418' title='bbox 2570 2705 2810 2775; x_wconf 78' lang='lat' dir='ltr'><strong><em>pulchre</em></strong></span> <span class='ocrx_word' id='word_1_419' title='bbox 2840 2705 2949 2759; x_wconf 88' lang='lat' dir='ltr'><strong><em>ait:</em></strong></span> <span class='ocrx_word' id='word_1_420' title='bbox 2989 2726 3016 2754; x_wconf 89' lang='grc'><strong><em>‹‹</em></strong></span> <span class='ocrx_word' id='word_1_421' title='bbox 3049 2705 3105 2760; x_wconf 90' lang='lat' dir='ltr'><strong><em>Si</em></strong></span> <span class='ocrx_word' id='word_1_422' title='bbox 3123 2705 3323 2775; x_wconf 88' lang='lat' dir='ltr'><strong><em>justus</em></strong></span> <span class='ocrx_word' id='word_1_423' title='bbox 3355 2721 3515 2773; x_wconf 90' lang='lat' dir='ltr'><strong><em>sum,</em></strong></span> <span class='ocrx_word' id='word_1_424' title='bbox 3548 2722 3658 2761; x_wconf 92' lang='lat' dir='ltr'><strong><em>non</em></strong></span> <span class='ocrx_word' id='word_1_425' title='bbox 3681 2716 3874 2776; x_wconf 89' lang='lat' dir='ltr'><strong><em>possum</em></strong></span> 
     </span>
    </p>
   </div>
   <div class='ocr_carea' id='block_1_62' title="bbox 2282 2792 3875 2865">
    <p class='ocr_par' dir='ltr' id='par_1_62' title="bbox 2282 2792 3875 2865">
     <span class='ocr_line' id='line_1_62' title="bbox 2282 2792 3875 2865; baseline -0.003 -17"><span class='ocrx_word' id='word_1_426' title='bbox 2282 2810 2375 2848; x_wconf 90' lang='lat' dir='ltr'><strong><em>me</em></strong></span> <span class='ocrx_word' id='word_1_427' title='bbox 2405 2793 2654 2865; x_wconf 66' lang='lat' dir='ltr'><strong><em>erigere;</em></strong></span> <span class='ocrx_word' id='word_1_428' title='bbox 2690 2792 2894 2865; x_wconf 84' lang='lat' dir='ltr'><strong><em>plenus</em></strong></span> <span class='ocrx_word' id='word_1_429' title='bbox 2917 2792 3070 2849; x_wconf 88' lang='lat' dir='ltr'><strong><em>enim</em></strong></span> <span class='ocrx_word' id='word_1_430' title='bbox 3094 2811 3227 2850; x_wconf 89' lang='lat' dir='ltr'><strong><em>sum</em></strong></span> <span class='ocrx_word' id='word_1_431' title='bbox 3251 2794 3634 2850; x_wconf 82' lang='lat' dir='ltr'><strong><em>confusionis.</em></strong></span> <span class='ocrx_word' id='word_1_432' title='bbox 3670 2815 3694 2842; x_wconf 75' lang='lat' dir='ltr'><strong><em>n</em></strong></span> <span class='ocrx_word' id='word_1_433' title='bbox 3712 2792 3875 2848; x_wconf 84' lang='lat' dir='ltr'><strong><em>Justus</em></strong></span> 
     </span>
    </p>
   </div>
   <div class='ocr_carea' id='block_1_63' title="bbox 2281 2878 3877 2955">
    <p class='ocr_par' dir='ltr' id='par_1_63' title="bbox 2281 2878 3877 2955">
     <span class='ocr_line' id='line_1_63' title="bbox 2281 2878 3877 2955; baseline -0.004 -17"><span class='ocrx_word' id='word_1_434' title='bbox 2281 2883 2436 2938; x_wconf 83' lang='lat' dir='ltr'><strong><em>enim</em></strong></span> <span class='ocrx_word' id='word_1_435' title='bbox 2471 2883 2720 2937; x_wconf 80' lang='lat' dir='ltr'><strong><em>advertit</em></strong></span> <span class='ocrx_word' id='word_1_436' title='bbox 2746 2882 2935 2955; x_wconf 85' lang='lat' dir='ltr'><strong><em>magis</em></strong></span> <span class='ocrx_word' id='word_1_437' title='bbox 2969 2882 3342 2955; x_wconf 82' lang='lat' dir='ltr'><strong><em>fragilitatem</em></strong></span> <span class='ocrx_word' id='word_1_438' title='bbox 3376 2900 3572 2940; x_wconf 88' lang='lat' dir='ltr'><strong><em>suam.</em></strong></span> <span class='ocrx_word' id='word_1_439' title='bbox 3603 2898 3763 2955; x_wconf 86' lang='lat' dir='ltr'><strong><em>quam</em></strong></span> <span class='ocrx_word' id='word_1_440' title='bbox 3811 2878 3877 2933; x_wconf 88' lang='lat' dir='ltr'><strong><em>in-</em></strong></span> 
     </span>
    </p>
   </div>
   <div class='ocr_carea' id='block_1_64' title="bbox 2273 2970 3875 3047">
    <p class='ocr_par' dir='ltr' id='par_1_64' title="bbox 2273 2970 3875 3047">
     <span class='ocr_line' id='line_1_64' title="bbox 2273 2970 3875 3047; baseline -0.004 -20"><span class='ocrx_word' id='word_1_441' title='bbox 2273 2973 2505 3043; x_wconf 88' lang='lat' dir='ltr'><strong><em>justus:</em></strong></span> <span class='ocrx_word' id='word_1_442' title='bbox 2539 2975 2596 3027; x_wconf 89' lang='lat' dir='ltr'><strong><em>et</em></strong></span> <span class='ocrx_word' id='word_1_443' title='bbox 2625 2970 2860 3043; x_wconf 89' lang='lat' dir='ltr'><strong><em>sapiens</em></strong></span> <span class='ocrx_word' id='word_1_444' title='bbox 2876 2972 3162 3043; x_wconf 84' lang='lat' dir='ltr'><strong><em>agnoscit,</em></strong></span> <span class='ocrx_word' id='word_1_445' title='bbox 3187 2989 3304 3028; x_wconf 90' lang='lat' dir='ltr'><strong><em>non</em></strong></span> <span class='ocrx_word' id='word_1_446' title='bbox 3330 2974 3602 3047; x_wconf 84' lang='lat' dir='ltr'><strong><em>agnoscit</em></strong></span> <span class='ocrx_word' id='word_1_447' title='bbox 3621 2970 3875 3043; x_wconf 87' lang='lat' dir='ltr'><strong><em>insipiens.</em></strong></span> 
     </span>
    </p>
   </div>
   <div class='ocr_carea' id='block_1_65' title="bbox 2281 3054 3879 3134">
    <p class='ocr_par' dir='ltr' id='par_1_65' title="bbox 2281 3054 3879 3134">
     <span class='ocr_line' id='line_1_65' title="bbox 2281 3054 3879 3134; baseline -0.003 -19"><span class='ocrx_word' id='word_1_448' title='bbox 2281 3060 2541 3132; x_wconf 90' lang='lat' dir='ltr'><strong><em>Denique</em></strong></span> <span class='ocrx_word' id='word_1_449' title='bbox 2568 3059 2833 3132; x_wconf 89' lang='lat' dir='ltr'><strong><em>lapsibus</em></strong></span> <span class='ocrx_word' id='word_1_450' title='bbox 2862 3061 2988 3115; x_wconf 89' lang='lat' dir='ltr'><strong><em>suis</em></strong></span> <span class='ocrx_word' id='word_1_451' title='bbox 3023 3060 3260 3133; x_wconf 86' lang='lat' dir='ltr'><strong><em>sapiens</em></strong></span> <span class='ocrx_word' id='word_1_452' title='bbox 3308 3060 3738 3134; x_wconf 87' lang='lat' dir='ltr'><strong><em>compungitur,</em></strong></span> <span class='ocrx_word' id='word_1_453' title='bbox 3764 3054 3879 3113; x_wconf 78' lang='lat' dir='ltr'><strong><em>insi-</em></strong></span> 
     </span>
    </p>
   </div>
   <div class='ocr_carea' id='block_1_66' title="bbox 2284 3145 3881 3219">
    <p class='ocr_par' dir='ltr' id='par_1_66' title="bbox 2284 3145 3881 3219">
     <span class='ocr_line' id='line_1_66' title="bbox 2284 3145 3881 3219; baseline -0.003 -18"><span class='ocrx_word' id='word_1_454' title='bbox 2284 3148 2448 3219; x_wconf 89' lang='lat' dir='ltr'><strong><em>piens</em></strong></span> <span class='ocrx_word' id='word_1_455' title='bbox 2472 3145 2824 3203; x_wconf 84' lang='lat' dir='ltr'><strong><em>delectatur:</em></strong></span> <span class='ocrx_word' id='word_1_456' title='bbox 2850 3148 3053 3219; x_wconf 88' lang='lat' dir='ltr'><strong><em>justus</em></strong></span> <span class='ocrx_word' id='word_1_457' title='bbox 3085 3154 3393 3204; x_wconf 85' lang='lat' dir='ltr'><strong><em>accusator</em></strong></span> <span class='ocrx_word' id='word_1_458' title='bbox 3421 3154 3513 3206; x_wconf 88' lang='lat' dir='ltr'><strong><em>est</em></strong></span> <span class='ocrx_word' id='word_1_459' title='bbox 3534 3149 3644 3215; x_wconf 88' lang='lat' dir='ltr'><strong><em>sui,</em></strong></span> <span class='ocrx_word' id='word_1_460' title='bbox 3668 3148 3881 3216; x_wconf 81' lang='lat' dir='ltr'><strong><em>injustas</em></strong></span> 
     </span>
    </p>
   </div>
   <div class='ocr_carea' id='block_1_67' title="bbox 523 3220 3879 3312">
    <p class='ocr_par' dir='ltr' id='par_1_67' title="bbox 523 3220 3879 3312">
     <span class='ocr_line' id='line_1_67' title="bbox 523 3220 3879 3312; baseline -0.002 -18"><span class='ocrx_word' id='word_1_461' title='bbox 523 3239 743 3294; x_wconf 88' lang='lat' dir='ltr'><strong><em>bonum</em></strong></span> <span class='ocrx_word' id='word_1_462' title='bbox 766 3237 872 3293; x_wconf 89' lang='lat' dir='ltr'><strong><em>tibi</em></strong></span> <span class='ocrx_word' id='word_1_463' title='bbox 903 3240 993 3293; x_wconf 90' lang='lat' dir='ltr'><strong><em>est</em></strong></span> <span class='ocrx_word' id='word_1_464' title='bbox 1023 3240 1088 3292; x_wconf 89' lang='lat' dir='ltr'><strong><em>ut</em></strong></span> <span class='ocrx_word' id='word_1_465' title='bbox 1116 3236 1376 3307; x_wconf 81' lang='lat' dir='ltr'><strong><em>injustas</em></strong></span> <span class='ocrx_word' id='word_1_466' title='bbox 1408 3252 1512 3308; x_wconf 87' lang='lat' dir='ltr'><strong><em>ego</em></strong></span> <span class='ocrx_word' id='word_1_467' title='bbox 1540 3235 1683 3304; x_wconf 90' lang='lat' dir='ltr'><strong><em>sim;</em></strong></span> <span class='ocrx_word' id='word_1_468' title='bbox 1718 3238 1857 3308; x_wconf 83' lang='lat' dir='ltr'><strong><em>quia</em></strong></span> <span class='ocrx_word' id='word_1_469' title='bbox 1901 3239 2170 3312; x_wconf 90' lang='lat' dir='ltr'><strong><em>repulisti</em></strong></span> <span class='ocrx_word' id='word_1_470' title='bbox 2202 3220 2243 3286; x_wconf 85' lang='lat' dir='ltr'>C</span> <span class='ocrx_word' id='word_1_471' title='bbox 2282 3241 2563 3302; x_wconf 88' lang='lat' dir='ltr'><strong><em>assertor;</em></strong></span> <span class='ocrx_word' id='word_1_472' title='bbox 2591 3237 2792 3306; x_wconf 89' lang='lat' dir='ltr'><strong><em>justus</em></strong></span> <span class='ocrx_word' id='word_1_473' title='bbox 2815 3236 3128 3308; x_wconf 65' lang='lat' dir='ltr'><strong><em>praevenire</em></strong></span> <span class='ocrx_word' id='word_1_474' title='bbox 3158 3237 3281 3293; x_wconf 90' lang='lat' dir='ltr'><strong><em>vult</em></strong></span> <span class='ocrx_word' id='word_1_475' title='bbox 3339 3244 3732 3294; x_wconf 85' lang='lat' dir='ltr'><strong><em>accusatorem</em></strong></span> <span class='ocrx_word' id='word_1_476' title='bbox 3775 3248 3879 3290; x_wconf 87' lang='lat' dir='ltr'><strong><em>con-</em></strong></span> 
     </span>
    </p>
   </div>
   <div class='ocr_carea' id='block_1_68' title="bbox 526 3324 2174 3400">
    <p class='ocr_par' dir='ltr' id='par_1_68' title="bbox 526 3324 2174 3400">
     <span class='ocr_line' id='line_1_68' title="bbox 526 3324 2174 3400; baseline 0.001 -17"><span class='ocrx_word' id='word_1_477' title='bbox 526 3343 704 3400; x_wconf 91' lang='lat' dir='ltr'><strong><em>opera</em></strong></span> <span class='ocrx_word' id='word_1_478' title='bbox 732 3341 975 3382; x_wconf 88' lang='lat' dir='ltr'><strong><em>manum</em></strong></span> <span class='ocrx_word' id='word_1_479' title='bbox 1005 3329 1265 3390; x_wconf 89' lang='lat' dir='ltr'><strong><em>tuarum,</em></strong></span> <span class='ocrx_word' id='word_1_480' title='bbox 1298 3329 1354 3379; x_wconf 89' lang='lat' dir='ltr'><strong><em>et</em></strong></span> <span class='ocrx_word' id='word_1_481' title='bbox 1383 3324 1625 3380; x_wconf 91' lang='lat' dir='ltr'><strong><em>consilio</em></strong></span> <span class='ocrx_word' id='word_1_482' title='bbox 1654 3324 1970 3398; x_wconf 88' lang='lat' dir='ltr'><strong><em>impiorum</em></strong></span> <span class='ocrx_word' id='word_1_483' title='bbox 1990 3328 2174 3384; x_wconf 87' lang='lat' dir='ltr'><strong><em>inten-</em></strong></span> 
     </span>
    </p>
   </div>
   <div class='ocr_carea' id='block_1_69' title="bbox 527 3412 2175 3485">
    <p class='ocr_par' dir='ltr' id='par_1_69' title="bbox 527 3412 2175 3485">
     <span class='ocr_line' id='line_1_69' title="bbox 527 3412 2175 3485; baseline 0.001 -14"><span class='ocrx_word' id='word_1_484' title='bbox 527 3414 704 3471; x_wconf 83' lang='lat' dir='ltr'><strong><em>disti?</em></strong></span> <span class='ocrx_word' id='word_1_485' title='bbox 718 3412 1016 3485; x_wconf 87' lang='lat' dir='ltr'><strong><em>Numquid</em></strong></span> <span class='ocrx_word' id='word_1_486' title='bbox 1048 3412 1201 3468; x_wconf 90' lang='lat' dir='ltr'><strong><em>sicut</em></strong></span> <span class='ocrx_word' id='word_1_487' title='bbox 1229 3412 1493 3470; x_wconf 87' lang='lat' dir='ltr'><strong><em>mortalis</em></strong></span> <span class='ocrx_word' id='word_1_488' title='bbox 1523 3414 1698 3482; x_wconf 90' lang='lat' dir='ltr'><strong><em>videt,</em></strong></span> <span class='ocrx_word' id='word_1_489' title='bbox 1732 3417 1815 3472; x_wconf 92' lang='lat' dir='ltr'><strong><em>sic</em></strong></span> <span class='ocrx_word' id='word_1_490' title='bbox 1846 3417 2026 3485; x_wconf 87' lang='lat' dir='ltr'><strong><em>vides,</em></strong></span> <span class='ocrx_word' id='word_1_491' title='bbox 2074 3423 2175 3473; x_wconf 89' lang='lat' dir='ltr'><strong><em>aut</em></strong></span> 
     </span>
    </p>
   </div>
   <div class='ocr_carea' id='block_1_70' title="bbox 525 3501 2173 3579">
    <p class='ocr_par' dir='ltr' id='par_1_70' title="bbox 525 3501 2173 3579">
     <span class='ocr_line' id='line_1_70' title="bbox 525 3501 2173 3579; baseline 0.002 -20"><span class='ocrx_word' id='word_1_492' title='bbox 525 3503 647 3559; x_wconf 89' lang='lat' dir='ltr'><strong><em>vita</em></strong></span> <span class='ocrx_word' id='word_1_493' title='bbox 666 3506 766 3558; x_wconf 83' lang='lat' dir='ltr'><strong><em>tua</em></strong></span> <span class='ocrx_word' id='word_1_494' title='bbox 796 3502 949 3559; x_wconf 90' lang='lat' dir='ltr'><strong><em>sicut</em></strong></span> <span class='ocrx_word' id='word_1_495' title='bbox 999 3501 1277 3568; x_wconf 89' lang='lat' dir='ltr'><strong><em>hominis,</em></strong></span> <span class='ocrx_word' id='word_1_496' title='bbox 1309 3505 1409 3557; x_wconf 90' lang='lat' dir='ltr'><strong><em>aut</em></strong></span> <span class='ocrx_word' id='word_1_497' title='bbox 1436 3503 1574 3557; x_wconf 90' lang='lat' dir='ltr'><strong><em>anni</em></strong></span> <span class='ocrx_word' id='word_1_498' title='bbox 1634 3504 1785 3559; x_wconf 91' lang='lat' dir='ltr'><strong><em>sicut</em></strong></span> <span class='ocrx_word' id='word_1_499' title='bbox 1838 3505 1981 3572; x_wconf 90' lang='lat' dir='ltr'><strong><em>viri;</em></strong></span> <span class='ocrx_word' id='word_1_500' title='bbox 2033 3507 2173 3579; x_wconf 92' lang='lat' dir='ltr'><strong><em>quia</em></strong></span> 
     </span>
    </p>
   </div>
   <div class='ocr_carea' id='block_1_71' title="bbox 525 3589 2170 3664">
    <p class='ocr_par' dir='ltr' id='par_1_71' title="bbox 525 3589 2170 3664">
     <span class='ocr_line' id='line_1_71' title="bbox 525 3589 2170 3664; baseline 0.001 -15"><span class='ocrx_word' id='word_1_501' title='bbox 525 3590 833 3664; x_wconf 81' lang='lat' dir='ltr'><strong><em>exquisisti</em></strong></span> <span class='ocrx_word' id='word_1_502' title='bbox 854 3589 1194 3662; x_wconf 90' lang='lat' dir='ltr'><strong><em>iniquitates</em></strong></span> <span class='ocrx_word' id='word_1_503' title='bbox 1225 3607 1405 3659; x_wconf 91' lang='lat' dir='ltr'><strong><em>meas,</em></strong></span> <span class='ocrx_word' id='word_1_504' title='bbox 1441 3596 1497 3646; x_wconf 90' lang='lat' dir='ltr'><strong><em>et</em></strong></span> <span class='ocrx_word' id='word_1_505' title='bbox 1526 3598 1760 3663; x_wconf 88' lang='lat' dir='ltr'><strong><em>peccata</em></strong></span> <span class='ocrx_word' id='word_1_506' title='bbox 1792 3610 1921 3650; x_wconf 88' lang='lat' dir='ltr'><strong><em>mea</em></strong></span> <span class='ocrx_word' id='word_1_507' title='bbox 1980 3595 2170 3652; x_wconf 87' lang='lat' dir='ltr'><strong><em>inves-</em></strong></span> 
     </span>
    </p>
   </div>
   <div class='ocr_carea' id='block_1_72' title="bbox 525 3679 2171 3758">
    <p class='ocr_par' dir='ltr' id='par_1_72' title="bbox 525 3679 2171 3758">
     <span class='ocr_line' id='line_1_72' title="bbox 525 3679 2171 3758; baseline 0.002 -21"><span class='ocrx_word' id='word_1_508' title='bbox 525 3680 770 3755; x_wconf 85' lang='lat' dir='ltr'><strong><em>tigasti‘?</em></strong></span> <span class='ocrx_word' id='word_1_509' title='bbox 795 3679 959 3736; x_wconf 92' lang='lat' dir='ltr'><strong><em>Nosti</em></strong></span> <span class='ocrx_word' id='word_1_510' title='bbox 989 3680 1145 3736; x_wconf 91' lang='lat' dir='ltr'><strong><em>enim</em></strong></span> <span class='ocrx_word' id='word_1_511' title='bbox 1168 3680 1307 3752; x_wconf 85' lang='lat' dir='ltr'><strong><em>quia</em></strong></span> <span class='ocrx_word' id='word_1_512' title='bbox 1336 3679 1516 3752; x_wconf 89' lang='lat' dir='ltr'><strong><em>impie</em></strong></span> <span class='ocrx_word' id='word_1_513' title='bbox 1547 3698 1660 3737; x_wconf 90' lang='lat' dir='ltr'><strong><em>non</em></strong></span> <span class='ocrx_word' id='word_1_514' title='bbox 1692 3683 1877 3754; x_wconf 79' lang='lat' dir='ltr'><strong><em>gessi:</em></strong></span> <span class='ocrx_word' id='word_1_515' title='bbox 1903 3684 2004 3739; x_wconf 88' lang='lat' dir='ltr'><strong><em>sed</em></strong></span> <span class='ocrx_word' id='word_1_516' title='bbox 2038 3685 2171 3758; x_wconf 89' lang='lat' dir='ltr'><strong><em>quis</em></strong></span> 
     </span>
    </p>
   </div>
   <div class='ocr_carea' id='block_1_73' title="bbox 522 3768 2172 3847">
    <p class='ocr_par' dir='ltr' id='par_1_73' title="bbox 522 3768 2172 3847">
     <span class='ocr_line' id='line_1_73' title="bbox 522 3768 2172 3847; baseline 0.002 -19"><span class='ocrx_word' id='word_1_517' title='bbox 522 3774 614 3828; x_wconf 92' lang='lat' dir='ltr'><strong><em>est</em></strong></span> <span class='ocrx_word' id='word_1_518' title='bbox 642 3768 745 3843; x_wconf 91' lang='lat' dir='ltr'><strong><em>qui</em></strong></span> <span class='ocrx_word' id='word_1_519' title='bbox 774 3769 845 3825; x_wconf 90' lang='lat' dir='ltr'><strong><em>de</em></strong></span> <span class='ocrx_word' id='word_1_520' title='bbox 859 3768 1512 3826; x_wconf 88' lang='lat' dir='ltr'><strong><em>manibustuiseruatur</em></strong></span> <span class='ocrx_word' id='word_1_521' title='bbox 1534 3771 1653 3841; x_wconf 87' lang='lat' dir='ltr'><strong><em>(Job</em></strong></span> <span class='ocrx_word' id='word_1_522' title='bbox 1669 3772 1897 3843; x_wconf 67' lang='lat' dir='ltr'><strong><em>x,2~7)?</em></strong></span> <span class='ocrx_word' id='word_1_523' title='bbox 1921 3795 1949 3823; x_wconf 93' lang='grc'><strong><em>››</em></strong></span> <span class='ocrx_word' id='word_1_524' title='bbox 1963 3773 2172 3847; x_wconf 89' lang='lat' dir='ltr'><strong><em>Magna</em></strong></span> 
     </span>
    </p>
   </div>
   <div class='ocr_carea' id='block_1_74' title="bbox 523 3858 2168 3932">
    <p class='ocr_par' dir='ltr' id='par_1_74' title="bbox 523 3858 2168 3932">
     <span class='ocr_line' id='line_1_74' title="bbox 523 3858 2168 3932; baseline 0.003 -17"><span class='ocrx_word' id='word_1_525' title='bbox 523 3859 692 3932; x_wconf 83' lang='lat' dir='ltr'><strong><em>ﬁdes,</em></strong></span> <span class='ocrx_word' id='word_1_526' title='bbox 723 3874 939 3932; x_wconf 88' lang='lat' dir='ltr'><strong><em>magna</em></strong></span> <span class='ocrx_word' id='word_1_527' title='bbox 970 3859 1287 3914; x_wconf 86' lang='lat' dir='ltr'><strong><em>auctoritas</em></strong></span> <span class='ocrx_word' id='word_1_528' title='bbox 1316 3858 1703 3926; x_wconf 79' lang='lat' dir='ltr'><strong><em>conscientiae,</em></strong></span> <span class='ocrx_word' id='word_1_529' title='bbox 1738 3860 1922 3917; x_wconf 90' lang='lat' dir='ltr'><strong><em>Deum</em></strong></span> <span class='ocrx_word' id='word_1_530' title='bbox 1962 3866 2168 3920; x_wconf 89' lang='lat' dir='ltr'><strong><em>testem</em></strong></span> 
     </span>
    </p>
   </div>
   <div class='ocr_carea' id='block_1_75' title="bbox 523 3949 2167 4017">
    <p class='ocr_par' dir='ltr' id='par_1_75' title="bbox 523 3949 2167 4017">
     <span class='ocr_line' id='line_1_75' title="bbox 523 3949 2167 4017; baseline 0.002 -12"><span class='ocrx_word' id='word_1_531' title='bbox 523 3949 739 4005; x_wconf 87' lang='lat' dir='ltr'><strong><em>mentis</em></strong></span> <span class='ocrx_word' id='word_1_532' title='bbox 764 3965 882 4005; x_wconf 64' lang='lat' dir='ltr'><strong><em>suae</em></strong></span> <span class='ocrx_word' id='word_1_533' title='bbox 914 3963 1228 4005; x_wconf 87' lang='lat' dir='ltr'><strong><em>arcessere.</em></strong></span> <span class='ocrx_word' id='word_1_534' title='bbox 1262 3949 1425 4014; x_wconf 88' lang='lat' dir='ltr'><strong><em>Quod</em></strong></span> <span class='ocrx_word' id='word_1_535' title='bbox 1484 3949 1839 4005; x_wconf 86' lang='lat' dir='ltr'><strong><em>conditionis</em></strong></span> <span class='ocrx_word' id='word_1_536' title='bbox 1891 3955 2001 4017; x_wconf 87' lang='lat' dir='ltr'><strong><em>est,</em></strong></span> <span class='ocrx_word' id='word_1_537' title='bbox 2052 3970 2167 4009; x_wconf 89' lang='lat' dir='ltr'><strong><em>non</em></strong></span> 
     </span>
    </p>
   </div>
   <div class='ocr_carea' id='block_1_76' title="bbox 522 4035 2167 4111">
    <p class='ocr_par' dir='ltr' id='par_1_76' title="bbox 522 4035 2167 4111">
     <span class='ocr_line' id='line_1_76' title="bbox 522 4035 2167 4111; baseline 0.002 -17"><span class='ocrx_word' id='word_1_538' title='bbox 522 4040 723 4110; x_wconf 87' lang='lat' dir='ltr'><strong><em>negat:</em></strong></span> <span class='ocrx_word' id='word_1_539' title='bbox 758 4038 915 4110; x_wconf 87' lang='lat' dir='ltr'><strong><em>quod</em></strong></span> <span class='ocrx_word' id='word_1_540' title='bbox 947 4036 1264 4108; x_wconf 87' lang='lat' dir='ltr'><strong><em>impietatis</em></strong></span> <span class='ocrx_word' id='word_1_541' title='bbox 1294 4040 1402 4103; x_wconf 91' lang='lat' dir='ltr'><strong><em>est,</em></strong></span> <span class='ocrx_word' id='word_1_542' title='bbox 1436 4035 1689 4108; x_wconf 87' lang='lat' dir='ltr'><strong><em>repellit:</em></strong></span> <span class='ocrx_word' id='word_1_543' title='bbox 1724 4040 1879 4111; x_wconf 88' lang='lat' dir='ltr'><strong><em>quod</em></strong></span> <span class='ocrx_word' id='word_1_544' title='bbox 1920 4040 2167 4098; x_wconf 81' lang='lat' dir='ltr'><strong><em>inﬁrmi-</em></strong></span> 
     </span>
    </p>
   </div>
   <div class='ocr_carea' id='block_1_77' title="bbox 525 4123 2168 4199">
    <p class='ocr_par' dir='ltr' id='par_1_77' title="bbox 525 4123 2168 4199">
     <span class='ocr_line' id='line_1_77' title="bbox 525 4123 2168 4199; baseline 0.002 -15"><span class='ocrx_word' id='word_1_545' title='bbox 525 4128 692 4195; x_wconf 88' lang='lat' dir='ltr'><strong><em>tatis,</em></strong></span> <span class='ocrx_word' id='word_1_546' title='bbox 725 4126 959 4183; x_wconf 79' lang='lat' dir='ltr'><strong><em>fatetur.</em></strong></span> <span class='ocrx_word' id='word_1_547' title='bbox 992 4125 1237 4181; x_wconf 89' lang='lat' dir='ltr'><strong><em>Pecasse</em></strong></span> <span class='ocrx_word' id='word_1_548' title='bbox 1268 4123 1620 4181; x_wconf 87' lang='lat' dir='ltr'><strong><em>conditionis</em></strong></span> <span class='ocrx_word' id='word_1_549' title='bbox 1669 4131 1776 4194; x_wconf 89' lang='lat' dir='ltr'><strong><em>est,</em></strong></span> <span class='ocrx_word' id='word_1_550' title='bbox 1810 4127 1949 4199; x_wconf 92' lang='lat' dir='ltr'><strong><em>quia</em></strong></span> <span class='ocrx_word' id='word_1_551' title='bbox 1997 4147 2168 4187; x_wconf 92' lang='lat' dir='ltr'><strong><em>nemo</em></strong></span> 
     </span>
    </p>
   </div>
   <div class='ocr_carea' id='block_1_78' title="bbox 522 4214 2167 4289">
    <p class='ocr_par' dir='ltr' id='par_1_78' title="bbox 522 4214 2167 4289">
     <span class='ocr_line' id='line_1_78' title="bbox 522 4214 2167 4289; baseline 0.004 -17"><span class='ocrx_word' id='word_1_552' title='bbox 522 4216 813 4273; x_wconf 90' lang='lat' dir='ltr'><strong><em>immunis</em></strong></span> <span class='ocrx_word' id='word_1_553' title='bbox 838 4216 1040 4289; x_wconf 90' lang='lat' dir='ltr'><strong><em>lapsus</em></strong></span> <span class='ocrx_word' id='word_1_554' title='bbox 1070 4219 1188 4272; x_wconf 89' lang='lat' dir='ltr'><strong><em>est:</em></strong></span> <span class='ocrx_word' id='word_1_555' title='bbox 1222 4214 1401 4287; x_wconf 89' lang='lat' dir='ltr'><strong><em>impie</em></strong></span> <span class='ocrx_word' id='word_1_556' title='bbox 1452 4232 1620 4287; x_wconf 88' lang='lat' dir='ltr'><strong><em>agere</em></strong></span> <span class='ocrx_word' id='word_1_557' title='bbox 1651 4234 1765 4272; x_wconf 90' lang='lat' dir='ltr'><strong><em>non</em></strong></span> <span class='ocrx_word' id='word_1_558' title='bbox 1815 4218 2167 4278; x_wconf 90' lang='lat' dir='ltr'><strong><em>conditionis</em></strong></span> 
     </span>
    </p>
   </div>
   <div class='ocr_carea' id='block_1_79' title="bbox 522 4302 2163 4377">
    <p class='ocr_par' dir='ltr' id='par_1_79' title="bbox 522 4302 2163 4377">
     <span class='ocr_line' id='line_1_79' title="bbox 522 4302 2163 4377; baseline 0.003 -16"><span class='ocrx_word' id='word_1_559' title='bbox 522 4309 631 4373; x_wconf 88' lang='lat' dir='ltr'><strong><em>est,</em></strong></span> <span class='ocrx_word' id='word_1_560' title='bbox 665 4304 765 4362; x_wconf 88' lang='lat' dir='ltr'><strong><em>sed</em></strong></span> <span class='ocrx_word' id='word_1_561' title='bbox 796 4304 1053 4377; x_wconf 69' lang='lat' dir='ltr'><strong><em>perﬁdiae</em></strong></span> <span class='ocrx_word' id='word_1_562' title='bbox 1085 4307 1142 4360; x_wconf 89' lang='lat' dir='ltr'><strong><em>et</em></strong></span> <span class='ocrx_word' id='word_1_563' title='bbox 1163 4302 1536 4376; x_wconf 82' lang='lat' dir='ltr'><strong><em>nequissimae</em></strong></span> <span class='ocrx_word' id='word_1_564' title='bbox 1586 4306 1805 4361; x_wconf 92' lang='lat' dir='ltr'><strong><em>mentis</em></strong></span> <span class='ocrx_word' id='word_1_565' title='bbox 1853 4323 2163 4366; x_wconf 89' lang='lat' dir='ltr'><strong><em>venenum.</em></strong></span> 
     </span>
    </p>
   </div>
   <div class='ocr_carea' id='block_1_80' title="bbox 522 4391 2165 4466">
    <p class='ocr_par' dir='ltr' id='par_1_80' title="bbox 522 4391 2165 4466">
     <span class='ocr_line' id='line_1_80' title="bbox 522 4391 2165 4466; baseline 0.004 -18"><span class='ocrx_word' id='word_1_566' title='bbox 522 4392 649 4449; x_wconf 87' lang='lat' dir='ltr'><strong><em>Non</em></strong></span> <span class='ocrx_word' id='word_1_567' title='bbox 671 4392 935 4466; x_wconf 89' lang='lat' dir='ltr'><strong><em>agnoscit</em></strong></span> <span class='ocrx_word' id='word_1_568' title='bbox 958 4391 1067 4448; x_wconf 91' lang='lat' dir='ltr'><strong><em>hoc</em></strong></span> <span class='ocrx_word' id='word_1_569' title='bbox 1076 4394 1277 4464; x_wconf 90' lang='lat' dir='ltr'><strong><em>justus</em></strong></span> <span class='ocrx_word' id='word_1_570' title='bbox 1293 4392 1434 4465; x_wconf 86' lang='lat'><strong><em>(82):</em></strong></span> <span class='ocrx_word' id='word_1_571' title='bbox 1460 4392 1560 4447; x_wconf 92' lang='lat' dir='ltr'><strong><em>sed</em></strong></span> <span class='ocrx_word' id='word_1_572' title='bbox 1587 4392 1875 4451; x_wconf 86' lang='lat' dir='ltr'><strong><em>absolutio</em></strong></span> <span class='ocrx_word' id='word_1_573' title='bbox 1907 4396 2165 4456; x_wconf 88' lang='lat' dir='ltr'><strong><em>hominis</em></strong></span> 
     </span>
    </p>
   </div>
   <div class='ocr_carea' id='block_1_81' title="bbox 522 4480 2124 4555">
    <p class='ocr_par' dir='ltr' id='par_1_81' title="bbox 522 4480 2124 4555">
     <span class='ocr_line' id='line_1_81' title="bbox 522 4480 2124 4555; baseline 0.004 -18"><span class='ocrx_word' id='word_1_574' title='bbox 522 4482 582 4537; x_wconf 90' lang='lat' dir='ltr'><strong><em>in</em></strong></span> <span class='ocrx_word' id='word_1_575' title='bbox 616 4481 717 4538; x_wconf 92' lang='lat' dir='ltr'><strong><em>Dei</em></strong></span> <span class='ocrx_word' id='word_1_576' title='bbox 747 4481 1142 4547; x_wconf 88' lang='lat' dir='ltr'><strong><em>miseratione,</em></strong></span> <span class='ocrx_word' id='word_1_577' title='bbox 1171 4498 1286 4537; x_wconf 91' lang='lat' dir='ltr'><strong><em>non</em></strong></span> <span class='ocrx_word' id='word_1_578' title='bbox 1317 4480 1375 4536; x_wconf 91' lang='lat' dir='ltr'><strong><em>in</em></strong></span> <span class='ocrx_word' id='word_1_579' title='bbox 1408 4481 1663 4537; x_wconf 90' lang='lat' dir='ltr'><strong><em>hominis</em></strong></span> <span class='ocrx_word' id='word_1_580' title='bbox 1695 4487 1978 4555; x_wconf 89' lang='lat' dir='ltr'><strong><em>potestate</em></strong></span> <span class='ocrx_word' id='word_1_581' title='bbox 2017 4493 2124 4545; x_wconf 91' lang='lat' dir='ltr'><strong><em>est.</em></strong></span> 
     </span>
    </p>
   </div>
   <div class='ocr_carea' id='block_1_82' title="bbox 2282 3322 3882 3398">
    <p class='ocr_par' dir='ltr' id='par_1_82' title="bbox 2282 3322 3882 3398">
     <span class='ocr_line' id='line_1_82' title="bbox 2282 3322 3882 3398; baseline -0.004 -19"><span class='ocrx_word' id='word_1_582' title='bbox 2282 3324 2532 3381; x_wconf 85' lang='lat' dir='ltr'><strong><em>fessione</em></strong></span> <span class='ocrx_word' id='word_1_583' title='bbox 2564 3326 2806 3397; x_wconf 69' lang='lat' dir='ltr'><strong><em>peccati,</em></strong></span> <span class='ocrx_word' id='word_1_584' title='bbox 2831 3325 3088 3396; x_wconf 86' lang='lat' dir='ltr'><strong><em>injustus</em></strong></span> <span class='ocrx_word' id='word_1_585' title='bbox 3106 3330 3413 3398; x_wconf 80' lang='lat' dir='ltr'><strong><em>peccatum</em></strong></span> <span class='ocrx_word' id='word_1_586' title='bbox 3440 3343 3616 3383; x_wconf 88' lang='lat' dir='ltr'><strong><em>suum</em></strong></span> <span class='ocrx_word' id='word_1_587' title='bbox 3642 3322 3882 3381; x_wconf 85' lang='lat' dir='ltr'><strong><em>occultare</em></strong></span> 
     </span>
    </p>
   </div>
   <div class='ocr_carea' id='block_1_83' title="bbox 2281 3412 3884 3487">
    <p class='ocr_par' dir='ltr' id='par_1_83' title="bbox 2281 3412 3884 3487">
     <span class='ocr_line' id='line_1_83' title="bbox 2281 3412 3884 3487; baseline -0.005 -18"><span class='ocrx_word' id='word_1_588' title='bbox 2281 3414 2599 3481; x_wconf 89' lang='lat' dir='ltr'><strong><em>desiderat;</em></strong></span> <span class='ocrx_word' id='word_1_589' title='bbox 2632 3413 2730 3470; x_wconf 91' lang='lat' dir='ltr'><strong><em>ille</em></strong></span> <span class='ocrx_word' id='word_1_590' title='bbox 2782 3414 2839 3469; x_wconf 90' lang='lat' dir='ltr'><strong><em>in</em></strong></span> <span class='ocrx_word' id='word_1_591' title='bbox 2877 3414 3163 3487; x_wconf 89' lang='lat' dir='ltr'><strong><em>principio</em></strong></span> <span class='ocrx_word' id='word_1_592' title='bbox 3213 3417 3509 3472; x_wconf 88' lang='lat' dir='ltr'><strong><em>sermonis</em></strong></span> <span class='ocrx_word' id='word_1_593' title='bbox 3566 3412 3795 3472; x_wconf 84' lang='lat' dir='ltr'><strong><em>occurrit</em></strong></span> <span class='ocrx_word' id='word_1_594' title='bbox 3837 3412 3884 3462; x_wconf 88' lang='lat' dir='ltr'><strong><em>ut</em></strong></span> 
     </span>
    </p>
   </div>
   <div class='ocr_carea' id='block_1_84' title="bbox 2281 3496 3882 3577">
    <p class='ocr_par' dir='ltr' id='par_1_84' title="bbox 2281 3496 3882 3577">
     <span class='ocr_line' id='line_1_84' title="bbox 2281 3496 3882 3577; baseline -0.003 -19"><span class='ocrx_word' id='word_1_595' title='bbox 2281 3504 2489 3577; x_wconf 78' lang='lat' dir='ltr'><strong><em>prodat</em></strong></span> <span class='ocrx_word' id='word_1_596' title='bbox 2546 3519 2823 3572; x_wconf 87' lang='lat' dir='ltr'><strong><em>errorem,</em></strong></span> <span class='ocrx_word' id='word_1_597' title='bbox 2878 3503 2988 3558; x_wconf 88' lang='lat' dir='ltr'><strong><em>iste</em></strong></span> <span class='ocrx_word' id='word_1_598' title='bbox 3042 3503 3418 3577; x_wconf 89' lang='lat' dir='ltr'><strong><em>multiloquio</em></strong></span> <span class='ocrx_word' id='word_1_599' title='bbox 3474 3504 3752 3561; x_wconf 83' lang='lat' dir='ltr'><strong><em>sermonis</em></strong></span> <span class='ocrx_word' id='word_1_600' title='bbox 3813 3496 3882 3554; x_wconf 83' lang='lat' dir='ltr'><strong><em>sui</em></strong></span> 
     </span>
    </p>
   </div>
   <div class='ocr_carea' id='block_1_85' title="bbox 2281 3592 3881 3667">
    <p class='ocr_par' dir='ltr' id='par_1_85' title="bbox 2281 3592 3881 3667">
     <span class='ocr_line' id='line_1_85' title="bbox 2281 3592 3881 3667; baseline -0.006 -19"><span class='ocrx_word' id='word_1_601' title='bbox 2281 3610 2492 3648; x_wconf 89' lang='lat' dir='ltr'><strong><em>sonum</em></strong></span> <span class='ocrx_word' id='word_1_602' title='bbox 2520 3592 2909 3648; x_wconf 90' lang='lat' dir='ltr'><strong><em>accusationis</em></strong></span> <span class='ocrx_word' id='word_1_603' title='bbox 2927 3592 3039 3663; x_wconf 81' lang='lat'><strong><em>(85)</em></strong></span> <span class='ocrx_word' id='word_1_604' title='bbox 3062 3592 3306 3649; x_wconf 90' lang='lat' dir='ltr'><strong><em>involvit</em></strong></span> <span class='ocrx_word' id='word_1_605' title='bbox 3330 3610 3404 3649; x_wconf 91' lang='lat' dir='ltr'><strong><em>ne</em></strong></span> <span class='ocrx_word' id='word_1_606' title='bbox 3428 3594 3638 3667; x_wconf 89' lang='lat' dir='ltr'><strong><em>prodat</em></strong></span> <span class='ocrx_word' id='word_1_607' title='bbox 3654 3601 3881 3647; x_wconf 87' lang='lat' dir='ltr'><strong><em>errorem.</em></strong></span> 
     </span>
    </p>
   </div>
   <div class='ocr_carea' id='block_1_86' title="bbox 2911 3681 3302 3739">
    <p class='ocr_par' dir='ltr' id='par_1_86' title="bbox 2911 3681 3302 3739">
     <span class='ocr_line' id='line_1_86' title="bbox 2911 3681 3302 3739; baseline 0.01 -4"><span class='ocrx_word' id='word_1_608' title='bbox 2911 3681 3142 3737; x_wconf 79' lang='lat' dir='ltr'>CAPUT</span> <span class='ocrx_word' id='word_1_609' title='bbox 3189 3682 3302 3739; x_wconf 82' lang='lat' dir='ltr'><strong><em>VII.</em></strong></span> 
     </span>
    </p>
   </div>
   <div class='ocr_carea' id='block_1_87' title="bbox 2283 3771 3884 3828">
    <p class='ocr_par' dir='ltr' id='par_1_87' title="bbox 2283 3771 3884 3828">
     <span class='ocr_line' id='line_1_87' title="bbox 2283 3771 3884 3828; baseline -0.007 0"><span class='ocrx_word' id='word_1_610' title='bbox 2283 3772 2539 3828; x_wconf 79' lang='lat' dir='ltr'><strong><em>Omnium</em></strong></span> <span class='ocrx_word' id='word_1_611' title='bbox 2558 3774 2785 3827; x_wconf 61' lang='lat' dir='ltr'><strong><em>(etaiam</em></strong></span> <span class='ocrx_word' id='word_1_612' title='bbox 2808 3771 3054 3825; x_wconf 71' lang='lat' dir='ltr'><strong><em>maxime</em></strong></span> <span class='ocrx_word' id='word_1_613' title='bbox 3075 3771 3350 3826; x_wconf 75' lang='lat' dir='ltr'><strong><em>lubricam</em></strong></span> <span class='ocrx_word' id='word_1_614' title='bbox 3361 3771 3884 3828; x_wconf 67' lang='lat' dir='ltr'><strong><em>adolescentiammos</em></strong></span> 
     </span>
    </p>
   </div>
   <div class='ocr_carea' id='block_1_88' title="bbox 2350 3841 3885 3916">
    <p class='ocr_par' dir='ltr' id='par_1_88' title="bbox 2350 3841 3885 3916">
     <span class='ocr_line' id='line_1_88' title="bbox 2350 3841 3885 3916; baseline -0.001 -19"><span class='ocrx_word' id='word_1_615' title='bbox 2350 3859 2538 3897; x_wconf 84' lang='lat' dir='ltr'><strong><em>eorum</em></strong></span> <span class='ocrx_word' id='word_1_616' title='bbox 2567 3844 2732 3897; x_wconf 84' lang='lat' dir='ltr'><strong><em>etiam</em></strong></span> <span class='ocrx_word' id='word_1_617' title='bbox 2758 3850 3124 3916; x_wconf 81' lang='lat' dir='ltr'><strong><em>peccatorum,</em></strong></span> <span class='ocrx_word' id='word_1_618' title='bbox 3145 3856 3270 3913; x_wconf 59' lang='lat' dir='ltr'><strong><em>quae</em></strong></span> <span class='ocrx_word' id='word_1_619' title='bbox 3288 3844 3477 3899; x_wconf 77' lang='lat' dir='ltr'><strong><em>vitare</em></strong></span> <span class='ocrx_word' id='word_1_620' title='bbox 3506 3841 3885 3916; x_wconf 58' lang='lat' dir='ltr'><strong><em>nequiverimﬂf.</em></strong></span> 
     </span>
    </p>
   </div>
   <div class='ocr_carea' id='block_1_89' title="bbox 2350 3912 3887 3971">
    <p class='ocr_par' dir='ltr' id='par_1_89' title="bbox 2350 3912 3887 3971">
     <span class='ocr_line' id='line_1_89' title="bbox 2350 3912 3887 3971; baseline -0.003 -2"><span class='ocrx_word' id='word_1_621' title='bbox 2350 3917 2622 3970; x_wconf 83' lang='lat' dir='ltr'><strong><em>rationem</em></strong></span> <span class='ocrx_word' id='word_1_622' title='bbox 2651 3912 2771 3968; x_wconf 81' lang='lat' dir='ltr'><strong><em>esse</em></strong></span> <span class='ocrx_word' id='word_1_623' title='bbox 2798 3912 3106 3969; x_wconf 77' lang='lat' dir='ltr'><strong><em>reddituros</em></strong></span> <span class='ocrx_word' id='word_1_624' title='bbox 3130 3912 3467 3971; x_wconf 54' lang='lat' dir='ltr'><strong><em>{aerumnas</em></strong></span> <span class='ocrx_word' id='word_1_625' title='bbox 3498 3912 3711 3970; x_wconf 79' lang='lat' dir='ltr'><strong><em>nostras</em></strong></span> <span class='ocrx_word' id='word_1_626' title='bbox 3751 3912 3887 3964; x_wconf 69' lang='lat' dir='ltr'><strong><em>mari:</em></strong></span> 
     </span>
    </p>
   </div>
   <div class='ocr_carea' id='block_1_90' title="bbox 2352 3983 3887 4058">
    <p class='ocr_par' dir='ltr' id='par_1_90' title="bbox 2352 3983 3887 4058">
     <span class='ocr_line' id='line_1_90' title="bbox 2352 3983 3887 4058; baseline -0.002 -18"><span class='ocrx_word' id='word_1_627' title='bbox 2352 4002 2415 4041; x_wconf 85' lang='lat' dir='ltr'><strong><em>ac</em></strong></span> <span class='ocrx_word' id='word_1_628' title='bbox 2442 3990 2611 4041; x_wconf 66' lang='lat' dir='ltr'><strong><em>terra?</em></strong></span> <span class='ocrx_word' id='word_1_629' title='bbox 2639 3984 2992 4058; x_wconf 76' lang='lat' dir='ltr'><strong><em>incommodis</em></strong></span> <span class='ocrx_word' id='word_1_630' title='bbox 3022 4001 3134 4041; x_wconf 87' lang='lat' dir='ltr'><strong><em>non</em></strong></span> <span class='ocrx_word' id='word_1_631' title='bbox 3160 3987 3294 4041; x_wconf 87' lang='lat' dir='ltr'><strong><em>satis</em></strong></span> <span class='ocrx_word' id='word_1_632' title='bbox 3323 3988 3605 4058; x_wconf 77' lang='lat' dir='ltr'><strong><em>exprimi:</em></strong></span> <span class='ocrx_word' id='word_1_633' title='bbox 3627 3983 3803 4058; x_wconf 75' lang='lat' dir='ltr'><strong><em>cazlum</em></strong></span> <span class='ocrx_word' id='word_1_634' title='bbox 3838 3991 3887 4031; x_wconf 80' lang='grc' dir='ltr'><strong><em>οε</em></strong></span> 
     </span>
    </p>
   </div>
   <div class='ocr_carea' id='block_1_91' title="bbox 2347 4055 3885 4128">
    <p class='ocr_par' dir='ltr' id='par_1_91' title="bbox 2347 4055 3885 4128">
     <span class='ocr_line' id='line_1_91' title="bbox 2347 4055 3885 4128; baseline -0.003 -18"><span class='ocrx_word' id='word_1_635' title='bbox 2347 4060 2551 4112; x_wconf 84' lang='lat' dir='ltr'><strong><em>terram</em></strong></span> <span class='ocrx_word' id='word_1_636' title='bbox 2581 4055 2893 4128; x_wconf 70' lang='lat' dir='ltr'><strong><em>inn-oranda</em></strong></span> <span class='ocrx_word' id='word_1_637' title='bbox 2923 4072 3054 4122; x_wconf 86' lang='lat' dir='ltr'><strong><em>esse,</em></strong></span> <span class='ocrx_word' id='word_1_638' title='bbox 3086 4072 3184 4111; x_wconf 89' lang='lat' dir='ltr'><strong><em>nec</em></strong></span> <span class='ocrx_word' id='word_1_639' title='bbox 3200 4055 3452 4128; x_wconf 67' lang='lat' dir='ltr'><strong><em>futuram</em></strong></span> <span class='ocrx_word' id='word_1_640' title='bbox 3476 4055 3885 4113; x_wconf 71' lang='lat' dir='ltr'><strong><em>resurrectionem</em></strong></span> 
     </span>
    </p>
   </div>
   <div class='ocr_carea' id='block_1_92' title="bbox 2348 4127 3835 4200">
    <p class='ocr_par' dir='ltr' id='par_1_92' title="bbox 2348 4127 3835 4200">
     <span class='ocr_line' id='line_1_92' title="bbox 2348 4127 3835 4200; baseline -0.002 -17"><span class='ocrx_word' id='word_1_641' title='bbox 2348 4136 2472 4183; x_wconf 83' lang='lat' dir='ltr'><strong><em>ante</em></strong></span> <span class='ocrx_word' id='word_1_642' title='bbox 2491 4128 2783 4182; x_wconf 71' lang='lat' dir='ltr'><strong><em>adt-cntum</em></strong></span> <span class='ocrx_word' id='word_1_643' title='bbox 2812 4127 2949 4195; x_wconf 84' lang='lat' dir='ltr'><strong><em>ejus,</em></strong></span> <span class='ocrx_word' id='word_1_644' title='bbox 2979 4130 3079 4198; x_wconf 87' lang='lat' dir='ltr'><strong><em>qui</em></strong></span> <span class='ocrx_word' id='word_1_645' title='bbox 3112 4127 3253 4184; x_wconf 76' lang='lat' dir='ltr'><strong><em>nova</em></strong></span> <span class='ocrx_word' id='word_1_646' title='bbox 3281 4132 3479 4186; x_wconf 87' lang='lat' dir='ltr'><strong><em>omnia</em></strong></span> <span class='ocrx_word' id='word_1_647' title='bbox 3503 4132 3577 4185; x_wconf 88' lang='lat' dir='ltr'><strong><em>sit</em></strong></span> <span class='ocrx_word' id='word_1_648' title='bbox 3601 4134 3835 4200; x_wconf 60' lang='lat' dir='ltr'><strong><em>[acturus</em></strong></span> 
     </span>
    </p>
   </div>
   <div class='ocr_carea' id='block_1_93' title="bbox 2346 4207 3889 4289">
    <p class='ocr_par' dir='ltr' id='par_1_93' title="bbox 2346 4207 3889 4289">
     <span class='ocr_line' id='line_1_93' title="bbox 2346 4207 3889 4289; baseline -0.005 -18"><span class='ocrx_word' id='word_1_649' title='bbox 2346 4219 2434 4273; x_wconf 80' lang='grc'><strong><em>21.</em></strong></span> <span class='ocrx_word' id='word_1_650' title='bbox 2458 4219 2673 4273; x_wconf 77' lang='lat' dir='ltr'><strong><em>lterum</em></strong></span> <span class='ocrx_word' id='word_1_651' title='bbox 2697 4216 2980 4287; x_wconf 81' lang='lat' dir='ltr'><strong><em>adjiciens</em></strong></span> <span class='ocrx_word' id='word_1_652' title='bbox 3011 4216 3156 4273; x_wconf 89' lang='lat' dir='ltr'><strong><em>dicit</em></strong></span> <span class='ocrx_word' id='word_1_653' title='bbox 3178 4234 3191 4273; x_wconf 90' lang='lat'><strong><em>:</em></strong></span> <span class='ocrx_word' id='word_1_654' title='bbox 3211 4241 3238 4267; x_wconf 87' lang='grc'><strong><em>‹‹</em></strong></span> <span class='ocrx_word' id='word_1_655' title='bbox 3270 4217 3470 4282; x_wconf 87' lang='lat' dir='ltr'><strong><em>Quare</em></strong></span> <span class='ocrx_word' id='word_1_656' title='bbox 3493 4211 3797 4289; x_wconf 89' lang='lat' dir='ltr'><strong><em>ascripsisti</em></strong></span> <span class='ocrx_word' id='word_1_657' title='bbox 3816 4207 3889 4265; x_wconf 84' lang='lat' dir='ltr'><strong><em>ad-</em></strong></span> 
     </span>
    </p>
   </div>
   <div class='ocr_carea' id='block_1_94' title="bbox 2272 4298 3886 4378">
    <p class='ocr_par' dir='ltr' id='par_1_94' title="bbox 2272 4298 3886 4378">
     <span class='ocr_line' id='line_1_94' title="bbox 2272 4298 3886 4378; baseline -0.007 -17"><span class='ocrx_word' id='word_1_658' title='bbox 2272 4323 2509 4363; x_wconf 86' lang='lat' dir='ltr'><strong><em>versum</em></strong></span> <span class='ocrx_word' id='word_1_659' title='bbox 2540 4322 2633 4361; x_wconf 89' lang='lat' dir='ltr'><strong><em>me</em></strong></span> <span class='ocrx_word' id='word_1_660' title='bbox 2672 4305 2828 4361; x_wconf 89' lang='lat' dir='ltr'><strong><em>mala</em></strong></span> <span class='ocrx_word' id='word_1_661' title='bbox 2876 4306 3010 4376; x_wconf 88' lang='lat'><strong><em>(86),</em></strong></span> <span class='ocrx_word' id='word_1_662' title='bbox 3043 4310 3099 4361; x_wconf 89' lang='lat' dir='ltr'><strong><em>et</em></strong></span> <span class='ocrx_word' id='word_1_663' title='bbox 3145 4306 3481 4378; x_wconf 87' lang='lat' dir='ltr'><strong><em>apposuisti</em></strong></span> <span class='ocrx_word' id='word_1_664' title='bbox 3514 4306 3659 4361; x_wconf 89' lang='lat' dir='ltr'><strong><em>mihi</em></strong></span> <span class='ocrx_word' id='word_1_665' title='bbox 3703 4298 3886 4359; x_wconf 82' lang='lat' dir='ltr'><strong><em>adoles-</em></strong></span> 
     </span>
    </p>
   </div>
   <div class='ocr_carea' id='block_1_95' title="bbox 2274 4385 3887 4467">
    <p class='ocr_par' dir='ltr' id='par_1_95' title="bbox 2274 4385 3887 4467">
     <span class='ocr_line' id='line_1_95' title="bbox 2274 4385 3887 4467; baseline -0.008 -15"><span class='ocrx_word' id='word_1_666' title='bbox 2274 4396 2474 4452; x_wconf 71' lang='lat' dir='ltr'><strong><em>centia:</em></strong></span> <span class='ocrx_word' id='word_1_667' title='bbox 2502 4398 2735 4467; x_wconf 90' lang='lat' dir='ltr'><strong><em>peccata</em></strong></span> <span class='ocrx_word' id='word_1_668' title='bbox 2766 4395 2881 4460; x_wconf 85' lang='lat' dir='ltr'><strong><em>(Job</em></strong></span> <span class='ocrx_word' id='word_1_669' title='bbox 2913 4411 3038 4464; x_wconf 85' lang='lat' dir='ltr'><strong><em>xm,</em></strong></span> <span class='ocrx_word' id='word_1_670' title='bbox 3087 4395 3223 4466; x_wconf 87' lang='lat'>26)?</span> <span class='ocrx_word' id='word_1_671' title='bbox 3254 4416 3282 4444; x_wconf 90' lang='grc'><strong>››</strong></span> <span class='ocrx_word' id='word_1_672' title='bbox 3335 4394 3595 4452; x_wconf 87' lang='lat' dir='ltr'><strong><em>Pulchre</em></strong></span> <span class='ocrx_word' id='word_1_673' title='bbox 3639 4393 3696 4449; x_wconf 88' lang='lat' dir='ltr'><strong><em>id</em></strong></span> <span class='ocrx_word' id='word_1_674' title='bbox 3742 4385 3887 4446; x_wconf 65' lang='lat' dir='ltr'><strong><em>sitatis</em></strong></span> 
     </span>
    </p>
   </div>
   <div class='ocr_carea' id='block_1_96' title="bbox 2272 4475 3887 4557">
    <p class='ocr_par' dir='ltr' id='par_1_96' title="bbox 2272 4475 3887 4557">
     <span class='ocr_line' id='line_1_96' title="bbox 2272 4475 3887 4557; baseline -0.008 -16"><span class='ocrx_word' id='word_1_675' title='bbox 2272 4484 2522 4557; x_wconf 89' lang='lat' dir='ltr'><strong><em>arripuit</em></strong></span> <span class='ocrx_word' id='word_1_676' title='bbox 2550 4485 2621 4539; x_wconf 90' lang='lat' dir='ltr'><strong><em>ad</em></strong></span> <span class='ocrx_word' id='word_1_677' title='bbox 2652 4484 2975 4555; x_wconf 86' lang='lat' dir='ltr'><strong><em>querelam,</em></strong></span> <span class='ocrx_word' id='word_1_678' title='bbox 3006 4500 3135 4553; x_wconf 69' lang='lat' dir='ltr'><strong><em>quas</em></strong></span> <span class='ocrx_word' id='word_1_679' title='bbox 3167 4484 3358 4555; x_wconf 88' lang='lat' dir='ltr'><strong><em>magis</em></strong></span> <span class='ocrx_word' id='word_1_680' title='bbox 3381 4485 3458 4539; x_wconf 87' lang='lat' dir='ltr'><strong><em>ad</em></strong></span> <span class='ocrx_word' id='word_1_681' title='bbox 3481 4475 3887 4539; x_wconf 80' lang='lat' dir='ltr'><strong><em>vitiumlubrica</em></strong></span> 
     </span>
    </p>
   </div>
   <div class='ocr_carea' id='block_1_97' title="bbox 591 4566 3886 4653">
    <p class='ocr_par' dir='ltr' id='par_1_97' title="bbox 591 4566 3886 4653">
     <span class='ocr_line' id='line_1_97' title="bbox 591 4566 3886 4653; baseline -0.002 -26"><span class='ocrx_word' id='word_1_682' title='bbox 591 4569 682 4627; x_wconf 85' lang='lat' dir='ltr'><strong><em>-l8.</em></strong></span> <span class='ocrx_word' id='word_1_683' title='bbox 719 4592 747 4621; x_wconf 83' lang='grc'><em>‹‹</em></span> <span class='ocrx_word' id='word_1_684' title='bbox 780 4569 1008 4636; x_wconf 91' lang='lat' dir='ltr'><strong><em>Manus,</em></strong></span> <span class='ocrx_word' id='word_1_685' title='bbox 1042 4570 1253 4642; x_wconf 89' lang='lat' dir='ltr'><strong><em>inquit,</em></strong></span> <span class='ocrx_word' id='word_1_686' title='bbox 1311 4574 1424 4625; x_wconf 66' lang='lat' dir='ltr'><strong><em>tuae</em></strong></span> <span class='ocrx_word' id='word_1_687' title='bbox 1479 4569 1915 4642; x_wconf 88' lang='lat' dir='ltr'><strong><em>plasmaverunt</em></strong></span> <span class='ocrx_word' id='word_1_688' title='bbox 1962 4592 2084 4631; x_wconf 88' lang='lat' dir='ltr'><strong><em>me:</em></strong></span> <span class='ocrx_word' id='word_1_689' title='bbox 2139 4600 2167 4629; x_wconf 86' lang='lat'>»</span> <span class='ocrx_word' id='word_1_690' title='bbox 2203 4589 2245 4653; x_wconf 75' lang='grc' dir='ltr'>υ</span> <span class='ocrx_word' id='word_1_691' title='bbox 2276 4591 2405 4631; x_wconf 89' lang='lat' dir='ltr'><strong><em>esse</em></strong></span> <span class='ocrx_word' id='word_1_692' title='bbox 2434 4572 2753 4629; x_wconf 89' lang='lat' dir='ltr'><strong><em>consuevit.</em></strong></span> <span class='ocrx_word' id='word_1_693' title='bbox 2788 4571 2975 4628; x_wconf 84' lang='lat' dir='ltr'><strong><em>Habet</em></strong></span> <span class='ocrx_word' id='word_1_694' title='bbox 3003 4573 3156 4628; x_wconf 87' lang='lat' dir='ltr'><strong><em>enim</em></strong></span> <span class='ocrx_word' id='word_1_695' title='bbox 3200 4573 3461 4644; x_wconf 87' lang='lat' dir='ltr'><strong><em>pueritia</em></strong></span> <span class='ocrx_word' id='word_1_696' title='bbox 3513 4566 3886 4629; x_wconf 84' lang='lat' dir='ltr'><strong><em>innocentiam,</em></strong></span> 
     </span>
    </p>
   </div>
   <div class='ocr_carea' id='block_1_98' title="bbox 519 4658 2168 4737">
    <p class='ocr_par' dir='ltr' id='par_1_98' title="bbox 519 4658 2168 4737">
     <span class='ocr_line' id='line_1_98' title="bbox 519 4658 2168 4737; baseline 0.003 -20"><span class='ocrx_word' id='word_1_697' title='bbox 519 4663 722 4734; x_wconf 89' lang='lat' dir='ltr'><strong><em>postea</em></strong></span> <span class='ocrx_word' id='word_1_698' title='bbox 752 4658 1082 4715; x_wconf 88' lang='lat' dir='ltr'><strong><em>convertisti</em></strong></span> <span class='ocrx_word' id='word_1_699' title='bbox 1115 4664 1173 4715; x_wconf 90' lang='lat' dir='ltr'><strong><em>et</em></strong></span> <span class='ocrx_word' id='word_1_700' title='bbox 1204 4659 1543 4731; x_wconf 89' lang='lat' dir='ltr'><strong><em>percussisti</em></strong></span> <span class='ocrx_word' id='word_1_701' title='bbox 1566 4677 1678 4716; x_wconf 90' lang='lat' dir='ltr'><strong><em>me.</em></strong></span> <span class='ocrx_word' id='word_1_702' title='bbox 1711 4661 1997 4719; x_wconf 90' lang='lat' dir='ltr'><strong><em>Memento</em></strong></span> <span class='ocrx_word' id='word_1_703' title='bbox 2029 4667 2168 4737; x_wconf 90' lang='lat' dir='ltr'><strong><em>quia</em></strong></span> 
     </span>
    </p>
   </div>
   <div class='ocr_carea' id='block_1_99' title="bbox 515 4747 2165 4826">
    <p class='ocr_par' dir='ltr' id='par_1_99' title="bbox 515 4747 2165 4826">
     <span class='ocr_line' id='line_1_99' title="bbox 515 4747 2165 4826; baseline 0.004 -20"><span class='ocrx_word' id='word_1_704' title='bbox 515 4749 710 4807; x_wconf 89' lang='lat' dir='ltr'><strong><em>lutum</em></strong></span> <span class='ocrx_word' id='word_1_705' title='bbox 742 4765 836 4805; x_wconf 90' lang='lat' dir='ltr'><strong><em>me</em></strong></span> <span class='ocrx_word' id='word_1_706' title='bbox 866 4747 1075 4813; x_wconf 90' lang='lat' dir='ltr'><strong><em>fecisti,</em></strong></span> <span class='ocrx_word' id='word_1_707' title='bbox 1102 4752 1160 4803; x_wconf 91' lang='lat' dir='ltr'><strong><em>et</em></strong></span> <span class='ocrx_word' id='word_1_708' title='bbox 1189 4748 1246 4803; x_wconf 90' lang='lat' dir='ltr'><strong><em>in</em></strong></span> <span class='ocrx_word' id='word_1_709' title='bbox 1266 4752 1421 4803; x_wconf 84' lang='lat' dir='ltr'><strong><em>terra</em></strong></span> <span class='ocrx_word' id='word_1_710' title='bbox 1451 4764 1542 4804; x_wconf 91' lang='lat' dir='ltr'><strong><em>me</em></strong></span> <span class='ocrx_word' id='word_1_711' title='bbox 1565 4748 1838 4805; x_wconf 88' lang='lat' dir='ltr'><strong><em>resolves.</em></strong></span> <span class='ocrx_word' id='word_1_712' title='bbox 1867 4752 2165 4826; x_wconf 89' lang='lat' dir='ltr'><strong><em>Numquid</em></strong></span> 
     </span>
    </p>
   </div>
   <div class='ocr_carea' id='block_1_100' title="bbox 517 4836 2166 4905">
    <p class='ocr_par' dir='ltr' id='par_1_100' title="bbox 517 4836 2166 4905">
     <span class='ocr_line' id='line_1_100' title="bbox 517 4836 2166 4905; baseline 0.003 -10"><span class='ocrx_word' id='word_1_713' title='bbox 517 4856 634 4896; x_wconf 92' lang='lat' dir='ltr'><strong><em>non</em></strong></span> <span class='ocrx_word' id='word_1_714' title='bbox 664 4842 731 4894; x_wconf 91' lang='lat' dir='ltr'><strong><em>ut</em></strong></span> <span class='ocrx_word' id='word_1_715' title='bbox 757 4837 848 4894; x_wconf 89' lang='lat' dir='ltr'><strong><em>lac</em></strong></span> <span class='ocrx_word' id='word_1_716' title='bbox 879 4836 1135 4893; x_wconf 89' lang='lat' dir='ltr'><strong><em>mulsisti</em></strong></span> <span class='ocrx_word' id='word_1_717' title='bbox 1165 4853 1278 4905; x_wconf 90' lang='lat' dir='ltr'><strong><em>me,</em></strong></span> <span class='ocrx_word' id='word_1_718' title='bbox 1299 4837 1593 4893; x_wconf 86' lang='lat' dir='ltr'><strong><em>confecisti</em></strong></span> <span class='ocrx_word' id='word_1_719' title='bbox 1609 4838 1866 4895; x_wconf 88' lang='lat' dir='ltr'><strong><em>mesicut</em></strong></span> <span class='ocrx_word' id='word_1_720' title='bbox 1887 4844 2166 4900; x_wconf 86' lang='lat' dir='ltr'><strong><em>caseum?</em></strong></span> 
     </span>
    </p>
   </div>
   <div class='ocr_carea' id='block_1_101' title="bbox 515 4924 2164 4994">
    <p class='ocr_par' dir='ltr' id='par_1_101' title="bbox 515 4924 2164 4994">
     <span class='ocr_line' id='line_1_101' title="bbox 515 4924 2164 4994; baseline 0.004 -10"><span class='ocrx_word' id='word_1_721' title='bbox 515 4927 752 4984; x_wconf 87' lang='lat' dir='ltr'><strong><em>Corium</em></strong></span> <span class='ocrx_word' id='word_1_722' title='bbox 773 4931 832 4983; x_wconf 90' lang='lat' dir='ltr'><strong><em>et</em></strong></span> <span class='ocrx_word' id='word_1_723' title='bbox 859 4942 1093 4983; x_wconf 90' lang='lat' dir='ltr'><strong><em>carnem</em></strong></span> <span class='ocrx_word' id='word_1_724' title='bbox 1115 4941 1207 4981; x_wconf 90' lang='lat' dir='ltr'><strong><em>me</em></strong></span> <span class='ocrx_word' id='word_1_725' title='bbox 1236 4924 1501 4994; x_wconf 91' lang='lat' dir='ltr'><strong><em>induisti,</em></strong></span> <span class='ocrx_word' id='word_1_726' title='bbox 1525 4926 1759 4983; x_wconf 91' lang='lat' dir='ltr'><strong><em>ossibus</em></strong></span> <span class='ocrx_word' id='word_1_727' title='bbox 1782 4932 1838 4984; x_wconf 90' lang='lat' dir='ltr'><strong><em>et</em></strong></span> <span class='ocrx_word' id='word_1_728' title='bbox 1857 4931 2049 4987; x_wconf 89' lang='lat' dir='ltr'><strong><em>nervis</em></strong></span> <span class='ocrx_word' id='word_1_729' title='bbox 2073 4949 2164 4990; x_wconf 91' lang='lat' dir='ltr'><strong><em>me</em></strong></span> 
     </span>
    </p>
   </div>
   <div class='ocr_carea' id='block_1_102' title="bbox 513 5013 2159 5090">
    <p class='ocr_par' dir='ltr' id='par_1_102' title="bbox 513 5013 2159 5090">
     <span class='ocr_line' id='line_1_102' title="bbox 513 5013 2159 5090; baseline 0.002 -16"><span class='ocrx_word' id='word_1_730' title='bbox 513 5015 847 5074; x_wconf 89' lang='lat' dir='ltr'><strong><em>inseruisti:</em></strong></span> <span class='ocrx_word' id='word_1_731' title='bbox 878 5015 1058 5071; x_wconf 88' lang='lat' dir='ltr'><strong><em>vitam</em></strong></span> <span class='ocrx_word' id='word_1_732' title='bbox 1091 5019 1148 5071; x_wconf 88' lang='lat' dir='ltr'><strong><em>et</em></strong></span> <span class='ocrx_word' id='word_1_733' title='bbox 1177 5013 1636 5070; x_wconf 88' lang='lat' dir='ltr'><strong><em>misericordiam</em></strong></span> <span class='ocrx_word' id='word_1_734' title='bbox 1667 5015 1724 5070; x_wconf 91' lang='lat' dir='ltr'><strong><em>in</em></strong></span> <span class='ocrx_word' id='word_1_735' title='bbox 1760 5034 1853 5072; x_wconf 90' lang='lat' dir='ltr'><strong><em>me</em></strong></span> <span class='ocrx_word' id='word_1_736' title='bbox 1883 5020 2159 5090; x_wconf 85' lang='lat' dir='ltr'><strong><em>posuisti:</em></strong></span> 
     </span>
    </p>
   </div>
   <div class='ocr_carea' id='block_1_103' title="bbox 515 5103 2159 5181">
    <p class='ocr_par' dir='ltr' id='par_1_103' title="bbox 515 5103 2159 5181">
     <span class='ocr_line' id='line_1_103' title="bbox 515 5103 2159 5181; baseline -0.001 -18"><span class='ocrx_word' id='word_1_737' title='bbox 515 5110 574 5163; x_wconf 87' lang='lat' dir='ltr'><strong><em>et</em></strong></span> <span class='ocrx_word' id='word_1_738' title='bbox 599 5104 855 5163; x_wconf 88' lang='lat' dir='ltr'><strong><em>visitatio</em></strong></span> <span class='ocrx_word' id='word_1_739' title='bbox 884 5109 988 5161; x_wconf 88' lang='lat' dir='ltr'><strong><em>tua</em></strong></span> <span class='ocrx_word' id='word_1_740' title='bbox 1019 5103 1271 5178; x_wconf 85' lang='lat' dir='ltr'><strong><em>protexit</em></strong></span> <span class='ocrx_word' id='word_1_741' title='bbox 1301 5103 1573 5175; x_wconf 86' lang='lat' dir='ltr'><strong><em>spiritum</em></strong></span> <span class='ocrx_word' id='word_1_742' title='bbox 1601 5120 1792 5159; x_wconf 85' lang='lat' dir='ltr'><strong><em>meum</em></strong></span> <span class='ocrx_word' id='word_1_743' title='bbox 1812 5106 1966 5171; x_wconf 82' lang='lat' dir='ltr'><strong><em>(Ibid,</em></strong></span> <span class='ocrx_word' id='word_1_744' title='bbox 1990 5108 2159 5181; x_wconf 88' lang='lat' dir='ltr'><strong><em>8-l2).</em></strong></span> 
     </span>
    </p>
   </div>
   <div class='ocr_carea' id='block_1_104' title="bbox 586 5247 2163 5322">
    <p class='ocr_par' dir='ltr' id='par_1_104' title="bbox 586 5247 2163 5322">
     <span class='ocr_line' id='line_1_104' title="bbox 586 5247 2163 5322; baseline 0.002 -18"><span class='ocrx_word' id='word_1_745' title='bbox 586 5249 702 5322; x_wconf 82' lang='lat'><strong><em>(82)</em></strong></span> <span class='ocrx_word' id='word_1_746' title='bbox 735 5247 902 5322; x_wconf 76' lang='lat' dir='ltr'><strong><em>Rom.</em></strong></span> <span class='ocrx_word' id='word_1_747' title='bbox 935 5248 1117 5322; x_wconf 72' lang='lat' dir='ltr'><strong><em>edit.,</em></strong></span> <span class='ocrx_word' id='word_1_748' title='bbox 1137 5248 1342 5319; x_wconf 87' lang='lat' dir='ltr'><strong><em>Lapsus</em></strong></span> <span class='ocrx_word' id='word_1_749' title='bbox 1370 5263 1496 5303; x_wconf 86' lang='lat' dir='ltr'><strong><em>suos</em></strong></span> <span class='ocrx_word' id='word_1_750' title='bbox 1524 5249 1799 5322; x_wconf 57' lang='lat' dir='ltr'><strong><em>agnoscit</em></strong></span> <span class='ocrx_word' id='word_1_751' title='bbox 1823 5250 2028 5322; x_wconf 78' lang='lat' dir='ltr'><strong><em>justus.</em></strong></span> <span class='ocrx_word' id='word_1_752' title='bbox 2092 5255 2163 5307; x_wconf 86' lang='lat' dir='ltr'><strong><em>At</em></strong></span> 
     </span>
    </p>
   </div>
   <div class='ocr_carea' id='block_1_105' title="bbox 516 5318 2160 5384">
    <p class='ocr_par' dir='ltr' id='par_1_105' title="bbox 516 5318 2160 5384">
     <span class='ocr_line' id='line_1_105' title="bbox 516 5318 2160 5384; baseline 0 -7"><span class='ocrx_word' id='word_1_753' title='bbox 516 5318 721 5377; x_wconf 84' lang='lat' dir='ltr'><strong><em>contra</em></strong></span> <span class='ocrx_word' id='word_1_754' title='bbox 750 5318 994 5376; x_wconf 74' lang='lat' dir='ltr'><strong><em>aliarum</em></strong></span> <span class='ocrx_word' id='word_1_755' title='bbox 1028 5320 1166 5376; x_wconf 88' lang='lat' dir='ltr'><strong><em>edit.</em></strong></span> <span class='ocrx_word' id='word_1_756' title='bbox 1192 5318 1259 5376; x_wconf 84' lang='lat' dir='ltr'><strong><em>ac</em></strong></span> <span class='ocrx_word' id='word_1_757' title='bbox 1281 5336 1424 5384; x_wconf 88' lang='lat' dir='ltr'><strong><em>mss,</em></strong></span> <span class='ocrx_word' id='word_1_758' title='bbox 1446 5319 1709 5373; x_wconf 86' lang='lat' dir='ltr'><strong><em>omnium</em></strong></span> <span class='ocrx_word' id='word_1_759' title='bbox 1729 5318 1923 5374; x_wconf 82' lang='lat' dir='ltr'><strong><em>ﬁdem.</em></strong></span> <span class='ocrx_word' id='word_1_760' title='bbox 1941 5321 2160 5377; x_wconf 87' lang='lat' dir='ltr'><strong><em>Sensus</em></strong></span> 
     </span>
    </p>
   </div>
   <div class='ocr_carea' id='block_1_106' title="bbox 516 5390 2161 5463">
    <p class='ocr_par' dir='ltr' id='par_1_106' title="bbox 516 5390 2161 5463">
     <span class='ocr_line' id='line_1_106' title="bbox 516 5390 2161 5463; baseline 0 -15"><span class='ocrx_word' id='word_1_761' title='bbox 516 5395 710 5448; x_wconf 89' lang='lat' dir='ltr'><strong><em>autem</em></strong></span> <span class='ocrx_word' id='word_1_762' title='bbox 741 5392 1076 5463; x_wconf 86' lang='lat' dir='ltr'><strong><em>estjustum</em></strong></span> <span class='ocrx_word' id='word_1_763' title='bbox 1109 5391 1208 5463; x_wconf 89' lang='lat' dir='ltr'><strong><em>qui</em></strong></span> <span class='ocrx_word' id='word_1_764' title='bbox 1239 5408 1301 5446; x_wconf 92' lang='lat' dir='ltr'><strong><em>se</em></strong></span> <span class='ocrx_word' id='word_1_765' title='bbox 1342 5406 1578 5462; x_wconf 83' lang='lat' dir='ltr'><strong><em>peccaro</em></strong></span> <span class='ocrx_word' id='word_1_766' title='bbox 1609 5390 1893 5463; x_wconf 85' lang='lat' dir='ltr'><strong><em>agnoscit,</em></strong></span> <span class='ocrx_word' id='word_1_767' title='bbox 1929 5409 2041 5447; x_wconf 90' lang='lat' dir='ltr'><strong><em>non</em></strong></span> <span class='ocrx_word' id='word_1_768' title='bbox 2069 5398 2161 5448; x_wconf 85' lang='lat' dir='ltr'><strong><em>ta-</em></strong></span> 
     </span>
    </p>
   </div>
   <div class='ocr_carea' id='block_1_107' title="bbox 516 5464 1515 5534">
    <p class='ocr_par' dir='ltr' id='par_1_107' title="bbox 516 5464 1515 5534">
     <span class='ocr_line' id='line_1_107' title="bbox 516 5464 1515 5534; baseline -0.003 -15"><span class='ocrx_word' id='word_1_769' title='bbox 516 5476 997 5534; x_wconf 15' lang='lat' dir='ltr'><strong><em>mengagnoscere</em></strong></span> <span class='ocrx_word' id='word_1_770' title='bbox 1028 5479 1090 5518; x_wconf 91' lang='lat' dir='ltr'><strong><em>se</em></strong></span> <span class='ocrx_word' id='word_1_771' title='bbox 1117 5464 1297 5534; x_wconf 90' lang='lat' dir='ltr'><strong><em>impie</em></strong></span> <span class='ocrx_word' id='word_1_772' title='bbox 1326 5477 1515 5534; x_wconf 88' lang='lat' dir='ltr'><strong><em>agere.</em></strong></span> 
     </span>
    </p>
   </div>
   <div class='ocr_carea' id='block_1_108' title="bbox 588 5476 2156 5606">
    <p class='ocr_par' dir='ltr' id='par_1_108' title="bbox 588 5476 2156 5606">
     <span class='ocr_line' id='line_1_108' title="bbox 588 5476 1515 5589; baseline -0.002 -71"><span class='ocrx_word' id='word_1_773' title='bbox 588 5479 649 5518; x_wconf 81' lang='lat' dir='ltr'><strong><em>en</em></strong></span> <span class='ocrx_word' id='word_1_774' title='bbox 683 5476 997 5589; x_wconf 65' lang='lat' dir='ltr'><strong><em>ag)noscere</em></strong></span> <span class='ocrx_word' id='word_1_775' title='bbox 1028 5479 1090 5518; x_wconf 91' lang='lat' dir='ltr'><strong><em>se</em></strong></span> <span class='ocrx_word' id='word_1_776' title='bbox 1117 5479 1297 5534; x_wconf 77' lang='lat' dir='ltr'><strong><em>Imple</em></strong></span> <span class='ocrx_word' id='word_1_777' title='bbox 1326 5477 1515 5534; x_wconf 88' lang='lat' dir='ltr'><strong><em>agere.</em></strong></span> 
     </span>
     <span class='ocr_line' id='line_1_109' title="bbox 588 5532 2156 5606; baseline 0.001 -18"><span class='ocrx_word' id='word_1_778' title='bbox 588 5532 700 5605; x_wconf 88' lang='lat'><strong><em>(83)</em></strong></span> <span class='ocrx_word' id='word_1_779' title='bbox 779 5550 947 5590; x_wconf 85' lang='lat' dir='ltr'><strong><em>mnes</em></strong></span> <span class='ocrx_word' id='word_1_780' title='bbox 976 5534 1138 5602; x_wconf 90' lang='lat' dir='ltr'><strong><em>edit.,</em></strong></span> <span class='ocrx_word' id='word_1_781' title='bbox 1171 5544 1227 5590; x_wconf 79' lang='lat' dir='ltr'><strong><em>et</em></strong></span> <span class='ocrx_word' id='word_1_782' title='bbox 1250 5535 1588 5606; x_wconf 74' lang='lat' dir='ltr'><strong><em>proiectione</em></strong></span> <span class='ocrx_word' id='word_1_783' title='bbox 1644 5532 1998 5604; x_wconf 82' lang='lat' dir='ltr'><strong><em>dignationis,</em></strong></span> <span class='ocrx_word' id='word_1_784' title='bbox 2031 5551 2156 5590; x_wconf 87' lang='lat' dir='ltr'><strong><em>om-</em></strong></span> 
     </span>
    </p>
   </div>
   <div class='ocr_carea' id='block_1_109' title="bbox 512 5604 1580 5677">
    <p class='ocr_par' dir='ltr' id='par_1_109' title="bbox 512 5604 1580 5677">
     <span class='ocr_line' id='line_1_110' title="bbox 512 5604 1580 5677; baseline -0.006 -13"><span class='ocrx_word' id='word_1_785' title='bbox 512 5621 619 5665; x_wconf 86' lang='lat' dir='ltr'><strong><em>nes</em></strong></span> <span class='ocrx_word' id='word_1_786' title='bbox 649 5604 773 5677; x_wconf 71' lang='lat' dir='ltr'><strong><em>niss</em></strong></span> <span class='ocrx_word' id='word_1_787' title='bbox 792 5608 845 5659; x_wconf 84' lang='lat' dir='ltr'><strong><em>et</em></strong></span> <span class='ocrx_word' id='word_1_788' title='bbox 873 5606 1220 5677; x_wconf 71' lang='lat' dir='ltr'><strong><em>profectionis</em></strong></span> <span class='ocrx_word' id='word_1_789' title='bbox 1249 5604 1580 5677; x_wconf 75' lang='lat' dir='ltr'><strong><em>dignatione.</em></strong></span> 
     </span>
    </p>
   </div>
   <div class='ocr_carea' id='block_1_110' title="bbox 586 5673 2155 5758">
    <p class='ocr_par' dir='ltr' id='par_1_110' title="bbox 586 5673 2155 5758">
     <span class='ocr_line' id='line_1_111' title="bbox 586 5673 2155 5758; baseline 0.003 -28"><span class='ocrx_word' id='word_1_790' title='bbox 586 5677 700 5758; x_wconf 64' lang='lat'><strong><em>(84)</em></strong></span> <span class='ocrx_word' id='word_1_791' title='bbox 724 5675 806 5729; x_wconf 89' lang='lat' dir='ltr'><strong><em>[ta</em></strong></span> <span class='ocrx_word' id='word_1_792' title='bbox 834 5673 976 5729; x_wconf 85' lang='lat' dir='ltr'><strong><em>mss.</em></strong></span> <span class='ocrx_word' id='word_1_793' title='bbox 1010 5676 1270 5758; x_wconf 72' lang='lat' dir='ltr'><strong><em>quinque</em></strong></span> <span class='ocrx_word' id='word_1_794' title='bbox 1298 5673 1557 5758; x_wconf 73' lang='lat' dir='ltr'><strong><em>melioris</em></strong></span> <span class='ocrx_word' id='word_1_795' title='bbox 1587 5674 1709 5758; x_wconf 52' lang='lat' dir='ltr'><strong><em>aevi.</em></strong></span> <span class='ocrx_word' id='word_1_796' title='bbox 1909 5692 2042 5732; x_wconf 89' lang='lat' dir='ltr'><strong><em>vero</em></strong></span> <span class='ocrx_word' id='word_1_797' title='bbox 2099 5682 2155 5735; x_wconf 89' lang='lat' dir='ltr'><strong><em>et</em></strong></span> 
     </span>
    </p>
   </div>
   <div class='ocr_carea' id='block_1_111' title="bbox 513 5746 2063 5820">
    <p class='ocr_par' dir='ltr' id='par_1_111' title="bbox 513 5746 2063 5820">
     <span class='ocr_line' id='line_1_112' title="bbox 513 5746 2063 5820; baseline 0.004 -18"><span class='ocrx_word' id='word_1_798' title='bbox 513 5746 658 5818; x_wconf 79' lang='lat' dir='ltr'><strong><em>edit.,</em></strong></span> <span class='ocrx_word' id='word_1_799' title='bbox 688 5758 914 5811; x_wconf 86' lang='lat' dir='ltr'><strong><em>omnes,</em></strong></span> <span class='ocrx_word' id='word_1_800' title='bbox 935 5747 1035 5801; x_wconf 86' lang='lat' dir='ltr'><strong><em>aut</em></strong></span> <span class='ocrx_word' id='word_1_801' title='bbox 1061 5746 1213 5820; x_wconf 76' lang='lat' dir='ltr'><strong><em>ﬁlius</em></strong></span> <span class='ocrx_word' id='word_1_802' title='bbox 1243 5748 1502 5817; x_wconf 77' lang='lat' dir='ltr'><strong><em>hominis,</em></strong></span> <span class='ocrx_word' id='word_1_803' title='bbox 1533 5749 1667 5820; x_wconf 88' lang='lat' dir='ltr'><strong><em>quia</em></strong></span> <span class='ocrx_word' id='word_1_804' title='bbox 1692 5748 1889 5808; x_wconf 78' lang='lat' dir='ltr'><strong><em>visitas</em></strong></span> <span class='ocrx_word' id='word_1_805' title='bbox 1916 5764 2063 5813; x_wconf 81' lang='lat' dir='ltr'><strong><em>eum.</em></strong></span> 
     </span>
    </p>
   </div>
   <div class='ocr_carea' id='block_1_112' title="bbox 2275 4654 3886 4734">
    <p class='ocr_par' dir='ltr' id='par_1_112' title="bbox 2275 4654 3886 4734">
     <span class='ocr_line' id='line_1_113' title="bbox 2275 4654 3886 4734; baseline -0.006 -14"><span class='ocrx_word' id='word_1_806' title='bbox 2275 4667 2546 4720; x_wconf 88' lang='lat' dir='ltr'><strong><em>senectus</em></strong></span> <span class='ocrx_word' id='word_1_807' title='bbox 2576 4661 2970 4733; x_wconf 82' lang='lat' dir='ltr'><strong><em>prudentiam,</em></strong></span> <span class='ocrx_word' id='word_1_808' title='bbox 3001 4660 3133 4734; x_wconf 92' lang='lat' dir='ltr'><strong><em>ipsa</em></strong></span> <span class='ocrx_word' id='word_1_809' title='bbox 3156 4661 3346 4716; x_wconf 89' lang='lat' dir='ltr'><strong><em>vicina</em></strong></span> <span class='ocrx_word' id='word_1_810' title='bbox 3380 4658 3778 4718; x_wconf 67' lang='lat' dir='ltr'><strong><em>adolescentiae</em></strong></span> <span class='ocrx_word' id='word_1_811' title='bbox 3809 4654 3886 4724; x_wconf 84' lang='lat' dir='ltr'><strong><em>ju-</em></strong></span> 
     </span>
    </p>
   </div>
   <div class='ocr_carea' id='block_1_113' title="bbox 2271 4742 3884 4821">
    <p class='ocr_par' dir='ltr' id='par_1_113' title="bbox 2271 4742 3884 4821">
     <span class='ocr_line' id='line_1_114' title="bbox 2271 4742 3884 4821; baseline -0.004 -16"><span class='ocrx_word' id='word_1_812' title='bbox 2271 4755 2484 4806; x_wconf 90' lang='lat' dir='ltr'><strong><em>ventus</em></strong></span> <span class='ocrx_word' id='word_1_813' title='bbox 2495 4750 2658 4805; x_wconf 75' lang='lat' dir='ltr'><strong><em>bonas</em></strong></span> <span class='ocrx_word' id='word_1_814' title='bbox 2670 4748 3118 4806; x_wconf 82' lang='lat' dir='ltr'><strong><em>existimationis</em></strong></span> <span class='ocrx_word' id='word_1_815' title='bbox 3130 4742 3884 4821; x_wconf 81' lang='lat' dir='ltr'><strong><em>intuitum,etverecundiam</em></strong></span> 
     </span>
    </p>
   </div>
   <div class='ocr_carea' id='block_1_114' title="bbox 2273 4834 3883 4911">
    <p class='ocr_par' dir='ltr' id='par_1_114' title="bbox 2273 4834 3883 4911">
     <span class='ocr_line' id='line_1_115' title="bbox 2273 4834 3883 4911; baseline -0.002 -17"><span class='ocrx_word' id='word_1_816' title='bbox 2273 4838 2682 4911; x_wconf 85' lang='lat' dir='ltr'><strong><em>delinquendi:</em></strong></span> <span class='ocrx_word' id='word_1_817' title='bbox 2719 4837 3110 4893; x_wconf 86' lang='lat' dir='ltr'><strong><em>adolescentia</em></strong></span> <span class='ocrx_word' id='word_1_818' title='bbox 3140 4836 3264 4894; x_wconf 88' lang='lat' dir='ltr'><strong><em>sola</em></strong></span> <span class='ocrx_word' id='word_1_819' title='bbox 3287 4842 3385 4894; x_wconf 88' lang='lat' dir='ltr'><strong><em>est</em></strong></span> <span class='ocrx_word' id='word_1_820' title='bbox 3405 4834 3883 4896; x_wconf 75' lang='lat' dir='ltr'><strong><em>invalidaviribuS.</em></strong></span> 
     </span>
    </p>
   </div>
   <div class='ocr_carea' id='block_1_115' title="bbox 2270 4914 3882 4995">
    <p class='ocr_par' dir='ltr' id='par_1_115' title="bbox 2270 4914 3882 4995">
     <span class='ocr_line' id='line_1_116' title="bbox 2270 4914 3882 4995; baseline -0.004 -12"><span class='ocrx_word' id='word_1_821' title='bbox 2270 4927 2507 4983; x_wconf 81' lang='lat' dir='ltr'><strong><em>inﬁrma</em></strong></span> <span class='ocrx_word' id='word_1_822' title='bbox 2536 4926 2817 4993; x_wconf 78' lang='lat' dir='ltr'><strong><em>consiliis,</em></strong></span> <span class='ocrx_word' id='word_1_823' title='bbox 2850 4927 2988 4983; x_wconf 87' lang='lat' dir='ltr'><strong><em>vitio</em></strong></span> <span class='ocrx_word' id='word_1_824' title='bbox 3036 4926 3254 4995; x_wconf 90' lang='lat' dir='ltr'><strong><em>calens,</em></strong></span> <span class='ocrx_word' id='word_1_825' title='bbox 3304 4914 3622 4985; x_wconf 82' lang='lat' dir='ltr'><strong><em>fastidiosa</em></strong></span> <span class='ocrx_word' id='word_1_826' title='bbox 3674 4918 3882 4980; x_wconf 77' lang='lat' dir='ltr'><strong><em>monito-</em></strong></span> 
     </span>
    </p>
   </div>
   <div class='ocr_carea' id='block_1_116' title="bbox 2272 5014 3883 5089">
    <p class='ocr_par' dir='ltr' id='par_1_116' title="bbox 2272 5014 3883 5089">
     <span class='ocr_line' id='line_1_117' title="bbox 2272 5014 3883 5089; baseline -0.004 -18"><span class='ocrx_word' id='word_1_827' title='bbox 2272 5016 2455 5085; x_wconf 88' lang='lat' dir='ltr'><strong><em>ribus,</em></strong></span> <span class='ocrx_word' id='word_1_828' title='bbox 2486 5014 2831 5071; x_wconf 88' lang='lat' dir='ltr'><strong><em>illecebrosa</em></strong></span> <span class='ocrx_word' id='word_1_829' title='bbox 2858 5014 3104 5071; x_wconf 90' lang='lat' dir='ltr'><strong><em>deliciis.</em></strong></span> <span class='ocrx_word' id='word_1_830' title='bbox 3140 5016 3203 5070; x_wconf 92' lang='lat' dir='ltr'><strong><em>In</em></strong></span> <span class='ocrx_word' id='word_1_831' title='bbox 3259 5020 3431 5072; x_wconf 91' lang='lat' dir='ltr'><strong><em>tanto</em></strong></span> <span class='ocrx_word' id='word_1_832' title='bbox 3488 5017 3670 5089; x_wconf 88' lang='lat' dir='ltr'><strong><em>igitur</em></strong></span> <span class='ocrx_word' id='word_1_833' title='bbox 3694 5017 3748 5069; x_wconf 90' lang='lat' dir='ltr'><strong><em>et</em></strong></span> <span class='ocrx_word' id='word_1_834' title='bbox 3788 5014 3883 5064; x_wconf 86' lang='lat' dir='ltr'><strong><em>tam</em></strong></span> 
     </span>
    </p>
   </div>
   <div class='ocr_carea' id='block_1_117' title="bbox 2271 5102 3883 5176">
    <p class='ocr_par' dir='ltr' id='par_1_117' title="bbox 2271 5102 3883 5176">
     <span class='ocr_line' id='line_1_118' title="bbox 2271 5102 3883 5176; baseline -0.003 -16"><span class='ocrx_word' id='word_1_835' title='bbox 2271 5105 2614 5176; x_wconf 85' lang='lat' dir='ltr'><strong><em>confragoso</em></strong></span> <span class='ocrx_word' id='word_1_836' title='bbox 2646 5107 2703 5159; x_wconf 91' lang='lat' dir='ltr'><strong><em>et</em></strong></span> <span class='ocrx_word' id='word_1_837' title='bbox 2734 5102 3057 5175; x_wconf 90' lang='lat' dir='ltr'><strong><em>procelloso</em></strong></span> <span class='ocrx_word' id='word_1_838' title='bbox 3086 5104 3292 5159; x_wconf 91' lang='lat' dir='ltr'><strong><em>mundi</em></strong></span> <span class='ocrx_word' id='word_1_839' title='bbox 3327 5104 3520 5176; x_wconf 87' lang='lat' dir='ltr'><strong><em>hujus</em></strong></span> <span class='ocrx_word' id='word_1_840' title='bbox 3536 5102 3776 5167; x_wconf 89' lang='lat' dir='ltr'><strong><em>turbine,</em></strong></span> <span class='ocrx_word' id='word_1_841' title='bbox 3802 5107 3883 5149; x_wconf 73' lang='lat' dir='ltr'><strong><em>cur</em></strong></span> 
     </span>
    </p>
   </div>
   <div class='ocr_carea' id='block_1_118' title="bbox 2341 5246 3882 5323">
    <p class='ocr_par' dir='ltr' id='par_1_118' title="bbox 2341 5246 3882 5323">
     <span class='ocr_line' id='line_1_119' title="bbox 2341 5246 3882 5323; baseline -0.004 -21"><span class='ocrx_word' id='word_1_842' title='bbox 2341 5248 2454 5320; x_wconf 83' lang='lat'><strong><em>(85)</em></strong></span> <span class='ocrx_word' id='word_1_843' title='bbox 2484 5246 2635 5302; x_wconf 87' lang='lat' dir='ltr'><strong><em>Edit.</em></strong></span> <span class='ocrx_word' id='word_1_844' title='bbox 2668 5250 2803 5323; x_wconf 72' lang='lat' dir='ltr'><strong><em>vet.,</em></strong></span> <span class='ocrx_word' id='word_1_845' title='bbox 2835 5262 3085 5323; x_wconf 72' lang='lat' dir='ltr'><strong><em>somnum</em></strong></span> <span class='ocrx_word' id='word_1_846' title='bbox 3139 5250 3540 5305; x_wconf 73' lang='lat' dir='ltr'><strong><em>excusationis.</em></strong></span> <span class='ocrx_word' id='word_1_847' title='bbox 3595 5247 3771 5323; x_wconf 70' lang='lat' dir='ltr'><strong><em>Rom_.,</em></strong></span> <span class='ocrx_word' id='word_1_848' title='bbox 3815 5252 3882 5323; x_wconf 60' lang='lat' dir='ltr'><strong><em>{0f</em></strong></span> 
     </span>
    </p>
   </div>
   <div class='ocr_carea' id='block_1_119' title="bbox 2268 5318 3878 5383">
    <p class='ocr_par' dir='ltr' id='par_1_119' title="bbox 2268 5318 3878 5383">
     <span class='ocr_line' id='line_1_120' title="bbox 2268 5318 3878 5383; baseline -0.007 -9"><span class='ocrx_word' id='word_1_849' title='bbox 2268 5318 2400 5374; x_wconf 82' lang='lat' dir='ltr'><strong><em>num</em></strong></span> <span class='ocrx_word' id='word_1_850' title='bbox 2430 5318 2817 5382; x_wconf 73' lang='lat' dir='ltr'><strong><em>excusationis,</em></strong></span> <span class='ocrx_word' id='word_1_851' title='bbox 2851 5318 2996 5374; x_wconf 90' lang='lat' dir='ltr'><strong><em>Gall.</em></strong></span> <span class='ocrx_word' id='word_1_852' title='bbox 3036 5335 3201 5383; x_wconf 88' lang='lat' dir='ltr'><strong><em>mss.,</em></strong></span> <span class='ocrx_word' id='word_1_853' title='bbox 3233 5334 3495 5375; x_wconf 84' lang='lat' dir='ltr'><strong><em>somnum</em></strong></span> <span class='ocrx_word' id='word_1_854' title='bbox 3533 5318 3878 5383; x_wconf 64' lang='lat' dir='ltr'><strong><em>accusationis.</em></strong></span> 
     </span>
    </p>
   </div>
   <div class='ocr_carea' id='block_1_120' title="bbox 2269 5381 3883 5462">
    <p class='ocr_par' dir='ltr' id='par_1_120' title="bbox 2269 5381 3883 5462">
     <span class='ocr_line' id='line_1_121' title="bbox 2269 5381 3883 5462; baseline -0.003 -17"><span class='ocrx_word' id='word_1_855' title='bbox 2269 5390 2500 5462; x_wconf 89' lang='lat' dir='ltr'><strong><em>Optime</em></strong></span> <span class='ocrx_word' id='word_1_856' title='bbox 2538 5389 2675 5462; x_wconf 74' lang='lat' dir='ltr'><strong><em>Vat.</em></strong></span> <span class='ocrx_word' id='word_1_857' title='bbox 2727 5381 2878 5454; x_wconf 88' lang='lat' dir='ltr'><strong><em>cod.,</em></strong></span> <span class='ocrx_word' id='word_1_858' title='bbox 2936 5404 3127 5445; x_wconf 84' lang='lat' dir='ltr'><strong><em>sonum</em></strong></span> <span class='ocrx_word' id='word_1_859' title='bbox 3167 5381 3565 5459; x_wconf 82' lang='lat' dir='ltr'><strong><em>accusationis,</em></strong></span> <span class='ocrx_word' id='word_1_860' title='bbox 3624 5389 3765 5443; x_wconf 84' lang='lat' dir='ltr'><strong><em>idem</em></strong></span> <span class='ocrx_word' id='word_1_861' title='bbox 3812 5381 3883 5435; x_wconf 62' lang='lat' dir='ltr'><strong><em>est</em></strong></span> 
     </span>
    </p>
   </div>
   <div class='ocr_carea' id='block_1_121' title="bbox 2267 5460 3878 5523">
    <p class='ocr_par' dir='ltr' id='par_1_121' title="bbox 2267 5460 3878 5523">
     <span class='ocr_line' id='line_1_122' title="bbox 2267 5460 3878 5523; baseline -0.005 -5"><span class='ocrx_word' id='word_1_862' title='bbox 2267 5460 2424 5518; x_wconf 81' lang='lat' dir='ltr'><strong><em>enim</em></strong></span> <span class='ocrx_word' id='word_1_863' title='bbox 2456 5477 2522 5515; x_wconf 91' lang='lat' dir='ltr'><strong><em>ac</em></strong></span> <span class='ocrx_word' id='word_1_864' title='bbox 2544 5460 2594 5516; x_wconf 89' lang='lat' dir='ltr'><strong><em>si</em></strong></span> <span class='ocrx_word' id='word_1_865' title='bbox 2625 5461 2866 5516; x_wconf 89' lang='lat' dir='ltr'><strong><em>diceret:</em></strong></span> <span class='ocrx_word' id='word_1_866' title='bbox 2901 5477 3034 5516; x_wconf 90' lang='lat' dir='ltr'><strong><em>cum</em></strong></span> <span class='ocrx_word' id='word_1_867' title='bbox 3065 5477 3126 5517; x_wconf 90' lang='lat' dir='ltr'><strong><em>se</em></strong></span> <span class='ocrx_word' id='word_1_868' title='bbox 3153 5462 3392 5517; x_wconf 89' lang='lat' dir='ltr'><strong><em>deberet</em></strong></span> <span class='ocrx_word' id='word_1_869' title='bbox 3421 5474 3712 5523; x_wconf 86' lang='lat' dir='ltr'><strong><em>accusare,</em></strong></span> <span class='ocrx_word' id='word_1_870' title='bbox 3742 5466 3878 5510; x_wconf 82' lang='lat' dir='ltr'><strong><em>accu-</em></strong></span> 
     </span>
    </p>
   </div>
   <div class='ocr_carea' id='block_1_122' title="bbox 2267 5526 3878 5603">
    <p class='ocr_par' dir='ltr' id='par_1_122' title="bbox 2267 5526 3878 5603">
     <span class='ocr_line' id='line_1_123' title="bbox 2267 5526 3878 5603; baseline -0.001 -15"><span class='ocrx_word' id='word_1_871' title='bbox 2267 5533 2554 5589; x_wconf 89' lang='lat' dir='ltr'><strong><em>sationem</em></strong></span> <span class='ocrx_word' id='word_1_872' title='bbox 2584 5548 2753 5587; x_wconf 90' lang='lat' dir='ltr'><strong><em>suam</em></strong></span> <span class='ocrx_word' id='word_1_873' title='bbox 2785 5532 2870 5589; x_wconf 91' lang='lat' dir='ltr'><strong><em>ita</em></strong></span> <span class='ocrx_word' id='word_1_874' title='bbox 2911 5531 3169 5603; x_wconf 86' lang='lat' dir='ltr'><strong><em>involvit,</em></strong></span> <span class='ocrx_word' id='word_1_875' title='bbox 3228 5536 3292 5588; x_wconf 88' lang='lat' dir='ltr'><strong><em>ut</em></strong></span> <span class='ocrx_word' id='word_1_876' title='bbox 3352 5526 3737 5590; x_wconf 82' lang='lat' dir='ltr'><strong><em>animadverti</em></strong></span> <span class='ocrx_word' id='word_1_877' title='bbox 3787 5536 3878 5580; x_wconf 73' lang='lat' dir='ltr'><strong><em>non</em></strong></span> 
     </span>
    </p>
   </div>
   <div class='ocr_carea' id='block_1_123' title="bbox 2308 5604 2473 5661">
    <p class='ocr_par' dir='ltr' id='par_1_123' title="bbox 2308 5604 2473 5661">
     <span class='ocr_line' id='line_1_124' title="bbox 2308 5604 2473 5661; baseline -0.006 0"><span class='ocrx_word' id='word_1_878' title='bbox 2308 5604 2473 5661; x_wconf 86' lang='lat' dir='ltr'><strong><em>ossit.</em></strong></span> 
     </span>
    </p>
   </div>
   <div class='ocr_carea' id='block_1_124' title="bbox 2266 5621 3525 5752">
    <p class='ocr_par' dir='ltr' id='par_1_124' title="bbox 2266 5621 3525 5752">
     <span class='ocr_line' id='line_1_125' title="bbox 2266 5621 3525 5752; baseline 0 -17"><span class='ocrx_word' id='word_1_879' title='bbox 2266 5621 2613 5752; x_wconf 47' lang='lat' dir='ltr'><strong><em>pofsgi&#39;cw.</em></strong></span> <span class='ocrx_word' id='word_1_880' title='bbox 2648 5675 2784 5743; x_wconf 89' lang='lat' dir='ltr'><strong><em>duo,</em></strong></span> <span class='ocrx_word' id='word_1_881' title='bbox 2816 5676 3101 5733; x_wconf 85' lang='lat' dir='ltr'><strong><em>adversum</em></strong></span> <span class='ocrx_word' id='word_1_882' title='bbox 3127 5692 3213 5733; x_wconf 86' lang='lat' dir='ltr'><strong><em>me</em></strong></span> <span class='ocrx_word' id='word_1_883' title='bbox 3249 5676 3525 5735; x_wconf 79' lang='lat' dir='ltr'><strong><em>laborem.</em></strong></span> 
     </span>
    </p>
   </div>
  </div>
