4104 6156
182 384 313 481 eis

1012 383 1116 445 DE
1163 382 1906 449 INTERPELLATIONE
1951 388 2093 450 ,ΙοΒ
2140 390 2239 451 ET
2281 390 2518 451 DAVID
2564 386 2717 450 LIB.
2765 384 2815 445 I.

3532 380 3661 446 846
3696 418 3703 425 ~

200 520 316 571 tam
348 515 557 572 crebra
591 514 1259 589 naufragiaimprovidaa
1283 518 1866 575 ascribunturzetati?
1894 522 1951 587 Α
1979 522 2227 593 cogitur.
2261 524 2304 577 A
2336 522 2539 577 diebus
2570 522 2775 576 autem
2808 514 3060 571 Joannis
3090 513 3363 587 Baptista:
3403 531 3653 589 regnum

202 604 362 671 Unde
392 604 674 678 praeclare
702 603 883 660 David
915 603 1097 661 totius
1133 605 1415 679 temporis
1457 607 1588 678 ejus
1634 607 1863 665 veniam

201 694 313 752 sibi
345 712 380 750 a
408 694 661 750 Domino
685 692 1005 766 postulavit
1034 691 1237 750 dicens
1262 710 1276 750 :
1314 718 1342 746 «
1364 694 1652 752 Delictum
1664 697 1867 768 juven-

200 783 346 840 tutis
377 800 522 839 mete
551 786 609 839 et
662 782 1009 856 ignorantia;
1070 798 1143 837 ne
1201 784 1563 852 memineris,
1624 784 1868 842 Domine

201 873 371 944 (Paul.
404 889 556 941 xxiv,
588 872 668 943 7),
697 893 725 921 »
759 871 901 943 quia
930 874 1074 927 tunc
1106 872 1363 928 maxime
1391 873 1553 929 calor
1606 874 1866 947 corporis

203 961 402 1030 fervet,
433 964 490 1017 et
518 963 665 1016 aestu
697 958 1013 1033 sanguinis
1045 961 1386 1031 vaporantis
1416 962 1683 1035 ignescit.

263 1051 355 1105 22.
390 1050 501 1105 Sed
533 1048 750 1105 itarum
793 1048 996 1121 ipsum
1028 1048 1384 1106 audiamus:
1423 1072 1449 1103 α
1471 1050 1861 1119 Mortalis,in-

196 1137 508 1211 quit,ﬁlius
541 1137 1031 1204 mulieris,brevis
1061 1137 1191 1192 vitis
1222 1143 1396 1202 est,et
1412 1140 1866 1212 plenusiracun-

198 1228 325 1294 diae,
356 1228 458 1299 qui
491 1227 641 1284 sicut
671 1228 782 1283 ﬂos
810 1226 1031 1297 floruit,
1065 1230 1124 1281 et
1145 1227 1634 1298 decidit,discedit
1663 1233 1861 1285 autem

200 1321 264 1372 ut
298 1316 530 1382 umbra,
563 1319 618 1372 et
639 1332 752 1372 non
787 1315 1031 1372 resistit.
1066 1314 1273 1373 Nonne
1315 1321 1372 1373 et
1417 1318 1491 1373 ab
1548 1316 1657 1373 hoc
1709 1318 1861 1373 ratio

200 1403 525 1478 quaeritur?
555 1404 623 1459 Et
645 1404 804 1459 hunc
835 1404 1021 1461 fecisti
1046 1404 1268 1461 intrare
1299 1405 1360 1459 in
1401 1405 1696 1475 judicium
1748 1406 1864 1461 sub

198 1497 514 1566 conspectu
537 1498 657 1548 tuo.
686 1493 831 1558 Quis
850 1497 1048 1548 autem
1073 1494 1335 1549 mundus
1356 1498 1445 1548 est
1462 1511 1494 1548 a
1517 1494 1729 1549 sorde?
1750 1494 1866 1549 Sed

199 1599 395 1648 nemo,
427 1583 579 1639 684
607 1581 839 1637 etiamsi
876 1580 1055 1636 unius
1082 1581 1192 1636 diei
1227 1581 1307 1636 sit
1344 1582 1465 1636 vita
1513 1583 1641 1653 ejus
1685 1597 1869 1653 super

202 1676 416 1727 terram
449 1672 566 1739 (Iob
596 1688 708 1733 xxv,
754 1670 937 1738 1—1).»
961 1669 1106 1724 Vere
1130 1669 1493 1726 miserabilis
1515 1669 1869 1738 conditio,ut

195 1760 418 1833 peccati
450 1759 541 1816 sui
574 1758 727 1830 quod
759 1758 939 1812 vitare
973 1773 1089 1811 non
1123 1760 1341 1829 possit,
1392 1758 1677 1815 rationem
1713 1774 1864 1831 pra-

1978 608 2257 667 coelorum
2279 610 2524 683 cogitur,
2544 613 2601 665 et
2626 607 2916 679 cogentes
2937 603 3228 677 diripiunt
3249 602 3415 660 illud.
3437 605 3657 662 Assue-

1976 696 2080 754 bat
2107 714 2243 773 ergo
2272 698 2418 755 illud
2442 699 2766 772 Synagoga
2795 692 2855 748 in
2886 693 3117 765 paucis,
3142 692 3399 750 Ecclesia
3418 693 3575 767 cogit
3596 694 3658 751 in

1977 786 2264 844 millibus.
2297 788 2400 844 Vel
2433 788 2572 860 quia
2599 798 2771 842 nunc
2804 780 3018 838 coelum
3040 783 3201 840 assui
3223 782 3455 840 videtur
3475 783 3661 841 nebu-

1976 874 2051 933 lis
2075 881 2132 933 et
2154 876 2424 949 caligine,
2458 871 2897 943 nocturnisque
2925 872 3206 940 tenebris,
3238 877 3295 930 et
3316 889 3518 931 croceo
3540 873 3661 931 dici

1976 965 2273 1038 surgentis
2302 965 2513 1021 rubore
2538 964 2788 1019 diversa
2818 963 2877 1015 et
2926 959 3198 1017 discolori
3249 961 3443 1034 specie
3500 980 3658 1037 saepe

1976 1058 2332 1110 contextum.
2366 1055 2529 1109 Tunc
2560 1057 2775 1109 autem
2825 1064 2941 1104 nox
2971 1066 3086 1106 non
3136 1050 3247 1107 erit
3292 1049 3552 1124 amplius
3602 1056 3661 1111 et

1975 1159 2093 1198 non
2125 1142 2484 1215 indigebunt
2505 1142 2639 1198 luce
2671 1139 2958 1204 lucernae,
2983 1145 3039 1195 et
3059 1140 3284 1196 lumine
3306 1139 3449 1196 solis
3476 1159 3490 1210 ;
3515 1142 3655 1214 quia

1975 1230 2263 1286 Dominus
2290 1229 2651 1286 illuminabit
2681 1242 2871 1298 super
2898 1243 3019 1296 eos,
3053 1229 3210 1285 sicut
3231 1227 3373 1284 dicit
3392 1228 3652 1289 Joannes

1977 1317 2157 1390 (Apoc.
2193 1336 2332 1387 χχιι,
2363 1319 2439 1390 5).
2470 1318 2566 1375 Vel
2592 1318 2740 1390 quia
2766 1332 2780 1370 :
2808 1338 2834 1364 α
2862 1314 2956 1371 Vae
2976 1316 3047 1373 iis
3068 1317 3171 1390 qui
3194 1321 3508 1374 assumunt
3532 1336 3654 1378 cer-

1976 1406 2185 1461 vicalia
2213 1407 2281 1461 ad
2316 1408 2659 1463 evertendas
2684 1405 2926 1460 animas
2946 1405 3146 1478 populi
3173 1405 3648 1483 (Ezech.xni,18).

2052 1496 2141 1549 25.
2176 1494 2509 1566 Deploranti
2536 1494 2841 1567 prOphetze
2863 1493 3163 1550 miseriam
3192 1499 3404 1552 nostrae
3427 1496 3651 1571 fragili-

1982 1583 2141 1649 tatis,
2175 1600 2302 1654 qnae
2334 1589 2391 1638 et
2418 1584 2475 1638 in
2508 1583 2617 1638 hac
2650 1583 2777 1638 vita
2808 1583 3069 1655 requiem
3098 1600 3213 1641 non
3268 1584 3531 1656 haberet,
3582 1593 3655 1655 et

1982 1659 2254 1725 universa
2283 1672 2477 1726 subito
2509 1672 2756 1726 incursu
2792 1671 2998 1728 mortis
3032 1674 3347 1740 amitteret,
3392 1675 3646 1749 Spiritus

1980 1764 2225 1814 sanctus
2260 1760 2473 1815 infudit
2502 1760 2708 1815 tandiu
2743 1777 2860 1815 non
2888 1766 3318 1818 resurrecturos
3349 1762 3642 1836 homines,

195 1853 354 1906 stare
394 1853 670 1921 cogatur:
697 1846 990 1917 judicium
1021 1848 1335 1912 intrare,in
1357 1854 1738 1920 conspectum
1761 1848 1871 1903 Do-
1901 1884 1948 1949 Β
1982 1848 2165 1903 donec
2198 1848 2417 1904 veniret
2437 1848 2535 1921 qui
2570 1866 2685 1904 non
2719 1855 2987 1905 assueret
3040 1853 3238 1906 vetera
3293 1851 3485 1920 nobis,
3537 1870 3642 1909 nec

202 1937 350 1994 mini
385 1938 582 1993 subire
627 1935 1050 2007 omnipotentis
1081 1936 1466 2008 compellitur
1502 1939 1640 2006 (87),
1693 1937 1868 1992 edere

195 2043 411 2083 causas
440 2031 736 2098 gestorum
772 2040 1037 2085 suorum,
1070 2041 1198 2096 qua:
1230 2029 1326 2081 tot
1356 2026 1485 2081 vitae
1513 2042 1634 2082 suae
1677 2025 1867 2081 aetati-

196 2117 310 2172 bus
336 2116 704 2189 percurrcrit,
736 2130 873 2170 cum
898 2114 1159 2169 mundus
1190 2130 1224 2169 a
1245 2122 1491 2184 peccato
1516 2115 1711 2187 quivis
1735 2130 1869 2171 esse

195 2222 312 2261 non
346 2204 553 2277 possit,
589 2208 652 2258 ut
682 2204 754 2259 ab
788 2204 934 2275 ipsis
965 2202 1283 2259 cunabulis
1316 2204 1479 2274 prius
1512 2203 1870 2276 ohrepatin-

198 2293 399 2350 fantiae
431 2292 620 2364 culpa,
652 2308 829 2364 quam
858 2292 934 2346 sit
966 2290 1124 2346 ullus
1145 2306 1359 2346 sensus
1382 2292 1619 2348 erroris.
1640 2286 1865 2357 Quam-

196 2400 313 2456 que
344 2381 490 2437 illud
522 2380 871 2451 miserabile,
900 2385 965 2436 ut
996 2380 1189 2435 brevis
1222 2378 1302 2433 sit
1327 2380 1448 2435 vita
1471 2382 1624 2451 ejus,
1670 2380 1867 2437 dulcis

192 2471 492 2537 illecebra,
518 2469 824 2542 multiplex
848 2485 1134 2535 mrumna,
1158 2468 1465 2525 iracundia
1491 2470 1864 2542 quotidiana.

193 2562 403 2633 Itaque
416 2560 477 2615 in
493 2558 701 2632 exigua
712 2557 1101 2616 delectatione
1113 2557 1446 2613 amaritudo
1463 2564 1749 2632 perpetua
1766 2565 1858 2616 est

262 2653 360 2707 23.
396 2672 423 2698 ‹‹
458 2649 578 2716 Est,
610 2647 823 2720 inquit,
855 2647 1048 2703 arbori
1081 2662 1238 2719 spes.
1271 2646 1331 2701 Si
1362 2646 1519 2703 enirn
1566 2650 1741 2704 luerit
1771 2666 1868 2705 ex-

197 2739 347 2807 cisa,
385 2736 652 2806 virescit;
684 2741 741 2792 et
770 2737 827 2792 in
860 2742 1026 2809 petra
1059 2736 1171 2808 (88)
1206 2739 1478 2792 mortuus
1511 2754 1714 2795 ramus
1734 2740 1866 2811 ejus

196 2829 402 2894 fuerit,
436 2827 508 2883 ad
539 2827 777 2883 odorem
801 2843 964 2898 aqua:
993 2824 1219 2881 ﬂorebit
1245 2842 1257 2893 ;
1287 2824 1457 2881 faciet
1480 2831 1676 2883 autem
1705 2844 1862 2884 mes-

192 2935 328 2976 sem
358 2916 512 2974 sicut
541 2915 786 2972 novella.
818 2914 920 2970 Vir
950 2919 1149 2971 autem
1182 2914 1495 2970 defunctus
1541 2917 1706 2979 abiit,
1769 2934 1863 2972 ca-

194 3010 350 3067 dens
380 3010 572 3064 autem
607 3003 871 3061 mortalis
900 3004 1077 3060 homo
1108 3020 1223 3059 non
1258 3002 1411 3059 ultra
1441 3008 1551 3060 est.
1580 3006 1866 3079 Tempore

195 3100 400 3153 autem
433 3095 678 3150 ﬂuctuat
708 3109 866 3148 mare
897 3094 1012 3159 (Job
1043 3110 1161 3158 xw,
1194 3092 1371 3161 7-11).
1406 3115 1433 3140 ››
1459 3096 1863 3164 Spectavimus

196 3184 529 3259 prepbetici
562 3183 850 3239 sermonis
871 3182 1080 3238 seriem
1110 3199 1179 3237 ex
1218 3180 1453 3236 duobus
1483 3182 1864 3240 inferioribus

1979 1937 2395 1992 vestimentum
2429 1954 2643 1993 novum
2675 1939 3069 1995 committeret
3109 1939 3168 1993 in
3221 1939 3642 1997 vestimentum

1977 2028 2169 2093 vetus,
2202 2026 2304 2081 sed
2326 2026 2524 2081 omnia
2542 2026 2755 2083 faceret
2776 2044 2943 2096 nova,
2966 2028 3122 2085 sicut
3142 2028 3270 2100 ipse
3290 2028 3435 2084 dixit
3459 2047 3472 2085 :
3498 2029 3641 2085 Ecce

1983 2113 2190 2168 faciam
2224 2130 2375 2169 nova
2402 2115 2616 2181 (Ezech.
2648 2134 2728 2184 x1,
2773 2118 2884 2189 19).
2917 2141 2945 2167 ››
2982 2118 3110 2189 Ipse
3139 2120 3230 2173 est
3259 2117 3418 2175 enim
3451 2135 3643 2174 resur-

1984 2202 2321 2274 rectio,ipse
2353 2203 2778 2276 primogenitus
2808 2223 2877 2263 ex
2909 2206 3157 2263 mortuis
3189 2206 3249 2261 in
3281 2224 3397 2280 quo
3430 2223 3645 2263 omnes

1981 2292 2131 2347 635
2166 2293 2402 2362 quidem
2436 2296 2877 2365 prazrogativam
2928 2296 3136 2353 future
3197 2294 3642 2352 resurrectionis

1980 2379 2350 2451 accepimus:
2386 2382 2547 2437 solus
2580 2386 2771 2439 tamen
2803 2383 2930 2458 ipse
2975 2384 3166 2440 adhuc
3215 2383 3640 2441 resurrectione

1978 2473 2262 2541 perpetua
2292 2471 2630 2527 resurrexit.

2615 2588 2846 2643 CAPUT
2878 2589 3025 2644 VIII.

1979 2675 2251 2744 Quomodo
2285 2675 2470 2730 beatus
2499 2678 2593 2731 Job
2624 2680 3075 2732 resurrectionem
3114 2680 3280 2747 atque
3331 2678 3477 2732 iram
3527 2677 3638 2739 Do-

2048 2749 2191 2802 mzm'
2220 2748 2280 2801 in
2316 2750 2784 2820 consummatione
2807 2756 3074 2820 futuram
3100 2749 3534 2820 signiﬁcaverit:
3583 2749 3637 2820 et

2048 2835 2213 2889 quam
2242 2819 2567 2893 cesidcravit
2597 2836 2666 2876 ex
2694 2818 2959 2883 hac’vita,
3018 2818 3117 2875 ubi
3152 2818 3407 2893 perﬁdia
3460 2818 3636 2875 domi-

2047 2898 2237 2955 natur,
2270 2892 2487 2946 evolarc
2506 2896 2532 2945 ν

2046 3007 2137 3059 26.
2172 3003 2388 3061 Audito
2415 3005 2595 3079 igitur
2626 3007 2766 3079 quid
2798 3006 3028 3062 locutus
3060 3010 3219 3062 esset
3251 3005 3309 3061 in
3340 3021 3407 3062 eo
3456 3004 3630 3074 Deus,

1976 3097 2034 3149 et
2064 3093 2293 3166 cognito
2327 3111 2429 3166 per
2460 3097 2742 3170 Spiritum
2784 3100 3054 3151 sanctum
3110 3096 3268 3169 quod
3302 3094 3483 3152 Filius
3534 3093 3636 3150 Dei

1979 3200 2092 3239 non
2128 3182 2318 3238 soium
2349 3186 2575 3242 veniret
2606 3187 2662 3241 in
2689 3191 2890 3250 terras,
2916 3185 3015 3240 sed
3040 3185 3218 3241 etiam
3242 3185 3634 3242 descensurus

195 3273 691 3339 elemontis,terra
711 3287 777 3327 ac
808 3270 977 3337 mari,
1009 3287 1135 3343 qua;
1159 3269 1321 3325 omni
1347 3269 1601 3340 injuriae,
1621 3272 1865 3328 crebris-
1895 3248 1937 3315 (ἶ
1978 3276 2133 3329 esset
2162 3272 2230 3327 ad
2258 3271 2497 3339 inferos,
2522 3283 2585 3331 ut
2608 3280 2869 3330 mortuos
2894 3272 3269 3330 resnscitaret
3292 3273 3468 3347 (quod
3490 3276 3631 3329 tunc

197 3380 319 3437 que
352 3360 805 3434 tempestatibus
833 3360 1142 3431 subjacent
1166 3375 1178 3415 :
1203 3374 1380 3430 quam
1400 3357 1660 3416 validum
1685 3377 1860 3433 argu-
1972 3361 2208 3433 quidem
2237 3361 2453 3417 factum
2480 3369 2569 3419 est
2591 3364 2659 3418 ad
2683 3362 3087 3419 testimonium
3116 3362 3494 3435 praesentium
3520 3360 3631 3432 (90)

199 3456 473 3509 mentum
500 3455 711 3506 nostraa-
733 3448 1018 3521 expressit
1038 3446 1346 3504 aerumna}?
1365 3447 1860 3521 Terrena,inquit,
1972 3454 2028 3505 et
2057 3448 2388 3520 exemplum
2441 3452 2794 3523 futurorum)
2820 3468 2833 3505 :
2867 3466 3182 3510 conversus
3212 3454 3283 3509 ad
3317 3450 3632 3509 Dominum

197 3540 482 3614 virgulta,
517 3554 942 3610 nemorosaque
966 3538 1265 3603 arborum,
1289 3534 1462 3590 etiam
1490 3553 1623 3591 cum
1650 3538 1866 3593 fuerint
1973 3540 2094 3595 ait:
2131 3562 2157 3588 ‹‹
2195 3537 2427 3594 Utinam
2462 3540 2519 3595 in
2555 3541 2779 3597 inferno
2813 3556 2903 3593 me
2932 3556 3325 3611 conservares,
3376 3542 3625 3597 abscon-

197 3633 462 3697 mortua,
493 3628 549 3682 in
591 3644 736 3682 usus
784 3626 990 3683 vitales
1035 3629 1371 3697 resurgunt.
1424 3625 1583 3681 Mare
1630 3642 1865 3699 quoque
1974 3628 2143 3682 deres
2173 3630 2368 3681 autem
2402 3643 2516 3696 me,
2549 3630 2734 3684 donec
2763 3627 2994 3682 desinat
3023 3628 3112 3683 ira
3139 3634 3261 3697 tua,
3295 3635 3351 3686 et
3395 3633 3625 3686 statuas

199 3721 412 3792 ipsum
446 3722 780 3790 temporum
813 3716 1034 3771 vicibus
1064 3713 1211 3771 solet
1243 3713 1545 3769 ﬂuctuare.
1604 3718 1675 3771 At
1730 3731 1865 3770 vero
1974 3715 2119 3771 mihi
2152 3720 2386 3786 tempus
2417 3716 2475 3770 in
2511 3733 2626 3788 quo
2661 3715 3005 3772 memoriam
3029 3717 3144 3773 mei
3163 3718 3363 3775 facias.
3385 3718 3445 3774 Si
3468 3716 3626 3773 enim

200 3824 346 3866 caro
377 3810 578 3863 nostra
606 3821 837 3878 semper
859 3808 1160 3871 exmstuat,
1193 3801 1424 3874 sibique
1455 3803 1581 3875 ipsa
1610 3809 1863 3876 tempes-
1975 3809 2244 3859 mortuus
2276 3804 2453 3859 fuerit
2484 3804 2678 3874 homo,
2712 3805 2863 3859 vivet
2892 3819 3313 3861 consummans
3344 3805 3469 3860 dies
3499 3804 3628 3859 vitm

198 3904 297 3954 tas
330 3902 443 3963 est,
476 3912 778 3968 nunquam
812 3910 847 3949 a
878 3893 1138 3950 motibus
1157 3890 1548 3965 procellarum
1581 3894 1863 3949 miseran-
1974 3892 2184 3965 ipsius.
2208 3892 2523 3950 Snstinebo
2545 3894 2726 3949 donec
2752 3893 2964 3949 iterum
2990 3891 3147 3959 liam,
3174 3890 3633 3949 deindevocabis

199 3988 425 4058 disque
457 3983 780 4057 naufragiis
811 3982 1069 4039 feriatur.
1981 3998 2205 4054 me,ego
2238 3985 2435 4037 autem
2467 3987 2522 4037 te
2554 3982 2889 4037 obaudiam:
2924 3984 2983 4034 at
3002 3996 3178 4051 opera
3197 3996 3482 4036 manuum
3504 3983 3630 4033 tua-

280 4075 378 4130 24.
411 4097 438 4125 ‹‹
473 4074 617 4129 Cum
650 4078 844 4128 autem
877 4071 1185 4128 dormierit
1215 4070 1409 4135 homo,
1444 4086 1557 4125 non
1618 4070 1871 4143 resurgit
1978 4088 2108 4125 rum
2142 4068 2453 4140 deepicias.
2486 4069 2819 4126 Numerasti
2878 4072 3075 4124 autem
3135 4084 3297 4124 meas
3348 4066 3634 4123 adiuven-

201 4180 408 4237 usque
439 4163 579 4218 dum
612 4161 820 4218 coelum
854 4178 968 4216 non
1001 4164 1279 4216 assuatnr
1309 4159 1418 4229 (89)
1453 4159 1633 4230 (11,111.,
1679 4160 1785 4232 12).
1841 4181 1868 4207 ››
1977 4159 2188 4227 tiones,
2216 4175 2319 4212 nec
2345 4158 2661 4230 praeteribit
2686 4164 2739 4214 te
2763 4157 3089 4230 quidquam
3112 4174 3181 4212 ex
3196 4154 3447 4230 peccatis
3462 4153 3632 4209 meis.

204 4253 384 4319 Quod
417 4251 648 4307 videtur
678 4251 992 4315 declarare,
1016 4250 1199 4305 donec
1224 4246 1433 4303 oculum
1460 4253 1740 4317 novetur;
1763 4248 1874 4303 erit
1977 4246 2442 4321 Signastiantem
2466 4248 2808 4321 iniquitates
2835 4263 2996 4302 meas
3020 4246 3076 4301 in
3104 4244 3360 4314 sacculo,
3384 4248 3442 4300 et
3462 4248 3635 4300 nota«

204 4344 379 4400 enim
410 4340 621 4397 caelum
654 4357 870 4397 novum
901 4343 959 4396 et
988 4344 1143 4394 terra
1173 4354 1340 4405 nova,
1382 4337 1537 4393 sicut
1588 4337 1872 4410 scriptum

202 4437 303 4489 est
336 4432 467 4501 (Isa.
512 4447 634 4485 va.
670 4430 780 4501 17).
816 4430 960 4485 Nam
995 4427 1148 4500 quod
1184 4425 1464 4494 assuitur,
1518 4430 1685 4481 vetus
1742 4430 1869 4481 est:

207 4521 378 4595 quod
410 4522 598 4589 vetus,
633 4517 978 4574 mutabitur.
1015 4515 1272 4587 Denique
1303 4513 1439 4569 audi
1470 4514 1643 4569 David
1675 4513 1872 4569 dicen-

1980 4339 2052 4394 sti
2086 4337 2132 4393 si
2164 4336 2304 4409 quid
2338 4337 2560 4393 inscius
2591 4336 2878 4409 prmterivi
2904 4336 3019 4405 (Job
3042 4335 3379 4405 xlv,13-l7).
3401 4356 3427 4383 ››
3450 4333 3636 4397 Quam

1982 4427 2179 4483 suavis
2208 4425 2388 4489 locus,
2425 4426 2524 4497 qui
2558 4443 2663 4480 nos
2702 4427 2774 4481 de
2825 4424 3249 4480 resurrectione
3297 4423 3628 4490 conﬁrmat,

1984 4519 2040 4572 ct
2070 4530 2247 4587 quam
2281 4514 2511 4568 videtur
2536 4514 2659 4567 voci
2694 4512 3001 4568 Dominicaa
3032 4512 3359 4581 convenire,
3394 4528 3525 4584 quae
3574 4510 3635 4565 in

208 4618 380 4667 tem:
416 4607 583 4663 Initio
610 4611 827 4663 terram
858 4610 919 4661 tu
966 4603 1243 4659 fundasti.
1294 4602 1559 4669 Domine,
1592 4606 1648 4657 et
1704 4619 1877 4674 opera
1906 4621 1951 4685 D
1983 4601 2546 4676 Evangeliolegitnr,
2579 4602 2678 4656 ubi
2712 4601 2791 4657 ait
2820 4618 2831 4655 :
2868 4624 2893 4649 ‹‹
2929 4601 3092 4656 ’I‘unc
3120 4600 3403 4674 incipient
3448 4599 3639 4655 dicere

210 4713 472 4755 manum
507 4701 738 4751 tuarum
769 4700 911 4750 sunt
931 4692 1079 4748 caeli.
1110 4692 1223 4764 Ipsi
1250 4691 1527 4763 peribunt
1555 4708 1567 4746 :
1598 4695 1659 4746 tu
1683 4694 1877 4748 autem

210 4802 560 4862 permanes,
583 4791 639 4841 et
662 4801 866 4841 omnes
889 4783 1042 4839 sicut
1062 4781 1474 4836 vestimentum
1498 4785 1877 4850 veterascent,

210 4884 276 4934 et
309 4874 470 4933 sicut
510 4874 865 4946 opertorium
918 4871 1173 4927 mutabis
1225 4886 1325 4926 eos
1381 4875 1439 4926 et
1494 4870 1881 4925 mutabuntur

212 4965 401 5037 (Psal.
434 4980 508 5031 cr,
540 4963 612 5018 26
640 4963 750 5035 28).
784 4984 813 5011 »
847 4966 1170 5017 Possumus
1199 4959 1373 5014 etiam
1409 4958 1550 5014 illud
1584 4959 1880 5028 adtexere,

221 5052 519 5128 quoniam
552 5053 705 5123 quod
738 5056 904 5108 vetus
926 5054 1035 5117 est,
1068 5048 1371 5116 assuitur;
1427 5049 1579 5120 quod
1642 5064 1878 5117 novum,

306 5215 428 5285 (87)
465 5212 633 5285 Rom.
663 5213 825 5282 edit.,
857 5218 1082 5285 cogatur
1130 5210 1338 5285 intrare
1383 5210 1441 5285 in
1475 5216 1758 5285 conspectu
1774 5213 1879 5265 Do-

214 5280 481 5352 γηίιιίίει
501 5283 776 5354 judicium
808 5280 1008 5337 subire
1061 5280 1444 5354 omnipotentis
1502 5280 1879 5348 compellatur.

220 5350 437 5415 Bonus
468 5350 701 5425 quidem
724 5355 1033 5410 verborum
1055 5352 1327 5425 ordo,sed
1348 5350 1487 5405 edit.
1506 5356 1625 5425 ant.
1641 5367 1717 5425 ac_
1737 5368 1880 5408 mss.

222 5429 368 5487 cod.
387 5421 629 5482 minime
652 5426 1040 5482 consentiens.
1056 5422 1248 5478 Alium
1272 5421 1473 5493 itaque
1490 5421 1879 5478 restituimus.

282 5502 425 5570 (δή)
459 5498 550 5552 sic
583 5515 746 5569 mss”
781 5504 840 5570 et
870 5504 975 5549 γρι,
1011 5497 1148 5550 odit.
1184 5494 1295 5547 nisi
1329 5492 1625 5570 maniplo,
1651 5494 1708 5547 in
1730 5497 1885 5570 petra

225 5564 386 5629 mss.
410 5564 537 5624 '(luo
567 5577 623 5624 et
654 5564 793 5624 edit.
830 5568 1045 5623 habent
1075 5570 1128 5621 in
1155 5576 1319 5629 terra,
1344 5573 1399 5618 et
1430 5564 1574 5619 alias
1599 5564 1884 5635 quasdam

221 5642 614 5702 diversitates
647 5639 869 5696 nullius
896 5636 1194 5695 momenti.
1222 5636 1385 5691 Rom.
1415 5642 1610 5690 autem
1637 5635 1775 5707 edit,
1806 5638 1887 5693 ita

222 5712 546 5805 l.eposuit:
580 5714 775 5775 Excisa
804 5710 978 5773 adhuc
1007 5708 1305 5775 viridescit,
1331 5711 1382 5767 et
1412 5723 1601 5767 ramus
1631 5709 1749 5786 ejus
1776 5726 1888 5769 non

1986 4693 2324 4749 montibus:
2361 4691 2559 4746 Gadite
2587 4708 2765 4763 super
2794 4706 2921 4756 nos,
2955 4693 3012 4745 et
3060 4689 3347 4746 collibus:
3407 4687 3638 4762 Operite

1987 4800 2095 4839 nos
2126 4784 2276 4855 (Luc.
2310 4797 2471 4848 χχιιι,
2504 4781 2615 4851 30).
2655 4803 2681 4829 ››
2713 4780 2836 4835 Erit
2867 4778 3025 4835 enim
3050 4778 3109 4834 in
3132 4776 3637 4834 consummatione

1987 4872 2183 4928 szeculi
2217 4870 2303 4925 ira
2334 4868 2585 4924 Domini.
2620 4870 2790 4924 Recte
2820 4885 2957 4942 ergo
2989 4872 3234 4924 sanctus
3263 4866 3321 4921 in
3342 4863 3633 4935 judicium

1990 4960 2213 5017 mavult
2243 4974 2565 5031 resurgere,
2601 4976 2778 5031 quam
2812 4959 2870 5013 in
2904 4962 3138 5028 tempus
3167 4954 3373 5010 divinae
3405 4952 3639 5008 iracun-

1990 5050 2097 5106 diae
2128 5066 2254 5122 quae
2288 5046 2568 5104 terribilis
2599 5049 2775 5104 etiam
2806 5044 3218 5102 innocentibus
3246 5045 3354 5099 est.

1993 5211 2202 5281 deﬁciet
2228 5227 2247 5263 :
2280 5212 2332 5281 et
2350 5210 2412 5281 (si
2441 5210 2676 5281 interra
2705 5211 2919 5263 mortua
2948 5205 3116 5281 mdia;
3140 5203 3257 5281 ejus
3284 5201 3640 5281 fuerit,trun-

1993 5276 2244 5357 cusiejua
2266 5279 2443 5336 adimo
2470 5279 2725 5357 abnoctare
2752 5293 2913 5349 aquae
2941 5276 3290 5357 geminabit,
3321 5278 3430 5357 etc.

2066 5345 2179 5425 (89)
2211 5354 2427 5409 Omnes
2454 5350 2618 5417 edit.,
2653 5366 2759 5405 non
2798 5345 3076 5425 resurget,
3135 5361 3321 5425 usque
3357 5345 3490 5399 dum
3541 5359 3644 5425 cur:

1999 5417 2113 5480 tum
2142 5417 2399 5480 assuatur
2430 5462 2464 5476 ..
2499 5425 2765 5476 movetur.
2806 5421 2958 5486 Am.,
2992 5417 3234 5475 novetur.
3269 5417 3406 5473 Mss.
3439 5431 3540 5471 sex
3582 5418 3648 5470 ut

1999 5513 2105 5551 nos
2135 5495 2194 5549 in
2243 5497 2416 5557 textu,
2465 5507 2643 5563 quam
2692 5490 3000 5546 lectionem
3032 5506 3160 5546 esse
3208 5487 3520 5561 genuinam
3555 5502 3644 5541 se-

1998 5562 2767 5646 quentia‘aperteflamant.

2072 5640 2185 5713 (90)
2217 5633 2368 5694 Edit.
2406 5634 2537 5691 Gill.
2572 5651 2637 5691 ac
2681 5635 2871 5700 Rom.,
2920 5633 2989 5690 ad
3036 5633 3407 5691 testimonium
3444 5644 3646 5704 prame-

2007 5710 2274 5769 dcmium.
3628 5730 3631 5735 ν
3667 5713 3677 5728 ⁸
