4104 6156
496 329 618 416 εἰη

1949 356 2013 416 S.
2064 357 2105 417 Α
2120 351 2438 417 MBROSII

567 487 656 541 27.
685 481 871 565 simul
902 480 1082 557 etiam
1112 482 1259 542 illud
1289 484 1633 559 prophetare
1662 486 2027 560 intelligitur,
2060 488 2133 543 di-
2172 472 2226 553 Α
2258 503 2370 542 non
2401 484 2538 543 licet
2568 485 2674 543 tibi
2703 485 2994 543 curiosius
3014 484 3360 559 investigare
3378 486 3567 559 quain
3584 488 3809 567 tentass-

496 568 722 645 ceudo:
754 594 784 625 «ι
811 570 1051 631 Statuas
1082 573 1227 631 mihi
1254 578 1490 653 tempus
1518 575 1581 632 in
1630 592 1747 649 quo
1796 576 2143 635 memoriam

494 661 612 721 mei
632 657 833 732 facias,
856 683 886 714 »
909 660 1136 738 quodin
1159 664 1434 736 passione
1453 665 1683 722 Domini
1699 665 2143 723 resuscitandus

491 748 662 823 foret,
695 752 848 809 sicut
873 751 936 808 in
964 750 1082 809 fine
1102 751 1277 809 istius
1300 751 1436 809 libri
1457 753 1909 825 demonstratur,
1933 771 2040 811 nec
2060 760 2143 811 ta-

496 858 632 900 men
661 839 962 915 deplorare
991 839 1238 897 desinit:
1266 834 1328 897 et
1357 858 1472 914 quo
1503 842 1692 917 magis
1722 843 1998 917 intelligit
2027 844 2141 899 sibi

494 928 979 1007 resurrectionem
1009 944 1139 986 esse
1168 931 1547 1003 propositam,
1569 930 1747 989 vitam
1768 933 1921 989 hanc
1942 932 2143 1005 fugere

497 1014 807 1090 dediderat,
837 1017 1042 1075 videns
1074 1033 1138 1076 se
1165 1017 1228 1075 in
1276 1036 1489 1076 manus
1535 1022 1817 1078 traditum
1870 1022 2140 1078 adversa-

495 1108 740 1174 riOrum,
770 1106 1096 1183 projectum
1118 1124 1181 1165 se
1210 1107 1271 1164 in
1302 1113 1644 1181 potestatem
1681 1110 2020 1183 impiorum,
2045 1111 2138 1167 cui

494 1197 672 1255 etiam
703 1196 875 1254 amici
907 1194 965 1253 in
990 1196 1261 1254 inimicos
1286 1199 1547 1256 conversi
1570 1204 1729 1267 sunt,
1751 1200 1854 1271 qui
1876 1216 2010 1255 eum
2048 1200 2142 1255 de-

492 1282 731 1357 buerint
758 1284 1068 1359 consolari,
1100 1284 1334 1344 ruinam
1364 1305 1541 1361 super
1572 1289 1805 1345 ruinam
1848 1289 2138 1357 inferant;

496 1391 721 1447 memor
746 1380 945 1432 tamen
985 1376 1353 1433 conscientiae
1402 1394 1519 1433 suae
1568 1395 1746 1451 purae,
1797 1381 1854 1434 et
1907 1379 2139 1433 mundae

494 1462 774 1539 orationis
804 1463 923 1535 ait;
958 1485 987 1515 ‹‹
1016 1463 1194 1521 Terra
1225 1480 1339 1521 non
1390 1467 1686 1539 coeperias
1736 1468 1795 1522 in
1854 1468 2140 1540 sanguine

494 1555 686 1611 carnis
708 1569 825 1622 mai
851 1553 961 1627 (91)
988 1553 1103 1626 (Job
1133 1572 1248 1611 xvr.
1277 1554 1366 1627 19)
1396 1572 1408 1609 :

492 1632 799 1712 insensum
835 1641 1123 1715 dirigatur
1152 1643 1226 1699 ad
1252 1642 1592 1711 Dominum,
1630 1662 1742 1701 non
1774 1644 1835 1700 in
1865 1649 2022 1703 terra
2051 1648 2138 1705 di-

490 1726 772 1790 versatur.
808 1732 1005 1788 Sancti
1036 1732 1194 1788 enim
1226 1732 1409 1789 oratio
1443 1733 1627 1789 nubes
1673 1738 1956 1806 penetrat,
2007 1754 2138 1809 pec-

491 1812 702 1879 catoris
731 1819 1075 1892 orationem,
1107 1820 1259 1877 sicut
1288 1840 1320 1877 a
1354 1822 1468 1878 Deo
1490 1821 1630 1878 Cain
1652 1821 1872 1879 dictum
1896 1829 1984 1882 est
2014 1843 2142 1899 par-

491 1900 706 1978 ricidis,
738 1909 1006 1984 aperiens
1035 1925 1101 1967 os
1129 1926 1304 1966 suum
1337 1915 1488 1967 terra
1512 1912 1567 1966 in
1609 1912 1895 1985 sanguine
1942 1916 2137 1973 carnis

490 1998 818 2057 abscondit.
850 2022 879 2050 «
904 1997 1265 2069 Maledictus,
1313 1999 1527 2073 inquit,
1580 2017 1613 2057 a
1641 2006 1815 2070 terra,
1850 2020 1977 2074 quas
1999 2022 2136 2078 ape-

489 2089 609 2146 ruit
637 2106 702 2147 os
741 2104 915 2146 suum
943 2088 1204 2162 accipere
1224 2091 1573 2162 sanguinem
1596 2090 1793 2160 fratris
1814 2093 1898 2147 tui
1920 2093 1991 2150 de
2013 2113 2136 2152 ma-

491 2195 570 2235 nu
594 2183 697 2245 tua
720 2196 733 2249 ;
759 2172 1035 2251 quoniam
1050 2178 1383 2251 operaberis
1399 2181 1612 2235 terram
1628 2180 1896 2252 (Gen,1v,t
1910 2184 1980 2255 1).
2020 2207 2047 2235 ››

1133 2310 1365 2369 CAPUT
1398 2313 1488 2369 IX.

494 2400 976 2479 Reprehendqntur
1004 2401 1068 2463 ii,
1101 2402 1198 2472 qui
1224 2402 1495 2479 curiosius
1522 2405 1819 2474 sapientiae
1846 2406 2015 2479 adyta
2052 2411 2136 2464 νί..

561 2470 709 2528 ἆηανί
735 2470 966 2548 audent:
998 2470 1124 2527 cani
1150 2488 1323 2543 neque
1350 2475 1411 2527 in
1440 2470 1649 2548 abysso,
1681 2492 1853 2548 neque
1888 2470 1950 2533 ἰῆ
1991 2483 2139 2535 mari

563 2542 918 2627 gemendum
947 2547 1181 2627 essm-“et
1222 2542 1330 2614 qua
1374 2542 1557 2627 causa,
1616 2542 1848 2627 denique
1895 2551 2138 2627 ejusdem

558 2614 930 2742 Win
953 2614 1057 2670 soli
1081 2616 1204 2681 Deo,
1230 2632 1260 2670 ε
1287 2617 1484 2686 quibus
1511 2633 1636 2673 eam
1666 2614 1768 2675 ille
1791 2614 2132 2692 revetaverit,

561 2703 630 2742 sa
657 2702 767 2742 esse.

560 2702 767 2760 parem.

542 2794 646 2857 '28.
679 2796 978 2856 Flebi‘liter
1009 2799 1206 2871 itaque
1236 2798 1490 2856 Sanctus
1518 2800 1781 2873 deplorat
1806 2804 1932 2861 vitae
1964 2806 2136 2865 istius

482 2893 786 2975 tempora:
821 2910 849 2939 «
883 2888 1076 2957 Pereo,
1118 2888 1331 2960 inquit,
1360 2892 1416 2945 et
1443 2889 1654 2962 spiritu
1688 2892 1837 2949 736
1885 2894 2134 2953 cireum-

485 2978 638 3045 feror
659 2986 781 3034 :Oro
802 2978 999 3033 autem
1023 2976 1408 3049 sepulturam,
1432 2982 1485 3034 et
1509 2995 1625 3034 non
1649 2979 1915 3052 impetro,
1932 3000 2137 3057 precor

482 3067 778 3124 laborans.
811 3064 881 3121 Et
911 3065 1048 3138 quid
1082 3065 1287 3122 faciam
1310 3066 1339 3122 ‘I
1372 3067 1501 3123 Dies
1532 3068 1644 3123 mei
1675 3070 2038 3130 transierunt
2073 3073 2131 3131 iu

482 3155 721 3231 horrore
744 3148 901 3228 (92):
935 3153 1157 3227 dirupti
1188 3159 1328 3210 sunt
1359 3156 1591 3211 articuli
1625 3159 1818 3215 cordis
1846 3162 1960 3217 mei
2016 3165 2134 3232 (Job

1448 1579 1468 1605 »
1506 1560 1572 1611 ut
1599 1555 1784 1611 oratio
1815 1558 1944 1628 ejus
1990 1558 2143 1615 sicut

2253 578 2483 641 runtur,
2514 579 2571 632 et
2590 574 2882 632 curiosius
2904 574 3154 648 requiris
3172 573 3312 647 quid
3328 588 3502 648 supra
3512 576 3693 635 malum
3708 596 3814 655 aga-

2251 667 2368 720 tur.
2398 664 2515 721 Cur
2541 668 2605 721 tu
2627 664 2896 738 disputas
2914 664 3072 721 unde
3087 668 3226 720 nata
3247 664 3326 721 sit
3339 664 3615 738 Sapientia
3629 668 3817 728 iNescit

2251 753 2426 810 homo
2449 754 2602 810 viam
2617 755 2766 827 ejus,
2793 770 2897 810 nec
2918 752 2978 810 in
3001 752 3342 811 hominibus
3364 753 3818 831 inventaestperte—

2250 847 2343 899 cta
2375 843 2682 916 sapientia.
2722 843 2846 902 Non
2877 843 2936 899 in
2968 843 3186 916 Moyse,
3221 856 3335 899 non
3365 843 3425 903 in
3455 848 3644 916 Aaron,
3662 862 3755 905 non
3774 848 3817 906 in

2247 932 2279 987 J
2286 948 2387 988 esu
2406 932 2560 988 Nave
2586 933 2716 1004 fuit,
2741 947 2856 988 non
2875 932 2934 988 iu
2956 932 3086 1005 ipso
3106 932 3285 988 David
3306 931 3407 1005 qui
3422 931 3502 989 ait
3520 951 3533 990 :
3550 934 3822 993 «incertat

2248 1020 2477 1077 occulta
2504 1021 2803 1094 sapientiae
2831 1026 2946 1077 tua;
2978 1020 3369 1081 manifestasti
3397 1022 3533 1078 mihi
3574 1023 3741 1095 (Puch.
3781 1042 3820 1094 ι,

2247 1110 2341 1182 8);
2379 1133 2406 1160 ››
2439 1110 2578 1182 quia
2601 1111 2725 1184 ipse
2755 1111 2898 1167 dixit
2927 1111 2987 1167 in
3018 1108 3475 1184 posterioribus:
3508 1133 3534 1162 α
3574 1111 3719 1169 Velut
3747 1115 3822 1186 ju-

2251 1203 2514 1256 mentum
2546 1200 2733 1256 factus
2765 1217 2897 1256 sum
2928 1201 3082 1274 apud
3115 1205 3171 1256 te
3191 1199 3362 1273 (Psal.
3389 1212 3553 1269 mm,
3574 1202 3673 1273 23).
3700 1220 3717 1250 ι
3740 1202 3825 1258 ευρ

2248 1304 2354 1359 pra
2378 1291 2434 1344 te
2454 1292 2545 1344 est
2561 1288 2729 1357 seire,
2752 1306 2785 1345 o
2807 1287 3004 1360 homo,
3018 1287 3386 1344 altitudinem
3405 1279 3826 1361 Sapientiam“:

2249 1380 2338 1432 est
2367 1376 2470 1432 tibi
2505 1381 2569 1432 ut
2597 1378 2819 1434 credas.
2841 1401 2867 1428 «
2901 1377 2962 1434 Si
2991 1377 3148 1435 enim
3176 1394 3289 1435 non
3318 1375 3639 1447 credideris,
3658 1378 3828 1451 inquit,

2250 1482 2353 1522 nec
2381 1465 2716 1538 intelligetis
2737 1466 3092 1539 (Isa.vn,9).»
3111 1467 3401 1541 Abyssum
3417 1466 3825 1540 scirenoapotes,

2248 1556 2526 1627 abyssum
2543 1572 2657 1611 non
2673 1560 2837 1628 potes
2850 1556 3363 1629 comprehendere,
3378 1555 3658 1628 quomodo
3677 1555 3831 1612 altitu-

2248 1644 2440 1699 dinem
2459 1644 2767 1717 Sapientias
2782 1644 3269 1718 comprehendes‘?
3279 1644 3691 1718 Abyssusdixit:
3705 1643 3828 1700 «Non

2247 1738 2334 1790 est
2352 1733 2409 1788 in
2434 1743 2553 1790 me:
2579 1739 2634 1791 et
2656 1739 2717 1791 tu
2742 1739 2903 1809 potes
2924 1735 3115 1792 dicere
3135 1735 3275 1808 quia
3294 1734 3423 1790 inte
3453 1731 3830 1806 estSapientia‘l

2316 1824 2405 1877 30.
2440 1824 2702 1897 Abyssus
2728 1840 2863 1897 ergo
2895 1824 3038 1881 dixit
3066 1841 3079 1879 :
3110 1849 3136 1874 ‹‹
3171 1824 3295 1880 Non
3337 1828 3428 1880 est
3478 1822 3534 1878 in
3579 1838 3681 1890 me,
3727 1822 3833 1894 quia

2248 1912 2372 1985 ipse
2428 1912 2714 1971 Dominus"
2768 1913 2955 1969 dixit:
3007 1914 3132 1972 Non
3193 1912 3564 1986 derelinquas
3626 1911 3833 1968 animam

2246 2017 2438 2056 meum
2470 2002 2525 2056 in
2555 2003 2780 2059 inferno
2811 2003 2980 2076 (Psal.
3013 2018 3107 2069 xv,
3143 2002 3248 2075 10).
3283 2023 3309 2051 ι)
3341 2002 3413 2058 Et
3450 2000 3736 2074 Apostolus
3769 2000 3834 2055 di-

2247 2089 2330 2144 xit
2353 2108 2365 2143 :
2390 2114 2416 2141 (ι
2441 2090 2581 2155 Quis
2603 2091 2903 2147 descendit
2926 2092 2980 2147 in
3006 2091 3282 2165 abyssum
3304 2089 3335 2145 ?
3354 2090 3464 2147 hoc
3485 2094 3574 2148 est
3588 2088 3835 2147 Christum

2247 2194 2317 2233 ex
2348 2179 2592 2236 mortuis
2623 2179 2908 2235 deducere
2937 2180 3091 2252 (Rom
3119 2196 3176 2246 κ,
3208 2182 3282 2249 7).
3318 2200 3347 2230 »
3378 2180 3529 2252 Ergo
3559 2179 3605 2235 si
3634 2179 3837 2235 interro-

2247 2272 2420 2340 gatur
2441 2268 2708 2341 abyssus:
2734 2268 2842 2325 Ubi
2866 2272 2956 2326 est
2979 2267 3303 2342 Sapientia?
3342 2267 3683 2341 Respondet:
3702 2264 3836 2321 «Non

2247 2362 2336 2413 est
2370 2358 2425 2413 in
2459 2374 2571 2427 me,
2608 2381 2635 2409 ››
2668 2357 2805 2431 quia
2852 2358 3190 2415 resurrexit.
3242 2358 3641 2431 Interrogatar
3682 2369 3838 2411 mare:

2247 2445 2353 2501 Ubi
2387 2450 2475 2502 est
2504 2446 2805 2519 Sapientia
2824 2447 2853 2502 ?
2883 2447 3033 2503 Dicit
3057 2464 3069 2504 :
3106 2472 3131 2498 τε
3156 2446 3386 2504 Mecum
3412 2462 3526 2502 non
3548 2448 3669 2502 est:
3692 2442 3841 2516 nquia

2246 2534 2485 2591 calcavit
2510 2551 2624 2601 me,
2648 2552 2755 2591 nec
2781 2536 2991 2593 [luctus
3013 2537 3123 2591 mei
3145 2551 3273 2592 eam
3294 2536 3539 2591 turbare
3551 2535 3840 2607 potuerunt.

2246 2624 2316 2679 Et
2345 2628 2403 2679 tu
2437 2643 2571 2698 ergo
2604 2624 2660 2679 in
2694 2626 2801 2681 hoc
2832 2624 3027 2681 seculi
3062 2625 3233 2682 istius
3270 2624 3504 2697 positus
3553 2624 3707 2688 freto,
3753 2618 3841 2675 noli

2246 2714 2559 2786 perfectam
2592 2714 2750 2770 illam
2814 2714 2910 2770 Dei
2966 2713 3327 2787 Sapientiam
3386 2714 3449 2770 in
3509 2714 3615 2769 hoc
3669 2709 3849 2767 mundo

2246 2819 2530 2875 quaerere:
2564 2801 2702 2876 quia
2724 2802 2983 2859 mundus
2997 2819 3125 2858 eam
3150 2819 3264 2859 non
3289 2803 3585 2877 cognovit.
3610 2798 3846 2857 Sedsivis

2245 2908 2372 2948 eam
2408 2892 2663 2949 invenire
2693 2892 2852 2948 calca
2887 2892 3097 2948 fluctus
3127 2893 3255 2964 ejus
3294 2891 3529 2959 mundi,
3577 2891 3719 2946 sicut
3757 2885 3850 2943 eal-

2245 2981 2393 3036 cuvit
2415 2981 2637 3048 Petrus,
2659 2985 2712 3038 et
2730 2980 2967 3038 ambula
2993 2998 3172 3055 super
3190 2997 3379 3054 aquas
3402 2980 3586 3053 hujus
3606 2976 3851 3041 seculi,et

2243 3070 2495 3144 porriget
2528 3070 2635 3125 tibi
2667 3070 2964 3127 dexteram
2996 3069 3315 3143 Sapientia,
3344 3069 3507 3126 sicut
3533 3065 3769 3141 porrexit
3808 3067 3855 3120 et

2243 3158 2409 3215 Petro
2434 3177 2447 3227 ;
2477 3159 2616 3231 quia
2643 3176 2815 3215 nemo
2850 3160 2961 3215 fuit
2991 3175 3166 3231 quem
3199 3175 3315 3215 non
3346 3158 3550 3216 saeculi
3583 3157 3747 3228 hujus
3767 3169 3851 3209 un-

482 3263 620 3315 xvu,
656 3244 707 3314 Ι,
737 3246 793 3313 2,
825 3244 936 3317 41).
973 3266 1000 3293 ››
1027 3244 1141 3300 Nec
1161 3246 1358 3299 tamen
1380 3261 1628 3317 usquam
1646 3248 1888 3321 derogat
1902 3251 2126 3323 judicio
2157 3234 2198 3301 C
2237 3247 2312 3304 da
2340 3248 2676 3305 turbaverit.
2710 3248 2988 3305 Turbavit
3017 3248 3333 3317 Abraham,
3369 3247 3633 3304 turbavit
3656 3249 3709 3302 et
3725 3243 3856 3315 Moy-

483 3335 624 3415 Dei';
657 3333 768 3415 scit
796 3331 952 3406 enim
985 3331 1336 3405 profundam
1369 3348 1496 3389 esse
1520 3334 1887 3394 altitudinem
1910 3340 2136 3413 sapien-

485 3412 946 3481 tiéetscientias
990 3416 1107 3491 Dei,
1158 3426 1215 3478 et
1259 3421 1669 3480 inscrutabilia
1706 3425 1935 3497 judicia
1982 3412 2131 3503 ejus,

472 3519 659 3595 atque
685 3510 1276 3585 investigabilesvias
1307 3513 1455 3583 ejus.

549 3604 640 3659 29.
677 3622 705 3654 «
729 3598 861 3666 Non
892 3599 1280 3671 calcaverunt,
1312 3601 1526 3673 inquit,
1556 3620 1656 3660 eas
1698 3604 1800 3659 ﬁlii
1846 3622 1908 3662 se
1956 3608 2130 3681 glori-

479 3682 928 3769 ﬁcantium,nec
958 3686 1229 3746 transivit
1259 3706 1361 3763 per
1389 3706 1486 3746 eas
1516 3691 1603 3748 leo
1634 3693 1750 3765 (Job
1780 3700 2071 3770 xxvm,8).
2102 3722 2124 3750 ιι

480 3781 623 3859 Quis
653 3779 809 3859 enim
842 3778 1033 3852 potuit
1079 3778 1203 3834 vias
1260 3780 1390 3850 ejus
1438 3782 1950 3854 comprehendere,
2000 3803 2128 3859 quae

479 3868 677 3937 abdite
706 3862 936 3926 oeculta
966 3868 1334 3942 penetravit?
1367 3891 1393 3918 ‹‹
1431 3866 1613 3937 Unde,
1645 3869 1864 3943 inquit,
1895 3872 2129 3933 inventa

477 3964 568 4017 est
587 3958 898 4034 sapientia,
921 3960 1023 4014 aut
1042 3955 1175 4030 quis
1194 3956 1360 4014 locus
1381 3957 1707 4031 disciplinae
1730 3963 1753 4017 ξ’
1773 3961 2130 4022 Nescitmor-

475 4044 612 4105 talis
643 4047 818 4115 homo
847 4045 1000 4101 viam
1030 4047 1178 4117 ejus,
1212 4062 1317 4102 nec
1339 4045 1573 4103 inventa
1594 4053 1684 4104 est
1708 4049 1766 4104 in
1788 4049 2127 4111 hominibus

473 4138 744 4219 Abyssus
801 4134 987 4201 dixit:
1041 4134 1166 4191 Non
1218 4140 1306 4192 est
1338 4135 1395 4190 in
1442 4153 1571 4192 me:
1608 4143 1667 4193 et
1724 4155 1883 4196 mare
1938 4141 2122 4199 dixit:

475 4226 600 4283 Non
631 4230 722 4284 est
754 4240 985 4285 mecum
1016 4225 1174 4294 (Ibid.
1214 4226 1278 4280 12
1306 4225 1413 4298 14).
1453 4249 1474 4276 ι
1506 4227 1631 4282 Non
1665 4227 1766 4283 tibi
1793 4228 1927 4286 licet
1955 4231 2122 4303 scire,

475 4334 508 4373 ο
539 4314 736 4385 homo,
769 4314 889 4371 alta
931 4312 1251 4388 sapientiae,
1304 4314 1431 4371 ideo
1488 4314 1594 4371 tibi
1652 4318 1936 4391 scriptum
1993 4325 2120 4379 est:

476 4427 503 4453 ‹‹
533 4402 659 4460 Noli
691 4402 875 4459 altum
907 4419 1130 4477 sapere,
1164 4404 1264 4460 sed
1295 4403 1436 4459 time
1467 4405 1638 4475 (Rom.
1672 4424 1753 4473 x1,
1785 4410 1895 4480 20).
1925 4431 1945 4458 ιο
1974 4410 2121 4474 Quid

475 4492 706 4550 curiose
733 4492 898 4565 cupis
931 4492 1279 4566 investigare
1308 4494 1464 4564 quod
1498 4493 1603 4549 tibi
1629 4511 1740 4550 non
1764 4497 1992 4569 expedit
2014 4498 2124 4555 sci-

2244 3353 2369 3404 seu,
2403 3338 2657 3394 turbavit
2686 3340 2741 3393 et
2762 3338 3016 3393 Petrum.
3042 3337 3268 3413 Moyses
3289 3354 3402 3411 per
3422 3351 3586 3393 mare
3605 3330 3853 3394 transivit,

2239 3430 2296 3481 et
2326 3444 2429 3499 per
2458 3443 2617 3482 mare
2640 3427 2894 3499 peditem
2926 3426 3094 3482 duxit
3122 3424 3447 3482 exercitum
3475 3442 3489 3482 :
3531 3425 3632 3482 sed
3660 3426 3778 3478 ante
3814 3421 3859 3474 et

2238 3514 2366 3587 ipse
2396 3515 2666 3571 turbatus
2696 3518 2804 3571 est.
2834 3514 3039 3570 Petrus
3067 3526 3247 3587 super
3273 3530 3471 3587 aquas
3490 3510 3725 3569 calcavit
3747 3504 3857 3565 :sed

2240 3620 2470 3661 mersus
2501 3604 2691 3660 fuerat
2720 3619 2980 3676 corpore,
3008 3602 3147 3675 quia
3171 3603 3529 3660 infirmioris
3558 3599 3689 3658 ﬁdei
3712 3594 3860 3654 vesti-

2238 3694 2333 3766 gio
2363 3693 2724 3750 claudicavit.
2760 3695 2909 3766 Ergo
2936 3694 3052 3749 noli
3085 3693 3465 3766 Sapientiam
3497 3694 3558 3748 in
3581 3688 3719 3747 mari
3741 3701 3863 3759 qua-

2238 3799 2401 3840 rere:
2435 3783 2583 3839 ατ
2629 3784 2767 3855 quia
2797 3800 2910 3838 non
2942 3782 3091 3838 dixit
3117 3798 3250 3837 cum
3304 3782 3463 3838 mari
3517 3797 3579 3837 se
3635 3779 3860 3835 futurum

2242 3874 2522 3929 Dominus
2549 3872 2744 3939 Jesus,
2778 3872 2879 3927 sed
2911 3888 3047 3927 cum
3077 3870 3368 3945 apostolis
3402 3870 3573 3940 suis;
3607 3874 3671 3924 ut
3699 3865 3865 3936 aliqua

2236 3976 2304 4016 ex
2335 3965 2500 4034 parte
2529 3978 2661 4018 eum
2694 3966 3128 4034 cognoscerent,
3160 3960 3389 4033 quibus
3422 3960 3546 4016 ait:
3581 3982 3609 4011 ‹‹
3637 3958 3862 4024 Ecceego

2235 4050 2537 4106 vobiscum
2569 4067 2701 4107 sum
2734 4067 2920 4122 usque
2950 4050 3024 4106 ad
3054 4050 3642 4107 consummationem
3697 4036 3864 4101 seculi

2236 4139 2449 4210 (Matth.
2484 4157 2680 4210 xxvm,
2711 4140 2824 4211 20).
2861 4161 2888 4189 ››
2911 4139 3069 4195 Beati
3100 4155 3232 4195 cum
3266 4139 3502 4211 quibus
3531 4142 3640 4205 est,
3670 4131 3862 4190 utinam

2233 4232 2289 4282 et
2319 4227 2626 4283 nobiscum
2659 4228 2756 4285 sit.
2789 4229 2899 4284 Sed
2958 4228 3263 4284 nobiscum
3317 4244 3495 4285 mare
3547 4230 3657 4291 est,
3688 4223 3865 4278 Petrus

2233 4332 2367 4371 cum
2399 4316 2647 4385 Christo,
2681 4317 2819 4390 quia
2845 4321 2902 4372 et
2930 4317 3055 4390 ipse
3084 4316 3334 4373 calcavit
3366 4332 3559 4373 mare.
3593 4311 3764 4370 Nobis
3787 4322 3865 4362 au-

2231 4422 2363 4461 rum
2395 4404 2553 4462 cordi
2587 4408 2761 4479 atque
2808 4410 3114 4479 argentum
3163 4410 3298 4462 est:
3357 4404 3657 4480 sapientia
3700 4401 3867 4457 autem

2231 4511 2410 4567 supra
2439 4511 2673 4562 aurum,
2697 4512 2811 4551 non
2837 4496 2894 4549 in
2928 4512 3069 4551 auro
3100 4500 3206 4552 est.
3233 4496 3382 4552 ideo
3406 4495 3513 4568 qui
3536 4488 3865 4566 Sapientiam

474 4598 555 4659 re,
581 4597 685 4638 nec
719 4596 1068 4677 cognoscere
1098 4580 1588 4677 datur?-Paulus
1646 4585 1871 4642 audivit
1925 4586 2123 4660 aliqua
2150 4610 2199 4677 Β
2230 4582 2443 4640 habere
2473 4583 2778 4655 cupiebat:
2826 4584 3166 4657 Argentum,
3219 4584 3333 4651 ait,
3391 4588 3456 4640 et
3518 4596 3727 4640 aurum
3760 4587 3867 4677 ἰδοη

471 4674 693 4743 secreta
724 4669 1044 4753 sapientiae,
1076 4686 1202 4743 quae
1234 4669 1562 4743 prohibitus
1595 4676 1683 4727 est
1712 4673 1843 4730 aliis
1882 4674 2116 4733 intima-

2229 4672 2452 4742 hebeo;
2487 4673 2586 4729 sed
2620 4672 2775 4745 quod
2806 4672 3014 4741 habeo,
3048 4673 3121 4729 de
3148 4673 3295 4728 tibi:
3334 4674 3400 4729 in
3464 4672 3704 4730 nomine
3749 4666 3865 4722 ἔθευ

471 4777 569 4831 re;
602 4763 660 4816 et
688 4759 817 4819 ideo
848 4763 1050 4833 raptus
1082 4763 1170 4815 est
1199 4759 1260 4815 in
1292 4759 1642 4832 paridisum,
1681 4768 1882 4836 raptus
1932 4782 2117 4839 usque
2227 4762 2442 4817 Christi
2474 4762 2755 4817 Nazareni
2812 4778 2987 4835 surge
3040 4765 3098 4818 et
3153 4761 3409 4818 ambula
3463 4763 3606 4832 (Act.
3640 4776 3724 4826 ιιι,
3748 4753 3818 4825 6.)
3842 4769 3865 4799 »θ

469 4849 543 4908 ad
573 4849 811 4921 tertium
843 4844 1076 4919 caelum,
1111 4853 1175 4904 ut
1207 4846 1435 4905 audiret
1480 4866 1547 4907 ea
1597 4869 1722 4923 quas
1771 4854 1998 4926 positus
2054 4854 2115 4911 in
2226 4852 2374 4917 Quia
2401 4868 2610 4907 aurum
2646 4868 2757 4906 non
2789 4851 3062 4923 habebat,
3090 4851 3149 4907 in
3181 4852 3438 4909 nomine
3469 4849 3685 4907 Christi
3716 4843 3867 4901 habe-

466 4940 638 4997 terris
658 4938 862 4996 audire
891 4955 1005 4995 non
1039 4941 1268 5011 poterat
1297 4937 1370 5010 (II
1397 4938 1517 4994 Cor.
1550 4957 1650 5005 xu,
1684 4942 1738 4997 3.
1777 4944 1831 5015 4)
1879 4943 1935 4998 Si
1988 4961 2114 5017 quae
2225 4941 2324 4995 bat
2352 4940 2458 5013 piae
2489 4940 2844 5012 operationis
2875 4940 3146 5012 gratiam.
3180 4941 3324 4997 ldee
3378 4946 3441 4999 et
3491 4938 3605 4998 tibi
3647 4933 3861 4994 dicitur:

464 5028 691 5087 audivit
720 5028 916 5098 homo,
950 5045 1063 5085 non
1095 5026 1262 5085 licuit
1289 5027 1340 5084 ei
1370 5028 1552 5101 loqui,
1615 5030 2111 5101 quemadmodum
2226 5052 2253 5081 ‹‹
2275 5031 2344 5085 Et
2369 5028 2538 5085 trahe
2567 5026 2925 5102 Sapientiam
2956 5028 3012 5083 in
3044 5028 3331 5085 interiora
3366 5032 3494 5101 (Job
3524 5024 3859 5091 xxvm,18).'»

464 5119 622 5191 quod
653 5134 773 5179 non
803 5118 1045 5189 audivit,
1078 5118 1370 5190 inquirit?
1402 5118 1777 5190 Imperatoris
1824 5122 2001 5194 hujus
2054 5122 2111 5178 in
2222 5124 2278 5175 et
2309 5120 2497 5176 infra:
2532 5141 2559 5169 ‹‹
2596 5118 2813 5184 Latuit,
2847 5117 3060 5191 inquit,
3095 5134 3343 5175 omnem
3380 5119 3709 5183 hominem,
3748 5113 3800 5168 et
3834 5120 3862 5161 ι

460 5207 634 5264 terris
656 5224 772 5266 non
798 5207 932 5267 licet
951 5206 1055 5266 tibi
1079 5208 1229 5265 scire
1249 5205 1516 5280 consilia,
1540 5211 1596 5264 et
1615 5207 1702 5264 vis
1724 5210 1873 5267 scire
1893 5209 2106 5268 divina:
2219 5208 2554 5266 volatilibus
2585 5207 2714 5265 coeli
2733 5208 3077 5265 abscondita
3096 5211 3186 5267 est
3206 5208 3546 5283 (Ibid.2t).n
3574 5206 3686 5264 Nec
3707 5194 3863 5260 homi-

2290 5407 2402 5478 (92)
2433 5404 2564 5460 Edit
2592 5408 2708 5479 ant.
2743 5407 2803 5479 et
2815 5404 3010 5479 cuncti
3043 5420 3206 5479 mss.,
3241 5409 3623 5479 transierunt
3651 5406 3705 5459 in
3725 5400 3860 5479 heav-

2216 5474 2317 5547 re,
2348 5474 2585 5550 excepto
2616 5474 2738 5532 solo
2769 5474 2998 5557 Colb.in
3029 5493 3144 5549 quo
3165 5474 3858 5598 legitugtransierunliﬁ‘

2216 5550 2431 5598 hnnnri-
2489 5548 2598 5598 Sed
2656 5545 2868 5598 melius
2937 5546 3103 5598 Rom.
3171 5565 3200 5598 e
3248 5555 3319 5598 ιι,
3406 5547 3756 5598 transierunt
3805 5539 3857 5595 il

2215 5545 2431 5607 honori.
2486 5545 2598 5604 Sed
2656 5545 2868 5604 melius
2937 5545 3103 5604 Rom.
3171 5545 3321 5621 edit,
3399 5545 3756 5607 iransierunt
3805 5545 3857 5595 il

2214 5621 2442 5680 horrore
2468 5620 2615 5678 Nam
2644 5621 2854 5694 praeter
2881 5632 3059 5692 quam
3130 5619 3245 5676 uod
3284 5620 3465 5678 nullo
3502 5619 3723 5694 negotio
3835 5635 3857 5648 -

2215 5695 2442 5749 minum
2472 5710 2505 5749 r
2534 5690 2721 5749 notuit
2750 5690 3071 5749 coalescere
3090 5634 3174 5749 (in
3218 5709 3264 5749 η
3322 5693 3475 5749 LXX
3540 5625 3856 5749 ιιιωτυηῗι

2215 5695 2442 5754 minum
2472 5690 2721 5767 rpotuit
2750 5690 3071 5753 coalescere
3106 5690 3174 5750 in
3218 5709 3264 5750 η
3322 5693 3475 5754 LXX
3540 5690 3781 5767 Interpre

532 5401 645 5474 (9|)
676 5396 800 5479 Yet.
830 5404 966 5463 edit.
1001 5421 1314 5479 cumjmss.
1348 5404 1591 5477 aliquot,
1625 5406 1685 5461 in
1702 5409 1968 5479 sanguine
1986 5425 2107 5464 car-

457 5468 559 5548 ries
569 5468 1053 5548 m’eas,_Ro_m,cum
1066 5475 1281 5544 aliis,in
1294 5468 1565 5547 sanguine
1578 5468 1768 5535 carnis
1786 5468 1963 5548 meum
1973 5484 2110 5537 uxta

458 5547 591 5602 Vat.
828 5538 965 5603 LXX
1004 5538 1421 5622 interpretem;
1461 5548 1562 5606 ubi
1610 5549 1793 5609 habes
1845 5538 2110 5626 ἐφ”ἒιῖματι

453 5630 545 5684 της
574 5614 752 5685 σαρκός
781 5629 874 5683 μου
