4052 6196
204 309 356 378 .833

1012 308 1116 378 nu
1146 308 1898 409 ‘INTERPELLATIONE
1935 307 2077 377 JOB
2118 310 2220 379 ur
2262 309 2507 379 omn
2548 309 2701 378 LIB.
2742 307 2824 378 ιι.

3512 301 3635 381 884

235 446 352 506 etsi
383 463 500 505 non
532 410 871 523 implicatur
890 447 1113 521 justus,
1144 452 1339 505 tamen
1365 448 1683 521 impeditur
1714 465 1725 503 :
1787 448 1882 504 hic
1910 450 1963 516 Α
1995 449 2191 504 naculi
2218 448 2603 519 admirabilis,
2634 465 2822 523 usque
2849 446 2920 506 ad
2954 445 3196 505 domum
3225 443 3349 505 Dei.
3384 444 3449 504 In
3495 458 3634 503 voce

235 537 469 595 dolores
494 543 551 593 et
580 537 1002 595 sollicitudines
1032 558 1044 607 ;
1080 538 1197 594 illic
1235 538 1458 608 latitia,
1492 539 1586 594 ubi
1649 545 1833 610 gl'ttlllt
1868 559 1879 594 :

230 627 328 685 hic
358 631 651 702 postremo
681 627 938 702 corporis
969 627 1223 695 vincula,
1254 645 1381 701 qua
1417 627 1629 682 Paulus
1661 627 1885 683 solvere

229 716 557 791 gestiebat;
598 721 663 771 ut
691 716 966 773 omnibus
1004 721 1215 773 exutus
1274 714 1734 788 impedimentis,
1770 714 1881 771 Do-

230 807 394 862 mino
424 804 573 862 liber
602 805 921 862 assisteret.
952 807 1071 863 Hoc
1101 822 1237 878 ergo
1271 805 1510 861 sitiebat
1540 804 1739 860 anima
1768 804 1885 860 Da-

228 895 351 963 vid,
385 898 450 950 ut
472 896 598 966 jam
646 911 757 949 non
793 911 895 966 per
951 895 1148 961 fidem,
1198 896 1297 951 sed
1332 894 1477 948 facie
1536 893 1607 947 ad
1676 893 1883 949 faciem

226 985 415 1042 Deum
447 983 668 1038 videret
699 1001 713 1051 ;
747 1000 852 1039 nec
885 982 1073 1040 solum
1107 982 1575 1056 peregrinaretur
1605 999 1639 1037 a
1682 998 1884 1054 corpo-

234 1090 321 1142 re,
358 1073 459 1129 sed
493 1088 731 1144 corpore
780 1071 1119 1128 solveretur.
1175 1070 1423 1127 Dissolvi
1454 1072 1607 1126 enim
1642 1074 1698 1126 et
1753 1087 1885 1125 cum

227 1162 463 1219 Christo
479 1178 607 1217 esse
638 1160 823 1218 multo
855 1160 1065 1218 melius
1099 1178 1111 1217 :
1148 1161 1286 1234 quia
1307 1161 1472 1232 justo
1508 1159 1653 1215 mori
1683 1165 1771 1215 est
1800 1158 1885 1215 lu-

226 1268 416 1307 crum.
437 1252 506 1306 Et
534 1251 752 1323 grande
797 1250 1034 1323 quidem
1066 1249 1296 1306 lucrum
1356 1267 1421 1303 ea
1440 1265 1564 1304 rere
1624 1253 1881 1321 peccato,

231 1340 578 1397 delictorum
616 1338 903 1395 illecebris
943 1356 1058 1407 non
1093 1338 1329 1394 moveri.
1366 1337 1504 1402 Qui-3
1538 1339 1693 1392 enim
1720 1354 1886 1393 mun-

228 1430 342 1486 dus
372 1446 407 1485 a
436 1429 628 1499 sorde,
662 1430 897 1500 quando
930 1445 1035 1483 nec
1069 1428 1243 1483 unius
1285 1427 1398 1481 dici
1453 1425 1569 1481 vita
1625 1426 1882 1482 hominis

223 1519 289 1575 in
319 1523 475 1575 terra
503 1522 660 1574 caret
691 1517 1036 1574 delictorum
1070 1515 1416 1589 contagione
1445 1517 1473 1570 ?
1504 1515 1759 1571 Vivendo
1792 1532 1879 1570 er-

225 1624 303 1681 go
327 1607 545 1663 damna
574 1606 980 1662 contrahimus
1018 1605 1392 1670 innocentia,
1459 1607 1645 1659 morte
1705 1604 1879 1659 finem

225 1695 443 1752 erroris
476 1694 879 1773 adipiscimur.
920 1695 1172 1749 Lucrum
1213 1710 1349 1766 ergo
1384 1699 1571 1749 morte
1626 1692 1880 1765 acquiri-

222 1789 347 1852 tur,
376 1785 505 1839 vita
528 1788 726 1839 autem
766 1800 875 1838 usu
900 1788 1182 1856 tanquam
1238 1782 1471 1838 miseris
1517 1781 1879 1838 debitoribus
1910 1824 1958 1888 Β

226 1873 486 1930 usurarii
516 1871 772 1928 nominis
793 1872 865 1927 ad
891 1877 1117 1927 reatum
1141 1871 1330 1927 fanus
1352 1876 1621 1944 augetur.
1649 1870 1715 1925 Et
1734 1871 1882 1927 bene

227 1962 358 2020 sitit
386 1962 604 2026 anima,
628 1978 755 2033 qua
786 1960 1023 2016 festinat
1053 1960 1124 2017 ad
1157 1960 1399 2027 fontem,
1430 1976 1545 2015 non
1603 1976 1766 2031 aqua
1798 1959 1881 2014 is-

226 2052 374 2119 tius,
406 2052 507 2109 sed
538 2050 666 2105 vita
691 2054 937 2119 aterna,
970 2050 1041 2105 de
1074 2066 1188 2122 quo
1216 2066 1396 2121 supra
1425 2048 1572 2104 dixit
1604 2066 1616 2103 :
1651 2071 1677 2099 «
1739 2049 1883 2113 Quo-

228 2142 393 2197 niam
424 2140 579 2212 apud
609 2144 665 2195 te
693 2144 783 2194 est
815 2140 943 2193 fons
974 2139 1124 2206 vita,
1159 2142 1214 2193 et
1247 2138 1304 2192 in
1339 2137 1564 2193 lumine
1594 2141 1693 2193 tuo
1725 2138 1879 2193 vide-

225 2230 432 2286 bimus
461 2228 659 2283 lumen
691 2229 860 2299 (Psul.
894 2245 1060 2297 xxxv,
1097 2227 1207 2297 10).
1236 2250 1263 2275 ››
1297 2226 1503 2282 Merito
1534 2242 1669 2298 ergo
1702 2226 1884 2281 David

225 2317 581 2393 properabat
613 2316 914 2389 pervenire
943 2319 1000 2371 et
1029 2330 1310 2387 apparere
1331 2321 1467 2370 ante
1498 2315 1646 2369 841
1676 2314 1883 2369 faciem

231 2406 360 2474 Dei,
393 2406 564 2477 cujus
594 2404 790 2460 vultus
838 2403 1037 2459 lumen
1096 2408 1230 2472 est;
1281 2403 1422 2475 quia
1472 2418 1677 2459 omnes
1737 2420 1883 2475 quos

231 2494 523 2553 Dominus
551 2497 794 2566 spectat,
828 2492 1143 2548 illuminat.

302 2586 359 2652 7,
394 2608 421 2633 ‹‹
456 2588 714 2639 Fuerunt
744 2581 1012 2654 lacryma
1040 2598 1181 2637 mea
1241 2580 1384 2635 mihi
1440 2597 1621 2652 panes
1670 2581 1763 2637 die
1819 2597 1883 2636 ac

232 2678 428 2740 nocte,
454 2673 594 2727 dum
626 2671 841 2727 dicitur
870 2670 1013 2726 mihi
1035 2669 1296 2742 quotidie
1330 2686 1342 2724 :
1372 2669 1478 2725 Ubi
1505 2674 1595 2726 est
1617 2670 1770 2725 Deus
1796 2673 1886 2725 tu-

234 2781 310 2820 us
333 2763 505 2834 (Psal.
527 2777 639 2827 xu,
666 2762 693 2815 4
711 2760 739 2815 ?
755 2782 783 2810 »
809 2759 892 2815 Ibi
915 2759 1061 2815 bene
1081 2759 1348 2832 lacryma
1372 2775 1551 2830 panes
1574 2764 1733 2827 sunt,
1785 2758 1884 2813 ubi

237 2849 765 2922 esuriturjustitia.
790 2849 947 2904 Beati
970 2848 1124 2904 enim
1150 2848 1247 2920 qui
1286 2849 1633 2903 esuriuntet
1679 2847 1888 2904 sitiunt

238 2937 860 3014 iustitiam,quoniam
882 2937 993 3010 ipsi
1017 2938 1457 2993 saturabuntur.
1509 2938 1657 2992 Sunt
1707 2936 1888 3008 igitur

242 3030 513 3103 laeryma
538 3044 668 3100 qua
694 3043 872 3100 panes
896 3029 1055 3095 sunt,
1079 3030 1136 3081 et
1171 3025 1521 3081 conﬁrmant
1542 3043 1638 3081 cor
1688 3025 1885 3081 homi-

235 3117 473 3176 nis.Cui
496 3115 879 3189 disputationi
905 3114 1080 3170 etiam
1103 3114 1245 3170 illud
1270 3114 1740 3171 Ecclesiasticum
1754 3130 1887 3170 con-

233 3207 639 3264 venitdictum
666 3221 721 3259 εν
741 3205 902 3260 Mitte
926 3220 1134 3275 panem
1158 3208 1324 3258 tuum
1342 3207 1473 3258 ante
1491 3203 1695 3258 faciem
1720 3220 1884 3276 aqua
1916 3190 1959 3255 C

232 3293 791 3370 (Eccle.x1,l);nquia
810 3293 885 3347 ibi
903 3292 1071 3364 panis
1087 3291 1460 3355 calestis,ubi
1477 3308 1629 3362 aqua
1648 3292 1845 3365 gratia
1872 3316 1887 3357 ;

234 3383 521 3459 quoniam
541 3387 691 3438 recte
715 3381 1014 3454 accipiunt
1035 3380 1434 3436 substantiam
1454 3379 1634 3446 verbi,
1657 3384 1713 3435 et
1733 3397 1887 3453 mys-

232 3475 365 3531 tica
384 3470 628 3528 rationis
649 3469 1025 3538 alimentum,
1054 3467 1269 3539 quibus
1292 3467 1537 3523 flumina
1575 3484 1738 3539 aqua
1760 3468 1889 3523 vita

1993 538 2419 606 exsultatiouis,
2452 545 2508 596 et
2537 538 2920 596 confessionis
2950 537 3178 596 sonitus
3208 536 3500 611 epulantis
3556 536 3634 608 (1)

1992 626 2175 697 (Psal.
2208 646 2320 697 xu,
2348 631 2424 702 5).
2462 652 2488 677 ››
2521 630 2645 686 Non
2669 629 2963 685 immerito
2990 628 3185 696 ﬂebat,
3209 625 3487 700 quoniam
3509 640 3634 681 ver-

1994 722 2220 774 saretur
2248 718 2305 773 in
2338 718 2529 785 terris,
2561 718 2649 774 cui
2710 718 2968 775 cmlestia
3024 715 3407 775 tabernacula
3460 714 3637 772 debe-

1994 812 2217 873 rentur,
2250 812 2306 864 et
2336 825 2509 880 quem
2542 808 2685 864 aula
2719 808 2970 881 potentis
3011 809 3373 880 exspectaret
3429 804 3635 861 introi-

1994 901 2116 953 tus.
2140 898 2400 969 Denique
2431 896 2592 953 illam
2625 897 2809 953 solam
2841 887 3118 953 omnibus
3144 896 3306 970 regni
3359 895 3451 951 sui
3508 892 3635 968 opi-

1994 985 2105 1041 bus
2136 987 2493 1059 praferebat,
2528 987 2681 1043 sicut
2707 987 2831 1059 ipse
2862 986 3208 1042 testificatus
3238 988 3328 1041 est
3355 983 3494 1040 alibi
3545 982 3634 1039 di-

1994 1091 2169 1131 cens:
2207 1098 2235 1125 ‹‹
2267 1075 2451 1131 Unam
2485 1075 2623 1148 petii
2654 1093 2686 1130 a
2717 1075 2984 1144 Domino,
3017 1075 3169 1131 hanc
3192 1074 3488 1148 requiram
3523 1089 3536 1129 :
3570 1076 3637 1128 ut

1994 1164 2315 1221 inhabilem
2349 1166 2406 1221 in
2439 1166 2611 1221 domo
2643 1163 2875 1220 Domini
2906 1180 3112 1220 omnes
3141 1164 3266 1221 dies
3296 1163 3425 1219 vita
3486 1178 3631 1218 mea

1993 1257 2049 1308 et
2081 1259 2145 1308 ut
2174 1253 2400 1309 videam
2435 1252 2878 1309 delectationem
2910 1253 3140 1309 Domini
3175 1274 3203 1303 »
3251 1253 3422 1325 (Psal.
3481 1267 3635 1315 xxvr.

1993 1343 2067 1414 4).
2101 1342 2413 1398 Delectatio
2446 1343 2675 1399 Domini
2706 1343 2765 1398 in
2796 1342 3052 1399 Ecclesia
3076 1346 3164 1399 est
3196 1360 3209 1398 :
3242 1340 3500 1398 Ecclesia
3547 1344 3638 1397 est

1992 1430 2187 1504 imago
2218 1431 2539 1487 caelestium
2576 1451 2590 1500 ;
2618 1432 2832 1487 etenim
2863 1435 3175 1504 postquam
3227 1430 3438 1487 umbra
3489 1446 3635 1503 pra-

1991 1519 2166 1589 teriit,
2201 1521 2392 1591 imago
2424 1521 2729 1576 successit.
2764 1520 2983 1575 Umbra
3038 1521 3345 1593 Synagoga
3374 1521 3463 1575 est
3496 1534 3508 1572 :
3572 1517 3632 1572 in

1993 1608 2201 1663 umbra
2252 1608 2360 1678 lex,
2391 1608 2450 1662 in
2482 1608 2790 1681 Evangelio
2824 1608 3052 1665 veritas.
3089 1610 3221 1665 Ideo
3251 1608 3311 1664 in
3343 1606 3635 1681 Evangelii

1990 1695 2214 1751 lumine
2244 1696 2503 1751 veritatis
2553 1697 2746 1768 imago
2798 1696 3149 1770 resplendet.
3206 1695 3407 1753 Flebat
3456 1696 3638 1770 igitur

1990 1784 2280 1857 Propheta
2313 1803 2327 1853 ;
2359 1784 2499 1857 quia
2529 1785 2949 1842 differebantur
2977 1784 3151 1859 plena
3178 1784 3380 1860 gratia
3406 1784 3562 1842 bona
3580 1786 3639 1840 et

1990 1873 2202 1929 referta
2231 1873 2461 1929 latitia.

2634 1964 2865 2021 CAPUT
2922 1964 3013 2020 Ill.

1990 2054 2109 2108 Non
2138 2053 2344 2107 mirum
2371 2055 2427 2108 si
2449 2052 2627 2109 David
2656 2052 2821 2125 hujus
2843 2055 2972 2109 vitae
2995 2054 3178 2125 malis,
3211 2055 3263 2108 et
3292 2053 3344 2108 si
3383 2051 3638 2125 consola-

2062 2124 2208 2179 tione
2231 2140 2334 2179 sua
2362 2126 2591 2180 minime
2618 2124 2864 2191 careant,
2907 2124 3155 2179 turbatus
3209 2126 3303 2179 sit.
3353 2139 3477 2179 cum
3522 2124 3639 2193 ipse

2066 2195 2310 2250 Christus
2337 2198 2436 2267 qui
2462 2200 2690 2251 mortem
2716 2196 2919 2251 subivit
2962 2196 3357 2267 voluntariam,
3418 2195 3638 2249 turbari

2062 2267 2317 2325 voluerit.
2346 2266 2396 2321 et
2426 2283 2529 2337 quo
2559 2282 2723 2323 sensu
2750 2268 2848 2322 hoc
2871 2266 3309 2336 intelligendum.
3343 2269 3485 2321 Item
3506 2281 3640 2337 qua-

2064 2352 2124 2462 ἓίξ
2151 2339 2271 2464 ιιιἰῖ
2297 2337 2413 2463 garo
2440 2354 2549 2394 non
2579 2337 2858 2394 confiteor
2884 2338 2987 2394 sed
3010 2337 3330 2394 confitebor
3367 2337 3639 2409 Propheta

2104 2425 2246 2464 war:

2104 2425 2246 2464 war:

2065 2497 2151 2552 lO.
2187 2497 2447 2569 Denique
2475 2501 2531 2553 et
2561 2497 2619 2552 in
2651 2496 3071 2570 posterioribus
3101 2497 3279 2554 dicit:
3313 2518 3343 2548 ‹‹
3375 2497 3499 2554 Heu
3521 2511 3637 2565 me,

1995 2586 2136 2657 quia
2165 2585 2453 2642 incolatus
2477 2603 2642 2641 meus
2674 2584 3058 2658 prolongatus
3116 2590 3206 2642 est
3252 2586 3426 2658 (Psal.
3484 2602 3637 2654 cxrx,

1992 2675 2048 2745 5)
2082 2674 2094 2728 ι
2134 2697 2160 2723 η
2196 2674 2262 2729 Et
2294 2675 2421 2731 ideo
2452 2673 2863 2747 interpellabat
2886 2674 3225 2742 Dominum,
3256 2674 3397 2747 quia
3424 2674 3496 2730 ad
3519 2690 3640 2729 me-

1995 2763 2142 2819 liora
2185 2764 2551 2835 properabat.
2588 2763 2651 2819 In
2711 2763 2857 2836 ipsis
2912 2766 3107 2819 tamen
3166 2761 3643 2819 afﬂictationibus

1996 2850 2192 2907 saculi
2216 2869 2428 2925 magna
2448 2856 2600 2907 esset
2624 2851 2944 2907 consolatio
2965 2851 3365 2924 prasentium,
3391 2868 3527 2924 spes
3545 2850 3643 2907 fu-

1995 2945 2287 2995 turorum.
2315 2939 2456 3007 Quis
2476 2940 2635 2996 enim
2660 2956 2775 2995 non
2800 2940 3047 3013 erigeret
3068 2939 3355 3006 animum,
3383 2938 3486 3012 qui
3506 2956 3640 3012 pos-

1996 3033 2083 3085 set
2100 3045 2334 3101 sperare
2353 3028 2410 3083 in
2430 3027 2805 3084 tabernaculo
2829 3027 3045 3084 calcati
3066 3028 3237 3084 beata
3252 3026 3355 3084 illa
3375 3027 3485 3085 sibi
3504 3043 3643 3084 oon-

1995 3118 2178 3174 sortia
2207 3119 2360 3174 642
2394 3118 2693 3173 reservari.
2728 3118 2837 3173 Sed
2880 3117 3022 3189 quia
3051 3116 3266 3173 infima
3323 3116 3645 3174 conditioni

1996 3206 2344 3281 plerumque
2376 3206 2571 3261 futura
2602 3205 2772 3261 tadio
2801 3209 2959 3274 sunt,
2994 3204 3301 3278 prasentia
3329 3204 3641 3273 vexationi;

1996 3297 2125 3352 ideo
2174 3300 2231 3351 et
2287 3295 2473 3350 sancti
2534 3294 2830 3367 Propheta
2880 3294 3325 3368 insurgentibus
3382 3294 3643 3368 corporis

1997 3383 2276 3440 ﬂuctibus
2304 3382 2501 3437 anima
2528 3380 2893 3439 turbabatur.

2074 3474 2162 3528 11.
2195 3471 2338 3527 Nolo
2368 3470 2525 3526 enim
2554 3470 2785 3526 mireris
2808 3472 2857 3526 si
2885 3471 3173 3543 Propheta
3190 3471 3449 3527 animam
3472 3486 3643 3528 suam

235 3564 310 3620 de
332 3565 531 3618 ventre
556 3559 857 3615 labuntur.
877 3557 1164 3613 Similiter
1186 3573 1420 3629 quoque
1449 3555 1531 3611 ibi
1577 3555 1747 3630 panis
1799 3556 1893 3612 hic
2001 3559 2143 3616 dicit
2171 3575 2299 3616 esse
2329 3558 2703 3630 exagitatam,
2737 3575 2870 3614 cum
2915 3559 3126 3615 dixerit
3180 3561 3306 3632 ipse
3361 3559 3651 3616 Dominus

233 3652 433 3718 vivus,
456 3649 554 3705 ubi
577 3665 732 3721 aqua
749 3647 1167 3717 lacrymarum,
1192 3650 1248 3702 et
1282 3650 1452 3702 ﬂetus
1472 3650 1563 3701 est
1613 3646 1891 3718 panitcn-
2001 3650 2177 3705 Jesus
2210 3666 2223 3704 :
2257 3671 2283 3697 «
2318 3648 2483 3702 Nunc
2514 3646 2713 3702 anima
2742 3664 2871 3701 mea
2900 3648 3136 3703 turbata
3164 3653 3256 3706 est
3300 3652 3487 3719 (Joan.
3547 3665 3649 3717 xu,

235 3742 356 3798 tia.
380 3738 474 3795 Sic
492 3738 649 3795 enim
673 3736 957 3809 scriptum
982 3741 1106 3792 est:
1134 3758 1161 3785 ‹‹
1188 3736 1251 3790 In
1279 3734 1418 3790 fletu
1443 3734 1728 3802 exierunt,
1759 3739 1815 3790 et
1837 3735 1896 3789 in
2003 3738 2117 3808 27).
2158 3759 2184 3785 ι)
2217 3734 2323 3802 Qui
2354 3734 2509 3789 enim
2543 3733 2802 3806 suscepit
2830 3733 3202 3792 infirmitates
3246 3740 3499 3806 nostras,
3559 3752 3658 3793 no-

243 3827 649 3887 consolatione
667 3825 945 3881 revocabo
967 3841 1065 3880 eos
1086 3828 1316 3893 (Jerem.
1338 3841 1491 3889 xxxx,
1532 3824 1608 3895 9).
1664 3846 1690 3873 »
1740 3823 1899 3878 Beati
2010 3834 2199 3883 strum
2233 3840 2465 3897 quoque
2495 3823 2756 3895 suscepit
2786 3821 3080 3893 allectum,
3113 3824 3171 3880 in
3220 3842 3335 3897 quo
3365 3829 3425 3881 et
3470 3825 3658 3881 tristis

244 3935 387 3992 ergo
413 3933 666 3989 quorum
690 3914 958 3988 lacryma
982 3930 1182 3986 panes,
1202 3914 1303 3985 qui
1327 3912 1514 3968 ridere
1539 3917 1899 3980 meruerunt,
2010 3919 2135 3972 erat
2167 3931 2349 3985 usque
2380 3914 2452 3969 ad
2487 3916 2757 3981 mortem,
2783 3929 2897 3968 non
2919 3915 3157 3985 pr0pter
3176 3917 3424 3969 mortem
3458 3937 3473 3982 ;
3501 3929 3661 3969 mors

252 4007 397 4082 quia
422 4004 575 4061 beati
608 4003 707 4076 qui
740 4002 907 4059 ﬂetis.
2015 4004 2173 4059 enim
2206 4001 2538 4056 voluntaria
2567 3999 2906 4056 mastitiam
2933 3999 3149 4056 habere
3177 4015 3293 4057 non
3323 4004 3570 4073 poterat,
3601 3999 3664 4057 in

325 4096 380 4149 8.
423 4114 449 4141 α
479 4092 697 4148 Horum
730 4107 974 4160 memor,
1007 4089 1222 4162 inquit,
1251 4088 1426 4143 effudi
1457 4106 1635 4161 super
1665 4105 1758 4144 me
1789 4088 1907 4144 ani-
2015 4110 2132 4165 qua
2167 4092 2362 4147 futura
2397 4095 2521 4146 erat
2544 4089 2954 4145 universorum
2980 4088 3201 4157 latitia,
3261 4089 3665 4146 universorum

253 4200 418 4240 mam
450 4197 641 4237 meam
672 4180 842 4251 (Psal.
876 4197 990 4245 xu,
1021 4179 1101 4250 5).
1137 4203 1158 4231 ι
1217 4182 1463 4234 Sanctus
1518 4177 1740 4251 colligit
1795 4179 1893 4250 (98

2018 4181 2272 4238 refectio.
2309 4180 2387 4235 De
2419 4196 2536 4251 qua
2565 4184 2626 4234 et
2655 4177 2791 4234 alibi
2823 4177 2968 4233 dixit
3004 4195 3017 4234 :
3056 4197 3078 4227 ι
3108 4178 3175 4233 Et
3202 4178 3448 4247 surrexi,
3482 4181 3539 4234 et
3590 4176 3669 4234 vi-

252 4273 330 4329 ab
361 4271 455 4327 bis
486 4287 613 4342 qua
647 4268 786 4324 foris
818 4272 978 4337 sunt,
1013 4271 1070 4323 et
1100 4284 1280 4340 supra
1310 4283 1372 4322 se
1402 4267 1609 4322 effudit
1649 4266 1908 4322 animam
2018 4271 2098 4336 di,
2132 4273 2189 4326 et
2220 4285 2465 4326 somnus
2497 4266 2687 4332 dulcis
2718 4267 2907 4322 factus
2939 4270 3030 4323 est
3059 4266 3204 4321 mihi
3235 4266 3454 4340 (larem.
3512 4283 3665 4333 xxxx,

254 4376 431 4417 suam
458 4364 557 4426 ;ut
586 4356 786 4412 anima
816 4373 995 4428 supra
1025 4372 1237 4427 corpus
1269 4355 1455 4410 ell‘usa
1506 4354 1909 4411 infirmitatem
2018 4360 2131 4429 26).
2166 4382 2191 4406 n
2228 4363 2420 4414 Bonus
2453 4374 2698 4412 somnus
2723 4356 2822 4428 qui
2856 4355 2993 4411 fecit
3020 4372 3134 4410 non
3168 4356 3392 4412 esurire
3413 4354 3671 4413 esurien-

254 4447 455 4505 camis
487 4446 829 4513 abscondat,
864 4448 1021 4518 tegat
1046 4443 1307 4516 corporis
1349 4442 1459 4514 (99)
1493 4443 1563 4497 ad
1626 4442 1911 4514 pmniten-
2021 4453 2128 4514 tes,
2164 4465 2277 4502 non
2310 4447 2471 4501 sitire
2532 4445 2821 4511 sitientes,
2884 4444 3107 4516 quibus
3166 4448 3668 4501 sacramentorum

258 4538 436 4604 tiam,
457 4535 716 4591 etvirtus
741 4532 956 4605 ubique
978 4532 1187 4588 anima
1214 4531 1545 4603 mentisque
1567 4532 1911 4603 pratendat.
1947 4559 1992 4623 Β
2025 4534 2394 4590 dulcedinem
2428 4531 2790 4604 praeparavit.
2825 4531 3125 4595 Quomodo
3156 4548 3293 4605 ergo
3323 4534 3521 4590 anima
3542 4534 3671 4605 ejus

224 4688 229 4691 _
258 4626 431 4683 Unde
464 4628 520 4681 et
552 4624 606 4678 in
640 4621 1063 4695 posterioribus
1094 4620 1233 4675 dicit
1260 4637 1272 4674 :
1312 4620 1670 4675 «Effundam
1700 4620 1756 4675 in
1779 4637 1915 4675 con-

260 4720 471 4789 spectu
504 4713 633 4783 ejus
663 4710 985 4767 orationem
1020 4725 1211 4765 meam
1242 4710 1413 4781 (Psal.
1447 4725 1593 4775 cxu,
1620 4710 1695 4780 2).
1736 4732 1761 4756 ››
1813 4709 1919 4765 Ubi

267 4802 596 4863 effunditur
622 4801 827 4869 oratio,
861 4799 939 4855 ibi
974 4803 1209 4872 peccata
1242 4801 1381 4853 sunt
1428 4802 1599 4853 tecta.
1662 4799 1920 4862 Quorum

263 4898 469 4950 autem
502 4905 823 4946 memorem
855 4905 916 4943 se
946 4886 1089 4942 dicit
1120 4887 1147 4941 ?
1178 4888 1391 4942 Eorum
1426 4886 1626 4958 utiquc
1659 4902 1786 4957 qua
1830 4887 1924 4941 de-

263 4981 585 5043 siderabat,
621 4982 685 5034 ut
713 4977 933 5033 veniret
962 4980 1019 5031 et
1048 4980 1355 5048 appareret
1382 4976 1439 5031 in
1458 4980 1773 5048 conspectu
1799 4974 1921 5041 Dei,

267 5076 338 5128 ut
366 5071 497 5142 ejus
530 5066 724 5123 aulam
760 5065 920 5120 illam
949 5064 1169 5120 videret
1198 5068 1492 5129 aternam,
1528 5065 1585 5119 in
1649 5081 1767 5136 qua
1824 5082 1923 5137 pa-

270 5157 746 5217 tiebaturanimo
758 5158 815 5210 et
827 5157 1184 5228 prasumpto
1208 5152 1608 5209 delectabatur
1629 5153 1922 5225 ingressu.

342 5249 396 5303 9.
432 5268 460 5296 ‹‹
491 5245 779 5321 Quoniam
805 5243 1121 5316 ingrediar,
1155 5241 1366 5314 inquit,
1400 5241 1460 5297 in
1487 5241 1680 5296 locum
1734 5242 1926 5296 taber-

349 5423 464 5491 (98)
496 5421 669 5490 Edit.,
697 5421 929 5476 Sanctus
959 5436 1072 5476 esse
1100 5420 1330 5489 colligit.
1366 5418 1576 5475 Melius
1607 5435 1746 5474 mss.
1772 5490 1775 5491 ν
1801 5437 1926 5476 san-

273 5490 397 5551 ctus
427 5490 661 5565 Colligit,
693 5508 901 5565 nempe
931 5494 1199 5559 animam,
1230 5507 1357 5563 qua
1388 5507 1495 5547 vox
1516 5490 1782 5563 sequenti
1814 5510 1928 5549 ver-

281 5582 351 5623 so
381 5564 754 5623 exorimitur.

354 5635 472 5709 (99)
496 5636 650 5693 Edit.
682 5651 907 5702 omnes,
935 5635 1076 5706 legat
1095 5649 1290 5706 corpus
1311 5652 1335 5698 ;
1356 5649 1498 5689 mss.
1532 5637 1755 5701 contra,
1790 5636 1931 5709 legal

2027 4625 2236 4679 timore
2268 4622 2502 4677 turbata
2532 4623 2639 4686 est,
2676 4620 2774 4693 qui
2811 4620 2943 4676 fecit
2972 4621 3222 4677 aliorum
3270 4622 3499 4679 animas
3555 4639 3669 4677 non

2032 4715 2232 4769 timere
2256 4712 2282 4766 '?
2313 4709 2525 4766 Tristis
2558 4726 2693 4781 ergo
2726 4726 2911 4781 usque
2943 4710 3011 4765 ad
3036 4714 3306 4781 mortem,
3328 4711 3509 4767 donec
3531 4726 3672 4765 con-

2031 4804 2428 4857 summarctur
2460 4798 2646 4870 gratia
2681 4814 2692 4852 :
2728 4798 2882 4869 quod
2928 4797 3210 4870 probatur
3267 4797 3453 4871 ipsius
3510 4795 3671 4852 testi-

2033 4893 2227 4945 monio
2258 4886 2505 4943 dicentis
2538 4886 2608 4941 de
2638 4890 2821 4941 morte
2854 4903 2961 4942 sua
2991 4901 3004 4942 :
3032 4909 3059 4935 ‹‹
3086 4885 3442 4958 Baptismate
3490 4883 3676 4940 habeo

2033 4977 2336 5052 baptizari,
2369 4979 2424 5031 et
2455 4974 2747 5047 quomodo
2796 4991 2998 5047 angor,
3032 4990 3218 5045 usque
3247 4974 3387 5029 dum
3418 4973 3680 5045 perficia-

2032 5072 2130 5124 tur
2160 5069 2309 5139 (Luc.
2344 5081 2445 5131 xu,
2485 5062 2627 5133 50)?
2659 5084 2686 5112 ››

2110 5159 2193 5211 12.
2228 5155 2522 5210 Turbatus
2551 5151 2731 5225 igitur
2759 5148 2936 5205 David
2968 5147 3210 5204 lubricis
3243 5148 3439 5206 saculi
3490 5149 3681 5222 hujus

2037 5243 2421 5312 anfractibus,
2454 5239 2599 5296 dixit
2631 5255 2643 5292 :
2674 5261 2700 5287 ‹‹
2736 5238 2924 5301 Quare
2955 5234 3143 5291 tristis
3171 5253 3256 5308 es,
3288 5237 3488 5295 anima
3515 5254 3681 5309 mea;

2039 5427 2301 5498 corporis,
2336 5414 2714 5498 subintellige
2745 5414 3141 5498 inﬁrmitatem.

2110 5486 2190 5565 ('1)
2221 5486 2306 5549 ita
2341 5506 2485 5565 mss.
2515 5491 2576 5565 et
2595 5492 2706 5541 vet.
2740 5486 2877 5565 edit.
2934 5486 3102 5565 Rom.
3162 5504 3342 5565 vero,
3368 5491 3493 5547 soni
3543 5492 3685 5562 festa

2040 5558 2399 5635 celetiranlis.
2421 5560 2552 5628 Quis
2578 5573 2687 5635 non
2714 5558 2945 5635 erigeret
2966 5560 3221 5635 animum,
3245 5558 3344 5634 qui
3363 5558 3683 5635 posset'spe-

2042 5656 2168 5696 rare
2216 5639 2277 5695 in
2326 5630 2676 5690 tabernaculo
2723 5630 2923 5686 cwlesti
2974 5630 3131 5689 beata
3159 5630 3270 5691 ίιιᾱ
3312 5630 3421 5691 sibi
3465 5630 3682 5693 embr-
