4104 6156
488 306 629 417 ses
1166 370 1171 377 ~
1302 354 1307 363 ν
1969 348 2037 418 s.
2080 348 2458 419 Auenosn
3736 356 3856 425 sse

511 505 692 562 quare
720 482 1032 545 conturbas
1063 502 1155 544 me
1182 490 1205 546 Ρ
1256 486 1435 561 Spera
1491 486 1549 544 in
1612 492 1818 553 Deum,
1877 488 2153 561 quoniam
2187 492 2241 558 Α
2274 494 2608 547 nostrarum
2640 488 2858 548 divisor
2887 490 3247 561 animarum,
3271 489 3369 565 qui
3402 491 3459 549 in
3513 490 3705 552 intima
3750 513 3855 554 cor-

509 576 826 633 confitebor
854 574 940 632 illi
974 575 1266 633 :salutare
1290 576 1489 635 vultus
1520 578 1655 644 mei,
1690 585 1743 633 et
1779 580 1929 633 Dens
1991 597 2153 634 incus
2272 579 2362 635 dis
2394 584 2614 635 secreta
2669 580 3004 650 descendat,
3065 584 3121 637 et
3185 580 3558 656 cogitationes
3612 585 3858 644 mentium

508 666 681 740 (Psal.
708 683 797 722 xu
829 667 864 721 6
893 664 949 722 et
978 668 1057 738 7).
1094 689 1115 716 ιι
1152 668 1300 739 Ergo
1332 669 1565 739 quando
1623 669 1773 723 anxii
1809 676 1865 723 et
1924 668 2156 724 solliciti
2270 668 2683 742 deprehendat.
2718 670 2819 726 Hic
2860 667 3091 743 gladius
3122 671 3360 727 verbum
3415 676 3503 728 est
3534 674 3627 730 Dei
3677 675 3860 748 vivum,

508 774 742 821 sumus,
775 773 909 830 spes
937 772 1044 812 nos
1077 756 1406 812 futurorum
1458 758 1886 829 exspectatione
1944 757 2156 812 confir-
2270 757 2531 831 Denique
2562 760 2633 815 ad
2674 759 2957 815 Hebraeos
2989 760 3074 815 sic
3104 759 3251 832 legis
3283 778 3295 816 :
3347 784 3375 813 ‹‹
3434 760 3636 818 Vivum
3665 770 3744 821 est
3786 768 3862 823 Dei

512 852 653 903 met.
685 846 828 902 Vide
860 845 1093 919 singula
1116 863 1138 901 -:
1175 868 1201 895 ‹‹
1234 846 1435 918 Spera,
1487 846 1763 918 quoniam
1814 847 2154 914 conﬁtebor,
2269 849 2511 904 verbum
2545 855 2602 903 et
2628 849 2904 918 validum,
2930 853 2987 904 et
3018 849 3246 905 acutius
3276 851 3432 906 omni
3469 851 3657 923 gladio
3685 855 3864 911 acutis-

514 937 726 1009 inquit.
762 959 790 986 »
815 934 938 991 Non
971 935 1267 994 conﬁteor.
1306 936 1405 990 sed
1457 936 1776 991 conﬁtebor
1809 954 1821 1004 ;
1881 936 1990 991 hoc
2047 940 2155 1001 est,
2272 937 2442 1007 simo,
2477 944 2857 1010 penetratque
2889 938 2961 993 ad
2994 938 3339 996 divisionem
3396 940 3597 996 animae
3627 945 3679 997 et
3729 943 3865 1015 spiri-

516 1035 655 1083 tunc
685 1024 893 1081 melius
921 1025 1259 1093 conﬁtebor,
1293 1025 1528 1097 quando
1560 1024 1809 1081 revelata
1839 1025 1984 1081 facie
2029 1024 2159 1097 glo-
2270 1030 2368 1081 tus
2391 1032 2741 1100 artuumque
2763 1031 2819 1081 et
2842 1026 3235 1084 medullarum
3267 1029 3446 1097 (Hebr.
3496 1047 3572 1098 1v,
3604 1032 3706 1097 12)..
3739 1055 3763 1079 »ι
3789 1032 3867 1087 Hic

514 1115 665 1171 riam
696 1114 925 1171 Domini
957 1113 1293 1186 speculatus
1326 1115 1384 1169 in
1417 1115 1683 1171 eamdem
1717 1114 2035 1188 imaginem
2068 1130 2156 1168 re-
2270 1119 2361 1171 est
2394 1117 2521 1171 fons
2539 1115 2718 1179 Siloa,
2744 1116 2843 1188 qui
2868 1116 3085 1172 dicitur
3106 1118 3324 1174 missus
3355 1119 3530 1191 (Joan.
3566 1121 3728 1190 11,7),
3753 1137 3866 1192 quo-

516 1204 836 1261 formabor.
2272 1205 2430 1260 niam
2463 1204 2728 1260 Christus
2760 1221 2793 1259 a
2824 1206 2995 1261 Patre
3028 1206 3169 1261 dixit
3197 1223 3259 1263 se
3287 1223 3417 1262 esse
3438 1208 3699 1264 missum.
3724 1209 3809 1264 Est
3824 1216 3866 1266 et

592 1294 679 1349 13.
715 1293 919 1349 Subito
953 1310 1086 1349 cum
1121 1309 1182 1348 se
1213 1292 1631 1358 consolaretur,
1681 1292 1740 1347 in
1776 1309 1836 1348 se
1896 1308 2161 1349 reversus
2273 1292 2373 1348 illa
2401 1294 2608 1349 divisio
2636 1312 2759 1365 quae
2792 1293 3091 1366 colligitur
3141 1311 3209 1350 ex
3264 1312 3330 1351 eo
3389 1296 3545 1369 quod
3603 1300 3868 1369 utramque

519 1381 602 1438 ait
637 1400 649 1438 :
690 1406 713 1431 α
751 1382 837 1437 Ad
872 1399 963 1437 me
993 1382 1185 1453 ipsum
1222 1381 1419 1437 anima
1451 1399 1580 1439 mea
1610 1381 1841 1436 turbata
1870 1387 1958 1436 est
1987 1381 2158 1453 (Psal.
2272 1382 2459 1455 ripam
2491 1383 2764 1438 Jordanis
2797 1383 2986 1438 tribus
3020 1382 3361 1439 incoluerint
3385 1383 3732 1453 Judaaorum,
3760 1403 3873 1458 quo-

518 1488 630 1538 xm,
657 1471 715 1538 7)
749 1489 761 1539 ;
796 1492 823 1521 »
860 1469 914 1525 id
949 1474 1055 1537 est,
1090 1470 1189 1543 qui
1224 1470 1367 1526 alios
1401 1471 1746 1525 confirmare
1778 1470 1978 1537 debeo,
2037 1468 2163 1542 ipse
2274 1471 2431 1525 niam
2465 1471 2644 1527 Filius
2675 1471 2934 1526 hominis
2962 1471 3062 1543 qui
3102 1472 3526 1544 posterioribus
3555 1474 3869 1544 temporibus

519 1559 856 1617 conturbor.
891 1560 957 1614 Et
981 1559 1119 1631 quia
1147 1577 1215 1616 ex
1260 1576 1351 1615 me
1410 1576 1523 1614 non
1584 1558 1768 1615 habeo
1827 1559 2162 1614 ﬁrmamen-
2274 1560 2573 1616 descendit
2604 1576 2635 1615 e
2665 1560 2824 1615 ccelo.
2859 1577 3032 1616 verus
3088 1558 3186 1616 ille
3240 1560 3539 1629 Jordanis,
3596 1579 3757 1618 verus
3798 1561 3873 1618 ille

521 1653 671 1720 tum,
704 1649 774 1704 de
804 1653 1040 1705 auctore
1072 1665 1400 1704 sumamus.
2273 1647 2636 1704 terrestrium
2671 1654 2843 1720 atque
2874 1648 3201 1705 cmlestium
3226 1648 3468 1718 divisor,
3494 1650 3872 1723 possessionem

1142 1735 1372 1790 CAPUT
1430 1735 1525 1790 IV.
2274 1737 2575 1793 dividuam
2605 1738 2871 1809 patribus
2904 1737 3100 1794 dedit:
3131 1754 3308 1793 unam
3341 1755 3471 1810 quae
3524 1739 3873 1812 possideretur

522 1824 631 1891 Qui
655 1822 875 1877 turbari
901 1840 957 1878 se
980 1825 1107 1878 boni
1133 1825 1424 1879 consulunt
1450 1839 1537 1879 eos
1594 1826 1747 1879 exire
1792 1840 1862 1879 ea:
1913 1825 2159 1895 [Egi/pta.
2276 1824 2335 1880 in
2367 1826 2560 1896 terris,
2594 1827 2835 1882 alteram
2868 1844 2995 1899 quae
3027 1826 3235 1881 futurae
3262 1826 3391 1883 vitae
3418 1827 3646 1883 meritis
3664 1844 3873 1884 servare-

595 1910 712 1932 τινα)
738 1910 833 1932 των
875 1895 1150 1932 andnnm
1195 1895 1546 1932 Αοεόηυηὴηοο
1609 1911 1703 1932 τιον
1758 1910 1879 1932 Διηιητ
1942 1897 2161 1932 ﬂuuium
2195 1867 2244 1932 B
2275 1921 2285 1932 .
2452 1915 2492 1932 Λ
2839 1919 2848 1932 ι
3393 1915 3427 1932 ο.
3563 1915 3600 1932 ι-
3669 1915 3720 1932 ηπ
3772 1916 3782 1926 -
3815 1922 3823 1932 .

594 1910 712 1963 quae
736 1910 833 1964 per
861 1895 1151 1950 Iordanem
1195 1895 1546 1962 designatur:
1583 1911 1703 2019 (fer
1757 1910 1883 1949 eum
1936 1897 2165 1964 ﬂuvium
2195 1895 2215 1932 ¹

594 1965 914 2019 adumbrari
943 1968 1110 2019 etiam
1136 1965 1431 2019 Christum.
1476 1982 1580 2019 auo
1668 1982 1863 2019 nemve
1917 1966 2165 2019 cordium

2272 1921 2388 1969 tur.
2450 1915 2708 1979 Quorum
2795 1919 3112 1987 utrumque
3167 1915 3437 1971 convenit
3493 1915 3605 1972 soli
3666 1915 3873 1984 Christo,

593 1965 914 2020 adumbrari
943 1968 1110 2021 etiam
1136 1965 1431 2030 Christum,
1476 1965 1617 2037 quod
1668 1982 1863 2037 nempe
1917 1966 2165 2020 cordium
2270 1965 2827 2037 ξ,ξίήηζιξξξ;ῖ“λςιξ

594 2002 1863 2108 2.7,;tatstz.°;;;:.;;t:t2;‘22";;.2.2'.:":..;:;;;z;;
2270 2003 2360 2108 γεεξ
2401 2002 2662 2103 caelestia
2690 2004 3010 2108 ,diveere.
3054 2003 3143 2059 vel
3165 2003 3420 2108 .occultg
3468 2003 3873 2108 ἀθρνεδςηάεεσξ-

513 2132 516 2136 λ
596 2091 702 2163 tem
728 2108 762 2163 (1
768 2091 937 2163 ividat
965 2091 1379 2180 passessioinem.
1400 2111 1507 2163 Hoc
1537 2091 1719 2163 tamen
1774 2108 1990 2180 Christo
2036 2124 2134 2180 con

2274 2091 2553 2147 Interiora
2610 2093 2766 2148 enim
2813 2092 3039 2160 dividit,
3076 2093 3179 2164 qui
3237 2092 3469 2149 occulta
3522 2092 3873 2166 deprehendit,

594 2181 995 2256 uenire,pPa_tre
1033 2197 1162 2256 ηοη⁸
1188 2181 1508 2256 θίγοιιιηςιζ-θι-
1556 2180 1636 2234 ibi
1680 2179 1811 2250 quid
1864 2196 1965 2250 per
2013 2179 2163 2256 Sici-
2274 2181 2431 2251 quod
2464 2186 2551 2237 est
2581 2181 2783 2254 utique
2826 2181 3154 2238 divinitatis
3212 2180 3463 2254 insigne.
3526 2183 3770 2256 Denique
3811 2181 3873 2238 sic

594 2267 745 2305 mam
771 2251 1343 2342 signiﬁceturiullem
1376 2250 1654 2342 Christum
1703 2263 1941 2333 montem
1993 2252 2165 2335 fuisse

2276 2250 2457 2325 habes
2485 2250 2768 2341 scriptum
2802 2269 2940 2342 quia
2968 2269 3254 2326 Dominus
3284 2250 3431 2325 dixit
3467 2286 3481 2326 :
3523 2292 3551 2324 ι
3582 2250 3813 2327 Laetabor
3830 2274 3873 2325 et

593 2322 1804 2464 et?13m:ttettatet'zzdtettz'
1822 2330 2163 2448 tanta
2275 2356 2530 2464 9‘31???"
2563 2359 2840 2464 ειειωεηι
2874 2359 3045 2464 (se
3080 2359 3302 2464 ιξκιηφ-
3339 2380 3366 2408 υ
3400 2359 3645 2464 Haec“
3669 2358 3757 2464 ana

594 2445 713 2537 abii
726 2445 1026 2536 'siifﬁeb‘rét,
1054 2445 1419 2535 attagena
1435 2445 1710 2520 vitam.
1722 2445 2040 2537 eugepae
2054 2445 2163 2519 te;

2274 2445 2489 2537 gniﬁca
2519 2447 2725 2518 portio,
2759 2464 2938 2537 quam
2976 2447 3157 2537 Jacob
3188 2446 3340 2537 tilio“
3362 2465 3477 2505 suo
3508 2449 3717 2522 Joseph
3767 2466 3873 2521 pra-

593 2536 717 2590 luit,
800 2531 834 2536 "
1214 2531 1229 2535 ⁷
1326 2582 1333 2587 ,
1888 2531 1901 2537 ’
2276 2535 2616 2590 stantiorem
2647 2535 2923 2591 omnibus
2950 2531 3264 2607 deputavit.
3299 2534 3467 2592 Unde
3523 2537 3650 2595 ait:
3713 2561 3739 2587 ‹‹
3788 2537 3877 2609 Ego

593 2624 677 2679 14.
712 2647 739 2673 ‹‹
773 2624 1102 2695 Propterea,
1139 2624 1348 2696 inquit,
1376 2641 1600 2680 memor
1629 2640 1726 2680 ero
1754 2623 1861 2693 tui,
1896 2621 2161 2689 Domine,
2275 2621 2348 2676 do
2380 2622 2481 2677 tibi
2516 2624 2789 2679 Sicimam
2841 2624 3214 2697 magniﬁcam
3274 2641 3458 2697 super
3507 2627 3708 2683 fratres
3758 2630 3876 2691 tuos,

519 2711 590 2770 de
620 2716 773 2769 terra
803 2713 1076 2770 Jordanis
1108 2718 1165 2769 et
1203 2714 1563 2769 Hermoniim
1624 2714 1793 2785 (Psal.
1826 2731 1937 2780 xu,
1997 2714 2072 2783 7).
2133 2732 2161 2761 »
2277 2727 2452 2782 quam
2484 2713 2679 2784 accepi
2721 2714 2791 2768 de
2824 2730 2999 2768 manu
3056 2714 3554 2784 Amorrheeorum,
3616 2715 3671 2771 in
3723 2714 3879 2789 gladio

517 2800 743 2858 Memor
770 2806 859 2859 est
882 2803 952 2858 de
986 2809 1139 2858 terra
1165 2802 1464 2871 Jordanis,
1502 2803 1559 2857 in
1584 2820 1699 2874 quo
1727 2802 1915 2875 gratia
1945 2816 2164 2855 memo-
2277 2815 2406 2855 meo
2437 2807 2488 2855 et
2522 2801 2735 2874 sagitta
2764 2799 2916 2874 (Gen.
2949 2819 3145 2873 XLVIII,
3177 2804 3291 2871 22).
3321 2824 3349 2852 »
3382 2803 3551 2869 Quod
3591 2802 3781 2859 divisio
3806 2819 3877 2857 so-

517 2890 664 2946 riam
689 2891 1009 2948 devotionis
1034 2891 1385 2947 accumulat.
1424 2891 1484 2947 In
1538 2890 1856 2947 Jordunem
1906 2890 2167 2946 Naaman
2274 2887 2313 2941 li
2343 2887 2588 2944 Domino
2619 2889 2883 2955 debetur,
2917 2907 3042 2962 quae
3079 2889 3283 2959 Verbo,
3344 2888 3457 2948 hoc
3502 2897 3613 2957 est,
3670 2890 3877 2965 spiritali

519 2982 697 3051 Syrus
729 2979 825 3036 ille
856 2980 1178 3048 descendit,
1211 2984 1267 3035 et
1298 2980 1559 3035 mundus
1581 2997 1613 3034 a
1644 2978 1805 3051 lepra
1835 2979 2023 3034 factus
2057 2981 2163 3034 est.
2276 2974 2376 3030 illo
2406 2976 2523 3031 veri
2553 2977 2884 3034 Salomonis
2920 2978 3112 3052 gladio
3172 2980 3709 3052 comprehenditur.
3762 2980 3877 3047 Quid

523 3067 589 3123 In
619 3068 872 3123 Jordane
904 3068 1236 3140 baptizatus
1267 3071 1355 3123 est
1412 3067 1699 3134 Christus,
1761 3067 1994 3138 quando
2053 3069 2165 3122 t‘or-
2276 3069 2365 3119 est
2395 3065 2502 3121 soli
2531 3066 2558 3121 ?
2587 3066 2741 3122 Patri
2771 3067 2900 3124 sine
2939 3067 3187 3136 Christo,
3221 3086 3295 3124 an
3326 3068 3562 3127 Christo
3585 3071 3705 3127 sine
3726 3067 3881 3125 Patre?

526 3173 684 3213 mam
714 3156 926 3213 lavacri
960 3156 1235 3213 salutaris
1286 3156 1559 3211 instituit.
1617 3156 1892 3210 Jordanis
1955 3172 2166 3211 nomen
2280 3151 2538 3210 Minime.
2573 3155 2717 3211 Cum
2750 3156 2940 3212 solum
2969 3156 3097 3212 dico
3130 3157 3384 3229 Patrem,
3419 3158 3637 3215 Filium
3668 3177 3769 3215 non
3812 3174 3880 3213 se-

529 3245 967 3303 descensionem
1009 3243 1321 3318 significat,
1376 3261 1493 3316 qua
1530 3244 1830 3300 descendit
1886 3244 2169 3301 Dominus
2201 3236 2243 3302 C
2284 3257 2422 3313 paro
2456 3260 2469 3310 ;
2499 3244 2637 3314 quia
2665 3245 2722 3300 in
2754 3245 2889 3300 sinu
2920 3250 2977 3301 et
3006 3250 3229 3302 secreto
3261 3245 3455 3302 Patris
3488 3247 3671 3303 Filius
3695 3253 3789 3304 est.
3817 3262 3883 3302 so-

527 3332 721 3406 Jcsus,
751 3335 891 3406 quia
920 3334 1189 3406 contagio
1220 3334 1564 3410 delictorum
1620 3333 1843 3389 vicinos
1898 3332 2170 3389 Jordanis
2283 3326 2407 3385 lum
2436 3330 2646 3387 Filium
2678 3332 2827 3401 dico,
2860 3337 2916 3389 et
2946 3333 3175 3389 Patrem
3197 3334 3411 3408 jungo,
3446 3335 3803 3408 sicutjunxit
3842 3340 3883 3388 et

529 3422 792 3479 fluminis
819 3422 1177 3478 emundavit.
1212 3416 1313 3477 Hic
1345 3422 1556 3477 ﬂuvius
1582 3420 1696 3477 exit
1726 3421 1796 3477 de
1821 3421 2082 3493 Egypto,
2116 3424 2173 3477 et
2281 3416 2461 3474 Filius
2493 3418 2692 3476 dicens
2726 3438 2739 3476 :
2772 3444 2801 3471 «
2837 3422 2977 3477 Ecce
3006 3421 3166 3478 venit
3193 3422 3357 3491 hora,
3391 3429 3461 3480 ut
3493 3442 3589 3480 me
3619 3424 3792 3481 solum
3817 3438 3884 3477 re-

527 3508 734 3566 dividit
762 3515 977 3566 terram
1013 3509 1505 3583 repromissionis.
1540 3512 1689 3583 Ergo
1723 3511 1822 3583 qui
1875 3512 2167 3577 turbatur,
2280 3505 2564 3579 linquatis
2596 3525 2609 3565 :
2643 3511 2745 3565 sed
2779 3527 2892 3566 non
2924 3510 3108 3577 solus,
3141 3512 3423 3583 quoniam
3479 3513 3647 3570 Pater
3698 3527 3885 3568 mecum

524 3600 573 3655 si
607 3600 739 3656 boni
773 3599 1029 3656 consulit
1060 3602 1158 3670 (2),
1211 3601 1282 3656 de
1331 3601 1571 3674 /Egypto
1604 3600 1738 3670 exit,
1798 3603 1854 3654 et
1903 3599 2169 3672 sequitur
2279 3602 2368 3650 est
2399 3596 2573 3668 (Joan.
2607 3615 2721 3666 xvx,
2753 3600 2864 3671 32).
2902 3620 2928 3647 ››
2961 3598 3052 3654 Sic
3082 3616 3219 3672 ergo
3253 3605 3311 3656 et
3365 3600 3542 3658 Pater
3581 3602 3732 3658 solus
3783 3601 3883 3654 bea-

521 3688 675 3744 viam
708 3686 875 3745 lucis.
904 3689 1265 3745 Hermoniim
1297 3689 1472 3744 etiam
1505 3688 1653 3743 viam
1692 3687 1939 3744 lucernae
1986 3688 2163 3744 intor-
2277 3687 2393 3745 tus.
2425 3688 2482 3740 et
2514 3685 2675 3741 solus
2706 3691 2912 3759 potens
2941 3686 3159 3743 dicitur
3188 3688 3237 3758 (I
3266 3689 3403 3745 Tim.
3438 3708 3516 3756 vr,
3555 3692 3641 3760 16)
3674 3711 3687 3758 ;
3718 3695 3772 3745 ιι
3827 3687 3881 3742 ab

521 3777 727 3849 pretati
757 3781 912 3834 sunt.
948 3777 1046 3833 Exi
1075 3794 1211 3850 ergo
1243 3778 1406 3850 prius
1436 3795 1505 3833 ex
1536 3778 1797 3850 ngypto,
1851 3776 1899 3831 si
1929 3776 2015 3833 vis
2074 3776 2162 3832 lu-
2275 3787 2342 3827 eo
2376 3771 2555 3829 Filius
2587 3792 2697 3829 non
2744 3778 3161 3848 sequestretur,
3192 3777 3291 3849 qui
3348 3777 3411 3832 in
3474 3777 3642 3835 Patre
3694 3791 3882 3847 semper

518 3883 651 3923 men
671 3866 821 3924 648
841 3866 1053 3923 Christi
1071 3867 1285 3934 videre,
1310 3865 1494 3922 Exivit
1521 3865 1847 3921 Chananaaa
1868 3882 1901 3920 a
1946 3865 2162 3921 finibus
2275 3866 2384 3916 est.
2416 3860 2675 3934 Denique
2705 3862 2976 3935 praeclare
3003 3864 3259 3921 Joannes
3294 3882 3306 3919 :
3341 3888 3369 3915 ‹‹
3405 3867 3471 3922 In
3495 3866 3769 3940 principio
3788 3868 3882 3921 erat

515 3956 872 4029 gentium,et
893 3955 1189 4012 Christum
1210 3955 1447 4022 invenit,
1467 3955 1558 4010 cui
1584 3955 1844 4010 dicebat:
1873 3978 1899 4003 ‹‹
1926 3953 2160 4010 Miserc-
2275 3948 2530 4005 Verbum
2563 3951 2735 4021 (Joan,
2771 3970 2808 4008 I.
2843 3952 2917 4024 Ι),
2950 3976 2977 4002 ››
3012 3954 3112 4009 sed
3143 3953 3269 4009 sine
3299 3954 3469 4012 Patre
3512 3974 3626 4012 non
3656 3960 3785 4012 erat.
3828 3952 3879 4007 Et

516 4062 578 4101 re
604 4044 833 4112 mei,ﬂli
858 4044 1037 4100 David
1060 4047 1265 4109 (Matth.
1289 4063 1381 4111 xv,
1404 4046 1492 4117 2'2)
1521 4045 1533 4099 l
1562 4067 1589 4093 ››
1613 4044 1798 4098 Exivit
1828 4049 1886 4099 et
1933 4044 2160 4115 Moyses
2273 4037 2428 4093 Deus
2459 4039 2625 4095 Pater
2653 4046 2798 4107 erat,
2828 4042 2930 4097 sed
2960 4041 3087 4097 sine
3129 4042 3316 4098 Verbo
3374 4061 3495 4099 non
3557 4050 3677 4101 erat
3706 4061 3719 4099 :
3771 4040 3880 4114 quia

514 4149 582 4189 ex
599 4133 859 4207 Egypto,
887 4138 943 4189 et
967 4134 1249 4206 propheta
1287 4134 1474 4188 factus
1509 4137 1616 4199 est,
1661 4136 1716 4187 et
1760 4131 2042 4188 remissus
2086 4133 2156 4188 ad
2273 4150 2299 4176 α
2333 4127 2581 4183 Verbum
2613 4135 2736 4184 erat
2766 4129 2920 4201 apud
2954 4135 3136 4185 Deum
3169 4131 3370 4203 (Ibid)
3410 4156 3437 4181 υ

514 4221 821 4294 populum,
846 4227 910 4278 ut
926 4222 996 4277 de
1025 4228 1181 4278 terra
1203 4221 1535 4277 afﬂictionis
1558 4220 1786 4276 animas
1802 4237 2001 4276 eorum
2020 4220 2159 4276 libe-
2344 4217 2428 4271 16.
2460 4216 2589 4273 Haec
2621 4217 2837 4274 Sicima
2867 4218 3122 4276 Ecclesia
3149 4225 3254 4276 est.
3284 4219 3484 4292 Ipsam
3541 4222 3697 4279 enim
3741 4216 3878 4290 elegit

514 4316 686 4367 raret.
705 4312 788 4367 Lu
811 4328 984 4368 cerna
1004 4316 1198 4367 autem
1223 4311 1280 4366 in
1304 4310 1519 4367 Christi
1563 4326 1822 4381 corpore.
1876 4309 2004 4364 Haec
2052 4309 2157 4365 tibi
2268 4304 2564 4372 Salomon,
2597 4307 2765 4378 cujus
2795 4307 3075 4364 latentem
3109 4308 3381 4365 distinxit
3430 4311 3727 4368 affectum.
3782 4309 3877 4363 Hac

512 4398 755 4455 lucerna
772 4400 926 4455 viam
951 4399 1441 4455 monstrat.Unde
1461 4404 1518 4454 et
1545 4402 1784 4454 sanctus
1807 4397 1985 4453 David
2035 4399 2153 4456 ait:
2268 4394 2484 4451 Sicima
2514 4396 2695 4451 Maria
2727 4402 2834 4465 est,
2867 4399 3037 4468 cujus
3068 4398 3326 4454 animam
3355 4397 3600 4471 gladius
3631 4399 3727 4458 Dei
3752 4402 3876 4454 tran-

519 4509 540 4536 ι
568 4487 830 4542 Lucerna
854 4488 1100 4559 pedibus
1123 4488 1267 4543 meis
1288 4488 1529 4543 verbum
1556 4493 1722 4542 tuum
1745 4487 1916 4558 (Psal.
1955 4504 2150 4555 cxvm,
2268 4485 2344 4539 sit
2375 4489 2431 4540 et
2459 4483 2686 4541 dividit.
2721 4485 2852 4541 Haec
2883 4486 3100 4543 Sicima
3122 4491 3212 4544 est
3235 4489 3588 4560 ascendens,
3619 4490 3762 4545 sicut
3809 4484 3878 4539 in-

513 4575 659 4646 105).
688 4596 715 4624 ››
739 4576 1016 4643 Lucerna,
1032 4577 1186 4648 quod
1210 4575 1628 4632 illuminaverit
1648 4575 1877 4632 animas
1916 4574 2153 4631 univer-
2183 4594 2231 4658 Β
2267 4574 2599 4645 terpretatio
2631 4574 2823 4630 habet.
2858 4574 2993 4640 Qua:
3025 4576 3104 4631 sit
3133 4576 3482 4644 ascendens,
3518 4577 3657 4635 audi
3680 4578 3745 4634 de
3792 4573 3874 4631 Ec-

509 4681 734 4733 sarum,
757 4668 813 4720 et
836 4664 895 4719 in
933 4666 1189 4721 tenebris
1224 4665 1376 4720 viam
1419 4663 1846 4720 monstraverit.
1897 4665 2154 4738 Evange-
2264 4661 2459 4718 clesia.
2497 4685 2523 4713 «
2555 4663 2690 4727 Qua:
2723 4669 2811 4720 est
2839 4680 2968 4736 quae
3008 4664 3273 4721 ascendit
3328 4665 3609 4725 dealbata
3660 4664 3876 4722 innitens

505 4752 654 4810 lium
675 4752 1033 4810 vialucernae
1055 4759 1143 4811 est
1166 4772 1179 4821 ;
1206 4755 1265 4809 in
1284 4753 1494 4809 umbra
1528 4752 1701 4819 lucet,
1735 4752 1791 4808 id
1829 4757 1937 4821 est,
1964 4753 2022 4807 in
2056 4770 2154 4809 δεη-
2263 4767 2440 4823 super
2470 4752 2706 4808 fratrem
2738 4768 2916 4809 suum
2942 4752 3121 4825 (Cant.
3154 4771 3278 4821 vui,
3308 4754 3367 4824 5)
3398 4755 3426 4810 εἶ
3459 4779 3489 4806 υ
3517 4756 3650 4812 Haec
3689 4757 3771 4811 est
3799 4765 3873 4806 ac-

506 4842 656 4900 culo.
692 4842 855 4900 Unde
889 4848 945 4900 et
976 4842 1115 4899 alibi
1155 4841 1337 4897 babes
1365 4859 1377 4896 :
1415 4863 1443 4890 «
1473 4842 1611 4898 Nive
1640 4840 2149 4898 dcalbabunturin
2264 4838 2469 4909 tinosa,
2505 4857 2632 4913 quae
2664 4840 2855 4897 Graece
2874 4840 3145 4902 ἀκτινωδῆς
3197 4840 3434 4911 dicitur,
3460 4846 3620 4917 quod
3652 4843 3755 4900 ﬁde
3771 4855 3874 4913 ope'

504 4931 743 4989 Selmon
773 4933 941 5000 (Psal.
976 4950 1107 4997 an,
1144 4932 1251 5001 15),
1281 4955 1301 4982 ω
1340 4930 1398 4984 id
1427 4936 1535 4998 est,
1568 4928 1627 4984 in
1679 4929 2145 4986 obumbratione.
2261 4929 2542 5001 ribusque
2572 4930 2943 5001 resplendeat
2976 4950 2989 4989 :
3035 4933 3188 4989 644
3215 4934 3385 5003 cujus
3416 4932 3562 4991 ﬁliis
3593 4932 3727 4989 dicit
3766 4925 3831 4999 (3)
3858 4942 3869 4979 ε

580 5022 663 5076 15.
697 5021 974 5077 Jordanis
1005 5035 1239 5092 quoque
1270 5019 1537 5075 Christus
1568 5018 1667 5090 qui
1699 5018 1909 5074 dividit
1931 5025 2147 5076 terram
2259 5017 2446 5090 Opera
2470 5023 2660 5074 vestra
2692 5018 2927 5075 luceant
2956 5037 3151 5077 coram
3185 5019 3352 5078 Patre
3381 5038 3537 5090 meo,
3574 5022 3673 5095 qui
3702 5021 3753 5076 in
3777 5034 3870 5072 cce-

502 5110 804 5175 Quomodo
826 5109 1060 5177 dividat,
1094 5107 1232 5164 audi
1265 5125 1277 5164 :
1320 5132 1340 5159 «ι
1378 5109 1444 5163 Et
1471 5111 1634 5163 tuam
1669 5106 1856 5179 ipsius
1887 5107 2145 5163 animam
2258 5104 2331 5162 lis
2363 5111 2450 5163 cst
2480 5107 2687 5179 (Matth.
2723 5125 2776 5174 v,
2814 5109 2920 5181 16).

501 5200 883 5270 pertransibit
961 5198 1217 5270 gladius,
1296 5198 1366 5254 ad
1428 5196 1766 5253 revelandas
1821 5195 2144 5252 multorum
2338 5198 2414 5251 t7.
2452 5196 2674 5252 Mentor
2702 5214 2838 5271 ergo
2867 5202 2957 5254 est
2985 5197 3086 5255 Dei
3116 5195 3293 5254 David
3326 5199 3398 5255 de
3428 5203 3588 5257 terra
3628 5192 3866 5255 Jordanis

501 5288 882 5359 cogitationes
911 5286 1173 5343 cordium
1206 5288 1356 5359 (Luc.
1393 5304 1452 5354 II,
1482 5287 1574 5353 35)
1608 5302 1620 5341 :
1661 5307 1687 5333 ››
1745 5302 1810 5339 eo
1863 5286 2015 5356 quod
2069 5285 2147 5341 sit
2254 5290 2311 5339 et
2341 5283 2701 5341 Hermoniim
2733 5303 2767 5341 a
2797 5290 2994 5342 monte
3025 5285 3270 5343 modico.
3306 5288 3446 5355 Quis
3478 5294 3571 5344 est
3596 5287 3702 5343 iste
3728 5294 3866 5340 mons

498 5466 578 5517 tia
606 5466 894 5536 reservari.
928 5465 1063 5529 Quae
1095 5465 1268 5521 verba
1296 5465 1419 5522 loco
1452 5481 1557 5521 suo
1588 5462 1976 5519 restituimus.
2254 5468 2319 5518 ut
2349 5463 2518 5518 docet
2548 5460 2830 5536 orationis
2862 5466 3188 5536 contextus.
3222 5463 3399 5520 Porro
3430 5463 3656 5536 passim
3682 5460 3737 5517 in
3776 5457 3863 5513 hoc

568 5535 645 5605 (2)
680 5535 817 5592 Mss.
852 5536 988 5601 duo,
1020 5539 1072 5590 si
1101 5539 1232 5593 bene
1258 5540 1369 5593 sibi
1387 5537 1640 5594 consulit.
1961 5603 1975 5605 _
2014 5604 2017 5605 ν
2257 5539 2502 5590 tractatu
2530 5533 2849 5589 versiculos
2881 5534 3099 5590 Psalmi
3136 5551 3251 5597 xu,
3303 5533 3693 5591 rese—cavimus
3742 5540 3863 5605 quos

566 5607 642 5678 (3)
670 5606 761 5661 Sic
791 5624 932 5678 mss.
968 5606 1215 5675 'l‘huan.,
1248 5609 1412 5666 Dion.
1448 5609 1622 5664 Turn.
1656 5611 1711 5661 et
1740 5605 1885 5660 Vict.
1913 5603 2140 5678 Aliive-
2250 5606 2389 5678 edit.
2425 5606 2591 5661 Rom.
2629 5610 2692 5662 ut
2722 5606 3071 5663 continuum
3102 5607 3354 5663 efﬁceret
3382 5603 3861 5664 commentarium.

495 5676 765 5749 ro‘atque
798 5676 960 5743 edit.,
989 5680 1143 5748 cujus
1181 5682 1334 5749 ﬁlius
1374 5681 1524 5735 dicit.
1559 5678 1754 5735 Minus
1785 5677 2089 5734 commode
2124 5695 2136 5734 :
2249 5676 2577 5734 induxerat.
