  <div class='ocr_page' id='page_1' title='image "/cluster/home/n/w/nwhite01/storage/ocr_20150623/14/hvd.32044048207138/434.png"; bbox 0 0 4052 6196; ppageno 0'>
   <div class='ocr_carea' id='block_1_1' title="bbox 277 362 399 429">
    <p class='ocr_par' dir='ltr' id='par_1_1' title="bbox 277 362 399 429">
     <span class='ocr_line' id='line_1_1' title="bbox 277 362 399 429; baseline -0.041 0"><span class='ocrx_word' id='word_1_1' title='bbox 277 362 399 429; x_wconf 79' lang='lat'>857</span> 
     </span>
    </p>
   </div>
   <div class='ocr_carea' id='block_1_2' title="bbox 1080 350 2880 427">
    <p class='ocr_par' dir='ltr' id='par_1_2' title="bbox 1080 350 2880 427">
     <span class='ocr_line' id='line_1_2' title="bbox 1080 350 2880 427; baseline -0.003 -1"><span class='ocrx_word' id='word_1_2' title='bbox 1080 360 1182 426; x_wconf 83' lang='lat' dir='ltr'>DE</span> <span class='ocrx_word' id='word_1_3' title='bbox 1223 350 1955 427; x_wconf 69' lang='lat' dir='ltr'>INTERPELLATTONE</span> <span class='ocrx_word' id='word_1_4' title='bbox 1997 356 2135 425; x_wconf 79' lang='lat' dir='ltr'>JOB</span> <span class='ocrx_word' id='word_1_5' title='bbox 2176 356 2279 422; x_wconf 85' lang='lat' dir='ltr'>ET</span> <span class='ocrx_word' id='word_1_6' title='bbox 2320 355 2565 422; x_wconf 80' lang='lat' dir='ltr'>DAVID</span> <span class='ocrx_word' id='word_1_7' title='bbox 2606 355 2756 422; x_wconf 87' lang='lat' dir='ltr'>LIB.</span> <span class='ocrx_word' id='word_1_8' title='bbox 2799 354 2880 422; x_wconf 92' lang='grc' dir='ltr'>ΙῙ.</span> 
     </span>
    </p>
   </div>
   <div class='ocr_carea' id='block_1_3' title="bbox 3552 352 3683 424">
    <p class='ocr_par' dir='ltr' id='par_1_3' title="bbox 3552 352 3683 424">
     <span class='ocr_line' id='line_1_3' title="bbox 3552 352 3683 424; baseline 0 0"><span class='ocrx_word' id='word_1_9' title='bbox 3552 352 3683 424; x_wconf 72' lang='grc'>’888</span> 
     </span>
    </p>
   </div>
   <div class='ocr_carea' id='block_1_4' title="bbox 278 478 3679 567">
    <p class='ocr_par' dir='ltr' id='par_1_4' title="bbox 278 478 3679 567">
     <span class='ocr_line' id='line_1_4' title="bbox 278 478 3679 567; baseline -0.002 -12"><span class='ocrx_word' id='word_1_10' title='bbox 278 495 594 555; x_wconf 86' lang='lat' dir='ltr'>modicus?</span> <span class='ocrx_word' id='word_1_11' title='bbox 623 478 1072 554; x_wconf 87' lang='lat' dir='ltr'>Consideremus</span> <span class='ocrx_word' id='word_1_12' title='bbox 1105 514 1176 554; x_wconf 90' lang='lat' dir='ltr'>ne</span> <span class='ocrx_word' id='word_1_13' title='bbox 1208 496 1352 554; x_wconf 91' lang='lat' dir='ltr'>forte</span> <span class='ocrx_word' id='word_1_14' title='bbox 1383 497 1654 552; x_wconf 82' lang='lat' dir='ltr'>divinitas</span> <span class='ocrx_word' id='word_1_15' title='bbox 1704 494 1917 551; x_wconf 79' lang='lat' dir='ltr'>Christi</span> <span class='ocrx_word' id='word_1_16' title='bbox 1953 495 2005 561; x_wconf 68' lang='grc' dir='ltr'>Α</span> <span class='ocrx_word' id='word_1_17' title='bbox 2039 491 2199 548; x_wconf 82' lang='lat' dir='ltr'>misit</span> <span class='ocrx_word' id='word_1_18' title='bbox 2226 490 2497 560; x_wconf 79' lang='lat' dir='ltr'>oraculis,</span> <span class='ocrx_word' id='word_1_19' title='bbox 2532 491 2603 549; x_wconf 89' lang='lat' dir='ltr'>ad</span> <span class='ocrx_word' id='word_1_20' title='bbox 2633 506 2835 567; x_wconf 79' lang='lat' dir='ltr'>preces</span> <span class='ocrx_word' id='word_1_21' title='bbox 2866 505 3181 549; x_wconf 88' lang='lat' dir='ltr'>conversus</span> <span class='ocrx_word' id='word_1_22' title='bbox 3209 490 3361 549; x_wconf 70' lang='lat'>045</span> <span class='ocrx_word' id='word_1_23' title='bbox 3403 489 3679 565; x_wconf 86' lang='lat' dir='ltr'>interpel-</span> 
     </span>
    </p>
   </div>
   <div class='ocr_carea' id='block_1_5' title="bbox 274 584 1921 660">
    <p class='ocr_par' dir='ltr' id='par_1_5' title="bbox 274 584 1921 660">
     <span class='ocr_line' id='line_1_5' title="bbox 274 584 1921 660; baseline -0.007 -15"><span class='ocrx_word' id='word_1_24' title='bbox 274 604 454 645; x_wconf 89' lang='lat' dir='ltr'>mons</span> <span class='ocrx_word' id='word_1_25' title='bbox 484 586 1271 660; x_wconf 73' lang='lat' dir='ltr'>magnus.Denique«cmlum</span> <span class='ocrx_word' id='word_1_26' title='bbox 1306 592 1360 643; x_wconf 89' lang='lat' dir='ltr'>et</span> <span class='ocrx_word' id='word_1_27' title='bbox 1393 592 1605 641; x_wconf 79' lang='lat' dir='ltr'>terram</span> <span class='ocrx_word' id='word_1_28' title='bbox 1640 584 1921 655; x_wconf 75' lang='lat' dir='ltr'>compleo,</span> 
     </span>
    </p>
   </div>
   <div class='ocr_carea' id='block_1_6' title="bbox 274 673 1925 747">
    <p class='ocr_par' dir='ltr' id='par_1_6' title="bbox 274 673 1925 747">
     <span class='ocr_line' id='line_1_6' title="bbox 274 673 1925 747; baseline -0.003 -15"><span class='ocrx_word' id='word_1_29' title='bbox 274 676 421 732; x_wconf 86' lang='lat' dir='ltr'>dicit</span> <span class='ocrx_word' id='word_1_30' title='bbox 448 675 735 731; x_wconf 86' lang='lat' dir='ltr'>Dominus</span> <span class='ocrx_word' id='word_1_31' title='bbox 767 677 980 743; x_wconf 87' lang='lat' dir='ltr'>(Jerem.</span> <span class='ocrx_word' id='word_1_32' title='bbox 1010 693 1175 747; x_wconf 83' lang='lat' dir='ltr'>xxm,</span> <span class='ocrx_word' id='word_1_33' title='bbox 1203 676 1318 747; x_wconf 74' lang='lat' dir='ltr'>2i).</span> <span class='ocrx_word' id='word_1_34' title='bbox 1357 675 1447 732; x_wconf 66' lang='grc' dir='ltr'>»εἰ</span> <span class='ocrx_word' id='word_1_35' title='bbox 1481 692 1616 747; x_wconf 88' lang='lat' dir='ltr'>ergo</span> <span class='ocrx_word' id='word_1_36' title='bbox 1649 673 1925 729; x_wconf 77' lang='lat' dir='ltr'>divinitas</span> 
     </span>
    </p>
   </div>
   <div class='ocr_carea' id='block_1_7' title="bbox 275 763 1928 838">
    <p class='ocr_par' dir='ltr' id='par_1_7' title="bbox 275 763 1928 838">
     <span class='ocr_line' id='line_1_7' title="bbox 275 763 1928 838; baseline -0.003 -17"><span class='ocrx_word' id='word_1_37' title='bbox 275 763 494 821; x_wconf 84' lang='lat' dir='ltr'>Christi</span> <span class='ocrx_word' id='word_1_38' title='bbox 527 781 697 821; x_wconf 88' lang='lat' dir='ltr'>mons</span> <span class='ocrx_word' id='word_1_39' title='bbox 729 781 980 838; x_wconf 89' lang='lat' dir='ltr'>magnus</span> <span class='ocrx_word' id='word_1_40' title='bbox 1030 770 1137 833; x_wconf 85' lang='lat' dir='ltr'>est,</span> <span class='ocrx_word' id='word_1_41' title='bbox 1172 765 1375 837; x_wconf 82' lang='lat' dir='ltr'>utique</span> <span class='ocrx_word' id='word_1_42' title='bbox 1422 763 1748 820; x_wconf 89' lang='lat' dir='ltr'>incarnatio</span> <span class='ocrx_word' id='word_1_43' title='bbox 1799 763 1928 834; x_wconf 83' lang='lat' dir='ltr'>ejus</span> 
     </span>
    </p>
   </div>
   <div class='ocr_carea' id='block_1_8' title="bbox 278 852 1929 927">
    <p class='ocr_par' dir='ltr' id='par_1_8' title="bbox 278 852 1929 927">
     <span class='ocr_line' id='line_1_8' title="bbox 278 852 1929 927; baseline -0.003 -17"><span class='ocrx_word' id='word_1_44' title='bbox 278 870 451 910; x_wconf 88' lang='lat' dir='ltr'>mons</span> <span class='ocrx_word' id='word_1_45' title='bbox 500 853 746 927; x_wconf 89' lang='lat' dir='ltr'>exiguus</span> <span class='ocrx_word' id='word_1_46' title='bbox 795 858 901 908; x_wconf 89' lang='lat' dir='ltr'>est.</span> <span class='ocrx_word' id='word_1_47' title='bbox 956 853 1278 925; x_wconf 89' lang='lat' dir='ltr'>Utrumque</span> <span class='ocrx_word' id='word_1_48' title='bbox 1327 869 1464 925; x_wconf 90' lang='lat' dir='ltr'>ergo</span> <span class='ocrx_word' id='word_1_49' title='bbox 1521 852 1808 919; x_wconf 81' lang='lat' dir='ltr'>Christus,</span> <span class='ocrx_word' id='word_1_50' title='bbox 1872 855 1929 905; x_wconf 90' lang='lat' dir='ltr'>et</span> 
     </span>
    </p>
   </div>
   <div class='ocr_carea' id='block_1_9' title="bbox 276 941 1928 1015">
    <p class='ocr_par' dir='ltr' id='par_1_9' title="bbox 276 941 1928 1015">
     <span class='ocr_line' id='line_1_9' title="bbox 276 941 1928 1015; baseline -0.002 -17"><span class='ocrx_word' id='word_1_51' title='bbox 276 959 452 998; x_wconf 88' lang='lat' dir='ltr'>mons</span> <span class='ocrx_word' id='word_1_52' title='bbox 492 959 743 1015; x_wconf 85' lang='lat' dir='ltr'>magnus</span> <span class='ocrx_word' id='word_1_53' title='bbox 772 944 828 998; x_wconf 88' lang='lat' dir='ltr'>et</span> <span class='ocrx_word' id='word_1_54' title='bbox 860 942 1051 997; x_wconf 90' lang='lat' dir='ltr'>minor</span> <span class='ocrx_word' id='word_1_55' title='bbox 1081 959 1094 997; x_wconf 88' lang='lat'><strong>:</strong></span> <span class='ocrx_word' id='word_1_56' title='bbox 1132 958 1381 1014; x_wconf 87' lang='lat' dir='ltr'>magnus</span> <span class='ocrx_word' id='word_1_57' title='bbox 1427 958 1575 1008; x_wconf 86' lang='lat' dir='ltr'><strong>vere,</strong></span> <span class='ocrx_word' id='word_1_58' title='bbox 1611 941 1751 1013; x_wconf 87' lang='lat' dir='ltr'>quia</span> <span class='ocrx_word' id='word_1_59' title='bbox 1804 956 1928 995; x_wconf 87' lang='lat' dir='ltr'>ma-</span> 
     </span>
    </p>
   </div>
   <div class='ocr_carea' id='block_1_10' title="bbox 277 1028 1931 1104">
    <p class='ocr_par' dir='ltr' id='par_1_10' title="bbox 277 1028 1931 1104">
     <span class='ocr_line' id='line_1_10' title="bbox 277 1028 1931 1104; baseline -0.002 -18"><span class='ocrx_word' id='word_1_60' title='bbox 277 1047 434 1104; x_wconf 84' lang='lat' dir='ltr'>gnus</span> <span class='ocrx_word' id='word_1_61' title='bbox 464 1030 749 1085; x_wconf 83' lang='lat' dir='ltr'>Dominus</span> <span class='ocrx_word' id='word_1_62' title='bbox 779 1035 836 1086; x_wconf 90' lang='lat' dir='ltr'>et</span> <span class='ocrx_word' id='word_1_63' title='bbox 867 1046 1082 1104; x_wconf 82' lang='lat' dir='ltr'>magna</span> <span class='ocrx_word' id='word_1_64' title='bbox 1113 1031 1295 1085; x_wconf 84' lang='lat' dir='ltr'>virtus</span> <span class='ocrx_word' id='word_1_65' title='bbox 1330 1031 1458 1102; x_wconf 84' lang='lat' dir='ltr'><strong>ejus</strong></span> <span class='ocrx_word' id='word_1_66' title='bbox 1494 1048 1506 1084; x_wconf 90' lang='lat'><strong>:</strong></span> <span class='ocrx_word' id='word_1_67' title='bbox 1543 1030 1755 1097; x_wconf 91' lang='lat' dir='ltr'>minor,</span> <span class='ocrx_word' id='word_1_68' title='bbox 1789 1028 1931 1102; x_wconf 90' lang='lat' dir='ltr'>quia</span> 
     </span>
    </p>
   </div>
   <div class='ocr_carea' id='block_1_11' title="bbox 277 1118 1931 1192">
    <p class='ocr_par' dir='ltr' id='par_1_11' title="bbox 277 1118 1931 1192">
     <span class='ocr_line' id='line_1_11' title="bbox 277 1118 1931 1192; baseline -0.002 -16"><span class='ocrx_word' id='word_1_69' title='bbox 277 1118 567 1192; x_wconf 86' lang='lat' dir='ltr'>scriptum</span> <span class='ocrx_word' id='word_1_70' title='bbox 598 1123 688 1174; x_wconf 90' lang='lat' dir='ltr'>est</span> <span class='ocrx_word' id='word_1_71' title='bbox 717 1136 765 1172; x_wconf 84' lang='grc'>;‹‹</span> <span class='ocrx_word' id='word_1_72' title='bbox 801 1118 1101 1174; x_wconf 77' lang='lat' dir='ltr'>Minorasti</span> <span class='ocrx_word' id='word_1_73' title='bbox 1135 1135 1268 1175; x_wconf 85' lang='lat' dir='ltr'>eum</span> <span class='ocrx_word' id='word_1_74' title='bbox 1302 1118 1476 1191; x_wconf 89' lang='lat' dir='ltr'>paulo</span> <span class='ocrx_word' id='word_1_75' title='bbox 1509 1118 1706 1174; x_wconf 90' lang='lat' dir='ltr'>minus</span> <span class='ocrx_word' id='word_1_76' title='bbox 1739 1119 1809 1173; x_wconf 84' lang='lat' dir='ltr'>ab</span> <span class='ocrx_word' id='word_1_77' title='bbox 1833 1134 1931 1172; x_wconf 89' lang='lat' dir='ltr'>an-</span> 
     </span>
    </p>
   </div>
   <div class='ocr_carea' id='block_1_12' title="bbox 278 1205 1927 1283">
    <p class='ocr_par' dir='ltr' id='par_1_12' title="bbox 278 1205 1927 1283">
     <span class='ocr_line' id='line_1_12' title="bbox 278 1205 1927 1283; baseline -0.002 -20"><span class='ocrx_word' id='word_1_78' title='bbox 278 1210 428 1283; x_wconf 82' lang='lat' dir='ltr'>gelis</span> <span class='ocrx_word' id='word_1_79' title='bbox 457 1208 632 1279; x_wconf 80' lang='lat' dir='ltr'>(Psul.</span> <span class='ocrx_word' id='word_1_80' title='bbox 670 1225 789 1275; x_wconf 84' lang='lat' dir='ltr'>vm,</span> <span class='ocrx_word' id='word_1_81' title='bbox 823 1209 898 1279; x_wconf 78' lang='lat'>6).</span> <span class='ocrx_word' id='word_1_82' title='bbox 933 1232 959 1257; x_wconf 85' lang='grc'>››</span> <span class='ocrx_word' id='word_1_83' title='bbox 989 1208 1151 1264; x_wconf 91' lang='lat' dir='ltr'>Unde</span> <span class='ocrx_word' id='word_1_84' title='bbox 1182 1214 1238 1263; x_wconf 91' lang='lat' dir='ltr'>et</span> <span class='ocrx_word' id='word_1_85' title='bbox 1271 1209 1450 1263; x_wconf 82' lang='lat' dir='ltr'><strong>Isaias</strong></span> <span class='ocrx_word' id='word_1_86' title='bbox 1482 1207 1625 1263; x_wconf 86' lang='lat' dir='ltr'>dicit</span> <span class='ocrx_word' id='word_1_87' title='bbox 1657 1223 1669 1261; x_wconf 92' lang='lat'>:</span> <span class='ocrx_word' id='word_1_88' title='bbox 1706 1230 1732 1257; x_wconf 82' lang='lat'><strong>«</strong></span> <span class='ocrx_word' id='word_1_89' title='bbox 1766 1205 1927 1260; x_wconf 84' lang='lat' dir='ltr'>Vidi-</span> 
     </span>
    </p>
   </div>
   <div class='ocr_carea' id='block_1_13' title="bbox 278 1296 1929 1369">
    <p class='ocr_par' dir='ltr' id='par_1_13' title="bbox 278 1296 1929 1369">
     <span class='ocr_line' id='line_1_13' title="bbox 278 1296 1929 1369; baseline -0.002 -16"><span class='ocrx_word' id='word_1_90' title='bbox 278 1314 419 1353; x_wconf 87' lang='lat' dir='ltr'>mus</span> <span class='ocrx_word' id='word_1_91' title='bbox 449 1313 604 1365; x_wconf 84' lang='lat' dir='ltr'>eum,</span> <span class='ocrx_word' id='word_1_92' title='bbox 637 1301 693 1352; x_wconf 89' lang='lat' dir='ltr'>et</span> <span class='ocrx_word' id='word_1_93' title='bbox 723 1314 836 1351; x_wconf 88' lang='lat' dir='ltr'>non</span> <span class='ocrx_word' id='word_1_94' title='bbox 867 1296 1119 1353; x_wconf 85' lang='lat' dir='ltr'>habebat</span> <span class='ocrx_word' id='word_1_95' title='bbox 1148 1297 1423 1369; x_wconf 83' lang='lat' dir='ltr'>speciem,</span> <span class='ocrx_word' id='word_1_96' title='bbox 1443 1312 1630 1359; x_wconf 85' lang='lat' dir='ltr'>neque</span> <span class='ocrx_word' id='word_1_97' title='bbox 1661 1296 1929 1351; x_wconf 81' lang='lat' dir='ltr'>decorem</span> 
     </span>
    </p>
   </div>
   <div class='ocr_carea' id='block_1_14' title="bbox 281 1384 1933 1458">
    <p class='ocr_par' dir='ltr' id='par_1_14' title="bbox 281 1384 1933 1458">
     <span class='ocr_line' id='line_1_14' title="bbox 281 1384 1933 1458; baseline -0.002 -15"><span class='ocrx_word' id='word_1_98' title='bbox 281 1387 410 1458; x_wconf 84' lang='lat' dir='ltr'>(lsa.</span> <span class='ocrx_word' id='word_1_99' title='bbox 454 1403 573 1453; x_wconf 84' lang='lat' dir='ltr'>Lm,</span> <span class='ocrx_word' id='word_1_100' title='bbox 622 1386 696 1456; x_wconf 89' lang='lat'>2).</span> <span class='ocrx_word' id='word_1_101' title='bbox 732 1408 757 1433; x_wconf 88' lang='grc'><strong>››</strong></span> <span class='ocrx_word' id='word_1_102' title='bbox 792 1387 949 1441; x_wconf 83' lang='lat' dir='ltr'><strong>Idem</strong></span> <span class='ocrx_word' id='word_1_103' title='bbox 994 1390 1187 1442; x_wconf 88' lang='lat' dir='ltr'>tamen</span> <span class='ocrx_word' id='word_1_104' title='bbox 1241 1390 1299 1440; x_wconf 89' lang='lat' dir='ltr'>et</span> <span class='ocrx_word' id='word_1_105' title='bbox 1344 1402 1413 1440; x_wconf 84' lang='lat' dir='ltr'>ex</span> <span class='ocrx_word' id='word_1_106' title='bbox 1470 1399 1683 1456; x_wconf 85' lang='lat' dir='ltr'>magno</span> <span class='ocrx_word' id='word_1_107' title='bbox 1740 1384 1933 1439; x_wconf 90' lang='lat' dir='ltr'>minor</span> 
     </span>
    </p>
   </div>
   <div class='ocr_carea' id='block_1_15' title="bbox 280 1473 1931 1548">
    <p class='ocr_par' dir='ltr' id='par_1_15' title="bbox 280 1473 1931 1548">
     <span class='ocr_line' id='line_1_15' title="bbox 280 1473 1931 1548; baseline -0.002 -18"><span class='ocrx_word' id='word_1_108' title='bbox 280 1476 494 1540; x_wconf 76' lang='lat' dir='ltr'>factus,</span> <span class='ocrx_word' id='word_1_109' title='bbox 526 1480 583 1530; x_wconf 86' lang='lat' dir='ltr'>et</span> <span class='ocrx_word' id='word_1_110' title='bbox 627 1491 696 1530; x_wconf 88' lang='lat' dir='ltr'>ex</span> <span class='ocrx_word' id='word_1_111' title='bbox 747 1474 972 1531; x_wconf 87' lang='lat' dir='ltr'>minore</span> <span class='ocrx_word' id='word_1_112' title='bbox 1019 1491 1290 1548; x_wconf 88' lang='lat' dir='ltr'>magnus.</span> <span class='ocrx_word' id='word_1_113' title='bbox 1326 1474 1408 1530; x_wconf 89' lang='lat' dir='ltr'>Ex</span> <span class='ocrx_word' id='word_1_114' title='bbox 1455 1490 1666 1547; x_wconf 88' lang='lat' dir='ltr'>magno</span> <span class='ocrx_word' id='word_1_115' title='bbox 1717 1473 1931 1542; x_wconf 90' lang='lat' dir='ltr'>minor,</span> 
     </span>
    </p>
   </div>
   <div class='ocr_carea' id='block_1_16' title="bbox 281 1561 1929 1638">
    <p class='ocr_par' dir='ltr' id='par_1_16' title="bbox 281 1561 1929 1638">
     <span class='ocr_line' id='line_1_16' title="bbox 281 1561 1929 1638; baseline -0.002 -19"><span class='ocrx_word' id='word_1_116' title='bbox 281 1565 425 1638; x_wconf 83' lang='lat' dir='ltr'>quia</span> <span class='ocrx_word' id='word_1_117' title='bbox 455 1576 590 1618; x_wconf 90' lang='lat' dir='ltr'>cum</span> <span class='ocrx_word' id='word_1_118' title='bbox 620 1561 681 1618; x_wconf 87' lang='lat' dir='ltr'>in</span> <span class='ocrx_word' id='word_1_119' title='bbox 714 1564 901 1619; x_wconf 83' lang='lat' dir='ltr'>forma</span> <span class='ocrx_word' id='word_1_120' title='bbox 950 1564 1046 1618; x_wconf 88' lang='lat' dir='ltr'>Dei</span> <span class='ocrx_word' id='word_1_121' title='bbox 1094 1568 1268 1630; x_wconf 84' lang='lat' dir='ltr'><strong>esset,</strong></span> <span class='ocrx_word' id='word_1_122' title='bbox 1302 1564 1687 1636; x_wconf 82' lang='lat' dir='ltr'>semetipsum</span> <span class='ocrx_word' id='word_1_123' title='bbox 1734 1562 1929 1618; x_wconf 87' lang='lat' dir='ltr'>exina-</span> 
     </span>
    </p>
   </div>
   <div class='ocr_carea' id='block_1_17' title="bbox 280 1651 1929 1724">
    <p class='ocr_par' dir='ltr' id='par_1_17' title="bbox 280 1651 1929 1724">
     <span class='ocr_line' id='line_1_17' title="bbox 280 1651 1929 1724; baseline 0 -17"><span class='ocrx_word' id='word_1_124' title='bbox 280 1653 449 1720; x_wconf 89' lang='lat' dir='ltr'>nivit,</span> <span class='ocrx_word' id='word_1_125' title='bbox 479 1655 537 1708; x_wconf 89' lang='lat' dir='ltr'>et</span> <span class='ocrx_word' id='word_1_126' title='bbox 566 1653 810 1707; x_wconf 85' lang='lat' dir='ltr'>formam</span> <span class='ocrx_word' id='word_1_127' title='bbox 845 1651 993 1707; x_wconf 86' lang='lat' dir='ltr'>servi</span> <span class='ocrx_word' id='word_1_128' title='bbox 1024 1653 1275 1724; x_wconf 88' lang='lat' dir='ltr'>accepit;</span> <span class='ocrx_word' id='word_1_129' title='bbox 1312 1669 1378 1707; x_wconf 88' lang='lat' dir='ltr'>ex</span> <span class='ocrx_word' id='word_1_130' title='bbox 1410 1652 1635 1707; x_wconf 89' lang='lat' dir='ltr'>minore</span> <span class='ocrx_word' id='word_1_131' title='bbox 1657 1667 1929 1724; x_wconf 87' lang='lat' dir='ltr'>magnus,</span> 
     </span>
    </p>
   </div>
   <div class='ocr_carea' id='block_1_18' title="bbox 280 1740 1931 1816">
    <p class='ocr_par' dir='ltr' id='par_1_18' title="bbox 280 1740 1931 1816">
     <span class='ocr_line' id='line_1_18' title="bbox 280 1740 1931 1816; baseline -0.001 -19"><span class='ocrx_word' id='word_1_132' title='bbox 280 1742 424 1816; x_wconf 83' lang='lat' dir='ltr'>quia</span> <span class='ocrx_word' id='word_1_133' title='bbox 451 1741 595 1798; x_wconf 86' lang='lat' dir='ltr'>dicit</span> <span class='ocrx_word' id='word_1_134' title='bbox 644 1740 846 1797; x_wconf 88' lang='lat' dir='ltr'>Daniel</span> <span class='ocrx_word' id='word_1_135' title='bbox 884 1758 896 1797; x_wconf 93' lang='lat'>:</span> <span class='ocrx_word' id='word_1_136' title='bbox 931 1764 958 1791; x_wconf 90' lang='grc'>‹‹</span> <span class='ocrx_word' id='word_1_137' title='bbox 994 1741 1062 1796; x_wconf 83' lang='lat' dir='ltr'>Et</span> <span class='ocrx_word' id='word_1_138' title='bbox 1093 1740 1245 1813; x_wconf 89' lang='lat' dir='ltr'>lapis</span> <span class='ocrx_word' id='word_1_139' title='bbox 1276 1742 1375 1813; x_wconf 87' lang='lat' dir='ltr'>qui</span> <span class='ocrx_word' id='word_1_140' title='bbox 1406 1742 1561 1797; x_wconf 82' lang='lat' dir='ltr'>elisit</span> <span class='ocrx_word' id='word_1_141' title='bbox 1590 1741 1931 1811; x_wconf 79' lang='lat' dir='ltr'>imaginem,</span> 
     </span>
    </p>
   </div>
   <div class='ocr_carea' id='block_1_19' title="bbox 279 1829 1932 1902">
    <p class='ocr_par' dir='ltr' id='par_1_19' title="bbox 279 1829 1932 1902">
     <span class='ocr_line' id='line_1_19' title="bbox 279 1829 1932 1902; baseline -0.002 -15"><span class='ocrx_word' id='word_1_142' title='bbox 279 1831 473 1887; x_wconf 83' lang='lat' dir='ltr'>factus</span> <span class='ocrx_word' id='word_1_143' title='bbox 518 1834 607 1886; x_wconf 87' lang='lat' dir='ltr'>est</span> <span class='ocrx_word' id='word_1_144' title='bbox 656 1842 827 1885; x_wconf 87' lang='lat' dir='ltr'>mons</span> <span class='ocrx_word' id='word_1_145' title='bbox 871 1845 1142 1901; x_wconf 86' lang='lat' dir='ltr'>magnus,</span> <span class='ocrx_word' id='word_1_146' title='bbox 1177 1835 1233 1886; x_wconf 86' lang='lat' dir='ltr'>et</span> <span class='ocrx_word' id='word_1_147' title='bbox 1262 1829 1525 1902; x_wconf 86' lang='lat' dir='ltr'>implevit</span> <span class='ocrx_word' id='word_1_148' title='bbox 1555 1846 1787 1885; x_wconf 88' lang='lat' dir='ltr'>omnem</span> <span class='ocrx_word' id='word_1_149' title='bbox 1820 1834 1932 1884; x_wconf 87' lang='lat' dir='ltr'>ter-</span> 
     </span>
    </p>
   </div>
   <div class='ocr_carea' id='block_1_20' title="bbox 282 1918 1928 1992">
    <p class='ocr_par' dir='ltr' id='par_1_20' title="bbox 282 1918 1928 1992">
     <span class='ocr_line' id='line_1_20' title="bbox 282 1918 1928 1992; baseline -0.001 -17"><span class='ocrx_word' id='word_1_150' title='bbox 282 1937 412 1977; x_wconf 89' lang='lat' dir='ltr'>ram</span> <span class='ocrx_word' id='word_1_151' title='bbox 446 1922 606 1992; x_wconf 84' lang='lat' dir='ltr'>(Dan.</span> <span class='ocrx_word' id='word_1_152' title='bbox 640 1936 704 1988; x_wconf 80' lang='grc' dir='ltr'>ιι,</span> <span class='ocrx_word' id='word_1_153' title='bbox 736 1919 848 1989; x_wconf 89' lang='grc'>35).</span> <span class='ocrx_word' id='word_1_154' title='bbox 899 1941 927 1968; x_wconf 93' lang='grc'><strong>››</strong></span> <span class='ocrx_word' id='word_1_155' title='bbox 979 1918 1148 1990; x_wconf 85' lang='lat' dir='ltr'>Lapis</span> <span class='ocrx_word' id='word_1_156' title='bbox 1187 1919 1282 1974; x_wconf 91' lang='lat' dir='ltr'>hic</span> <span class='ocrx_word' id='word_1_157' title='bbox 1314 1918 1362 1975; x_wconf 89' lang='lat' dir='ltr'>si</span> <span class='ocrx_word' id='word_1_158' title='bbox 1386 1919 1634 1992; x_wconf 89' lang='lat' dir='ltr'>requiris</span> <span class='ocrx_word' id='word_1_159' title='bbox 1665 1918 1799 1990; x_wconf 87' lang='lat' dir='ltr'>quis</span> <span class='ocrx_word' id='word_1_160' title='bbox 1830 1919 1928 1984; x_wconf 86' lang='lat' dir='ltr'>sit,</span> 
     </span>
    </p>
   </div>
   <div class='ocr_carea' id='block_1_21' title="bbox 280 2006 1936 2083">
    <p class='ocr_par' dir='ltr' id='par_1_21' title="bbox 280 2006 1936 2083">
     <span class='ocr_line' id='line_1_21' title="bbox 280 2006 1936 2083; baseline -0.002 -17"><span class='ocrx_word' id='word_1_161' title='bbox 280 2025 552 2083; x_wconf 83' lang='lat' dir='ltr'>agnosce.</span> <span class='ocrx_word' id='word_1_162' title='bbox 585 2032 606 2057; x_wconf 79' lang='grc' dir='ltr'>ι</span> <span class='ocrx_word' id='word_1_163' title='bbox 644 2006 923 2080; x_wconf 87' lang='lat' dir='ltr'>Lapidem</span> <span class='ocrx_word' id='word_1_164' title='bbox 957 2024 1133 2079; x_wconf 91' lang='lat' dir='ltr'>quem</span> <span class='ocrx_word' id='word_1_165' title='bbox 1165 2008 1625 2080; x_wconf 87' lang='lat' dir='ltr'>reprobaverunt</span> <span class='ocrx_word' id='word_1_166' title='bbox 1650 2007 1936 2062; x_wconf 65' lang='lat' dir='ltr'>aedifican-</span> 
     </span>
    </p>
   </div>
   <div class='ocr_carea' id='block_1_22' title="bbox 279 2096 1932 2169">
    <p class='ocr_par' dir='ltr' id='par_1_22' title="bbox 279 2096 1932 2169">
     <span class='ocr_line' id='line_1_22' title="bbox 279 2096 1932 2169; baseline -0.004 -14"><span class='ocrx_word' id='word_1_167' title='bbox 279 2103 393 2166; x_wconf 86' lang='lat' dir='ltr'>tes,</span> <span class='ocrx_word' id='word_1_168' title='bbox 446 2097 539 2153; x_wconf 89' lang='lat' dir='ltr'>hic</span> <span class='ocrx_word' id='word_1_169' title='bbox 590 2096 778 2153; x_wconf 82' lang='lat' dir='ltr'>factus</span> <span class='ocrx_word' id='word_1_170' title='bbox 826 2100 913 2151; x_wconf 86' lang='lat' dir='ltr'>est</span> <span class='ocrx_word' id='word_1_171' title='bbox 961 2096 1021 2151; x_wconf 91' lang='lat' dir='ltr'>in</span> <span class='ocrx_word' id='word_1_172' title='bbox 1070 2101 1248 2169; x_wconf 88' lang='lat' dir='ltr'>caput</span> <span class='ocrx_word' id='word_1_173' title='bbox 1295 2097 1490 2169; x_wconf 85' lang='lat' dir='ltr'>anguli</span> <span class='ocrx_word' id='word_1_174' title='bbox 1544 2098 1713 2168; x_wconf 84' lang='lat' dir='ltr'>(Psal.</span> <span class='ocrx_word' id='word_1_175' title='bbox 1759 2113 1932 2164; x_wconf 84' lang='lat' dir='ltr'>cxvn,</span> 
     </span>
    </p>
   </div>
   <div class='ocr_carea' id='block_1_23' title="bbox 276 2185 1935 2260">
    <p class='ocr_par' dir='ltr' id='par_1_23' title="bbox 276 2185 1935 2260">
     <span class='ocr_line' id='line_1_23' title="bbox 276 2185 1935 2260; baseline -0.001 -17"><span class='ocrx_word' id='word_1_176' title='bbox 276 2189 396 2260; x_wconf 86' lang='lat'>22).</span> <span class='ocrx_word' id='word_1_177' title='bbox 434 2210 461 2238; x_wconf 87' lang='grc'><strong>››</strong></span> <span class='ocrx_word' id='word_1_178' title='bbox 493 2187 651 2242; x_wconf 84' lang='lat' dir='ltr'>Idem</span> <span class='ocrx_word' id='word_1_179' title='bbox 683 2190 879 2241; x_wconf 77' lang='lat' dir='ltr'>tamen</span> <span class='ocrx_word' id='word_1_180' title='bbox 913 2202 1049 2240; x_wconf 91' lang='lat' dir='ltr'>cum</span> <span class='ocrx_word' id='word_1_181' title='bbox 1082 2190 1140 2241; x_wconf 90' lang='lat' dir='ltr'>et</span> <span class='ocrx_word' id='word_1_182' title='bbox 1169 2185 1415 2257; x_wconf 88' lang='lat' dir='ltr'>exiguus</span> <span class='ocrx_word' id='word_1_183' title='bbox 1460 2185 1775 2256; x_wconf 88' lang='lat' dir='ltr'>videretur,</span> <span class='ocrx_word' id='word_1_184' title='bbox 1810 2202 1935 2241; x_wconf 90' lang='lat' dir='ltr'>ma-</span> 
     </span>
    </p>
   </div>
   <div class='ocr_carea' id='block_1_24' title="bbox 277 2272 1938 2350">
    <p class='ocr_par' dir='ltr' id='par_1_24' title="bbox 277 2272 1938 2350">
     <span class='ocr_line' id='line_1_24' title="bbox 277 2272 1938 2350; baseline -0.002 -18"><span class='ocrx_word' id='word_1_185' title='bbox 277 2293 439 2350; x_wconf 88' lang='lat' dir='ltr'>gnus</span> <span class='ocrx_word' id='word_1_186' title='bbox 468 2279 610 2331; x_wconf 89' lang='lat' dir='ltr'>erat.</span> <span class='ocrx_word' id='word_1_187' title='bbox 639 2272 740 2329; x_wconf 90' lang='lat' dir='ltr'>Cui</span> <span class='ocrx_word' id='word_1_188' title='bbox 775 2273 853 2328; x_wconf 92' lang='lat' dir='ltr'>rei</span> <span class='ocrx_word' id='word_1_189' title='bbox 885 2273 1241 2346; x_wconf 85' lang='lat' dir='ltr'>astipulatur</span> <span class='ocrx_word' id='word_1_190' title='bbox 1273 2273 1455 2329; x_wconf 84' lang='lat' dir='ltr'>Isaias</span> <span class='ocrx_word' id='word_1_191' title='bbox 1489 2274 1727 2329; x_wconf 87' lang='lat' dir='ltr'>dicens:</span> <span class='ocrx_word' id='word_1_192' title='bbox 1759 2274 1938 2329; x_wconf 79' lang='lat' dir='ltr'>«Puer</span> 
     </span>
    </p>
   </div>
   <div class='ocr_carea' id='block_1_25' title="bbox 280 2360 1937 2434">
    <p class='ocr_par' dir='ltr' id='par_1_25' title="bbox 280 2360 1937 2434">
     <span class='ocr_line' id='line_1_25' title="bbox 280 2360 1937 2434; baseline -0.001 -13"><span class='ocrx_word' id='word_1_193' title='bbox 280 2369 463 2421; x_wconf 89' lang='lat' dir='ltr'>natus</span> <span class='ocrx_word' id='word_1_194' title='bbox 514 2368 602 2418; x_wconf 88' lang='lat' dir='ltr'>est</span> <span class='ocrx_word' id='word_1_195' title='bbox 647 2362 837 2428; x_wconf 91' lang='lat' dir='ltr'>nobis,</span> <span class='ocrx_word' id='word_1_196' title='bbox 879 2370 931 2417; x_wconf 84' lang='lat' dir='ltr'>et</span> <span class='ocrx_word' id='word_1_197' title='bbox 982 2360 1140 2417; x_wconf 83' lang='lat' dir='ltr'>ﬁlius</span> <span class='ocrx_word' id='word_1_198' title='bbox 1188 2363 1361 2418; x_wconf 89' lang='lat' dir='ltr'>datus</span> <span class='ocrx_word' id='word_1_199' title='bbox 1399 2368 1487 2418; x_wconf 91' lang='lat' dir='ltr'>est</span> <span class='ocrx_word' id='word_1_200' title='bbox 1537 2362 1726 2430; x_wconf 89' lang='lat' dir='ltr'>nobis,</span> <span class='ocrx_word' id='word_1_201' title='bbox 1767 2364 1937 2434; x_wconf 81' lang='lat' dir='ltr'>cujus</span> 
     </span>
    </p>
   </div>
   <div class='ocr_carea' id='block_1_26' title="bbox 280 2450 1937 2525">
    <p class='ocr_par' dir='ltr' id='par_1_26' title="bbox 280 2450 1937 2525">
     <span class='ocr_line' id='line_1_26' title="bbox 280 2450 1937 2525; baseline -0.002 -16"><span class='ocrx_word' id='word_1_202' title='bbox 280 2453 524 2509; x_wconf 88' lang='lat' dir='ltr'>initium</span> <span class='ocrx_word' id='word_1_203' title='bbox 558 2467 735 2525; x_wconf 88' lang='lat' dir='ltr'>super</span> <span class='ocrx_word' id='word_1_204' title='bbox 763 2450 1043 2506; x_wconf 87' lang='lat' dir='ltr'>humeros</span> <span class='ocrx_word' id='word_1_205' title='bbox 1073 2451 1222 2520; x_wconf 88' lang='lat' dir='ltr'>ejus,</span> <span class='ocrx_word' id='word_1_206' title='bbox 1274 2453 1331 2505; x_wconf 89' lang='lat' dir='ltr'>et</span> <span class='ocrx_word' id='word_1_207' title='bbox 1388 2451 1691 2506; x_wconf 86' lang='lat' dir='ltr'>vocabitur</span> <span class='ocrx_word' id='word_1_208' title='bbox 1739 2451 1937 2524; x_wconf 84' lang='lat' dir='ltr'>magni</span> 
     </span>
    </p>
   </div>
   <div class='ocr_carea' id='block_1_27' title="bbox 280 2538 1938 2613">
    <p class='ocr_par' dir='ltr' id='par_1_27' title="bbox 280 2538 1938 2613">
     <span class='ocr_line' id='line_1_27' title="bbox 280 2538 1938 2613; baseline -0.002 -15"><span class='ocrx_word' id='word_1_209' title='bbox 280 2540 520 2598; x_wconf 81' lang='lat' dir='ltr'>consilii</span> <span class='ocrx_word' id='word_1_210' title='bbox 574 2538 817 2613; x_wconf 86' lang='lat' dir='ltr'>angelus</span> <span class='ocrx_word' id='word_1_211' title='bbox 866 2540 993 2611; x_wconf 85' lang='lat' dir='ltr'>(Isa.</span> <span class='ocrx_word' id='word_1_212' title='bbox 1030 2552 1105 2605; x_wconf 75' lang='lat' dir='ltr'>rx,</span> <span class='ocrx_word' id='word_1_213' title='bbox 1137 2538 1214 2608; x_wconf 87' lang='lat'>6).</span> <span class='ocrx_word' id='word_1_214' title='bbox 1272 2562 1292 2587; x_wconf 80' lang='grc' dir='ltr'>ι</span> <span class='ocrx_word' id='word_1_215' title='bbox 1345 2538 1555 2595; x_wconf 88' lang='lat' dir='ltr'>Omnia</span> <span class='ocrx_word' id='word_1_216' title='bbox 1601 2543 1837 2612; x_wconf 87' lang='lat' dir='ltr'>propter</span> <span class='ocrx_word' id='word_1_217' title='bbox 1881 2544 1938 2595; x_wconf 87' lang='lat' dir='ltr'>te</span> 
     </span>
    </p>
   </div>
   <div class='ocr_carea' id='block_1_28' title="bbox 284 2627 1938 2701">
    <p class='ocr_par' dir='ltr' id='par_1_28' title="bbox 284 2627 1938 2701">
     <span class='ocr_line' id='line_1_28' title="bbox 284 2627 1938 2701; baseline -0.002 -12"><span class='ocrx_word' id='word_1_218' title='bbox 284 2630 583 2689; x_wconf 85' lang='lat' dir='ltr'>Christus.</span> <span class='ocrx_word' id='word_1_219' title='bbox 617 2629 790 2701; x_wconf 89' lang='lat' dir='ltr'>Lapis</span> <span class='ocrx_word' id='word_1_220' title='bbox 822 2632 1056 2701; x_wconf 89' lang='lat' dir='ltr'>propter</span> <span class='ocrx_word' id='word_1_221' title='bbox 1084 2632 1161 2695; x_wconf 92' lang='lat' dir='ltr'>te,</span> <span class='ocrx_word' id='word_1_222' title='bbox 1195 2631 1261 2683; x_wconf 91' lang='lat' dir='ltr'>ut</span> <span class='ocrx_word' id='word_1_223' title='bbox 1287 2631 1349 2682; x_wconf 90' lang='lat' dir='ltr'>tu</span> <span class='ocrx_word' id='word_1_224' title='bbox 1382 2627 1686 2684; x_wconf 70' lang='lat' dir='ltr'>zediliceris</span> <span class='ocrx_word' id='word_1_225' title='bbox 1721 2647 1734 2685; x_wconf 88' lang='lat'><strong>:</strong></span> <span class='ocrx_word' id='word_1_226' title='bbox 1770 2643 1938 2685; x_wconf 89' lang='lat' dir='ltr'>mons</span> 
     </span>
    </p>
   </div>
   <div class='ocr_carea' id='block_1_29' title="bbox 282 2715 1940 2792">
    <p class='ocr_par' dir='ltr' id='par_1_29' title="bbox 282 2715 1940 2792">
     <span class='ocr_line' id='line_1_29' title="bbox 282 2715 1940 2792; baseline -0.002 -18"><span class='ocrx_word' id='word_1_227' title='bbox 282 2723 526 2792; x_wconf 87' lang='lat' dir='ltr'>propter</span> <span class='ocrx_word' id='word_1_228' title='bbox 568 2721 645 2785; x_wconf 92' lang='lat' dir='ltr'>te,</span> <span class='ocrx_word' id='word_1_229' title='bbox 686 2720 752 2772; x_wconf 77' lang='lat' dir='ltr'>ut</span> <span class='ocrx_word' id='word_1_230' title='bbox 795 2720 859 2770; x_wconf 92' lang='lat' dir='ltr'>tu</span> <span class='ocrx_word' id='word_1_231' title='bbox 909 2715 1210 2771; x_wconf 86' lang='lat' dir='ltr'>ascendas.</span> <span class='ocrx_word' id='word_1_232' title='bbox 1264 2716 1530 2770; x_wconf 85' lang='lat' dir='ltr'>Ascende</span> <span class='ocrx_word' id='word_1_233' title='bbox 1577 2730 1714 2788; x_wconf 88' lang='lat' dir='ltr'>ergo</span> <span class='ocrx_word' id='word_1_234' title='bbox 1764 2731 1940 2788; x_wconf 89' lang='lat' dir='ltr'>super</span> 
     </span>
    </p>
   </div>
   <div class='ocr_carea' id='block_1_30' title="bbox 282 2801 1937 2877">
    <p class='ocr_par' dir='ltr' id='par_1_30' title="bbox 282 2801 1937 2877">
     <span class='ocr_line' id='line_1_30' title="bbox 282 2801 1937 2877; baseline -0.002 -15"><span class='ocrx_word' id='word_1_235' title='bbox 282 2810 572 2873; x_wconf 87' lang='lat' dir='ltr'>montem,</span> <span class='ocrx_word' id='word_1_236' title='bbox 607 2804 707 2877; x_wconf 91' lang='lat' dir='ltr'>qui</span> <span class='ocrx_word' id='word_1_237' title='bbox 737 2802 995 2859; x_wconf 81' lang='lat' dir='ltr'>scelestia</span> <span class='ocrx_word' id='word_1_238' title='bbox 1026 2801 1345 2874; x_wconf 86' lang='lat' dir='ltr'>petis.ldeo</span> <span class='ocrx_word' id='word_1_239' title='bbox 1373 2802 1675 2858; x_wconf 86' lang='lat' dir='ltr'>inclinavit</span> <span class='ocrx_word' id='word_1_240' title='bbox 1704 2803 1937 2870; x_wconf 76' lang='lat' dir='ltr'>ccelum,</span> 
     </span>
    </p>
   </div>
   <div class='ocr_carea' id='block_1_31' title="bbox 282 2891 1941 2950">
    <p class='ocr_par' dir='ltr' id='par_1_31' title="bbox 282 2891 1941 2950">
     <span class='ocr_line' id='line_1_31' title="bbox 282 2891 1941 2950; baseline -0.002 0"><span class='ocrx_word' id='word_1_241' title='bbox 282 2899 357 2950; x_wconf 87' lang='lat' dir='ltr'>ut</span> <span class='ocrx_word' id='word_1_242' title='bbox 385 2899 448 2949; x_wconf 88' lang='lat' dir='ltr'>tu</span> <span class='ocrx_word' id='word_1_243' title='bbox 480 2910 639 2950; x_wconf 88' lang='lat' dir='ltr'>esses</span> <span class='ocrx_word' id='word_1_244' title='bbox 669 2892 944 2947; x_wconf 88' lang='lat' dir='ltr'>vicinior:</span> <span class='ocrx_word' id='word_1_245' title='bbox 969 2891 1098 2947; x_wconf 90' lang='lat' dir='ltr'>ideo</span> <span class='ocrx_word' id='word_1_246' title='bbox 1124 2892 1376 2946; x_wconf 83' lang='lat' dir='ltr'>surrexit</span> <span class='ocrx_word' id='word_1_247' title='bbox 1400 2891 1459 2946; x_wconf 89' lang='lat' dir='ltr'>in</span> <span class='ocrx_word' id='word_1_248' title='bbox 1484 2891 1757 2948; x_wconf 87' lang='lat' dir='ltr'>verticem</span> <span class='ocrx_word' id='word_1_249' title='bbox 1780 2907 1941 2948; x_wconf 89' lang='lat' dir='ltr'>mon-</span> 
     </span>
    </p>
   </div>
   <div class='ocr_carea' id='block_1_32' title="bbox 282 2982 858 3055">
    <p class='ocr_par' dir='ltr' id='par_1_32' title="bbox 282 2982 858 3055">
     <span class='ocr_line' id='line_1_32' title="bbox 282 2982 858 3055; baseline -0.009 -15"><span class='ocrx_word' id='word_1_250' title='bbox 282 2984 387 3055; x_wconf 90' lang='lat' dir='ltr'>tis,</span> <span class='ocrx_word' id='word_1_251' title='bbox 422 2987 486 3038; x_wconf 88' lang='lat' dir='ltr'>ut</span> <span class='ocrx_word' id='word_1_252' title='bbox 514 2987 570 3037; x_wconf 90' lang='lat' dir='ltr'>te</span> <span class='ocrx_word' id='word_1_253' title='bbox 591 2982 858 3037; x_wconf 89' lang='lat' dir='ltr'>elevaret.</span> 
     </span>
    </p>
   </div>
   <div class='ocr_carea' id='block_1_33' title="bbox 364 3069 1936 3143">
    <p class='ocr_par' dir='ltr' id='par_1_33' title="bbox 364 3069 1936 3143">
     <span class='ocr_line' id='line_1_33' title="bbox 364 3069 1936 3143; baseline -0.003 -14"><span class='ocrx_word' id='word_1_254' title='bbox 364 3074 449 3129; x_wconf 90' lang='grc'>18.</span> <span class='ocrx_word' id='word_1_255' title='bbox 480 3074 609 3127; x_wconf 82' lang='lat' dir='ltr'>Non</span> <span class='ocrx_word' id='word_1_256' title='bbox 638 3069 931 3125; x_wconf 80' lang='lat' dir='ltr'>immerito</span> <span class='ocrx_word' id='word_1_257' title='bbox 980 3084 1116 3142; x_wconf 84' lang='lat' dir='ltr'>ergo</span> <span class='ocrx_word' id='word_1_258' title='bbox 1166 3070 1416 3143; x_wconf 83' lang='lat' dir='ltr'>abyssus</span> <span class='ocrx_word' id='word_1_259' title='bbox 1461 3071 1742 3143; x_wconf 85' lang='lat' dir='ltr'>abyssum</span> <span class='ocrx_word' id='word_1_260' title='bbox 1775 3071 1936 3126; x_wconf 87' lang='lat' dir='ltr'>invo-</span> 
     </span>
    </p>
   </div>
   <div class='ocr_carea' id='block_1_34' title="bbox 284 3159 1943 3232">
    <p class='ocr_par' dir='ltr' id='par_1_34' title="bbox 284 3159 1943 3232">
     <span class='ocr_line' id='line_1_34' title="bbox 284 3159 1943 3232; baseline -0.002 -13"><span class='ocrx_word' id='word_1_261' title='bbox 284 3162 481 3227; x_wconf 82' lang='lat' dir='ltr'>cabat,</span> <span class='ocrx_word' id='word_1_262' title='bbox 514 3164 580 3215; x_wconf 90' lang='lat' dir='ltr'>ut</span> <span class='ocrx_word' id='word_1_263' title='bbox 625 3160 735 3215; x_wconf 87' lang='lat' dir='ltr'>iste</span> <span class='ocrx_word' id='word_1_264' title='bbox 778 3175 948 3215; x_wconf 88' lang='lat' dir='ltr'>mons</span> <span class='ocrx_word' id='word_1_265' title='bbox 998 3159 1158 3214; x_wconf 82' lang='lat' dir='ltr'>ﬁeret</span> <span class='ocrx_word' id='word_1_266' title='bbox 1205 3159 1471 3231; x_wconf 88' lang='lat' dir='ltr'>exiguus,</span> <span class='ocrx_word' id='word_1_267' title='bbox 1523 3159 1593 3214; x_wconf 91' lang='lat' dir='ltr'>de</span> <span class='ocrx_word' id='word_1_268' title='bbox 1636 3176 1751 3232; x_wconf 93' lang='lat' dir='ltr'>quo</span> <span class='ocrx_word' id='word_1_269' title='bbox 1803 3160 1943 3215; x_wconf 87' lang='lat' dir='ltr'>Pro-</span> 
     </span>
    </p>
   </div>
   <div class='ocr_carea' id='block_1_35' title="bbox 281 3234 2012 3325">
    <p class='ocr_par' dir='ltr' id='par_1_35' title="bbox 281 3234 2012 3325">
     <span class='ocr_line' id='line_1_35' title="bbox 281 3234 2012 3325; baseline -0.004 -18"><span class='ocrx_word' id='word_1_270' title='bbox 281 3251 466 3325; x_wconf 83' lang='lat' dir='ltr'>pheta</span> <span class='ocrx_word' id='word_1_271' title='bbox 511 3249 593 3304; x_wconf 88' lang='lat' dir='ltr'>ait</span> <span class='ocrx_word' id='word_1_272' title='bbox 642 3266 655 3304; x_wconf 91' lang='lat'>:</span> <span class='ocrx_word' id='word_1_273' title='bbox 710 3267 730 3296; x_wconf 77' lang='grc' dir='ltr'>ι</span> <span class='ocrx_word' id='word_1_274' title='bbox 777 3248 1038 3320; x_wconf 83' lang='lat' dir='ltr'>Abyssus</span> <span class='ocrx_word' id='word_1_275' title='bbox 1087 3247 1365 3320; x_wconf 81' lang='lat' dir='ltr'>abyssum</span> <span class='ocrx_word' id='word_1_276' title='bbox 1416 3248 1647 3303; x_wconf 90' lang='lat' dir='ltr'>invocat</span> <span class='ocrx_word' id='word_1_277' title='bbox 1694 3248 1753 3303; x_wconf 91' lang='lat' dir='ltr'>in</span> <span class='ocrx_word' id='word_1_278' title='bbox 1801 3264 1939 3305; x_wconf 89' lang='lat' dir='ltr'>voce</span> <span class='ocrx_word' id='word_1_279' title='bbox 1969 3234 2012 3300; x_wconf 89' lang='lat' dir='ltr'>C</span> 
     </span>
    </p>
   </div>
   <div class='ocr_carea' id='block_1_36' title="bbox 283 3333 1963 3408">
    <p class='ocr_par' dir='ltr' id='par_1_36' title="bbox 283 3333 1963 3408">
     <span class='ocr_line' id='line_1_36' title="bbox 283 3333 1963 3408; baseline -0.003 -11"><span class='ocrx_word' id='word_1_280' title='bbox 283 3343 713 3397; x_wconf 89' lang='lat' dir='ltr'>cataractarum</span> <span class='ocrx_word' id='word_1_281' title='bbox 761 3340 996 3391; x_wconf 86' lang='lat' dir='ltr'>tuarum</span> <span class='ocrx_word' id='word_1_282' title='bbox 1029 3334 1199 3403; x_wconf 81' lang='lat' dir='ltr'>(Psal.</span> <span class='ocrx_word' id='word_1_283' title='bbox 1235 3350 1347 3401; x_wconf 77' lang='lat' dir='ltr'>xm,</span> <span class='ocrx_word' id='word_1_284' title='bbox 1376 3336 1450 3407; x_wconf 92' lang='lat'>8).</span> <span class='ocrx_word' id='word_1_285' title='bbox 1489 3358 1516 3384; x_wconf 84' lang='lat'>»</span> <span class='ocrx_word' id='word_1_286' title='bbox 1566 3337 1692 3392; x_wconf 88' lang='lat' dir='ltr'>Non</span> <span class='ocrx_word' id='word_1_287' title='bbox 1722 3333 1963 3408; x_wconf 71' lang='lat' dir='ltr'>prmva-°</span> 
     </span>
    </p>
   </div>
   <div class='ocr_carea' id='block_1_37' title="bbox 276 3424 1938 3485">
    <p class='ocr_par' dir='ltr' id='par_1_37' title="bbox 276 3424 1938 3485">
     <span class='ocr_line' id='line_1_37' title="bbox 276 3424 1938 3485; baseline -0.003 0"><span class='ocrx_word' id='word_1_288' title='bbox 276 3428 445 3485; x_wconf 82' lang='lat' dir='ltr'>lebat</span> <span class='ocrx_word' id='word_1_289' title='bbox 472 3431 636 3483; x_wconf 88' lang='lat' dir='ltr'>vetus</span> <span class='ocrx_word' id='word_1_290' title='bbox 666 3424 1109 3481; x_wconf 90' lang='lat' dir='ltr'>Testamentum</span> <span class='ocrx_word' id='word_1_291' title='bbox 1142 3424 1213 3480; x_wconf 88' lang='lat' dir='ltr'>ad</span> <span class='ocrx_word' id='word_1_292' title='bbox 1245 3424 1417 3479; x_wconf 88' lang='lat' dir='ltr'>istius</span> <span class='ocrx_word' id='word_1_293' title='bbox 1452 3425 1657 3480; x_wconf 90' lang='lat' dir='ltr'>mundi</span> <span class='ocrx_word' id='word_1_294' title='bbox 1710 3426 1938 3482; x_wconf 89' lang='lat' dir='ltr'>redem-</span> 
     </span>
    </p>
   </div>
   <div class='ocr_carea' id='block_1_38' title="bbox 286 3512 1943 3591">
    <p class='ocr_par' dir='ltr' id='par_1_38' title="bbox 286 3512 1943 3591">
     <span class='ocr_line' id='line_1_38' title="bbox 286 3512 1943 3591; baseline -0.002 -19"><span class='ocrx_word' id='word_1_295' title='bbox 286 3518 550 3591; x_wconf 87' lang='lat' dir='ltr'>ptionem</span> <span class='ocrx_word' id='word_1_296' title='bbox 580 3533 593 3583; x_wconf 88' lang='lat'><strong>;</strong></span> <span class='ocrx_word' id='word_1_297' title='bbox 626 3514 951 3584; x_wconf 87' lang='lat' dir='ltr'>invocabat,</span> <span class='ocrx_word' id='word_1_298' title='bbox 983 3517 1042 3569; x_wconf 83' lang='lat' dir='ltr'>et</span> <span class='ocrx_word' id='word_1_299' title='bbox 1072 3512 1242 3584; x_wconf 87' lang='lat' dir='ltr'>quasi</span> <span class='ocrx_word' id='word_1_300' title='bbox 1273 3513 1344 3568; x_wconf 89' lang='lat' dir='ltr'>ad</span> <span class='ocrx_word' id='word_1_301' title='bbox 1379 3512 1660 3568; x_wconf 80' lang='lat' dir='ltr'>auxilium</span> <span class='ocrx_word' id='word_1_302' title='bbox 1692 3530 1943 3569; x_wconf 83' lang='lat' dir='ltr'>arcesse-</span> 
     </span>
    </p>
   </div>
   <div class='ocr_carea' id='block_1_39' title="bbox 282 3601 1943 3663">
    <p class='ocr_par' dir='ltr' id='par_1_39' title="bbox 282 3601 1943 3663">
     <span class='ocr_line' id='line_1_39' title="bbox 282 3601 1943 3663; baseline -0.002 0"><span class='ocrx_word' id='word_1_303' title='bbox 282 3607 391 3663; x_wconf 85' lang='lat' dir='ltr'>bat</span> <span class='ocrx_word' id='word_1_304' title='bbox 420 3605 643 3660; x_wconf 86' lang='lat' dir='ltr'>Novum</span> <span class='ocrx_word' id='word_1_305' title='bbox 675 3601 1448 3659; x_wconf 86' lang='lat' dir='ltr'>Testamentum.Clamabat</span> <span class='ocrx_word' id='word_1_306' title='bbox 1472 3601 1561 3657; x_wconf 86' lang='lat' dir='ltr'>lex</span> <span class='ocrx_word' id='word_1_307' title='bbox 1584 3603 1943 3659; x_wconf 86' lang='lat' dir='ltr'>annuntians</span> 
     </span>
    </p>
   </div>
   <div class='ocr_carea' id='block_1_40' title="bbox 285 3689 1946 3766">
    <p class='ocr_par' dir='ltr' id='par_1_40' title="bbox 285 3689 1946 3766">
     <span class='ocr_line' id='line_1_40' title="bbox 285 3689 1946 3766; baseline -0.003 -15"><span class='ocrx_word' id='word_1_308' title='bbox 285 3692 693 3766; x_wconf 81' lang='lat' dir='ltr'>Evangelium.</span> <span class='ocrx_word' id='word_1_309' title='bbox 756 3692 890 3747; x_wconf 89' lang='lat' dir='ltr'>Erat</span> <span class='ocrx_word' id='word_1_310' title='bbox 937 3691 1095 3747; x_wconf 88' lang='lat' dir='ltr'>enim</span> <span class='ocrx_word' id='word_1_311' title='bbox 1145 3690 1470 3763; x_wconf 88' lang='lat' dir='ltr'>semiplena</span> <span class='ocrx_word' id='word_1_312' title='bbox 1506 3708 1518 3745; x_wconf 93' lang='lat'>:</span> <span class='ocrx_word' id='word_1_313' title='bbox 1552 3694 1610 3746; x_wconf 90' lang='lat' dir='ltr'>et</span> <span class='ocrx_word' id='word_1_314' title='bbox 1640 3689 1770 3746; x_wconf 90' lang='lat' dir='ltr'>ideo</span> <span class='ocrx_word' id='word_1_315' title='bbox 1823 3696 1946 3747; x_wconf 88' lang='lat' dir='ltr'>erat</span> 
     </span>
    </p>
   </div>
   <div class='ocr_carea' id='block_1_41' title="bbox 290 3777 1944 3852">
    <p class='ocr_par' dir='ltr' id='par_1_41' title="bbox 290 3777 1944 3852">
     <span class='ocr_line' id='line_1_41' title="bbox 290 3777 1944 3852; baseline -0.005 -12"><span class='ocrx_word' id='word_1_316' title='bbox 290 3780 682 3849; x_wconf 87' lang='lat' dir='ltr'>necessarius,</span> <span class='ocrx_word' id='word_1_317' title='bbox 717 3784 781 3835; x_wconf 88' lang='lat' dir='ltr'>ut</span> <span class='ocrx_word' id='word_1_318' title='bbox 807 3780 1030 3835; x_wconf 88' lang='lat' dir='ltr'>veniret</span> <span class='ocrx_word' id='word_1_319' title='bbox 1059 3779 1159 3852; x_wconf 89' lang='lat' dir='ltr'>qui</span> <span class='ocrx_word' id='word_1_320' title='bbox 1192 3778 1399 3851; x_wconf 84' lang='lat' dir='ltr'>Legem</span> <span class='ocrx_word' id='word_1_321' title='bbox 1449 3777 1737 3851; x_wconf 87' lang='lat' dir='ltr'>impleret.</span> <span class='ocrx_word' id='word_1_322' title='bbox 1783 3778 1944 3834; x_wconf 85' lang='lat' dir='ltr'>Finis</span> 
     </span>
    </p>
   </div>
   <div class='ocr_carea' id='block_1_42' title="bbox 290 3867 1942 3943">
    <p class='ocr_par' dir='ltr' id='par_1_42' title="bbox 290 3867 1942 3943">
     <span class='ocr_line' id='line_1_42' title="bbox 290 3867 1942 3943; baseline -0.004 -15"><span class='ocrx_word' id='word_1_323' title='bbox 290 3872 457 3929; x_wconf 87' lang='lat' dir='ltr'>enim</span> <span class='ocrx_word' id='word_1_324' title='bbox 502 3870 649 3943; x_wconf 86' lang='lat' dir='ltr'>legis</span> <span class='ocrx_word' id='word_1_325' title='bbox 694 3868 961 3925; x_wconf 85' lang='lat' dir='ltr'>Christus</span> <span class='ocrx_word' id='word_1_326' title='bbox 1007 3868 1078 3924; x_wconf 89' lang='lat' dir='ltr'>ad</span> <span class='ocrx_word' id='word_1_327' title='bbox 1119 3867 1420 3940; x_wconf 84' lang='lat' dir='ltr'>justitiam</span> <span class='ocrx_word' id='word_1_328' title='bbox 1470 3867 1628 3923; x_wconf 92' lang='lat' dir='ltr'>omni</span> <span class='ocrx_word' id='word_1_329' title='bbox 1662 3867 1942 3935; x_wconf 86' lang='lat' dir='ltr'>credenti,</span> 
     </span>
    </p>
   </div>
   <div class='ocr_carea' id='block_1_43' title="bbox 293 3956 1943 4035">
    <p class='ocr_par' dir='ltr' id='par_1_43' title="bbox 293 3956 1943 4035">
     <span class='ocr_line' id='line_1_43' title="bbox 293 3956 1943 4035; baseline -0.002 -18"><span class='ocrx_word' id='word_1_330' title='bbox 293 3961 399 4035; x_wconf 88' lang='lat' dir='ltr'>qui</span> <span class='ocrx_word' id='word_1_331' title='bbox 447 3960 607 4017; x_wconf 88' lang='lat' dir='ltr'>venit</span> <span class='ocrx_word' id='word_1_332' title='bbox 652 3958 840 4032; x_wconf 81' lang='lat' dir='ltr'>legem</span> <span class='ocrx_word' id='word_1_333' title='bbox 894 3958 1160 4030; x_wconf 87' lang='lat' dir='ltr'>implere,</span> <span class='ocrx_word' id='word_1_334' title='bbox 1190 3973 1306 4012; x_wconf 87' lang='lat' dir='ltr'>non</span> <span class='ocrx_word' id='word_1_335' title='bbox 1358 3956 1600 4013; x_wconf 90' lang='lat' dir='ltr'>solvere.</span> <span class='ocrx_word' id='word_1_336' title='bbox 1642 3958 1943 4021; x_wconf 89' lang='lat' dir='ltr'>Quomodo</span> 
     </span>
    </p>
   </div>
   <div class='ocr_carea' id='block_1_44' title="bbox 292 4046 1945 4123">
    <p class='ocr_par' dir='ltr' id='par_1_44' title="bbox 292 4046 1945 4123">
     <span class='ocr_line' id='line_1_44' title="bbox 292 4046 1945 4123; baseline -0.003 -15"><span class='ocrx_word' id='word_1_337' title='bbox 292 4051 549 4123; x_wconf 79' lang='lat' dir='ltr'>abyssus</span> <span class='ocrx_word' id='word_1_338' title='bbox 594 4048 700 4114; x_wconf 86' lang='lat' dir='ltr'>lex,</span> <span class='ocrx_word' id='word_1_339' title='bbox 733 4047 872 4104; x_wconf 89' lang='lat' dir='ltr'>audi</span> <span class='ocrx_word' id='word_1_340' title='bbox 922 4048 1213 4103; x_wconf 86' lang='lat' dir='ltr'>dicentem</span> <span class='ocrx_word' id='word_1_341' title='bbox 1248 4065 1260 4103; x_wconf 90' lang='lat'><strong>:</strong></span> <span class='ocrx_word' id='word_1_342' title='bbox 1294 4070 1321 4096; x_wconf 87' lang='lat'><strong><em>«</em></strong></span> <span class='ocrx_word' id='word_1_343' title='bbox 1362 4046 1595 4104; x_wconf 87' lang='lat' dir='ltr'>Judicia</span> <span class='ocrx_word' id='word_1_344' title='bbox 1641 4051 1745 4103; x_wconf 86' lang='lat' dir='ltr'>tua</span> <span class='ocrx_word' id='word_1_345' title='bbox 1793 4047 1945 4103; x_wconf 88' lang='lat' dir='ltr'>sicut</span> 
     </span>
    </p>
   </div>
   <div class='ocr_carea' id='block_1_45' title="bbox 291 4135 1945 4212">
    <p class='ocr_par' dir='ltr' id='par_1_45' title="bbox 291 4135 1945 4212">
     <span class='ocr_line' id='line_1_45' title="bbox 291 4135 1945 4212; baseline -0.001 -17"><span class='ocrx_word' id='word_1_346' title='bbox 291 4140 550 4212; x_wconf 78' lang='lat' dir='ltr'>abyssus</span> <span class='ocrx_word' id='word_1_347' title='bbox 582 4136 765 4193; x_wconf 80' lang='lat' dir='ltr'>multa</span> <span class='ocrx_word' id='word_1_348' title='bbox 794 4137 1223 4209; x_wconf 84' lang='lat' dir='ltr'>(Psal.xxxv,7).</span> <span class='ocrx_word' id='word_1_349' title='bbox 1264 4135 1489 4192; x_wconf 69' lang='lat' dir='ltr'>nSimul</span> <span class='ocrx_word' id='word_1_350' title='bbox 1520 4135 1657 4191; x_wconf 87' lang='lat' dir='ltr'>hinc</span> <span class='ocrx_word' id='word_1_351' title='bbox 1688 4135 1945 4208; x_wconf 86' lang='lat' dir='ltr'>intellige</span> 
     </span>
    </p>
   </div>
   <div class='ocr_carea' id='block_1_46' title="bbox 288 4214 1939 4299">
    <p class='ocr_par' dir='ltr' id='par_1_46' title="bbox 288 4214 1939 4299">
     <span class='ocr_line' id='line_1_46' title="bbox 288 4214 1939 4299; baseline -0.002 -15"><span class='ocrx_word' id='word_1_352' title='bbox 288 4232 615 4299; x_wconf 83' lang='lat' dir='ltr'>utrumque</span> <span class='ocrx_word' id='word_1_353' title='bbox 670 4223 848 4281; x_wconf 89' lang='lat' dir='ltr'>unius</span> <span class='ocrx_word' id='word_1_354' title='bbox 914 4240 1043 4280; x_wconf 86' lang='lat' dir='ltr'>esse</span> <span class='ocrx_word' id='word_1_355' title='bbox 1113 4214 1410 4295; x_wconf 55' lang='lat' dir='ltr'>sapientiai</span> <span class='ocrx_word' id='word_1_356' title='bbox 1476 4224 1939 4294; x_wconf 82' lang='lat' dir='ltr'>Testamentum,</span> 
     </span>
    </p>
   </div>
   <div class='ocr_carea' id='block_1_47' title="bbox 290 4311 1939 4390">
    <p class='ocr_par' dir='ltr' id='par_1_47' title="bbox 290 4311 1939 4390">
     <span class='ocr_line' id='line_1_47' title="bbox 290 4311 1939 4390; baseline -0.002 -18"><span class='ocrx_word' id='word_1_357' title='bbox 290 4316 453 4390; x_wconf 81' lang='lat' dir='ltr'>quod</span> <span class='ocrx_word' id='word_1_358' title='bbox 478 4314 648 4387; x_wconf 88' lang='lat' dir='ltr'>quasi</span> <span class='ocrx_word' id='word_1_359' title='bbox 678 4330 853 4371; x_wconf 89' lang='lat' dir='ltr'>suum</span> <span class='ocrx_word' id='word_1_360' title='bbox 885 4313 1045 4369; x_wconf 88' lang='lat' dir='ltr'>venit</span> <span class='ocrx_word' id='word_1_361' title='bbox 1071 4311 1335 4385; x_wconf 84' lang='lat' dir='ltr'>implere.</span> <span class='ocrx_word' id='word_1_362' title='bbox 1368 4315 1702 4368; x_wconf 87' lang='lat' dir='ltr'>Cataractus</span> <span class='ocrx_word' id='word_1_363' title='bbox 1742 4318 1939 4370; x_wconf 88' lang='lat' dir='ltr'>autem</span> 
     </span>
    </p>
   </div>
   <div class='ocr_carea' id='block_1_48' title="bbox 285 4401 1940 4477">
    <p class='ocr_par' dir='ltr' id='par_1_48' title="bbox 285 4401 1940 4477">
     <span class='ocr_line' id='line_1_48' title="bbox 285 4401 1940 4477; baseline -0.002 -16"><span class='ocrx_word' id='word_1_364' title='bbox 285 4404 681 4477; x_wconf 79' lang='lat' dir='ltr'>intelligimus</span> <span class='ocrx_word' id='word_1_365' title='bbox 719 4403 1008 4475; x_wconf 84' lang='lat' dir='ltr'>profunda</span> <span class='ocrx_word' id='word_1_366' title='bbox 1053 4403 1386 4466; x_wconf 86' lang='lat' dir='ltr'>verborum,</span> <span class='ocrx_word' id='word_1_367' title='bbox 1418 4406 1477 4457; x_wconf 90' lang='lat' dir='ltr'>et</span> <span class='ocrx_word' id='word_1_368' title='bbox 1520 4401 1638 4457; x_wconf 87' lang='lat' dir='ltr'>vim</span> <span class='ocrx_word' id='word_1_369' title='bbox 1689 4401 1940 4459; x_wconf 76' lang='lat' dir='ltr'>caelestis</span> 
     </span>
    </p>
   </div>
   <div class='ocr_carea' id='block_1_49' title="bbox 281 4490 1932 4565">
    <p class='ocr_par' dir='ltr' id='par_1_49' title="bbox 281 4490 1932 4565">
     <span class='ocr_line' id='line_1_49' title="bbox 281 4490 1932 4565; baseline -0.001 -16"><span class='ocrx_word' id='word_1_370' title='bbox 281 4491 507 4565; x_wconf 82' lang='lat' dir='ltr'>eloquii</span> <span class='ocrx_word' id='word_1_371' title='bbox 561 4509 574 4547; x_wconf 89' lang='lat'><strong>:</strong></span> <span class='ocrx_word' id='word_1_372' title='bbox 629 4506 755 4565; x_wconf 71' lang='lat' dir='ltr'>quia</span> <span class='ocrx_word' id='word_1_373' title='bbox 805 4492 1022 4548; x_wconf 83' lang='lat' dir='ltr'>ﬂuxere</span> <span class='ocrx_word' id='word_1_374' title='bbox 1070 4490 1239 4547; x_wconf 84' lang='lat' dir='ltr'>nobis</span> <span class='ocrx_word' id='word_1_375' title='bbox 1286 4490 1440 4546; x_wconf 89' lang='lat' dir='ltr'>sicut</span> <span class='ocrx_word' id='word_1_376' title='bbox 1487 4490 1677 4545; x_wconf 86' lang='lat' dir='ltr'>imber</span> <span class='ocrx_word' id='word_1_377' title='bbox 1707 4506 1738 4545; x_wconf 82' lang='grc' dir='ltr'>θ</span> <span class='ocrx_word' id='word_1_378' title='bbox 1768 4491 1932 4548; x_wconf 84' lang='lat' dir='ltr'>coelo.</span> 
     </span>
    </p>
   </div>
   <div class='ocr_carea' id='block_1_50' title="bbox 280 4576 1834 4655">
    <p class='ocr_par' dir='ltr' id='par_1_50' title="bbox 280 4576 1834 4655">
     <span class='ocr_line' id='line_1_50' title="bbox 280 4576 1834 4655; baseline -0.003 -16"><span class='ocrx_word' id='word_1_379' title='bbox 280 4584 439 4655; x_wconf 85' lang='lat' dir='ltr'>Ergo</span> <span class='ocrx_word' id='word_1_380' title='bbox 490 4581 815 4638; x_wconf 90' lang='lat' dir='ltr'>remedium</span> <span class='ocrx_word' id='word_1_381' title='bbox 862 4579 1171 4635; x_wconf 68' lang='lat' dir='ltr'>tzediorum</span> <span class='ocrx_word' id='word_1_382' title='bbox 1229 4577 1493 4634; x_wconf 87' lang='lat' dir='ltr'>omnium</span> <span class='ocrx_word' id='word_1_383' title='bbox 1543 4576 1834 4647; x_wconf 87' lang='lat' dir='ltr'>Christus,</span> 
     </span>
    </p>
   </div>
   <div class='ocr_carea' id='block_1_51' title="bbox 280 4666 1935 4744">
    <p class='ocr_par' dir='ltr' id='par_1_51' title="bbox 280 4666 1935 4744">
     <span class='ocr_line' id='line_1_51' title="bbox 280 4666 1935 4744; baseline -0.002 -15"><span class='ocrx_word' id='word_1_384' title='bbox 280 4672 590 4744; x_wconf 87' lang='lat' dir='ltr'>Scriptura</span> <span class='ocrx_word' id='word_1_385' title='bbox 620 4670 846 4738; x_wconf 86' lang='lat' dir='ltr'>divina;</span> <span class='ocrx_word' id='word_1_386' title='bbox 879 4667 1135 4742; x_wconf 82' lang='lat' dir='ltr'>atquein</span> <span class='ocrx_word' id='word_1_387' title='bbox 1158 4666 1578 4723; x_wconf 84' lang='lat' dir='ltr'>tentationibus</span> <span class='ocrx_word' id='word_1_388' title='bbox 1599 4684 1783 4723; x_wconf 90' lang='lat' dir='ltr'>unum</span> <span class='ocrx_word' id='word_1_389' title='bbox 1806 4685 1935 4741; x_wconf 87' lang='lat' dir='ltr'>per-</span> 
     </span>
    </p>
   </div>
   <div class='ocr_carea' id='block_1_52' title="bbox 280 4760 545 4834">
    <p class='ocr_par' dir='ltr' id='par_1_52' title="bbox 280 4760 545 4834">
     <span class='ocr_line' id='line_1_52' title="bbox 280 4760 545 4834; baseline -0.008 -16"><span class='ocrx_word' id='word_1_390' title='bbox 280 4760 545 4834; x_wconf 73' lang='lat' dir='ltr'>fugiam.</span> 
     </span>
    </p>
   </div>
   <div class='ocr_carea' id='block_1_53' title="bbox 947 4852 1289 4911">
    <p class='ocr_par' dir='ltr' id='par_1_53' title="bbox 947 4852 1289 4911">
     <span class='ocr_line' id='line_1_53' title="bbox 947 4852 1289 4911; baseline -0.009 0"><span class='ocrx_word' id='word_1_391' title='bbox 947 4852 1183 4911; x_wconf 83' lang='lat' dir='ltr'>CAPUT</span> <span class='ocrx_word' id='word_1_392' title='bbox 1221 4853 1289 4909; x_wconf 85' lang='lat' dir='ltr'>V.</span> 
     </span>
    </p>
   </div>
   <div class='ocr_carea' id='block_1_54' title="bbox 284 4942 1939 5019">
    <p class='ocr_par' dir='ltr' id='par_1_54' title="bbox 284 4942 1939 5019">
     <span class='ocr_line' id='line_1_54' title="bbox 284 4942 1939 5019; baseline -0.002 -14"><span class='ocrx_word' id='word_1_393' title='bbox 284 4947 564 5019; x_wconf 71' lang='lat' dir='ltr'>Propheta</span> <span class='ocrx_word' id='word_1_394' title='bbox 610 4948 852 5003; x_wconf 78' lang='lat' dir='ltr'>miseriis</span> <span class='ocrx_word' id='word_1_395' title='bbox 897 4945 1139 5019; x_wconf 78' lang='lat' dir='ltr'>obsessus</span> <span class='ocrx_word' id='word_1_396' title='bbox 1163 4942 1429 5019; x_wconf 72' lang='lat' dir='ltr'>divinam</span> <span class='ocrx_word' id='word_1_397' title='bbox 1476 4944 1737 5019; x_wconf 82' lang='lat' dir='ltr'>implorat</span> <span class='ocrx_word' id='word_1_398' title='bbox 1773 4948 1939 5002; x_wconf 84' lang='lat' dir='ltr'>mise-</span> 
     </span>
    </p>
   </div>
   <div class='ocr_carea' id='block_1_55' title="bbox 360 5016 1937 5088">
    <p class='ocr_par' dir='ltr' id='par_1_55' title="bbox 360 5016 1937 5088">
     <span class='ocr_line' id='line_1_55' title="bbox 360 5016 1937 5088; baseline 0 -15"><span class='ocrx_word' id='word_1_399' title='bbox 360 5016 679 5083; x_wconf 70' lang='lat' dir='ltr'>ricordiam,</span> <span class='ocrx_word' id='word_1_400' title='bbox 713 5032 838 5088; x_wconf 66' lang='lat' dir='ltr'>quae</span> <span class='ocrx_word' id='word_1_401' title='bbox 866 5019 926 5073; x_wconf 83' lang='lat' dir='ltr'>in</span> <span class='ocrx_word' id='word_1_402' title='bbox 955 5016 1198 5072; x_wconf 74' lang='lat' dir='ltr'>adversis</span> <span class='ocrx_word' id='word_1_403' title='bbox 1222 5016 1500 5087; x_wconf 67' lang='lat' dir='ltr'>praecipue</span> <span class='ocrx_word' id='word_1_404' title='bbox 1525 5018 1937 5088; x_wconf 77' lang='lat' dir='ltr'>manifestatur.</span> 
     </span>
    </p>
   </div>
   <div class='ocr_carea' id='block_1_56' title="bbox 362 5088 1938 5161">
    <p class='ocr_par' dir='ltr' id='par_1_56' title="bbox 362 5088 1938 5161">
     <span class='ocr_line' id='line_1_56' title="bbox 362 5088 1938 5161; baseline -0.001 -15"><span class='ocrx_word' id='word_1_405' title='bbox 362 5088 536 5146; x_wconf 72' lang='lat' dir='ltr'>Deam</span> <span class='ocrx_word' id='word_1_406' title='bbox 581 5091 819 5146; x_wconf 74' lang='lat' dir='ltr'>hominis</span> <span class='ocrx_word' id='word_1_407' title='bbox 864 5094 1246 5161; x_wconf 69' lang='lat' dir='ltr'>susceptorem</span> <span class='ocrx_word' id='word_1_408' title='bbox 1264 5103 1400 5152; x_wconf 78' lang='lat' dir='ltr'>esse,</span> <span class='ocrx_word' id='word_1_409' title='bbox 1429 5091 1549 5161; x_wconf 79' lang='lat' dir='ltr'>tum</span> <span class='ocrx_word' id='word_1_410' title='bbox 1594 5089 1663 5161; x_wconf 82' lang='lat' dir='ltr'>ob</span> <span class='ocrx_word' id='word_1_411' title='bbox 1705 5090 1938 5145; x_wconf 77' lang='lat' dir='ltr'>creatio-</span> 
     </span>
    </p>
   </div>
   <div class='ocr_carea' id='block_1_57' title="bbox 360 5158 1941 5233">
    <p class='ocr_par' dir='ltr' id='par_1_57' title="bbox 360 5158 1941 5233">
     <span class='ocr_line' id='line_1_57' title="bbox 360 5158 1941 5233; baseline 0 -16"><span class='ocrx_word' id='word_1_412' title='bbox 360 5179 490 5218; x_wconf 76' lang='lat' dir='ltr'>nem</span> <span class='ocrx_word' id='word_1_413' title='bbox 515 5174 627 5233; x_wconf 82' lang='lat' dir='ltr'>qua</span> <span class='ocrx_word' id='word_1_414' title='bbox 649 5163 715 5217; x_wconf 77' lang='lat' dir='ltr'>in</span> <span class='ocrx_word' id='word_1_415' title='bbox 738 5178 837 5218; x_wconf 73' lang='lat' dir='ltr'>nos</span> <span class='ocrx_word' id='word_1_416' title='bbox 865 5158 1124 5233; x_wconf 59' lang='lat' dir='ltr'>idem&#39;jus</span> <span class='ocrx_word' id='word_1_417' title='bbox 1153 5158 1314 5214; x_wconf 75' lang='lat' dir='ltr'>habet</span> <span class='ocrx_word' id='word_1_418' title='bbox 1335 5162 1501 5228; x_wconf 77' lang='lat' dir='ltr'>atque</span> <span class='ocrx_word' id='word_1_419' title='bbox 1529 5160 1587 5214; x_wconf 85' lang='lat' dir='ltr'>in</span> <span class='ocrx_word' id='word_1_420' title='bbox 1620 5159 1771 5233; x_wconf 79' lang='lat' dir='ltr'>lutea</span> <span class='ocrx_word' id='word_1_421' title='bbox 1810 5177 1941 5216; x_wconf 83' lang='lat' dir='ltr'>vasa</span> 
     </span>
    </p>
   </div>
   <div class='ocr_carea' id='block_1_58' title="bbox 361 5230 1941 5305">
    <p class='ocr_par' dir='ltr' id='par_1_58' title="bbox 361 5230 1941 5305">
     <span class='ocr_line' id='line_1_58' title="bbox 361 5230 1941 5305; baseline -0.001 -17"><span class='ocrx_word' id='word_1_422' title='bbox 361 5230 588 5305; x_wconf 70' lang='lat' dir='ltr'>ﬁgulus,</span> <span class='ocrx_word' id='word_1_423' title='bbox 618 5241 735 5289; x_wconf 74' lang='lat' dir='ltr'>tum</span> <span class='ocrx_word' id='word_1_424' title='bbox 762 5234 827 5289; x_wconf 90' lang='lat' dir='ltr'>ob</span> <span class='ocrx_word' id='word_1_425' title='bbox 854 5232 1223 5304; x_wconf 76' lang='lat' dir='ltr'>defensionem</span> <span class='ocrx_word' id='word_1_426' title='bbox 1253 5246 1363 5302; x_wconf 85' lang='lat' dir='ltr'>qua</span> <span class='ocrx_word' id='word_1_427' title='bbox 1392 5246 1697 5285; x_wconf 79' lang='lat' dir='ltr'>concessam</span> <span class='ocrx_word' id='word_1_428' title='bbox 1728 5230 1941 5287; x_wconf 81' lang='lat' dir='ltr'>homini</span> 
     </span>
    </p>
   </div>
   <div class='ocr_carea' id='block_1_59' title="bbox 362 5308 865 5362">
    <p class='ocr_par' dir='ltr' id='par_1_59' title="bbox 362 5308 865 5362">
     <span class='ocr_line' id='line_1_59' title="bbox 362 5308 865 5362; baseline -0.004 -1"><span class='ocrx_word' id='word_1_429' title='bbox 362 5308 536 5362; x_wconf 84' lang='lat' dir='ltr'>vitam</span> <span class='ocrx_word' id='word_1_430' title='bbox 563 5308 865 5361; x_wconf 79' lang='lat' dir='ltr'>conservat.</span> 
     </span>
    </p>
   </div>
   <div class='ocr_carea' id='block_1_60' title="bbox 363 5415 1938 5492">
    <p class='ocr_par' dir='ltr' id='par_1_60' title="bbox 363 5415 1938 5492">
     <span class='ocr_line' id='line_1_60' title="bbox 363 5415 1938 5492; baseline -0.001 -16"><span class='ocrx_word' id='word_1_431' title='bbox 363 5421 452 5476; x_wconf 88' lang='grc'>19.</span> <span class='ocrx_word' id='word_1_432' title='bbox 483 5419 753 5492; x_wconf 60' lang='lat' dir='ltr'>Denique</span> <span class='ocrx_word' id='word_1_433' title='bbox 774 5418 881 5476; x_wconf 73' lang='lat' dir='ltr'>ubi</span> <span class='ocrx_word' id='word_1_434' title='bbox 905 5417 1155 5476; x_wconf 83' lang='lat' dir='ltr'>advertit</span> <span class='ocrx_word' id='word_1_435' title='bbox 1182 5416 1362 5473; x_wconf 89' lang='lat' dir='ltr'>David</span> <span class='ocrx_word' id='word_1_436' title='bbox 1393 5417 1550 5488; x_wconf 88' lang='lat' dir='ltr'>quod</span> <span class='ocrx_word' id='word_1_437' title='bbox 1589 5415 1938 5475; x_wconf 84' lang='lat' dir='ltr'>elevationes</span> 
     </span>
    </p>
   </div>
   <div class='ocr_carea' id='block_1_61' title="bbox 286 5505 1937 5578">
    <p class='ocr_par' dir='ltr' id='par_1_61' title="bbox 286 5505 1937 5578">
     <span class='ocr_line' id='line_1_61' title="bbox 286 5505 1937 5578; baseline -0.002 -12"><span class='ocrx_word' id='word_1_438' title='bbox 286 5511 579 5566; x_wconf 78' lang='lat' dir='ltr'>ﬂuctuum</span> <span class='ocrx_word' id='word_1_439' title='bbox 611 5507 983 5566; x_wconf 70' lang='lat' dir='ltr'>smularium</span> <span class='ocrx_word' id='word_1_440' title='bbox 1015 5522 1194 5578; x_wconf 83' lang='lat' dir='ltr'>super</span> <span class='ocrx_word' id='word_1_441' title='bbox 1238 5521 1302 5562; x_wconf 85' lang='lat' dir='ltr'>se</span> <span class='ocrx_word' id='word_1_442' title='bbox 1340 5505 1623 5572; x_wconf 87' lang='lat' dir='ltr'>venirent,</span> <span class='ocrx_word' id='word_1_443' title='bbox 1657 5522 1807 5578; x_wconf 88' lang='lat' dir='ltr'>quas</span> <span class='ocrx_word' id='word_1_444' title='bbox 1835 5524 1937 5564; x_wconf 88' lang='lat' dir='ltr'>ne-</span> 
     </span>
    </p>
   </div>
   <div class='ocr_carea' id='block_1_62' title="bbox 296 5593 1932 5672">
    <p class='ocr_par' dir='ltr' id='par_1_62' title="bbox 296 5593 1932 5672">
     <span class='ocr_line' id='line_1_62' title="bbox 296 5593 1932 5672; baseline -0.002 -17"><span class='ocrx_word' id='word_1_445' title='bbox 296 5615 463 5656; x_wconf 86' lang='lat' dir='ltr'>cesse</span> <span class='ocrx_word' id='word_1_446' title='bbox 490 5604 580 5655; x_wconf 91' lang='lat' dir='ltr'>est</span> <span class='ocrx_word' id='word_1_447' title='bbox 609 5598 898 5672; x_wconf 82' lang='lat' dir='ltr'>plurimas</span> <span class='ocrx_word' id='word_1_448' title='bbox 945 5597 1264 5653; x_wconf 85' lang='lat' dir='ltr'>subeamus</span> <span class='ocrx_word' id='word_1_449' title='bbox 1308 5593 1368 5651; x_wconf 88' lang='lat' dir='ltr'>in</span> <span class='ocrx_word' id='word_1_450' title='bbox 1417 5594 1589 5650; x_wconf 86' lang='lat' dir='ltr'>istius</span> <span class='ocrx_word' id='word_1_451' title='bbox 1622 5594 1747 5651; x_wconf 90' lang='lat' dir='ltr'>salo</span> <span class='ocrx_word' id='word_1_452' title='bbox 1783 5597 1932 5666; x_wconf 82' lang='lat' dir='ltr'>vitae,</span> 
     </span>
    </p>
   </div>
   <div class='ocr_carea' id='block_1_63' title="bbox 289 5683 1932 5757">
    <p class='ocr_par' dir='ltr' id='par_1_63' title="bbox 289 5683 1932 5757">
     <span class='ocr_line' id='line_1_63' title="bbox 289 5683 1932 5757; baseline -0.001 -13"><span class='ocrx_word' id='word_1_453' title='bbox 289 5703 519 5745; x_wconf 89' lang='lat' dir='ltr'>memor</span> <span class='ocrx_word' id='word_1_454' title='bbox 545 5687 779 5745; x_wconf 89' lang='lat' dir='ltr'>Domini</span> <span class='ocrx_word' id='word_1_455' title='bbox 812 5685 1255 5743; x_wconf 88' lang='lat' dir='ltr'>miserationum</span> <span class='ocrx_word' id='word_1_456' title='bbox 1279 5700 1426 5757; x_wconf 89' lang='lat' dir='ltr'>quas</span> <span class='ocrx_word' id='word_1_457' title='bbox 1456 5683 1784 5741; x_wconf 89' lang='lat' dir='ltr'>innumeris</span> <span class='ocrx_word' id='word_1_458' title='bbox 1801 5702 1932 5757; x_wconf 85' lang='lat' dir='ltr'>pro-</span> 
     </span>
    </p>
   </div>
   <div class='ocr_carea' id='block_1_64' title="bbox 2034 581 3682 655">
    <p class='ocr_par' dir='ltr' id='par_1_64' title="bbox 2034 581 3682 655">
     <span class='ocr_line' id='line_1_64' title="bbox 2034 581 3682 655; baseline 0.003 -20"><span class='ocrx_word' id='word_1_459' title='bbox 2034 581 2115 635; x_wconf 65' lang='grc' dir='ltr'>ιρι</span> <span class='ocrx_word' id='word_1_460' title='bbox 2156 581 2360 649; x_wconf 77' lang='lat' dir='ltr'>Deum,</span> <span class='ocrx_word' id='word_1_461' title='bbox 2394 581 2585 638; x_wconf 91' lang='lat' dir='ltr'>sciens</span> <span class='ocrx_word' id='word_1_462' title='bbox 2633 583 2786 655; x_wconf 91' lang='lat' dir='ltr'>quod</span> <span class='ocrx_word' id='word_1_463' title='bbox 2837 581 3237 638; x_wconf 84' lang='lat' dir='ltr'>misericordia</span> <span class='ocrx_word' id='word_1_464' title='bbox 3281 582 3408 653; x_wconf 87' lang='lat' dir='ltr'>ejus</span> <span class='ocrx_word' id='word_1_465' title='bbox 3455 581 3506 636; x_wconf 92' lang='lat' dir='ltr'>in</span> <span class='ocrx_word' id='word_1_466' title='bbox 3551 582 3682 640; x_wconf 87' lang='lat' dir='ltr'>luce</span> 
     </span>
    </p>
   </div>
   <div class='ocr_carea' id='block_1_65' title="bbox 2036 664 3684 746">
    <p class='ocr_par' dir='ltr' id='par_1_65' title="bbox 2036 664 3684 746">
     <span class='ocr_line' id='line_1_65' title="bbox 2036 664 3684 746; baseline 0.002 -21"><span class='ocrx_word' id='word_1_467' title='bbox 2036 671 2371 737; x_wconf 75' lang='lat' dir='ltr'>mandatur,</span> <span class='ocrx_word' id='word_1_468' title='bbox 2406 670 2464 727; x_wconf 93' lang='lat' dir='ltr'>id</span> <span class='ocrx_word' id='word_1_469' title='bbox 2495 664 2603 740; x_wconf 61' lang='lat' dir='ltr'>es’t,</span> <span class='ocrx_word' id='word_1_470' title='bbox 2637 672 2698 727; x_wconf 90' lang='lat' dir='ltr'>in</span> <span class='ocrx_word' id='word_1_471' title='bbox 2737 671 2896 746; x_wconf 88' lang='lat' dir='ltr'>lege;</span> <span class='ocrx_word' id='word_1_472' title='bbox 2926 671 3067 744; x_wconf 84' lang='lat' dir='ltr'>quia</span> <span class='ocrx_word' id='word_1_473' title='bbox 3088 694 3114 722; x_wconf 86' lang='lat'>«</span> <span class='ocrx_word' id='word_1_474' title='bbox 3141 671 3241 728; x_wconf 87' lang='lat' dir='ltr'>lux</span> <span class='ocrx_word' id='word_1_475' title='bbox 3268 676 3553 746; x_wconf 68' lang='lat' dir='ltr'>praecepta</span> <span class='ocrx_word' id='word_1_476' title='bbox 3581 677 3684 729; x_wconf 88' lang='lat' dir='ltr'>tua</span> 
     </span>
    </p>
   </div>
   <div class='ocr_carea' id='block_1_66' title="bbox 2036 760 3681 835">
    <p class='ocr_par' dir='ltr' id='par_1_66' title="bbox 2036 760 3681 835">
     <span class='ocr_line' id='line_1_66' title="bbox 2036 760 3681 835; baseline 0.001 -19"><span class='ocrx_word' id='word_1_477' title='bbox 2036 761 2162 833; x_wconf 85' lang='lat' dir='ltr'>(Isa.</span> <span class='ocrx_word' id='word_1_478' title='bbox 2195 777 2350 830; x_wconf 86' lang='lat' dir='ltr'>xxv1,</span> <span class='ocrx_word' id='word_1_479' title='bbox 2381 760 2436 832; x_wconf 87' lang='lat'>9)</span> <span class='ocrx_word' id='word_1_480' title='bbox 2472 778 2484 816; x_wconf 91' lang='lat'>:</span> <span class='ocrx_word' id='word_1_481' title='bbox 2522 783 2548 811; x_wconf 88' lang='grc'><strong>››</strong></span> <span class='ocrx_word' id='word_1_482' title='bbox 2579 761 2637 816; x_wconf 87' lang='lat' dir='ltr'>in</span> <span class='ocrx_word' id='word_1_483' title='bbox 2693 760 3111 818; x_wconf 87' lang='lat' dir='ltr'>tentationihus</span> <span class='ocrx_word' id='word_1_484' title='bbox 3158 766 3354 818; x_wconf 88' lang='lat' dir='ltr'>autem</span> <span class='ocrx_word' id='word_1_485' title='bbox 3406 761 3575 835; x_wconf 89' lang='lat' dir='ltr'>quasi</span> <span class='ocrx_word' id='word_1_486' title='bbox 3624 762 3681 818; x_wconf 89' lang='lat' dir='ltr'>in</span> 
     </span>
    </p>
   </div>
   <div class='ocr_carea' id='block_1_67' title="bbox 2037 849 3682 925">
    <p class='ocr_par' dir='ltr' id='par_1_67' title="bbox 2037 849 3682 925">
     <span class='ocr_line' id='line_1_67' title="bbox 2037 849 3682 925; baseline 0.002 -22"><span class='ocrx_word' id='word_1_487' title='bbox 2037 849 2225 905; x_wconf 90' lang='lat' dir='ltr'>noctis</span> <span class='ocrx_word' id='word_1_488' title='bbox 2258 850 2538 918; x_wconf 89' lang='lat' dir='ltr'>tenebris,</span> <span class='ocrx_word' id='word_1_489' title='bbox 2573 850 3001 907; x_wconf 81' lang='lat' dir='ltr'>manifestatur.</span> <span class='ocrx_word' id='word_1_490' title='bbox 3035 850 3198 907; x_wconf 88' lang='lat' dir='ltr'>Unde</span> <span class='ocrx_word' id='word_1_491' title='bbox 3228 854 3511 925; x_wconf 88' lang='lat' dir='ltr'>tanquam</span> <span class='ocrx_word' id='word_1_492' title='bbox 3559 852 3682 907; x_wconf 84' lang='lat' dir='ltr'>via-</span> 
     </span>
    </p>
   </div>
   <div class='ocr_carea' id='block_1_68' title="bbox 2039 939 3683 1017">
    <p class='ocr_par' dir='ltr' id='par_1_68' title="bbox 2039 939 3683 1017">
     <span class='ocr_line' id='line_1_68' title="bbox 2039 939 3683 1017; baseline 0.002 -23"><span class='ocrx_word' id='word_1_493' title='bbox 2039 944 2127 995; x_wconf 88' lang='lat' dir='ltr'>tor</span> <span class='ocrx_word' id='word_1_494' title='bbox 2155 939 2254 1012; x_wconf 87' lang='lat' dir='ltr'>qui</span> <span class='ocrx_word' id='word_1_495' title='bbox 2289 940 2604 1012; x_wconf 83' lang='lat' dir='ltr'>repatriare</span> <span class='ocrx_word' id='word_1_496' title='bbox 2636 939 2946 1008; x_wconf 87' lang='lat' dir='ltr'>desideret,</span> <span class='ocrx_word' id='word_1_497' title='bbox 2974 944 3031 996; x_wconf 91' lang='lat' dir='ltr'>et</span> <span class='ocrx_word' id='word_1_498' title='bbox 3064 940 3362 1013; x_wconf 83' lang='lat' dir='ltr'>pervenire</span> <span class='ocrx_word' id='word_1_499' title='bbox 3392 958 3508 1017; x_wconf 90' lang='lat' dir='ltr'>quo</span> <span class='ocrx_word' id='word_1_500' title='bbox 3548 944 3683 997; x_wconf 89' lang='lat' dir='ltr'>ten-</span> 
     </span>
    </p>
   </div>
   <div class='ocr_carea' id='block_1_69' title="bbox 2038 1028 3680 1103">
    <p class='ocr_par' dir='ltr' id='par_1_69' title="bbox 2038 1028 3680 1103">
     <span class='ocr_line' id='line_1_69' title="bbox 2038 1028 3680 1103; baseline 0.003 -20"><span class='ocrx_word' id='word_1_501' title='bbox 2038 1029 2159 1097; x_wconf 87' lang='lat' dir='ltr'>dat,</span> <span class='ocrx_word' id='word_1_502' title='bbox 2180 1028 2520 1101; x_wconf 82' lang='lat' dir='ltr'>confragoso</span> <span class='ocrx_word' id='word_1_503' title='bbox 2546 1034 2742 1085; x_wconf 86' lang='lat' dir='ltr'>tamen</span> <span class='ocrx_word' id='word_1_504' title='bbox 2774 1030 2906 1086; x_wconf 67' lang='lat' dir='ltr'>vitre</span> <span class='ocrx_word' id='word_1_505' title='bbox 2937 1029 3114 1101; x_wconf 90' lang='lat' dir='ltr'>hujus</span> <span class='ocrx_word' id='word_1_506' title='bbox 3146 1029 3349 1086; x_wconf 89' lang='lat' dir='ltr'>itinere</span> <span class='ocrx_word' id='word_1_507' title='bbox 3383 1031 3680 1103; x_wconf 86' lang='lat' dir='ltr'>fatigatus,</span> 
     </span>
    </p>
   </div>
   <div class='ocr_carea' id='block_1_70' title="bbox 2036 1116 3440 1186">
    <p class='ocr_par' dir='ltr' id='par_1_70' title="bbox 2036 1116 3440 1186">
     <span class='ocr_line' id='line_1_70' title="bbox 2036 1116 3440 1186; baseline 0.002 -15"><span class='ocrx_word' id='word_1_508' title='bbox 2036 1118 2243 1172; x_wconf 86' lang='lat' dir='ltr'>ducem</span> <span class='ocrx_word' id='word_1_509' title='bbox 2278 1116 2540 1186; x_wconf 88' lang='lat' dir='ltr'>arcessit,</span> <span class='ocrx_word' id='word_1_510' title='bbox 2574 1126 2630 1172; x_wconf 89' lang='lat' dir='ltr'>et</span> <span class='ocrx_word' id='word_1_511' title='bbox 2664 1116 3120 1174; x_wconf 84' lang='lat' dir='ltr'>allevumentum</span> <span class='ocrx_word' id='word_1_512' title='bbox 3154 1119 3440 1175; x_wconf 85' lang='lat' dir='ltr'>obsecrat.</span> 
     </span>
    </p>
   </div>
   <div class='ocr_carea' id='block_1_71' title="bbox 2108 1233 3683 1305">
    <p class='ocr_par' dir='ltr' id='par_1_71' title="bbox 2108 1233 3683 1305">
     <span class='ocr_line' id='line_1_71' title="bbox 2108 1233 3683 1305; baseline 0.003 -19"><span class='ocrx_word' id='word_1_513' title='bbox 2108 1236 2197 1286; x_wconf 70' lang='lat' dir='ltr'>2t).</span> <span class='ocrx_word' id='word_1_514' title='bbox 2228 1257 2255 1281; x_wconf 91' lang='grc'>‹‹</span> <span class='ocrx_word' id='word_1_515' title='bbox 2289 1234 2457 1304; x_wconf 80' lang='lat' dir='ltr'>Apud</span> <span class='ocrx_word' id='word_1_516' title='bbox 2510 1251 2623 1300; x_wconf 90' lang='lat' dir='ltr'>me,</span> <span class='ocrx_word' id='word_1_517' title='bbox 2657 1233 2868 1305; x_wconf 90' lang='lat' dir='ltr'>inquit,</span> <span class='ocrx_word' id='word_1_518' title='bbox 2922 1234 3106 1289; x_wconf 89' lang='lat' dir='ltr'>oratio</span> <span class='ocrx_word' id='word_1_519' title='bbox 3154 1234 3269 1290; x_wconf 91' lang='lat' dir='ltr'>Deo</span> <span class='ocrx_word' id='word_1_520' title='bbox 3316 1234 3444 1290; x_wconf 80' lang='lat' dir='ltr'>vitae</span> <span class='ocrx_word' id='word_1_521' title='bbox 3496 1251 3683 1303; x_wconf 69' lang='lat' dir='ltr'>meae;</span> 
     </span>
    </p>
   </div>
   <div class='ocr_carea' id='block_1_72' title="bbox 2039 1321 3683 1395">
    <p class='ocr_par' dir='ltr' id='par_1_72' title="bbox 2039 1321 3683 1395">
     <span class='ocr_line' id='line_1_72' title="bbox 2039 1321 3683 1395; baseline 0.003 -21"><span class='ocrx_word' id='word_1_522' title='bbox 2039 1321 2230 1375; x_wconf 90' lang='lat' dir='ltr'>dicam</span> <span class='ocrx_word' id='word_1_523' title='bbox 2283 1321 2397 1377; x_wconf 92' lang='lat' dir='ltr'>Deo</span> <span class='ocrx_word' id='word_1_524' title='bbox 2434 1338 2444 1377; x_wconf 93' lang='lat'>:</span> <span class='ocrx_word' id='word_1_525' title='bbox 2479 1323 2796 1394; x_wconf 83' lang='lat' dir='ltr'>Susceptor</span> <span class='ocrx_word' id='word_1_526' title='bbox 2845 1340 3012 1379; x_wconf 90' lang='lat' dir='ltr'>meus</span> <span class='ocrx_word' id='word_1_527' title='bbox 3059 1340 3121 1379; x_wconf 91' lang='lat' dir='ltr'>es</span> <span class='ocrx_word' id='word_1_528' title='bbox 3153 1324 3321 1395; x_wconf 79' lang='lat' dir='ltr'>(Psal.</span> <span class='ocrx_word' id='word_1_529' title='bbox 3353 1341 3466 1389; x_wconf 79' lang='lat' dir='ltr'>xu,</span> <span class='ocrx_word' id='word_1_530' title='bbox 3500 1324 3611 1395; x_wconf 77' lang='lat' dir='ltr'>IO).</span> <span class='ocrx_word' id='word_1_531' title='bbox 3655 1345 3683 1374; x_wconf 82' lang='grc'><strong>››</strong></span> 
     </span>
    </p>
   </div>
   <div class='ocr_carea' id='block_1_73' title="bbox 2040 1410 3685 1485">
    <p class='ocr_par' dir='ltr' id='par_1_73' title="bbox 2040 1410 3685 1485">
     <span class='ocr_line' id='line_1_73' title="bbox 2040 1410 3685 1485; baseline 0.002 -21"><span class='ocrx_word' id='word_1_532' title='bbox 2040 1410 2191 1465; x_wconf 89' lang='lat' dir='ltr'>Bene</span> <span class='ocrx_word' id='word_1_533' title='bbox 2242 1416 2379 1465; x_wconf 91' lang='lat' dir='ltr'>nota</span> <span class='ocrx_word' id='word_1_534' title='bbox 2419 1411 2545 1482; x_wconf 88' lang='lat' dir='ltr'>jam</span> <span class='ocrx_word' id='word_1_535' title='bbox 2595 1412 2707 1467; x_wconf 90' lang='lat' dir='ltr'>sibi</span> <span class='ocrx_word' id='word_1_536' title='bbox 2757 1412 2966 1484; x_wconf 75' lang='lat' dir='ltr'>quaerit</span> <span class='ocrx_word' id='word_1_537' title='bbox 3013 1411 3248 1478; x_wconf 87' lang='lat' dir='ltr'>auxilia,</span> <span class='ocrx_word' id='word_1_538' title='bbox 3304 1418 3361 1468; x_wconf 91' lang='lat' dir='ltr'>et</span> <span class='ocrx_word' id='word_1_539' title='bbox 3411 1412 3685 1485; x_wconf 86' lang='lat' dir='ltr'>promissi</span> 
     </span>
    </p>
   </div>
   <div class='ocr_carea' id='block_1_74' title="bbox 2039 1500 3685 1573">
    <p class='ocr_par' dir='ltr' id='par_1_74' title="bbox 2039 1500 3685 1573">
     <span class='ocr_line' id='line_1_74' title="bbox 2039 1500 3685 1573; baseline 0.001 -19"><span class='ocrx_word' id='word_1_540' title='bbox 2039 1503 2334 1554; x_wconf 82' lang='lat' dir='ltr'>auctorem</span> <span class='ocrx_word' id='word_1_541' title='bbox 2380 1500 2667 1566; x_wconf 86' lang='lat' dir='ltr'>convenit,</span> <span class='ocrx_word' id='word_1_542' title='bbox 2701 1507 2877 1572; x_wconf 90' lang='lat' dir='ltr'>atque</span> <span class='ocrx_word' id='word_1_543' title='bbox 2926 1502 3122 1556; x_wconf 81' lang='lat' dir='ltr'>usitati</span> <span class='ocrx_word' id='word_1_544' title='bbox 3174 1502 3435 1557; x_wconf 88' lang='lat' dir='ltr'>muneris</span> <span class='ocrx_word' id='word_1_545' title='bbox 3479 1501 3685 1573; x_wconf 74' lang='lat' dir='ltr'>praebi-</span> 
     </span>
    </p>
   </div>
   <div class='ocr_carea' id='block_1_75' title="bbox 2038 1588 3688 1657">
    <p class='ocr_par' dir='ltr' id='par_1_75' title="bbox 2038 1588 3688 1657">
     <span class='ocr_line' id='line_1_75' title="bbox 2038 1588 3688 1657; baseline 0.002 -15"><span class='ocrx_word' id='word_1_546' title='bbox 2038 1592 2259 1654; x_wconf 91' lang='lat' dir='ltr'>torem;</span> <span class='ocrx_word' id='word_1_547' title='bbox 2314 1592 2378 1643; x_wconf 88' lang='lat' dir='ltr'>ut</span> <span class='ocrx_word' id='word_1_548' title='bbox 2425 1588 2483 1643; x_wconf 91' lang='lat' dir='ltr'>in</span> <span class='ocrx_word' id='word_1_549' title='bbox 2538 1590 2957 1657; x_wconf 87' lang='lat' dir='ltr'>subvenieudo,</span> <span class='ocrx_word' id='word_1_550' title='bbox 3009 1590 3059 1646; x_wconf 90' lang='lat' dir='ltr'>si</span> <span class='ocrx_word' id='word_1_551' title='bbox 3101 1590 3378 1647; x_wconf 89' lang='lat' dir='ltr'>meritum</span> <span class='ocrx_word' id='word_1_552' title='bbox 3430 1590 3688 1647; x_wconf 89' lang='lat' dir='ltr'>hominis</span> 
     </span>
    </p>
   </div>
   <div class='ocr_carea' id='block_1_76' title="bbox 2040 1677 3691 1751">
    <p class='ocr_par' dir='ltr' id='par_1_76' title="bbox 2040 1677 3691 1751">
     <span class='ocr_line' id='line_1_76' title="bbox 2040 1677 3691 1751; baseline 0.002 -19"><span class='ocrx_word' id='word_1_553' title='bbox 2040 1677 2302 1743; x_wconf 68' lang='lat' dir='ltr'>offendit,</span> <span class='ocrx_word' id='word_1_554' title='bbox 2360 1677 2605 1733; x_wconf 88' lang='lat' dir='ltr'>divitum</span> <span class='ocrx_word' id='word_1_555' title='bbox 2664 1695 2780 1735; x_wconf 84' lang='lat' dir='ltr'>non</span> <span class='ocrx_word' id='word_1_556' title='bbox 2822 1679 3075 1735; x_wconf 73' lang='lat' dir='ltr'>offendat</span> <span class='ocrx_word' id='word_1_557' title='bbox 3122 1679 3478 1751; x_wconf 85' lang='lat' dir='ltr'>exemplum.</span> <span class='ocrx_word' id='word_1_558' title='bbox 3536 1679 3691 1736; x_wconf 88' lang='lat' dir='ltr'>Dicit</span> 
     </span>
    </p>
   </div>
   <div class='ocr_carea' id='block_1_77' title="bbox 2041 1766 3693 1839">
    <p class='ocr_par' dir='ltr' id='par_1_77' title="bbox 2041 1766 3693 1839">
     <span class='ocr_line' id='line_1_77' title="bbox 2041 1766 3693 1839; baseline 0.002 -19"><span class='ocrx_word' id='word_1_559' title='bbox 2041 1766 2547 1837; x_wconf 77' lang='lat' dir='ltr'>aliquiszouando</span> <span class='ocrx_word' id='word_1_560' title='bbox 2579 1768 2828 1839; x_wconf 87' lang='lat' dir='ltr'>suscipit</span> <span class='ocrx_word' id='word_1_561' title='bbox 2856 1780 2990 1823; x_wconf 91' lang='lat' dir='ltr'>eum</span> <span class='ocrx_word' id='word_1_562' title='bbox 3028 1768 3219 1824; x_wconf 83' lang='lat' dir='ltr'>Deus?</span> <span class='ocrx_word' id='word_1_563' title='bbox 3249 1768 3322 1823; x_wconf 91' lang='lat' dir='ltr'>Ut</span> <span class='ocrx_word' id='word_1_564' title='bbox 3336 1768 3446 1824; x_wconf 91' lang='lat' dir='ltr'>hoc</span> <span class='ocrx_word' id='word_1_565' title='bbox 3468 1772 3693 1824; x_wconf 85' lang='lat' dir='ltr'>astrua-</span> 
     </span>
    </p>
   </div>
   <div class='ocr_carea' id='block_1_78' title="bbox 1964 1855 3724 1929">
    <p class='ocr_par' dir='ltr' id='par_1_78' title="bbox 1964 1855 3724 1929">
     <span class='ocr_line' id='line_1_78' title="bbox 1964 1855 3724 1929; baseline 0.001 -19"><span class='ocrx_word' id='word_1_566' title='bbox 1964 1865 2011 1929; x_wconf 80' lang='grc' dir='ltr'><strong>Β</strong></span> <span class='ocrx_word' id='word_1_567' title='bbox 2043 1870 2200 1919; x_wconf 89' lang='lat' dir='ltr'>mus,</span> <span class='ocrx_word' id='word_1_568' title='bbox 2231 1855 2362 1909; x_wconf 88' lang='lat' dir='ltr'>veni</span> <span class='ocrx_word' id='word_1_569' title='bbox 2396 1871 2623 1910; x_wconf 87' lang='lat' dir='ltr'>mecum</span> <span class='ocrx_word' id='word_1_570' title='bbox 2676 1856 2747 1911; x_wconf 91' lang='lat' dir='ltr'>ad</span> <span class='ocrx_word' id='word_1_571' title='bbox 2796 1856 3108 1929; x_wconf 65' lang='lat' dir='ltr'>Scriptura;</span> <span class='ocrx_word' id='word_1_572' title='bbox 3139 1873 3317 1912; x_wconf 62' lang='lat' dir='ltr'>sacras</span> <span class='ocrx_word' id='word_1_573' title='bbox 3361 1857 3690 1924; x_wconf 85' lang='lat' dir='ltr'>exordium,</span> <span class='ocrx_word' id='word_1_574' title='bbox 3721 1878 3724 1882; x_wconf 68' lang='grc'><strong>’</strong></span> 
     </span>
    </p>
   </div>
   <div class='ocr_carea' id='block_1_79' title="bbox 2044 1944 3691 2015">
    <p class='ocr_par' dir='ltr' id='par_1_79' title="bbox 2044 1944 3691 2015">
     <span class='ocr_line' id='line_1_79' title="bbox 2044 1944 3691 2015; baseline 0.002 -16"><span class='ocrx_word' id='word_1_575' title='bbox 2044 1949 2101 1999; x_wconf 91' lang='lat' dir='ltr'>et</span> <span class='ocrx_word' id='word_1_576' title='bbox 2131 1944 2262 1999; x_wconf 87' lang='lat' dir='ltr'>vide</span> <span class='ocrx_word' id='word_1_577' title='bbox 2292 1944 2585 2015; x_wconf 90' lang='lat' dir='ltr'>quomodo</span> <span class='ocrx_word' id='word_1_578' title='bbox 2624 1945 2908 2002; x_wconf 91' lang='lat' dir='ltr'>Dominus</span> <span class='ocrx_word' id='word_1_579' title='bbox 2951 1946 3227 2002; x_wconf 88' lang='lat' dir='ltr'>manibus</span> <span class='ocrx_word' id='word_1_580' title='bbox 3275 1946 3403 2005; x_wconf 88' lang='lat' dir='ltr'>suis</span> <span class='ocrx_word' id='word_1_581' title='bbox 3455 1947 3526 2003; x_wconf 90' lang='lat' dir='ltr'>de</span> <span class='ocrx_word' id='word_1_582' title='bbox 3569 1946 3691 2003; x_wconf 93' lang='lat' dir='ltr'>luto</span> 
     </span>
    </p>
   </div>
   <div class='ocr_carea' id='block_1_80' title="bbox 2044 2032 3691 2109">
    <p class='ocr_par' dir='ltr' id='par_1_80' title="bbox 2044 2032 3691 2109">
     <span class='ocr_line' id='line_1_80' title="bbox 2044 2032 3691 2109; baseline 0.003 -22"><span class='ocrx_word' id='word_1_583' title='bbox 2044 2032 2341 2088; x_wconf 88' lang='lat' dir='ltr'>hominem</span> <span class='ocrx_word' id='word_1_584' title='bbox 2371 2035 2873 2106; x_wconf 79' lang='lat' dir='ltr'>figuraverit(6en.</span> <span class='ocrx_word' id='word_1_585' title='bbox 2898 2051 2963 2103; x_wconf 87' lang='grc' dir='ltr'>ιι,</span> <span class='ocrx_word' id='word_1_586' title='bbox 2985 2036 3235 2108; x_wconf 91' lang='lat' dir='ltr'>7).Unde</span> <span class='ocrx_word' id='word_1_587' title='bbox 3267 2039 3325 2092; x_wconf 91' lang='lat' dir='ltr'>et</span> <span class='ocrx_word' id='word_1_588' title='bbox 3357 2036 3452 2092; x_wconf 88' lang='lat' dir='ltr'>hic</span> <span class='ocrx_word' id='word_1_589' title='bbox 3482 2036 3607 2109; x_wconf 86' lang='lat' dir='ltr'>ipse</span> <span class='ocrx_word' id='word_1_590' title='bbox 3630 2037 3691 2092; x_wconf 83' lang='lat' dir='ltr'>in</span> 
     </span>
    </p>
   </div>
   <div class='ocr_carea' id='block_1_81' title="bbox 2044 2121 3694 2192">
    <p class='ocr_par' dir='ltr' id='par_1_81' title="bbox 2044 2121 3694 2192">
     <span class='ocr_line' id='line_1_81' title="bbox 2044 2121 3694 2192; baseline 0.003 -17"><span class='ocrx_word' id='word_1_591' title='bbox 2044 2121 2469 2192; x_wconf 89' lang='lat' dir='ltr'>posterioribus</span> <span class='ocrx_word' id='word_1_592' title='bbox 2502 2122 2643 2179; x_wconf 90' lang='lat' dir='ltr'>dicit</span> <span class='ocrx_word' id='word_1_593' title='bbox 2675 2139 2689 2178; x_wconf 90' lang='lat'>:</span> <span class='ocrx_word' id='word_1_594' title='bbox 2723 2146 2751 2173; x_wconf 90' lang='grc'>‹‹</span> <span class='ocrx_word' id='word_1_595' title='bbox 2788 2124 2995 2180; x_wconf 87' lang='lat' dir='ltr'>Manus</span> <span class='ocrx_word' id='word_1_596' title='bbox 3042 2128 3154 2180; x_wconf 74' lang='lat' dir='ltr'>tuas</span> <span class='ocrx_word' id='word_1_597' title='bbox 3202 2124 3467 2181; x_wconf 86' lang='lat' dir='ltr'>fecerunt</span> <span class='ocrx_word' id='word_1_598' title='bbox 3513 2141 3609 2182; x_wconf 86' lang='lat' dir='ltr'>me</span> <span class='ocrx_word' id='word_1_599' title='bbox 3636 2128 3694 2183; x_wconf 83' lang='lat' dir='ltr'>et</span> 
     </span>
    </p>
   </div>
   <div class='ocr_carea' id='block_1_82' title="bbox 2046 2208 3693 2285">
    <p class='ocr_par' dir='ltr' id='par_1_82' title="bbox 2046 2208 3693 2285">
     <span class='ocr_line' id='line_1_82' title="bbox 2046 2208 3693 2285; baseline 0.004 -22"><span class='ocrx_word' id='word_1_600' title='bbox 2046 2208 2479 2279; x_wconf 89' lang='lat' dir='ltr'>plasmaverunt</span> <span class='ocrx_word' id='word_1_601' title='bbox 2509 2228 2603 2267; x_wconf 89' lang='lat' dir='ltr'>me</span> <span class='ocrx_word' id='word_1_602' title='bbox 2631 2214 2804 2280; x_wconf 80' lang='lat' dir='ltr'>(Psal.</span> <span class='ocrx_word' id='word_1_603' title='bbox 2838 2230 3034 2281; x_wconf 85' lang='lat' dir='ltr'>cxvm,</span> <span class='ocrx_word' id='word_1_604' title='bbox 3066 2213 3179 2269; x_wconf 68' lang='lat'>&#39;73).</span> <span class='ocrx_word' id='word_1_605' title='bbox 3208 2234 3234 2262; x_wconf 83' lang='lat'>»</span> <span class='ocrx_word' id='word_1_606' title='bbox 3266 2211 3443 2279; x_wconf 85' lang='lat' dir='ltr'>Quasi</span> <span class='ocrx_word' id='word_1_607' title='bbox 3475 2213 3693 2285; x_wconf 79' lang='lat' dir='ltr'>ﬁgulus</span> 
     </span>
    </p>
   </div>
   <div class='ocr_carea' id='block_1_83' title="bbox 2047 2298 3693 2374">
    <p class='ocr_par' dir='ltr' id='par_1_83' title="bbox 2047 2298 3693 2374">
     <span class='ocr_line' id='line_1_83' title="bbox 2047 2298 3693 2374; baseline 0.004 -22"><span class='ocrx_word' id='word_1_608' title='bbox 2047 2298 2287 2369; x_wconf 91' lang='lat' dir='ltr'>quidam</span> <span class='ocrx_word' id='word_1_609' title='bbox 2320 2299 2475 2356; x_wconf 90' lang='lat' dir='ltr'>Deus</span> <span class='ocrx_word' id='word_1_610' title='bbox 2507 2300 2787 2357; x_wconf 77' lang='lat' dir='ltr'>fabricam</span> <span class='ocrx_word' id='word_1_611' title='bbox 2820 2301 3014 2359; x_wconf 90' lang='lat' dir='ltr'>carnis</span> <span class='ocrx_word' id='word_1_612' title='bbox 3042 2308 3132 2358; x_wconf 89' lang='lat' dir='ltr'>est</span> <span class='ocrx_word' id='word_1_613' title='bbox 3162 2306 3436 2374; x_wconf 84' lang='lat' dir='ltr'>operatus</span> <span class='ocrx_word' id='word_1_614' title='bbox 3481 2301 3693 2359; x_wconf 88' lang='lat' dir='ltr'>buma-</span> 
     </span>
    </p>
   </div>
   <div class='ocr_carea' id='block_1_84' title="bbox 2048 2388 3695 2449">
    <p class='ocr_par' dir='ltr' id='par_1_84' title="bbox 2048 2388 3695 2449">
     <span class='ocr_line' id='line_1_84' title="bbox 2048 2388 3695 2449; baseline 0.004 -7"><span class='ocrx_word' id='word_1_615' title='bbox 2048 2404 2152 2442; x_wconf 68' lang='lat' dir='ltr'>naz.</span> <span class='ocrx_word' id='word_1_616' title='bbox 2191 2388 2258 2442; x_wconf 88' lang='lat' dir='ltr'>Et</span> <span class='ocrx_word' id='word_1_617' title='bbox 2308 2388 2379 2442; x_wconf 87' lang='lat' dir='ltr'>ad</span> <span class='ocrx_word' id='word_1_618' title='bbox 2427 2388 2739 2445; x_wconf 86' lang='lat' dir='ltr'>Jeremiam</span> <span class='ocrx_word' id='word_1_619' title='bbox 2776 2391 3037 2447; x_wconf 87' lang='lat' dir='ltr'>dicitur:</span> <span class='ocrx_word' id='word_1_620' title='bbox 3079 2414 3107 2442; x_wconf 91' lang='grc'><em>‹‹</em></span> <span class='ocrx_word' id='word_1_621' title='bbox 3142 2392 3435 2447; x_wconf 89' lang='lat' dir='ltr'>Descende</span> <span class='ocrx_word' id='word_1_622' title='bbox 3485 2392 3544 2447; x_wconf 90' lang='lat' dir='ltr'>in</span> <span class='ocrx_word' id='word_1_623' title='bbox 3586 2392 3695 2449; x_wconf 88' lang='lat' dir='ltr'>do-</span> 
     </span>
    </p>
   </div>
   <div class='ocr_carea' id='block_1_85' title="bbox 2048 2475 3691 2552">
    <p class='ocr_par' dir='ltr' id='par_1_85' title="bbox 2048 2475 3691 2552">
     <span class='ocr_line' id='line_1_85' title="bbox 2048 2475 3691 2552; baseline 0.005 -23"><span class='ocrx_word' id='word_1_624' title='bbox 2048 2492 2212 2530; x_wconf 90' lang='lat' dir='ltr'>mum</span> <span class='ocrx_word' id='word_1_625' title='bbox 2271 2475 2458 2549; x_wconf 78' lang='lat' dir='ltr'>liguli,</span> <span class='ocrx_word' id='word_1_626' title='bbox 2513 2482 2572 2533; x_wconf 91' lang='lat' dir='ltr'>et</span> <span class='ocrx_word' id='word_1_627' title='bbox 2618 2479 2823 2535; x_wconf 90' lang='lat' dir='ltr'>audies</span> <span class='ocrx_word' id='word_1_628' title='bbox 2879 2478 3000 2535; x_wconf 90' lang='lat' dir='ltr'>illic</span> <span class='ocrx_word' id='word_1_629' title='bbox 3055 2481 3231 2536; x_wconf 89' lang='lat' dir='ltr'>verba</span> <span class='ocrx_word' id='word_1_630' title='bbox 3290 2496 3419 2536; x_wconf 87' lang='lat' dir='ltr'>mea</span> <span class='ocrx_word' id='word_1_631' title='bbox 3476 2481 3691 2552; x_wconf 83' lang='lat' dir='ltr'>(Jerem.</span> 
     </span>
    </p>
   </div>
   <div class='ocr_carea' id='block_1_86' title="bbox 2047 2565 3694 2640">
    <p class='ocr_par' dir='ltr' id='par_1_86' title="bbox 2047 2565 3694 2640">
     <span class='ocr_line' id='line_1_86' title="bbox 2047 2565 3694 2640; baseline 0.005 -22"><span class='ocrx_word' id='word_1_632' title='bbox 2047 2580 2208 2632; x_wconf 85' lang='lat' dir='ltr'>xvm,</span> <span class='ocrx_word' id='word_1_633' title='bbox 2241 2566 2317 2635; x_wconf 84' lang='lat'>2).</span> <span class='ocrx_word' id='word_1_634' title='bbox 2353 2565 2551 2637; x_wconf 85' lang='lat' dir='ltr'>Figulo</span> <span class='ocrx_word' id='word_1_635' title='bbox 2584 2567 2785 2639; x_wconf 90' lang='lat' dir='ltr'>utique</span> <span class='ocrx_word' id='word_1_636' title='bbox 2815 2585 2965 2640; x_wconf 79' lang='lat' dir='ltr'>saepe</span> <span class='ocrx_word' id='word_1_637' title='bbox 2996 2567 3374 2640; x_wconf 89' lang='lat' dir='ltr'>contingit,ut</span> <span class='ocrx_word' id='word_1_638' title='bbox 3413 2568 3556 2625; x_wconf 90' lang='lat' dir='ltr'>dum</span> <span class='ocrx_word' id='word_1_639' title='bbox 3592 2586 3694 2626; x_wconf 87' lang='lat' dir='ltr'>vas</span> 
     </span>
    </p>
   </div>
   <div class='ocr_carea' id='block_1_87' title="bbox 2050 2653 3696 2730">
    <p class='ocr_par' dir='ltr' id='par_1_87' title="bbox 2050 2653 3696 2730">
     <span class='ocr_line' id='line_1_87' title="bbox 2050 2653 3696 2730; baseline 0.004 -23"><span class='ocrx_word' id='word_1_640' title='bbox 2050 2653 2308 2725; x_wconf 82' lang='lat' dir='ltr'>fingitur,</span> <span class='ocrx_word' id='word_1_641' title='bbox 2335 2655 2505 2710; x_wconf 90' lang='lat' dir='ltr'>cadat</span> <span class='ocrx_word' id='word_1_642' title='bbox 2533 2656 2604 2713; x_wconf 83' lang='lat' dir='ltr'>de</span> <span class='ocrx_word' id='word_1_643' title='bbox 2635 2656 2908 2713; x_wconf 87' lang='lat' dir='ltr'>manibus</span> <span class='ocrx_word' id='word_1_644' title='bbox 2940 2657 3089 2727; x_wconf 90' lang='lat' dir='ltr'>ejus,</span> <span class='ocrx_word' id='word_1_645' title='bbox 3123 2662 3182 2713; x_wconf 93' lang='lat' dir='ltr'>et</span> <span class='ocrx_word' id='word_1_646' title='bbox 3211 2657 3425 2713; x_wconf 90' lang='lat' dir='ltr'>iterum</span> <span class='ocrx_word' id='word_1_647' title='bbox 3457 2656 3696 2730; x_wconf 82' lang='lat' dir='ltr'>colligat</span> 
     </span>
    </p>
   </div>
   <div class='ocr_carea' id='block_1_88' title="bbox 2047 2740 3693 2818">
    <p class='ocr_par' dir='ltr' id='par_1_88' title="bbox 2047 2740 3693 2818">
     <span class='ocr_line' id='line_1_88' title="bbox 2047 2740 3693 2818; baseline 0.004 -22"><span class='ocrx_word' id='word_1_648' title='bbox 2047 2740 2260 2805; x_wconf 91' lang='lat' dir='ltr'>lutum,</span> <span class='ocrx_word' id='word_1_649' title='bbox 2296 2748 2360 2797; x_wconf 90' lang='lat' dir='ltr'>ut</span> <span class='ocrx_word' id='word_1_650' title='bbox 2388 2760 2488 2798; x_wconf 89' lang='lat' dir='ltr'>vas</span> <span class='ocrx_word' id='word_1_651' title='bbox 2521 2744 3082 2818; x_wconf 86' lang='lat' dir='ltr'>reformet.Denique</span> <span class='ocrx_word' id='word_1_652' title='bbox 3111 2750 3168 2802; x_wconf 90' lang='lat' dir='ltr'>et</span> <span class='ocrx_word' id='word_1_653' title='bbox 3195 2744 3483 2802; x_wconf 83' lang='lat' dir='ltr'>Jeremias</span> <span class='ocrx_word' id='word_1_654' title='bbox 3511 2745 3654 2803; x_wconf 89' lang='lat' dir='ltr'>dicit</span> <span class='ocrx_word' id='word_1_655' title='bbox 3680 2764 3693 2802; x_wconf 91' lang='lat'><strong>:</strong></span> 
     </span>
    </p>
   </div>
   <div class='ocr_carea' id='block_1_89' title="bbox 2050 2830 3694 2907">
    <p class='ocr_par' dir='ltr' id='par_1_89' title="bbox 2050 2830 3694 2907">
     <span class='ocr_line' id='line_1_89' title="bbox 2050 2830 3694 2907; baseline 0.003 -22"><span class='ocrx_word' id='word_1_656' title='bbox 2050 2852 2077 2879; x_wconf 86' lang='lat'><strong>«</strong></span> <span class='ocrx_word' id='word_1_657' title='bbox 2111 2830 2414 2901; x_wconf 87' lang='lat' dir='ltr'>Descendi,</span> <span class='ocrx_word' id='word_1_658' title='bbox 2454 2837 2513 2888; x_wconf 91' lang='lat' dir='ltr'>et</span> <span class='ocrx_word' id='word_1_659' title='bbox 2556 2832 2675 2888; x_wconf 91' lang='lat' dir='ltr'>vidi</span> <span class='ocrx_word' id='word_1_660' title='bbox 2724 2850 2846 2905; x_wconf 93' lang='lat' dir='ltr'>quo-</span> <span class='ocrx_word' id='word_1_661' title='bbox 2891 2834 3063 2890; x_wconf 88' lang='lat' dir='ltr'>modo</span> <span class='ocrx_word' id='word_1_662' title='bbox 3111 2834 3320 2890; x_wconf 89' lang='lat' dir='ltr'>cecidit</span> <span class='ocrx_word' id='word_1_663' title='bbox 3364 2851 3488 2903; x_wconf 89' lang='lat' dir='ltr'>vas,</span> <span class='ocrx_word' id='word_1_664' title='bbox 3537 2835 3694 2907; x_wconf 90' lang='lat' dir='ltr'>quod</span> 
     </span>
    </p>
   </div>
   <div class='ocr_carea' id='block_1_90' title="bbox 2050 2919 3695 2993">
    <p class='ocr_par' dir='ltr' id='par_1_90' title="bbox 2050 2919 3695 2993">
     <span class='ocr_line' id='line_1_90' title="bbox 2050 2919 3695 2993; baseline 0.005 -21"><span class='ocrx_word' id='word_1_665' title='bbox 2050 2919 2175 2990; x_wconf 90' lang='lat' dir='ltr'>ipse</span> <span class='ocrx_word' id='word_1_666' title='bbox 2216 2919 2463 2975; x_wconf 87' lang='lat' dir='ltr'>faciebat</span> <span class='ocrx_word' id='word_1_667' title='bbox 2492 2920 2553 2975; x_wconf 91' lang='lat' dir='ltr'>in</span> <span class='ocrx_word' id='word_1_668' title='bbox 2586 2922 2860 2977; x_wconf 91' lang='lat' dir='ltr'>manibus</span> <span class='ocrx_word' id='word_1_669' title='bbox 2888 2923 3014 2978; x_wconf 91' lang='lat' dir='ltr'>suis</span> <span class='ocrx_word' id='word_1_670' title='bbox 3045 2923 3203 2993; x_wconf 81' lang='lat' dir='ltr'>(Ibid.</span> <span class='ocrx_word' id='word_1_671' title='bbox 3234 2924 3351 2992; x_wconf 83' lang='lat'>3).»</span> <span class='ocrx_word' id='word_1_672' title='bbox 3383 2922 3454 2978; x_wconf 89' lang='lat' dir='ltr'>Et</span> <span class='ocrx_word' id='word_1_673' title='bbox 3482 2923 3695 2980; x_wconf 87' lang='lat' dir='ltr'>iterum</span> 
     </span>
    </p>
   </div>
   <div class='ocr_carea' id='block_1_91' title="bbox 2050 3005 3697 3083">
    <p class='ocr_par' dir='ltr' id='par_1_91' title="bbox 2050 3005 3697 3083">
     <span class='ocr_line' id='line_1_91' title="bbox 2050 3005 3697 3083; baseline 0.004 -22"><span class='ocrx_word' id='word_1_674' title='bbox 2050 3005 2245 3078; x_wconf 90' lang='lat' dir='ltr'>inquit</span> <span class='ocrx_word' id='word_1_675' title='bbox 2295 3024 2307 3061; x_wconf 91' lang='lat'><strong>:</strong></span> <span class='ocrx_word' id='word_1_676' title='bbox 2356 3031 2382 3058; x_wconf 87' lang='grc'><strong>‹‹</strong></span> <span class='ocrx_word' id='word_1_677' title='bbox 2417 3009 2571 3065; x_wconf 91' lang='lat' dir='ltr'>Fecit</span> <span class='ocrx_word' id='word_1_678' title='bbox 2615 3026 2715 3065; x_wconf 92' lang='lat' dir='ltr'>vas</span> <span class='ocrx_word' id='word_1_679' title='bbox 2765 3010 2924 3067; x_wconf 91' lang='lat' dir='ltr'>aliud</span> <span class='ocrx_word' id='word_1_680' title='bbox 2978 3028 3099 3083; x_wconf 89' lang='lat' dir='ltr'>quo</span> <span class='ocrx_word' id='word_1_681' title='bbox 3158 3011 3333 3069; x_wconf 90' lang='lat' dir='ltr'>modo</span> <span class='ocrx_word' id='word_1_682' title='bbox 3385 3010 3607 3083; x_wconf 88' lang='lat' dir='ltr'>placuit</span> <span class='ocrx_word' id='word_1_683' title='bbox 3644 3012 3697 3068; x_wconf 90' lang='lat' dir='ltr'>ei</span> 
     </span>
    </p>
   </div>
   <div class='ocr_carea' id='block_1_92' title="bbox 2050 3096 3699 3173">
    <p class='ocr_par' dir='ltr' id='par_1_92' title="bbox 2050 3096 3699 3173">
     <span class='ocr_line' id='line_1_92' title="bbox 2050 3096 3699 3173; baseline 0.004 -24"><span class='ocrx_word' id='word_1_684' title='bbox 2050 3096 2211 3163; x_wconf 86' lang='lat' dir='ltr'>(Ibid.</span> <span class='ocrx_word' id='word_1_685' title='bbox 2270 3097 2346 3167; x_wconf 80' lang='grc'>4).</span> <span class='ocrx_word' id='word_1_686' title='bbox 2408 3118 2437 3147; x_wconf 84' lang='grc'><strong>››</strong></span> <span class='ocrx_word' id='word_1_687' title='bbox 2482 3097 2656 3154; x_wconf 84' lang='lat' dir='ltr'>Recte</span> <span class='ocrx_word' id='word_1_688' title='bbox 2702 3115 2839 3171; x_wconf 86' lang='lat' dir='ltr'>ergo</span> <span class='ocrx_word' id='word_1_689' title='bbox 2897 3104 3203 3172; x_wconf 85' lang='lat' dir='ltr'>susceptor</span> <span class='ocrx_word' id='word_1_690' title='bbox 3260 3099 3495 3165; x_wconf 86' lang='lat' dir='ltr'>dicitur,</span> <span class='ocrx_word' id='word_1_691' title='bbox 3558 3100 3699 3173; x_wconf 85' lang='lat' dir='ltr'>quia</span> 
     </span>
    </p>
   </div>
   <div class='ocr_carea' id='block_1_93' title="bbox 2051 3184 3690 3260">
    <p class='ocr_par' dir='ltr' id='par_1_93' title="bbox 2051 3184 3690 3260">
     <span class='ocr_line' id='line_1_93' title="bbox 2051 3184 3690 3260; baseline 0.003 -21"><span class='ocrx_word' id='word_1_692' title='bbox 2051 3184 2328 3241; x_wconf 89' lang='lat' dir='ltr'>manibus</span> <span class='ocrx_word' id='word_1_693' title='bbox 2375 3186 2499 3242; x_wconf 87' lang='lat' dir='ltr'>suis</span> <span class='ocrx_word' id='word_1_694' title='bbox 2549 3204 2655 3243; x_wconf 84' lang='lat' dir='ltr'>nos</span> <span class='ocrx_word' id='word_1_695' title='bbox 2712 3187 2838 3260; x_wconf 91' lang='lat' dir='ltr'>ipse</span> <span class='ocrx_word' id='word_1_696' title='bbox 2885 3189 3165 3260; x_wconf 85' lang='lat' dir='ltr'>suscepit,</span> <span class='ocrx_word' id='word_1_697' title='bbox 3214 3188 3339 3260; x_wconf 88' lang='lat' dir='ltr'>ipse</span> <span class='ocrx_word' id='word_1_698' title='bbox 3398 3188 3690 3245; x_wconf 77' lang='lat' dir='ltr'>formavit.</span> 
     </span>
    </p>
   </div>
   <div class='ocr_carea' id='block_1_94' title="bbox 2052 3272 3694 3347">
    <p class='ocr_par' dir='ltr' id='par_1_94' title="bbox 2052 3272 3694 3347">
     <span class='ocr_line' id='line_1_94' title="bbox 2052 3272 3694 3347; baseline 0.004 -20"><span class='ocrx_word' id='word_1_699' title='bbox 2052 3272 2305 3328; x_wconf 87' lang='lat' dir='ltr'>Humani</span> <span class='ocrx_word' id='word_1_700' title='bbox 2364 3274 2527 3347; x_wconf 80' lang='lat' dir='ltr'>figuli</span> <span class='ocrx_word' id='word_1_701' title='bbox 2577 3293 2717 3333; x_wconf 89' lang='lat' dir='ltr'>vasa</span> <span class='ocrx_word' id='word_1_702' title='bbox 2762 3281 2902 3333; x_wconf 89' lang='lat' dir='ltr'>sunt</span> <span class='ocrx_word' id='word_1_703' title='bbox 2943 3277 3063 3345; x_wconf 88' lang='lat' dir='ltr'>illa,</span> <span class='ocrx_word' id='word_1_704' title='bbox 3114 3277 3227 3333; x_wconf 87' lang='lat' dir='ltr'>alia</span> <span class='ocrx_word' id='word_1_705' title='bbox 3282 3278 3342 3332; x_wconf 89' lang='lat' dir='ltr'>in</span> <span class='ocrx_word' id='word_1_706' title='bbox 3389 3277 3694 3347; x_wconf 85' lang='lat' dir='ltr'>honorem,</span> 
     </span>
    </p>
   </div>
   <div class='ocr_carea' id='block_1_95' title="bbox 2052 3359 3696 3424">
    <p class='ocr_par' dir='ltr' id='par_1_95' title="bbox 2052 3359 3696 3424">
     <span class='ocr_line' id='line_1_95' title="bbox 2052 3359 3696 3424; baseline 0.004 -8"><span class='ocrx_word' id='word_1_707' title='bbox 2052 3359 2169 3417; x_wconf 89' lang='lat' dir='ltr'>alia</span> <span class='ocrx_word' id='word_1_708' title='bbox 2197 3362 2256 3417; x_wconf 88' lang='lat' dir='ltr'>in</span> <span class='ocrx_word' id='word_1_709' title='bbox 2288 3363 2723 3420; x_wconf 89' lang='lat' dir='ltr'>contumeliam.</span> <span class='ocrx_word' id='word_1_710' title='bbox 2759 3368 2975 3422; x_wconf 81' lang='lat' dir='ltr'>Omnes</span> <span class='ocrx_word' id='word_1_711' title='bbox 3006 3382 3215 3422; x_wconf 88' lang='lat' dir='ltr'>sumus</span> <span class='ocrx_word' id='word_1_712' title='bbox 3262 3383 3401 3422; x_wconf 90' lang='lat' dir='ltr'>vasa</span> <span class='ocrx_word' id='word_1_713' title='bbox 3447 3366 3650 3424; x_wconf 76' lang='lat' dir='ltr'>ﬁctilia</span> <span class='ocrx_word' id='word_1_714' title='bbox 3683 3384 3696 3423; x_wconf 91' lang='lat'>:</span> 
     </span>
    </p>
   </div>
   <div class='ocr_carea' id='block_1_96' title="bbox 2051 3450 3696 3529">
    <p class='ocr_par' dir='ltr' id='par_1_96' title="bbox 2051 3450 3696 3529">
     <span class='ocr_line' id='line_1_96' title="bbox 2051 3450 3696 3529; baseline 0.004 -24"><span class='ocrx_word' id='word_1_715' title='bbox 2051 3456 2110 3505; x_wconf 91' lang='lat' dir='ltr'>et</span> <span class='ocrx_word' id='word_1_716' title='bbox 2139 3450 2188 3506; x_wconf 90' lang='lat' dir='ltr'>si</span> <span class='ocrx_word' id='word_1_717' title='bbox 2219 3467 2316 3507; x_wconf 90' lang='lat' dir='ltr'>rex</span> <span class='ocrx_word' id='word_1_718' title='bbox 2345 3451 2419 3508; x_wconf 89' lang='lat' dir='ltr'>sit</span> <span class='ocrx_word' id='word_1_719' title='bbox 2448 3452 2685 3525; x_wconf 87' lang='lat' dir='ltr'>aliquis,</span> <span class='ocrx_word' id='word_1_720' title='bbox 2716 3471 2820 3510; x_wconf 90' lang='lat' dir='ltr'>vas</span> <span class='ocrx_word' id='word_1_721' title='bbox 2852 3454 3028 3510; x_wconf 82' lang='lat' dir='ltr'>fictile</span> <span class='ocrx_word' id='word_1_722' title='bbox 3054 3460 3175 3523; x_wconf 88' lang='lat' dir='ltr'>est;</span> <span class='ocrx_word' id='word_1_723' title='bbox 3210 3459 3267 3512; x_wconf 89' lang='lat' dir='ltr'>et</span> <span class='ocrx_word' id='word_1_724' title='bbox 3295 3455 3344 3512; x_wconf 92' lang='lat' dir='ltr'>si</span> <span class='ocrx_word' id='word_1_725' title='bbox 3376 3455 3696 3529; x_wconf 87' lang='lat' dir='ltr'>apostolus,</span> 
     </span>
    </p>
   </div>
   <div class='ocr_carea' id='block_1_97' title="bbox 2051 3539 3695 3611">
    <p class='ocr_par' dir='ltr' id='par_1_97' title="bbox 2051 3539 3695 3611">
     <span class='ocr_line' id='line_1_97' title="bbox 2051 3539 3695 3611; baseline 0.005 -19"><span class='ocrx_word' id='word_1_726' title='bbox 2051 3555 2152 3593; x_wconf 86' lang='lat' dir='ltr'>vas</span> <span class='ocrx_word' id='word_1_727' title='bbox 2212 3539 2390 3595; x_wconf 80' lang='lat' dir='ltr'>fictile</span> <span class='ocrx_word' id='word_1_728' title='bbox 2447 3547 2553 3597; x_wconf 89' lang='lat' dir='ltr'>est.</span> <span class='ocrx_word' id='word_1_729' title='bbox 2617 3543 2779 3598; x_wconf 86' lang='lat' dir='ltr'>Unde</span> <span class='ocrx_word' id='word_1_730' title='bbox 2838 3547 2895 3598; x_wconf 91' lang='lat' dir='ltr'>et</span> <span class='ocrx_word' id='word_1_731' title='bbox 2958 3543 3173 3600; x_wconf 88' lang='lat' dir='ltr'>Paulus</span> <span class='ocrx_word' id='word_1_732' title='bbox 3222 3562 3235 3600; x_wconf 76' lang='grc' dir='ltr'>ε</span> <span class='ocrx_word' id='word_1_733' title='bbox 3302 3568 3323 3593; x_wconf 73' lang='grc' dir='ltr'>ι</span> <span class='ocrx_word' id='word_1_734' title='bbox 3378 3545 3695 3611; x_wconf 88' lang='lat' dir='ltr'>Habemus,</span> 
     </span>
    </p>
   </div>
   <div class='ocr_carea' id='block_1_98' title="bbox 2054 3626 3698 3707">
    <p class='ocr_par' dir='ltr' id='par_1_98' title="bbox 2054 3626 3698 3707">
     <span class='ocr_line' id='line_1_98' title="bbox 2054 3626 3698 3707; baseline 0.004 -26"><span class='ocrx_word' id='word_1_735' title='bbox 2054 3626 2265 3699; x_wconf 90' lang='lat' dir='ltr'>inquit,</span> <span class='ocrx_word' id='word_1_736' title='bbox 2324 3627 2668 3707; x_wconf 84' lang='lat' dir='ltr'>thesaurum</span> <span class='ocrx_word' id='word_1_737' title='bbox 2728 3632 2908 3687; x_wconf 88' lang='lat' dir='ltr'>istum</span> <span class='ocrx_word' id='word_1_738' title='bbox 2968 3632 3027 3687; x_wconf 92' lang='lat' dir='ltr'>in</span> <span class='ocrx_word' id='word_1_739' title='bbox 3086 3634 3242 3697; x_wconf 83' lang='lat' dir='ltr'>vasis</span> <span class='ocrx_word' id='word_1_740' title='bbox 3300 3633 3579 3690; x_wconf 82' lang='lat' dir='ltr'>ﬁctilibus</span> <span class='ocrx_word' id='word_1_741' title='bbox 3630 3634 3698 3707; x_wconf 91' lang='lat' dir='ltr'>(II</span> 
     </span>
    </p>
   </div>
   <div class='ocr_carea' id='block_1_99' title="bbox 2054 3706 3697 3795">
    <p class='ocr_par' dir='ltr' id='par_1_99' title="bbox 2054 3706 3697 3795">
     <span class='ocr_line' id='line_1_99' title="bbox 2054 3706 3697 3795; baseline 0.006 -25"><span class='ocrx_word' id='word_1_742' title='bbox 2054 3716 2174 3771; x_wconf 85' lang='lat' dir='ltr'>Cor.</span> <span class='ocrx_word' id='word_1_743' title='bbox 2224 3733 2295 3782; x_wconf 79' lang='grc' dir='ltr'>ιν,</span> <span class='ocrx_word' id='word_1_744' title='bbox 2342 3706 2422 3788; x_wconf 67' lang='grc' dir='ltr'>ὶ7).</span> <span class='ocrx_word' id='word_1_745' title='bbox 2460 3740 2488 3767; x_wconf 92' lang='grc'>››</span> <span class='ocrx_word' id='word_1_746' title='bbox 2520 3718 2588 3774; x_wconf 87' lang='lat' dir='ltr'>Et</span> <span class='ocrx_word' id='word_1_747' title='bbox 2634 3720 2918 3793; x_wconf 86' lang='lat' dir='ltr'>propheta</span> <span class='ocrx_word' id='word_1_748' title='bbox 2946 3721 3018 3776; x_wconf 90' lang='lat' dir='ltr'>de</span> <span class='ocrx_word' id='word_1_749' title='bbox 3048 3738 3181 3795; x_wconf 83' lang='lat' dir='ltr'>rege</span> <span class='ocrx_word' id='word_1_750' title='bbox 3212 3721 3353 3777; x_wconf 90' lang='lat' dir='ltr'>dicit</span> <span class='ocrx_word' id='word_1_751' title='bbox 3385 3741 3398 3777; x_wconf 94' lang='lat'>:</span> <span class='ocrx_word' id='word_1_752' title='bbox 3433 3746 3459 3773; x_wconf 85' lang='grc'>‹‹</span> <span class='ocrx_word' id='word_1_753' title='bbox 3485 3706 3697 3795; x_wconf 84' lang='lat' dir='ltr'>Depre-</span> 
     </span>
    </p>
   </div>
   <div class='ocr_carea' id='block_1_100' title="bbox 2054 3804 3698 3883">
    <p class='ocr_par' dir='ltr' id='par_1_100' title="bbox 2054 3804 3698 3883">
     <span class='ocr_line' id='line_1_100' title="bbox 2054 3804 3698 3883; baseline 0.005 -24"><span class='ocrx_word' id='word_1_754' title='bbox 2054 3804 2233 3861; x_wconf 88' lang='lat' dir='ltr'>tiatus</span> <span class='ocrx_word' id='word_1_755' title='bbox 2280 3811 2369 3861; x_wconf 87' lang='lat' dir='ltr'>est</span> <span class='ocrx_word' id='word_1_756' title='bbox 2414 3806 2722 3863; x_wconf 84' lang='lat' dir='ltr'>Jechonias</span> <span class='ocrx_word' id='word_1_757' title='bbox 2779 3810 2931 3864; x_wconf 89' lang='lat' dir='ltr'>sicut</span> <span class='ocrx_word' id='word_1_758' title='bbox 2976 3825 3098 3873; x_wconf 85' lang='lat' dir='ltr'>vas,</span> <span class='ocrx_word' id='word_1_759' title='bbox 3134 3811 3302 3881; x_wconf 88' lang='lat' dir='ltr'>cujus</span> <span class='ocrx_word' id='word_1_760' title='bbox 3351 3827 3528 3883; x_wconf 91' lang='lat' dir='ltr'>opera</span> <span class='ocrx_word' id='word_1_761' title='bbox 3583 3829 3698 3867; x_wconf 88' lang='lat' dir='ltr'>non</span> 
     </span>
    </p>
   </div>
   <div class='ocr_carea' id='block_1_101' title="bbox 2053 3896 3696 3966">
    <p class='ocr_par' dir='ltr' id='par_1_101' title="bbox 2053 3896 3696 3966">
     <span class='ocr_line' id='line_1_101' title="bbox 2053 3896 3696 3966; baseline 0.003 -17"><span class='ocrx_word' id='word_1_762' title='bbox 2053 3899 2143 3949; x_wconf 90' lang='lat' dir='ltr'>est</span> <span class='ocrx_word' id='word_1_763' title='bbox 2181 3896 2512 3951; x_wconf 86' lang='lat' dir='ltr'>necessaria</span> <span class='ocrx_word' id='word_1_764' title='bbox 2560 3896 2781 3966; x_wconf 83' lang='lat' dir='ltr'>(Jerem.</span> <span class='ocrx_word' id='word_1_765' title='bbox 2832 3915 2970 3961; x_wconf 85' lang='lat' dir='ltr'>xxu,</span> <span class='ocrx_word' id='word_1_766' title='bbox 3021 3899 3134 3963; x_wconf 85' lang='lat'>28).</span> <span class='ocrx_word' id='word_1_767' title='bbox 3188 3920 3216 3946; x_wconf 85' lang='lat'>»</span> <span class='ocrx_word' id='word_1_768' title='bbox 3265 3898 3335 3952; x_wconf 88' lang='lat' dir='ltr'>Et</span> <span class='ocrx_word' id='word_1_769' title='bbox 3392 3899 3616 3954; x_wconf 90' lang='lat' dir='ltr'>addidit</span> <span class='ocrx_word' id='word_1_770' title='bbox 3684 3917 3696 3954; x_wconf 89' lang='lat'><strong>:</strong></span> 
     </span>
    </p>
   </div>
   <div class='ocr_carea' id='block_1_102' title="bbox 2055 3985 3697 4053">
    <p class='ocr_par' dir='ltr' id='par_1_102' title="bbox 2055 3985 3697 4053">
     <span class='ocr_line' id='line_1_102' title="bbox 2055 3985 3697 4053; baseline 0.003 -16"><span class='ocrx_word' id='word_1_771' title='bbox 2055 4004 2083 4032; x_wconf 87' lang='lat'><strong><em>«</em></strong></span> <span class='ocrx_word' id='word_1_772' title='bbox 2151 3985 2347 4051; x_wconf 90' lang='lat' dir='ltr'>Terra,</span> <span class='ocrx_word' id='word_1_773' title='bbox 2411 3985 2548 4040; x_wconf 88' lang='lat' dir='ltr'>audi</span> <span class='ocrx_word' id='word_1_774' title='bbox 2606 3986 2845 4041; x_wconf 86' lang='lat' dir='ltr'>verbum</span> <span class='ocrx_word' id='word_1_775' title='bbox 2912 3986 3165 4053; x_wconf 90' lang='lat' dir='ltr'>Domini,</span> <span class='ocrx_word' id='word_1_776' title='bbox 3248 3986 3439 4042; x_wconf 89' lang='lat' dir='ltr'>scribe</span> <span class='ocrx_word' id='word_1_777' title='bbox 3508 3987 3697 4042; x_wconf 89' lang='lat' dir='ltr'>virum</span> 
     </span>
    </p>
   </div>
   <div class='ocr_carea' id='block_1_103' title="bbox 2051 4070 3696 4146">
    <p class='ocr_par' dir='ltr' id='par_1_103' title="bbox 2051 4070 3696 4146">
     <span class='ocr_line' id='line_1_103' title="bbox 2051 4070 3696 4146; baseline 0.003 -21"><span class='ocrx_word' id='word_1_778' title='bbox 2051 4070 2232 4127; x_wconf 88' lang='lat' dir='ltr'>istum</span> <span class='ocrx_word' id='word_1_779' title='bbox 2289 4073 2625 4130; x_wconf 88' lang='lat' dir='ltr'>abdicatum</span> <span class='ocrx_word' id='word_1_780' title='bbox 2676 4075 2833 4146; x_wconf 86' lang='lat' dir='ltr'>(Ibid.</span> <span class='ocrx_word' id='word_1_781' title='bbox 2896 4092 3033 4144; x_wconf 86' lang='lat' dir='ltr'>xxn,</span> <span class='ocrx_word' id='word_1_782' title='bbox 3099 4076 3189 4141; x_wconf 83' lang='lat'>29,</span> <span class='ocrx_word' id='word_1_783' title='bbox 3258 4076 3368 4143; x_wconf 82' lang='lat'>30).</span> <span class='ocrx_word' id='word_1_784' title='bbox 3433 4097 3462 4126; x_wconf 86' lang='grc'><strong>››</strong></span> <span class='ocrx_word' id='word_1_785' title='bbox 3520 4075 3696 4138; x_wconf 88' lang='lat' dir='ltr'>Quasi</span> 
     </span>
    </p>
   </div>
   <div class='ocr_carea' id='block_1_104' title="bbox 2053 4161 3696 4236">
    <p class='ocr_par' dir='ltr' id='par_1_104' title="bbox 2053 4161 3696 4236">
     <span class='ocr_line' id='line_1_104' title="bbox 2053 4161 3696 4236; baseline 0.003 -22"><span class='ocrx_word' id='word_1_786' title='bbox 2053 4161 2240 4231; x_wconf 88' lang='lat' dir='ltr'>patrio</span> <span class='ocrx_word' id='word_1_787' title='bbox 2263 4163 2397 4232; x_wconf 89' lang='lat' dir='ltr'>jure</span> <span class='ocrx_word' id='word_1_788' title='bbox 2429 4162 2584 4219; x_wconf 88' lang='lat' dir='ltr'>Deus</span> <span class='ocrx_word' id='word_1_789' title='bbox 2614 4169 2814 4219; x_wconf 91' lang='lat' dir='ltr'>noster</span> <span class='ocrx_word' id='word_1_790' title='bbox 2865 4164 3015 4219; x_wconf 79' lang='lat' dir='ltr'>filios</span> <span class='ocrx_word' id='word_1_791' title='bbox 3052 4164 3199 4220; x_wconf 90' lang='lat' dir='ltr'>solet</span> <span class='ocrx_word' id='word_1_792' title='bbox 3229 4164 3498 4220; x_wconf 86' lang='lat' dir='ltr'>abdicare</span> <span class='ocrx_word' id='word_1_793' title='bbox 3526 4165 3696 4236; x_wconf 84' lang='lat' dir='ltr'>dege-</span> 
     </span>
    </p>
   </div>
   <div class='ocr_carea' id='block_1_105' title="bbox 2053 4250 3695 4325">
    <p class='ocr_par' dir='ltr' id='par_1_105' title="bbox 2053 4250 3695 4325">
     <span class='ocr_line' id='line_1_105' title="bbox 2053 4250 3695 4325; baseline 0.003 -21"><span class='ocrx_word' id='word_1_794' title='bbox 2053 4266 2255 4318; x_wconf 90' lang='lat' dir='ltr'>neres;</span> <span class='ocrx_word' id='word_1_795' title='bbox 2286 4250 2414 4307; x_wconf 92' lang='lat' dir='ltr'>ideo</span> <span class='ocrx_word' id='word_1_796' title='bbox 2446 4256 2504 4308; x_wconf 89' lang='lat' dir='ltr'>et</span> <span class='ocrx_word' id='word_1_797' title='bbox 2535 4253 2591 4306; x_wconf 86' lang='lat' dir='ltr'>in</span> <span class='ocrx_word' id='word_1_798' title='bbox 2625 4258 2780 4309; x_wconf 88' lang='lat' dir='ltr'>terra</span> <span class='ocrx_word' id='word_1_799' title='bbox 2821 4270 2920 4310; x_wconf 91' lang='lat' dir='ltr'>eos</span> <span class='ocrx_word' id='word_1_800' title='bbox 2968 4253 3192 4320; x_wconf 88' lang='lat' dir='ltr'>scribit,</span> <span class='ocrx_word' id='word_1_801' title='bbox 3227 4253 3367 4325; x_wconf 89' lang='lat' dir='ltr'>quia</span> <span class='ocrx_word' id='word_1_802' title='bbox 3398 4253 3499 4309; x_wconf 87' lang='lat' dir='ltr'>lilii</span> <span class='ocrx_word' id='word_1_803' title='bbox 3530 4257 3695 4309; x_wconf 71' lang='lat' dir='ltr'>terra:</span> 
     </span>
    </p>
   </div>
   <div class='ocr_carea' id='block_1_106' title="bbox 2050 4339 3697 4410">
    <p class='ocr_par' dir='ltr' id='par_1_106' title="bbox 2050 4339 3697 4410">
     <span class='ocr_line' id='line_1_106' title="bbox 2050 4339 3697 4410; baseline 0.003 -16"><span class='ocrx_word' id='word_1_804' title='bbox 2050 4339 2387 4395; x_wconf 89' lang='lat' dir='ltr'>suut.Unde</span> <span class='ocrx_word' id='word_1_805' title='bbox 2418 4357 2552 4397; x_wconf 89' lang='lat' dir='ltr'>cum</span> <span class='ocrx_word' id='word_1_806' title='bbox 2582 4342 2768 4396; x_wconf 63' lang='grc' dir='ltr'>διιόωὶ</span> <span class='ocrx_word' id='word_1_807' title='bbox 2811 4346 3153 4397; x_wconf 87' lang='lat' dir='ltr'>accusarent</span> <span class='ocrx_word' id='word_1_808' title='bbox 3200 4340 3548 4410; x_wconf 87' lang='lat' dir='ltr'>adulteram,</span> <span class='ocrx_word' id='word_1_809' title='bbox 3584 4347 3697 4399; x_wconf 86' lang='lat' dir='ltr'>Do-</span> 
     </span>
    </p>
   </div>
   <div class='ocr_carea' id='block_1_107' title="bbox 2050 4427 3698 4502">
    <p class='ocr_par' dir='ltr' id='par_1_107' title="bbox 2050 4427 3698 4502">
     <span class='ocr_line' id='line_1_107' title="bbox 2050 4427 3698 4502; baseline 0.004 -21"><span class='ocrx_word' id='word_1_810' title='bbox 2050 4427 2248 4483; x_wconf 89' lang='lat' dir='ltr'>minus</span> <span class='ocrx_word' id='word_1_811' title='bbox 2276 4429 2448 4486; x_wconf 88' lang='lat' dir='ltr'>Jesus</span> <span class='ocrx_word' id='word_1_812' title='bbox 2475 4429 2659 4502; x_wconf 91' lang='lat' dir='ltr'>digito</span> <span class='ocrx_word' id='word_1_813' title='bbox 2689 4430 2982 4485; x_wconf 87' lang='lat' dir='ltr'>scribebat</span> <span class='ocrx_word' id='word_1_814' title='bbox 3011 4432 3069 4487; x_wconf 87' lang='lat' dir='ltr'>in</span> <span class='ocrx_word' id='word_1_815' title='bbox 3105 4435 3278 4486; x_wconf 91' lang='lat' dir='ltr'>terra.</span> <span class='ocrx_word' id='word_1_816' title='bbox 3310 4430 3464 4486; x_wconf 79' lang='lat' dir='ltr'>Justi</span> <span class='ocrx_word' id='word_1_817' title='bbox 3501 4434 3698 4488; x_wconf 87' lang='lat' dir='ltr'>autem</span> 
     </span>
    </p>
   </div>
   <div class='ocr_carea' id='block_1_108' title="bbox 2051 4517 3695 4590">
    <p class='ocr_par' dir='ltr' id='par_1_108' title="bbox 2051 4517 3695 4590">
     <span class='ocr_line' id='line_1_108' title="bbox 2051 4517 3695 4590; baseline 0.003 -19"><span class='ocrx_word' id='word_1_818' title='bbox 2051 4533 2167 4573; x_wconf 91' lang='lat' dir='ltr'>non</span> <span class='ocrx_word' id='word_1_819' title='bbox 2198 4517 2255 4572; x_wconf 87' lang='lat' dir='ltr'>in</span> <span class='ocrx_word' id='word_1_820' title='bbox 2288 4522 2442 4574; x_wconf 86' lang='lat' dir='ltr'>terra</span> <span class='ocrx_word' id='word_1_821' title='bbox 2471 4517 2826 4584; x_wconf 78' lang='lat' dir='ltr'>scribuntur,</span> <span class='ocrx_word' id='word_1_822' title='bbox 2860 4518 3077 4590; x_wconf 86' lang='lat' dir='ltr'>quibus</span> <span class='ocrx_word' id='word_1_823' title='bbox 3106 4518 3323 4576; x_wconf 89' lang='lat' dir='ltr'>dicitur</span> <span class='ocrx_word' id='word_1_824' title='bbox 3355 4537 3367 4575; x_wconf 89' lang='lat'>:</span> <span class='ocrx_word' id='word_1_825' title='bbox 3402 4542 3431 4572; x_wconf 83' lang='lat'>«</span> <span class='ocrx_word' id='word_1_826' title='bbox 3464 4520 3695 4576; x_wconf 79' lang='lat' dir='ltr'>Gaude-</span> 
     </span>
    </p>
   </div>
   <div class='ocr_carea' id='block_1_109' title="bbox 1877 4584 3691 4681">
    <p class='ocr_par' dir='ltr' id='par_1_109' title="bbox 1877 4584 3691 4681">
     <span class='ocr_line' id='line_1_109' title="bbox 1877 4584 3691 4681; baseline 0.002 -20"><span class='ocrx_word' id='word_1_827' title='bbox 1877 4584 1936 4636; x_wconf 69' lang='lat' dir='ltr'>et</span> <span class='ocrx_word' id='word_1_828' title='bbox 1972 4605 2018 4668; x_wconf 85' lang='grc' dir='ltr'>Ι)</span> <span class='ocrx_word' id='word_1_829' title='bbox 2048 4609 2105 4661; x_wconf 89' lang='lat' dir='ltr'>te</span> <span class='ocrx_word' id='word_1_830' title='bbox 2135 4608 2293 4678; x_wconf 91' lang='lat' dir='ltr'>quod</span> <span class='ocrx_word' id='word_1_831' title='bbox 2323 4608 2565 4663; x_wconf 90' lang='lat' dir='ltr'>nomina</span> <span class='ocrx_word' id='word_1_832' title='bbox 2592 4614 2785 4664; x_wconf 89' lang='lat' dir='ltr'>vestra</span> <span class='ocrx_word' id='word_1_833' title='bbox 2833 4584 3055 4681; x_wconf 73' lang='lat' dir='ltr'>scripta</span> <span class='ocrx_word' id='word_1_834' title='bbox 3101 4613 3242 4664; x_wconf 87' lang='lat' dir='ltr'>sunt</span> <span class='ocrx_word' id='word_1_835' title='bbox 3274 4608 3335 4665; x_wconf 91' lang='lat' dir='ltr'>in</span> <span class='ocrx_word' id='word_1_836' title='bbox 3367 4611 3509 4666; x_wconf 71' lang='lat' dir='ltr'>coelo</span> <span class='ocrx_word' id='word_1_837' title='bbox 3541 4610 3691 4681; x_wconf 84' lang='lat' dir='ltr'>(Luc.</span> 
     </span>
    </p>
   </div>
   <div class='ocr_carea' id='block_1_110' title="bbox 2051 4696 2318 4766">
    <p class='ocr_par' dir='ltr' id='par_1_110' title="bbox 2051 4696 2318 4766">
     <span class='ocr_line' id='line_1_110' title="bbox 2051 4696 2318 4766; baseline -0.022 -15"><span class='ocrx_word' id='word_1_838' title='bbox 2051 4712 2106 4760; x_wconf 86' lang='lat' dir='ltr'>x,</span> <span class='ocrx_word' id='word_1_839' title='bbox 2138 4696 2250 4766; x_wconf 84' lang='lat'>20).</span> <span class='ocrx_word' id='word_1_840' title='bbox 2290 4718 2318 4746; x_wconf 84' lang='grc'>››</span> 
     </span>
    </p>
   </div>
   <div class='ocr_carea' id='block_1_111' title="bbox 2118 4794 3698 4868">
    <p class='ocr_par' dir='ltr' id='par_1_111' title="bbox 2118 4794 3698 4868">
     <span class='ocr_line' id='line_1_111' title="bbox 2118 4794 3698 4868; baseline 0.002 -21"><span class='ocrx_word' id='word_1_841' title='bbox 2118 4795 2207 4848; x_wconf 82' lang='grc'>21.</span> <span class='ocrx_word' id='word_1_842' title='bbox 2266 4794 2536 4864; x_wconf 87' lang='lat' dir='ltr'>Suscepit</span> <span class='ocrx_word' id='word_1_843' title='bbox 2581 4810 2718 4867; x_wconf 85' lang='lat' dir='ltr'>ergo</span> <span class='ocrx_word' id='word_1_844' title='bbox 2770 4812 2880 4851; x_wconf 86' lang='lat' dir='ltr'>nos</span> <span class='ocrx_word' id='word_1_845' title='bbox 2928 4797 3235 4864; x_wconf 86' lang='lat' dir='ltr'>Dominus,</span> <span class='ocrx_word' id='word_1_846' title='bbox 3287 4795 3522 4868; x_wconf 88' lang='lat' dir='ltr'>quando</span> <span class='ocrx_word' id='word_1_847' title='bbox 3590 4810 3698 4850; x_wconf 89' lang='lat' dir='ltr'>nos</span> 
     </span>
    </p>
   </div>
   <div class='ocr_carea' id='block_1_112' title="bbox 2050 4881 3697 4955">
    <p class='ocr_par' dir='ltr' id='par_1_112' title="bbox 2050 4881 3697 4955">
     <span class='ocr_line' id='line_1_112' title="bbox 2050 4881 3697 4955; baseline 0 -19"><span class='ocrx_word' id='word_1_848' title='bbox 2050 4882 2216 4937; x_wconf 83' lang='lat' dir='ltr'>finxit</span> <span class='ocrx_word' id='word_1_849' title='bbox 2249 4898 2261 4936; x_wconf 92' lang='lat'>:</span> <span class='ocrx_word' id='word_1_850' title='bbox 2295 4881 2547 4949; x_wconf 90' lang='lat' dir='ltr'>suscipit</span> <span class='ocrx_word' id='word_1_851' title='bbox 2575 4888 2633 4938; x_wconf 91' lang='lat' dir='ltr'>et</span> <span class='ocrx_word' id='word_1_852' title='bbox 2662 4885 2898 4955; x_wconf 89' lang='lat' dir='ltr'>quando</span> <span class='ocrx_word' id='word_1_853' title='bbox 2950 4902 3056 4941; x_wconf 89' lang='lat' dir='ltr'>nos</span> <span class='ocrx_word' id='word_1_854' title='bbox 3097 4885 3269 4955; x_wconf 85' lang='lat' dir='ltr'>jubet</span> <span class='ocrx_word' id='word_1_855' title='bbox 3296 4882 3479 4939; x_wconf 89' lang='lat' dir='ltr'>nasci.</span> <span class='ocrx_word' id='word_1_856' title='bbox 3534 4881 3697 4937; x_wconf 90' lang='lat' dir='ltr'>Unde</span> 
     </span>
    </p>
   </div>
   <div class='ocr_carea' id='block_1_113' title="bbox 2049 4970 3698 5045">
    <p class='ocr_par' dir='ltr' id='par_1_113' title="bbox 2049 4970 3698 5045">
     <span class='ocr_line' id='line_1_113' title="bbox 2049 4970 3698 5045; baseline 0.001 -19"><span class='ocrx_word' id='word_1_857' title='bbox 2049 4971 2131 5027; x_wconf 89' lang='lat' dir='ltr'>ait</span> <span class='ocrx_word' id='word_1_858' title='bbox 2175 4973 2377 5042; x_wconf 84' lang='lat' dir='ltr'>justus</span> <span class='ocrx_word' id='word_1_859' title='bbox 2409 5013 2422 5026; x_wconf 94' lang='lat'>.</span> <span class='ocrx_word' id='word_1_860' title='bbox 2475 4994 2501 5022; x_wconf 87' lang='grc'><em>‹‹</em></span> <span class='ocrx_word' id='word_1_861' title='bbox 2535 4972 2804 5045; x_wconf 87' lang='lat' dir='ltr'>Suscepit</span> <span class='ocrx_word' id='word_1_862' title='bbox 2846 4990 2940 5029; x_wconf 86' lang='lat' dir='ltr'>me</span> <span class='ocrx_word' id='word_1_863' title='bbox 2982 4991 3051 5030; x_wconf 89' lang='lat' dir='ltr'>ex</span> <span class='ocrx_word' id='word_1_864' title='bbox 3099 4977 3262 5028; x_wconf 90' lang='lat' dir='ltr'>utero</span> <span class='ocrx_word' id='word_1_865' title='bbox 3310 4970 3515 5027; x_wconf 87' lang='lat' dir='ltr'>matris</span> <span class='ocrx_word' id='word_1_866' title='bbox 3554 4987 3698 5027; x_wconf 69' lang='lat' dir='ltr'>meae</span> 
     </span>
    </p>
   </div>
   <div class='ocr_carea' id='block_1_114' title="bbox 2049 5058 3695 5134">
    <p class='ocr_par' dir='ltr' id='par_1_114' title="bbox 2049 5058 3695 5134">
     <span class='ocr_line' id='line_1_114' title="bbox 2049 5058 3695 5134; baseline 0 -19"><span class='ocrx_word' id='word_1_867' title='bbox 2049 5061 2218 5131; x_wconf 85' lang='lat' dir='ltr'>(Psal.</span> <span class='ocrx_word' id='word_1_868' title='bbox 2271 5077 2535 5129; x_wconf 85' lang='lat' dir='ltr'>cxxxvm,</span> <span class='ocrx_word' id='word_1_869' title='bbox 2592 5063 2700 5134; x_wconf 89' lang='grc'>13).</span> <span class='ocrx_word' id='word_1_870' title='bbox 2759 5086 2781 5113; x_wconf 72' lang='grc' dir='ltr'>ι</span> <span class='ocrx_word' id='word_1_871' title='bbox 2830 5063 3010 5133; x_wconf 87' lang='lat' dir='ltr'>Cujus</span> <span class='ocrx_word' id='word_1_872' title='bbox 3061 5060 3314 5116; x_wconf 87' lang='lat' dir='ltr'>matris?</span> <span class='ocrx_word' id='word_1_873' title='bbox 3344 5058 3695 5131; x_wconf 85' lang='lat' dir='ltr'>Priusquam</span> 
     </span>
    </p>
   </div>
   <div class='ocr_carea' id='block_1_115' title="bbox 2049 5149 3696 5221">
    <p class='ocr_par' dir='ltr' id='par_1_115' title="bbox 2049 5149 3696 5221">
     <span class='ocr_line' id='line_1_115' title="bbox 2049 5149 3696 5221; baseline -0.001 -16"><span class='ocrx_word' id='word_1_874' title='bbox 2049 5154 2104 5206; x_wconf 87' lang='lat' dir='ltr'>te</span> <span class='ocrx_word' id='word_1_875' title='bbox 2136 5151 2448 5205; x_wconf 85' lang='lat' dir='ltr'>formarem</span> <span class='ocrx_word' id='word_1_876' title='bbox 2481 5151 2540 5205; x_wconf 91' lang='lat' dir='ltr'>in</span> <span class='ocrx_word' id='word_1_877' title='bbox 2573 5157 2758 5215; x_wconf 84' lang='lat' dir='ltr'>utero,</span> <span class='ocrx_word' id='word_1_878' title='bbox 2792 5151 2922 5206; x_wconf 87' lang='lat' dir='ltr'>novi</span> <span class='ocrx_word' id='word_1_879' title='bbox 2950 5156 3007 5205; x_wconf 88' lang='lat' dir='ltr'>te</span> <span class='ocrx_word' id='word_1_880' title='bbox 3037 5151 3251 5221; x_wconf 73' lang='lat' dir='ltr'>(larem.</span> <span class='ocrx_word' id='word_1_881' title='bbox 3288 5166 3327 5216; x_wconf 77' lang='grc' dir='ltr'>ι,</span> <span class='ocrx_word' id='word_1_882' title='bbox 3356 5149 3433 5218; x_wconf 87' lang='grc'>5).</span> <span class='ocrx_word' id='word_1_883' title='bbox 3473 5170 3493 5197; x_wconf 75' lang='grc' dir='ltr'><strong>υ</strong></span> <span class='ocrx_word' id='word_1_884' title='bbox 3540 5150 3696 5214; x_wconf 90' lang='lat' dir='ltr'>Quos</span> 
     </span>
    </p>
   </div>
   <div class='ocr_carea' id='block_1_116' title="bbox 2050 5236 3698 5311">
    <p class='ocr_par' dir='ltr' id='par_1_116' title="bbox 2050 5236 3698 5311">
     <span class='ocr_line' id='line_1_116' title="bbox 2050 5236 3698 5311; baseline -0.001 -16"><span class='ocrx_word' id='word_1_885' title='bbox 2050 5241 2261 5295; x_wconf 88' lang='lat' dir='ltr'>format</span> <span class='ocrx_word' id='word_1_886' title='bbox 2289 5244 2347 5295; x_wconf 90' lang='lat' dir='ltr'>et</span> <span class='ocrx_word' id='word_1_887' title='bbox 2375 5239 2644 5311; x_wconf 87' lang='lat' dir='ltr'>suscipit,</span> <span class='ocrx_word' id='word_1_888' title='bbox 2679 5243 2955 5295; x_wconf 78' lang='lat' dir='ltr'>exeuntes</span> <span class='ocrx_word' id='word_1_889' title='bbox 2987 5253 3220 5309; x_wconf 89' lang='lat' dir='ltr'>quoque</span> <span class='ocrx_word' id='word_1_890' title='bbox 3250 5236 3517 5309; x_wconf 84' lang='lat' dir='ltr'>suscipit.</span> <span class='ocrx_word' id='word_1_891' title='bbox 3554 5260 3581 5287; x_wconf 88' lang='grc'><strong>‹‹</strong></span> <span class='ocrx_word' id='word_1_892' title='bbox 3627 5239 3698 5294; x_wconf 87' lang='lat' dir='ltr'>Et</span> 
     </span>
    </p>
   </div>
   <div class='ocr_carea' id='block_1_117' title="bbox 2049 5323 3719 5399">
    <p class='ocr_par' dir='ltr' id='par_1_117' title="bbox 2049 5323 3719 5399">
     <span class='ocr_line' id='line_1_117' title="bbox 2049 5323 3719 5399; baseline -0.001 -17"><span class='ocrx_word' id='word_1_893' title='bbox 2049 5328 2395 5399; x_wconf 89' lang='lat' dir='ltr'>priusquam</span> <span class='ocrx_word' id='word_1_894' title='bbox 2466 5326 2651 5382; x_wconf 88' lang='lat' dir='ltr'>exires</span> <span class='ocrx_word' id='word_1_895' title='bbox 2707 5328 2777 5382; x_wconf 91' lang='lat' dir='ltr'>de</span> <span class='ocrx_word' id='word_1_896' title='bbox 2828 5324 2999 5381; x_wconf 90' lang='lat' dir='ltr'>vulva</span> <span class='ocrx_word' id='word_1_897' title='bbox 3054 5324 3279 5392; x_wconf 88' lang='lat' dir='ltr'>matris,</span> <span class='ocrx_word' id='word_1_898' title='bbox 3339 5323 3719 5381; x_wconf 82' lang='lat' dir='ltr'>sanctificavi&#39;</span> 
     </span>
    </p>
   </div>
   <div class='ocr_carea' id='block_1_118' title="bbox 2047 5412 3694 5487">
    <p class='ocr_par' dir='ltr' id='par_1_118' title="bbox 2047 5412 3694 5487">
     <span class='ocr_line' id='line_1_118' title="bbox 2047 5412 3694 5487; baseline -0.001 -15"><span class='ocrx_word' id='word_1_899' title='bbox 2047 5421 2104 5472; x_wconf 90' lang='lat' dir='ltr'>te</span> <span class='ocrx_word' id='word_1_900' title='bbox 2136 5416 2341 5487; x_wconf 66' lang='lat' dir='ltr'>(Ibid).</span> <span class='ocrx_word' id='word_1_901' title='bbox 2377 5436 2407 5463; x_wconf 84' lang='lat'>»</span> <span class='ocrx_word' id='word_1_902' title='bbox 2439 5414 2756 5484; x_wconf 89' lang='lat' dir='ltr'>Susceptor</span> <span class='ocrx_word' id='word_1_903' title='bbox 2782 5418 2873 5469; x_wconf 90' lang='lat' dir='ltr'>est</span> <span class='ocrx_word' id='word_1_904' title='bbox 2917 5413 3017 5485; x_wconf 84' lang='lat' dir='ltr'>qui</span> <span class='ocrx_word' id='word_1_905' title='bbox 3044 5413 3371 5485; x_wconf 84' lang='lat' dir='ltr'>susceperit</span> <span class='ocrx_word' id='word_1_906' title='bbox 3397 5412 3694 5481; x_wconf 81' lang='lat' dir='ltr'>manibus,</span> 
     </span>
    </p>
   </div>
   <div class='ocr_carea' id='block_1_119' title="bbox 2047 5501 3697 5578">
    <p class='ocr_par' dir='ltr' id='par_1_119' title="bbox 2047 5501 3697 5578">
     <span class='ocr_line' id='line_1_119' title="bbox 2047 5501 3697 5578; baseline -0.002 -17"><span class='ocrx_word' id='word_1_907' title='bbox 2047 5510 2112 5561; x_wconf 88' lang='lat' dir='ltr'>ut</span> <span class='ocrx_word' id='word_1_908' title='bbox 2140 5502 2371 5578; x_wconf 86' lang='lat' dir='ltr'>generis</span> <span class='ocrx_word' id='word_1_909' title='bbox 2402 5507 2671 5572; x_wconf 90' lang='lat' dir='ltr'>operator</span> <span class='ocrx_word' id='word_1_910' title='bbox 2702 5503 2941 5556; x_wconf 89' lang='lat' dir='ltr'>humani</span> <span class='ocrx_word' id='word_1_911' title='bbox 2989 5508 3295 5574; x_wconf 84' lang='lat' dir='ltr'>susceptor</span> <span class='ocrx_word' id='word_1_912' title='bbox 3342 5501 3588 5570; x_wconf 84' lang='lat' dir='ltr'>dicitur;</span> <span class='ocrx_word' id='word_1_913' title='bbox 3640 5506 3697 5558; x_wconf 91' lang='lat' dir='ltr'>et</span> 
     </span>
    </p>
   </div>
   <div class='ocr_carea' id='block_1_120' title="bbox 2046 5589 3698 5669">
    <p class='ocr_par' dir='ltr' id='par_1_120' title="bbox 2046 5589 3698 5669">
     <span class='ocr_line' id='line_1_120' title="bbox 2046 5589 3698 5669; baseline -0.002 -20"><span class='ocrx_word' id='word_1_914' title='bbox 2046 5595 2145 5669; x_wconf 88' lang='lat' dir='ltr'>qui</span> <span class='ocrx_word' id='word_1_915' title='bbox 2191 5589 2520 5648; x_wconf 84' lang='lat' dir='ltr'>visitationc</span> <span class='ocrx_word' id='word_1_916' title='bbox 2570 5590 2916 5662; x_wconf 84' lang='lat' dir='ltr'>susceperit,</span> <span class='ocrx_word' id='word_1_917' title='bbox 2961 5595 3026 5646; x_wconf 91' lang='lat' dir='ltr'>ut</span> <span class='ocrx_word' id='word_1_918' title='bbox 3076 5595 3357 5664; x_wconf 88' lang='lat' dir='ltr'>protegat.</span> <span class='ocrx_word' id='word_1_919' title='bbox 3413 5590 3571 5646; x_wconf 85' lang='lat' dir='ltr'>Unde</span> <span class='ocrx_word' id='word_1_920' title='bbox 3615 5591 3698 5647; x_wconf 88' lang='lat' dir='ltr'>ait</span> 
     </span>
    </p>
   </div>
   <div class='ocr_carea' id='block_1_121' title="bbox 2045 5677 3690 5756">
    <p class='ocr_par' dir='ltr' id='par_1_121' title="bbox 2045 5677 3690 5756">
     <span class='ocr_line' id='line_1_121' title="bbox 2045 5677 3690 5756; baseline -0.004 -15"><span class='ocrx_word' id='word_1_921' title='bbox 2045 5682 2332 5756; x_wconf 84' lang='lat' dir='ltr'>Propheta</span> <span class='ocrx_word' id='word_1_922' title='bbox 2378 5695 2390 5734; x_wconf 88' lang='lat'><strong>:</strong></span> <span class='ocrx_word' id='word_1_923' title='bbox 2440 5677 2611 5745; x_wconf 85' lang='lat' dir='ltr'>«Qui</span> <span class='ocrx_word' id='word_1_924' title='bbox 2668 5678 2893 5738; x_wconf 83' lang='lat' dir='ltr'>habitat</span> <span class='ocrx_word' id='word_1_925' title='bbox 2942 5681 3002 5735; x_wconf 90' lang='lat' dir='ltr'>in</span> <span class='ocrx_word' id='word_1_926' title='bbox 3052 5680 3341 5752; x_wconf 86' lang='lat' dir='ltr'>adjutorio</span> <span class='ocrx_word' id='word_1_927' title='bbox 3380 5679 3690 5747; x_wconf 82' lang='lat' dir='ltr'>Altissimi,</span> 
     </span>
    </p>
   </div>
  </div>
