4104 6156
521 295 644 370 859

1980 293 2046 360 8.
2090 290 2472 362 AMBROSII

3762 294 3862 365 860

523 442 675 499 dicet
705 433 945 497 Domino
977 455 992 495 :
1025 432 1342 509 Susceptor
1370 448 1537 492 meus
1567 446 1630 491 es
1660 433 1745 505 tu,
1777 433 1836 492 et
1874 430 2166 506 refugium
2199 432 2257 498 Α
2286 436 2452 489 utero
2503 430 2796 506 projectus
2840 393 2932 491 est
2975 429 3270 508 Virginis;
3324 447 3439 491 non
3486 432 3635 491 enim
3676 436 3865 492 terrena

525 548 720 587 meum
754 528 921 601 (Psal.
957 544 1048 597 xc,
1085 528 1134 596 1,
1166 528 1241 595 2).
1276 547 1306 575 »
1355 524 1551 580 Prima
1599 514 2009 596 susceptio‘est
2034 540 2168 594 epe—

524 619 789 689 rationis,
822 618 1080 674 secunda
1108 614 1500 691 defensionis._
1542 613 1799 686 Denique
1830 611 1965 668 audi
2011 612 2167 681 Moy-

522 726 626 766 sen
679 709 966 765 dicentem
1014 726 1091 764 :«
1129 706 1458 763 Extendens
1507 704 1630 760 alas
1678 720 1815 760 suas
1846 700 2172 773 assumpsit

521 815 645 867 eos,
700 803 759 854 et
812 795 1067 868 suscepit
1113 812 1212 851 eos
1258 810 1434 866 super
1481 791 1754 865 scapulas
1802 807 1940 846 suas
1989 790 2165 862 (Deut.

521 906 699 957 xxxxx,
736 888 853 959 ll);
891 909 918 935 »
949 885 1101 941 sicut
1129 882 1326 956 aquila
1355 881 1620 954 suscipit,
1653 897 1780 953 quae
1828 880 1981 935 fetus
2029 895 2169 934 suos

523 975 853 1033 examinare
913 973 1244 1040 consuevit;
1292 975 1356 1026 ut
1414 974 1607 1026 teneat
1662 973 1836 1041 atque
1884 967 2166 1033 enutriat,

523 1064 738 1137 quibus
768 1061 884 1118 veri
913 1061 1166 1118 indolem
1200 1065 1423 1134 partus,
1456 1066 1514 1116 et
1544 1060 1890 1128 incorruptae
1915 1056 2165 1130 gratiam

522 1157 741 1209 natura;
774 1150 1077 1223 astipulari
1111 1150 1457 1209 adverterit;
1493 1154 1593 1203 aut
1623 1146 1880 1219 repellat,
1923 1145 1982 1200 in
2031 1145 2167 1217 qui-

521 1243 634 1298 bus
664 1241 967 1311 degeneris
996 1239 1241 1312 originis
1288 1238 1689 1293 iulirmitatem
1739 1236 1797 1291 in
1844 1239 2043 1291 tenera
2072 1235 2169 1289 ad-

522 1331 638 1386 huc
668 1335 836 1386 aetate
865 1329 1333 1402 deprehenderit.

1065 1437 1218 1493 646
1257 1435 1490 1491 CAPUT
1528 1434 1621 1489 Vl.

525 1528 789 1597 Queritur
821 1527 989 1582 David
1015 1527 1106 1581 sui
1131 1526 1359 1580 oblitum
1404 1526 1573 1579 Deum
1606 1522 1807 1597 videri,
1832 1537 1936 1597 quo
1966 1529 2015 1597 ef
2043 1537 2164 1591 pee-

590 1604 835 1654 eatorum
862 1614 1088 1653 suorum
1115 1598 1333 1657 merita,
1362 1600 1411 1650 et
1447 1597 1737 1664 proprium
1788 1594 2166 1660 inﬁmitatem

590 1687 709 1741 quae
734 1672 855 1725 sine
882 1670 1073 1741 divino
1088 1666 1346 1739 praesidio
1362 1666 1801 1741 subsistere‘non
1830 1666 2163 1741 pote_st,con-_

589 1736 791 1811 ﬁtetur.
824 1741 1028 1796 Ibidem
1058 1736 1204 1805 luget
1233 1737 1372 1811 quod
1398 1739 1568 1811 fuerit
1600 1754 1630 1790 a
1665 1736 1775 1811 Deo
1796 1736 2048 1807 repulsus
2068 1736 2164 1811 qui

588 1808 861 1883 susceptus
892 1815 1018 1865 ante
1040 1812 1242 1879 fuerat.
1277 1810 1448 1883 Quam
1478 1809 1697 1883 beatum
1713 1809 1796 1883 _s_z't
1823 1824 1895 1883 ea:
1921 1810 2073 1861 utero
2105 1808 2165 1861 in

589 1878 766 2009 Durani:
785 1884 987 2008 ρξῖρτὀί
1002 1902 1021 1949 ;
1040 1878 1102 1936 et
1128 1897 1235 1952 qua
1265 1881 1481 1935 ratione
1510 1878 1654 1934 illud
1699 1878 1907 1935 Christo
1959 1892 2165 1933 accom-

589 1970 677 2009 mo
716 1971 745 2009 e
770 1971 839 2008 ur

588 1956 858 2011 modelur‘i

586 2046 676 2098 22.
714 2064 740 2094 ‹‹
772 2042 959 2107 Quare
983 2057 1074 2097 me
1104 2039 1322 2097 oblitus
1352 2057 1435 2105 es,
1466 2044 1522 2095 et
1552 2054 1733 2111 quare
1764 2053 1857 2093 me
1898 2036 2164 2110 repulisti

516 2133 690 2205 (Psal.
718 2149 831 2199 XLI,
866 2130 997 2202 10)?
1030 2152 1056 2179 ››
1108 2135 1260 2185 Deus
1310 2146 1426 2185 non
1471 2127 1851 2184 obliviscitur.
1884 2126 2163 2198 Impossi-

516 2220 632 2277 bile
660 2225 749 2277 est
777 2219 933 2276 enim
966 2222 1030 2275 ut
1053 2218 1452 2287 obliviscatur,
1485 2216 1577 2271 cui
1610 2216 1807 2272 omnia
1853 2231 1980 2287 quas
2026 2219 2164 2269 sunt

518 2310 666 2365 facta
694 2313 751 2364 et
783 2307 1316 2378 futura,praesentia
1352 2309 1491 2359 sunt
1524 2323 1536 2360 :
1570 2305 1671 2359 sed
1703 2308 1906 2360 nostra
1929 2306 2165 2375 peccata

516 2398 789 2454 meritum
824 2395 1133 2452 oblivionis
1164 2394 1212 2450 ei
1247 2395 1598 2460 infundunt;
1634 2397 1698 2448 ut
1726 2392 1994 2448 obliteret
2040 2408 2161 2457 eos,

515 2502 664 2559 quos
694 2485 968 2557 indignos
999 2501 1108 2539 sua
1137 2482 1466 2538 visitatione
1496 2480 1845 2554 cognoverit.
1867 2480 1976 2536 Eos
2004 2480 2161 2535 enim

515 2574 815 2648 cognoscit
839 2573 1142 2639 Dominus,
1178 2571 1274 2643 qui
1310 2576 1450 2626 sunt
1480 2571 1627 2641 eius.
1662 2572 1884 2626 Tamen
1916 2568 2017 2624 ubi
2057 2567 2162 2623 ali-

513 2663 613 2736 qui
646 2661 1018 2734 iniquitatem
1050 2664 1386 2733 operantur,
1434 2659 1526 2715 his
1575 2660 1716 2715 dicit
1749 2677 1762 2714 :
1798 2682 1826 2709 ‹‹
1858 2660 1983 2715 Νοη
2030 2658 2161 2714 novi

510 2769 613 2808 vos
642 2750 850 2823 (Matth.
881 2768 980 2814 vxx,
1013 2751 1127 2821 23).
1166 2772 1192 2798 »
1223 2748 1363 2814 Quis
1395 2765 1532 2822 ergo
1563 2753 1651 2804 est
1681 2748 1779 2820 qui
1815 2747 2002 2821 possit
2049 2752 2162 2803 Deo

464 2861 475 2865 '
512 2840 703 2897 dicere
737 2856 749 2893 :
782 2863 809 2890 «
843 2840 1032 2904 Quare
1059 2853 1152 2892 me
1182 2837 1400 2893 oblitus
1430 2836 1538 2892 es?
1569 2859 1597 2887 υ
1630 2837 1742 2892 Sed
1768 2840 1965 2892 tamen
2004 2851 2162 2891 com-

514 2946 691 2985 mune
720 2928 832 2982 hoc
882 2926 1103 2983 sanctis
1152 2926 1437 2997 nobisque
1486 2925 1738 2981 infirmis
1770 2928 1878 2981 est.
1913 2925 2163 2981 Sanctus

513 3017 654 3073 dicit
683 3014 852 3088 quasi
884 3015 1077 3071 meriti
1110 3014 1201 3070 sui
1230 3013 1538 3080 conscius;
1564 3018 1620 3069 et
1650 3017 1845 3069 tamen
1879 3030 1995 3085 quo
2027 3030 2160 3069 san-

515 3106 679 3173 ctior,
713 3104 823 3160 hoc
851 3102 1152 3160 humilior.
1188 3103 1349 3170 Quod
1381 3103 1429 3157 si
1460 3102 1556 3157 vix
1585 3107 1822 3158 sanctus
1849 3101 2159 3175 dicit,quid

514 3212 619 3269 ego
652 3194 851 3250 dicam
893 3195 1182 3265 peccator,
1215 3189 1326 3246 nisi
1361 3190 1433 3245 ad
1464 3189 1612 3246 illud
1645 3190 1893 3246 referam
1927 3208 1939 3246 :
1973 3191 2162 3255 Quare

515 3283 708 3357 operis
737 3282 823 3338 tui
855 3280 1075 3338 oblitus
1103 3295 1194 3346 es;
1230 3295 1410 3352 quare
1439 3279 1789 3335 visitationis
1811 3283 1923 3334 tua:
1945 3279 2161 3336 oblitus

515 3372 622 3429 es?
653 3372 949 3426 Postremo
997 3384 1176 3439 quare
1224 3367 1585 3424 inﬁrmitatis
1624 3384 1765 3424 mea:
1810 3367 2028 3424 oblitus
2056 3368 2161 3424 es?

517 3461 667 3529 Quid
698 3463 786 3515 est
822 3458 979 3514 enim
1012 3458 1207 3523 homo,
1240 3455 1353 3512 nisi
1404 3457 1537 3528 quia
1578 3456 1782 3513 visitas
1827 3457 2007 3512 eum?
2034 3458 2158 3513 Non

516 3566 653 3622 ergo
683 3545 1048 3605 obliviscaris
1079 3545 1727 3615 infirmum.Memento,
1749 3545 2162 3619 Domine,quia

516 3639 820 3695 inﬁrmum
853 3653 943 3691 me
972 3633 1160 3691 fecisti
1191 3651 1205 3689 :
1243 3640 1536 3691 memento
1567 3634 1705 3707 quia
1734 3634 2035 3707 pulverem
2066 3652 2161 3692 me

516 3726 733 3783 tinxisti
767 3726 863 3799 (4).
888 3724 1188 3792 Quomodo
1219 3727 1373 3780 stare
1402 3728 1622 3796 potero,
1654 3724 1766 3779 nisi
1802 3723 2162 3780 solidaturus

515 3816 625 3872 hoc
655 3815 846 3870 lutum
879 3829 1110 3885 semper
1146 3812 1436 3874 intendas.
1470 3816 1536 3867 ut
1582 3812 1654 3868 de
1693 3812 1860 3868 vultu
1890 3816 1991 3868 tuo
2023 3810 2161 3868 soli-

517 3905 670 3960 ditas
701 3920 830 3959 mca
860 3900 1144 3974 prodeat?
1174 3903 1320 3958 Cum
1369 3900 1646 3957 averteris
1696 3900 1927 3969 faciem,
1962 3901 2159 3957 turba-

516 3993 738 4050 buntur
783 3990 1015 4057 omnia;
1051 3989 1099 4045 si
1132 3988 1405 4054 intendis,
1454 4005 1533 4043 va
1584 3987 1763 4057 mihi;
1817 4006 1930 4044 non
1981 3989 2163 4045 habes

518 4082 673 4155 quod
698 4081 756 4135 in
790 4096 883 4135 me
913 4078 1185 4151 aspicias,
1207 4077 1317 4134 nisi
1352 4076 1619 4150 contagia
1650 4077 2029 4145 delictorum‘;
2056 4094 2164 4134 nec

518 4169 705 4226 deseri
738 4168 1016 4231 utile,nec
1045 4166 1227 4222 videri
1256 4170 1382 4233 est;
1417 4166 1556 4237 quia
1585 4166 1726 4221 dum
1758 4165 2044 4233 videmur,
2073 4166 2167 4222 of-

521 4259 836 4315 fendimus.
888 4258 1209 4312 Possumus
1257 4259 1453 4310 tamen
1500 4255 1813 4324 aestimare,
1864 4254 2003 4328 quia
2049 4272 2165 4311 non

521 4345 752 4419 repellit
789 4362 937 4417 quos
981 4343 1175 4411 videt;
1228 4344 1365 4415 quia
1413 4342 1694 4399 emundat
1740 4360 1888 4415 quos
1936 4345 2164 4417 aspicit.

525 4435 678 4507 Ignis
709 4439 841 4489 ante
871 4448 1007 4488 eum
1035 4433 1220 4502 ardet,
1253 4430 1352 4504 qui
1386 4431 1606 4489 crimen
1637 4438 1861 4489 exurat.

2283 538 2417 577 exxm
2452 540 2724 596 excepere
2756 523 3119 580 morientem.
3153 523 3313 580 Unde
3358 522 3416 578 in
3466 540 3627 579 cruce
3662 524 3864 597 positus,

2283 626 2419 667 cum
2463 611 2751 669 emitteret
2778 611 3077 686 spiritum,
3111 614 3182 669 ad
3232 613 3455 669 Patrem
3488 612 3566 669 ait
3596 631 3607 668 :
3635 637 3660 664 «
3691 612 3746 669 In
3772 631 3867 670 ma-

2285 718 2398 758 nus
2445 705 2580 759 tuas
2625 702 2971 759 commendo
3020 702 3293 776 spiritum
3338 718 3532 759 meum
3576 703 3713 775 (Luc.
3742 720 3868 769 xxxxx,

2284 792 2395 860 46).
2429 814 2457 844 η

2352 882 2441 937 24.
2475 882 2599 938 Non
2631 898 2768 956 ergo
2817 881 3000 955 aliqui
3051 882 3271 938 addant
3301 898 3314 938 :
3348 883 3590 947 Domine,
3621 886 3681 936 ut
3713 880 3869 953 psalta

2282 969 2521 1037 faciunt,
2548 987 2777 1044 quoque
2800 987 2990 1043 neque
3019 970 3077 1026 in
3108 970 3309 1027 Latino
3339 970 3532 1027 codice
3562 969 3737 1026 inveni
3757 986 3869 1037 meo,

2280 1073 2470 1130 neque
2517 1059 2577 1115 in
2625 1059 2840 1124 Graeco,
2893 1075 3084 1131 neque
3142 1059 3201 1114 in
3253 1057 3576 1129 Evangelio,
3628 1056 3765 1129 quod
3805 1064 3871 1112 est

2279 1146 2633 1204 evidentius.
2692 1147 2949 1220 Denique
2997 1165 3178 1221 supra
3223 1148 3488 1204 dixerat:
3525 1168 3551 1197 ‹‹
3592 1146 3762 1206 Pater.
3806 1146 3869 1200 di-

2278 1236 2443 1293 mitte
2486 1236 2602 1292 illis
2650 1236 2757 1294 hoc
2804 1240 3108 1309 peccatum
3140 1236 3298 1309 (Ibid.
3331 1237 3451 1305 3t);
3487 1258 3513 1286 η
3547 1241 3603 1292 et
3629 1235 3744 1291 ideo
3770 1238 3869 1288 tan-

2278 1343 2456 1399 quam
2493 1326 2672 1391 Patri,
2704 1326 2761 1381 in
2795 1342 3009 1382 manus
3057 1326 3185 1397 ejus
3238 1326 3643 1382 commendare
3688 1340 3741 1380 se
3781 1323 3871 1397 spi-

2277 1416 2457 1471 ritum
2516 1432 2717 1485 suum,
2776 1415 2836 1470 in
2887 1416 3059 1487 cujus
3121 1414 3255 1472 sinu
3319 1431 3553 1487 semper
3605 1418 3688 1470 est
3731 1412 3869 1468 ﬁlius.

2274 1503 2620 1575 Quanquam
2646 1504 2753 1559 etsi
2784 1504 3006 1560 addant
3034 1504 3188 1576 quod
3240 1503 3469 1572 dixerit,
3505 1505 3731 1570 Domine,
3768 1517 3870 1557 con-

2274 1593 2532 1649 siderent
2563 1593 2720 1664 quod
2751 1593 2921 1665 quasi
2955 1592 3128 1649 homo
3156 1592 3215 1647 in
3248 1596 3434 1649 morte
3464 1592 3684 1663 positus
3709 1588 3874 1647 hocle

2274 1686 2510 1755 quatur.

2196 1800 2244 1866 Β
2342 1772 2433 1826 25.
2468 1772 2616 1844 Ergo
2663 1772 3098 1866 projectusest
3142 1770 3212 1826 de
3265 1774 3428 1826 utero
3467 1769 3535 1866 in
3581 1767 3873 1866 Patrem,.xie

2274 1864 2474 1916 ventre
2522 1859 2728 1916 matris
2777 1877 2915 1928 suae,
2975 1858 3087 1917 hoc
3135 1862 3242 1924 est,
3301 1857 3571 1914 deﬁnivit
3625 1857 3763 1929 quod
3804 1854 3874 1910 ille

2272 1954 2478 2005 uterus
2521 1949 2624 2021 qui
2674 1949 2921 2022 projecit
2956 1965 3113 2013 eum,
3144 1950 3342 2004 venter
3398 1951 3493 2004 est
3549 1947 3756 2003 matris.
3794 1948 3872 1999 Pa-

2272 2041 2362 2094 ter
2390 2041 2583 2094 autem
2617 2037 2763 2094 dixit
2794 2055 2807 2093 :
2842 2060 2871 2088 ‹‹
2903 2037 2984 2092 Ex
3014 2040 3178 2092 utero
3208 2040 3343 2091 ante
3385 2034 3694 2092 luciferum
3738 2032 3871 2107 genui

2272 2131 2331 2182 te
2398 2128 2571 2199 (Psal.
2635 2143 2747 2192 cxx,
2815 2127 2893 2198 3).
2954 2148 2981 2176 »
3054 2125 3180 2180 Non
3249 2124 3498 2196 projecit
3566 2123 3751 2196 utique
3806 2121 3872 2177 Fi-

2273 2214 2417 2271 lium
2453 2216 2641 2283 Pater,
2675 2232 2710 2270 a
2748 2231 2863 2288 quo
2912 2230 3217 2287 nunquam
3264 2229 3544 2286 egressus
3589 2218 3675 2269 est
3713 2211 3869 2277 Filius,

2274 2304 2429 2361 sicut
2478 2306 2602 2378 ipse
2650 2304 2735 2361 ait
2782 2322 2796 2360 :
2850 2327 2878 2354 ‹‹
2932 2304 3208 2359 Traditus
3266 2319 3427 2371 sum,
3486 2307 3544 2360 et
3595 2319 3705 2358 non
3750 2315 3872 2374 egre-

2274 2393 2480 2450 diebar
2538 2394 2705 2464 (Psal.
2768 2410 3016 2458 Lxxxvxx,
3077 2392 3156 2465 9).
3217 2414 3245 2442 ››
3301 2392 3429 2447 Non
3484 2391 3716 2465 projecit
3753 2405 3871 2458 eum,

2273 2482 2368 2537 cui
2400 2483 2664 2554 ejusdem
2695 2482 3041 2539 substantia
3081 2482 3228 2538 641
3285 2480 3517 2538 unitate
3547 2478 3870 2538 connectitur.

2273 2571 2655 2643 Potest'ergo
2702 2575 2760 2627 et
2806 2571 2892 2627 sic
2940 2569 3104 2643 legi:
3149 2592 3179 2621 ι(
3225 2571 3286 2626 In
3336 2572 3394 2625 te
3450 2570 3731 2641 projectus
3773 2582 3872 2623 sum

2273 2676 2341 2716 ex
2376 2664 2540 2716 utero
2590 2660 2662 2715 de
2707 2664 2910 2715 ventre
2968 2659 3178 2715 matris
3221 2675 3359 2714 mea:
3391 2659 3570 2730 (Psal.
3602 2676 3712 2727 xxx,
3740 2657 3826 2725 ll),
3854 2677 3873 2701 ι»

2273 2753 2339 2805 ut
2403 2752 2730 2821 sequatur:
2765 2772 2794 2798 ‹‹
2843 2749 2996 2805 Deus
3051 2764 3220 2805 meus
3270 2763 3333 2804 es
3390 2751 3483 2815 tu,
3532 2764 3604 2804 ne
3656 2746 3873 2802 discedas

2272 2855 2307 2893 a
2365 2855 2458 2894 me
2507 2838 2671 2909 (Ibid.
2727 2838 2840 2909 12).
2893 2859 2922 2886 ››
2966 2838 3163 2893 Potest
3208 2841 3265 2893 et
3311 2836 3396 2893 sic
3454 2854 3467 2893 :
3516 2858 3545 2886 «
3595 2837 3671 2893 De
3718 2838 3873 2891 ventre

2273 2926 2480 2983 matris
2510 2942 2652 2982 meae
2683 2930 2837 2982 Deus
2867 2942 3035 2982 meus
3065 2943 3130 2983 es
3159 2930 3257 2994 tu;
3294 2948 3322 2975 ››
3354 2926 3639 2998 quoniam
3667 2925 3720 2981 in
3748 2928 3873 2979 utero

2271 3015 2501 3088 positus
2547 3032 2583 3071 a
2630 3019 2683 3071 te
2730 3031 3036 3087 nunquam
3081 3013 3325 3081 recessi;
3376 3018 3576 3071 tecum
3624 3030 3765 3070 eram
3797 3010 3873 3082 qui

2270 3112 2553 3177 tanquam
2583 3103 2763 3159 Jonas
2792 3104 2852 3159 in
2886 3107 3046 3160 utero
3080 3102 3188 3159 ceti
3221 3103 3473 3175 positus,
3505 3109 3561 3161 te
3583 3122 3677 3172 pm
3705 3098 3873 3175 populo

2191 3168 2235 3236 (ἶ
2272 3168 2645 3264 deprecabar.
2708 3192 2774 3247 Et
2818 3208 2948 3248 vere
2997 3192 3069 3248 de
3123 3168 3329 3248 matris
3378 3168 3504 3248 sua:
3549 3168 3734 3249 ventre
3770 3168 3873 3244 cum

2208 3310 2229 3329 ο
2268 3280 2386 3337 Deo
2434 3284 2576 3349 erat,
2611 3281 2938 3337 secundum
2986 3281 3143 3355 quod
3191 3281 3482 3353 scriptum
3536 3284 3664 3339 est:
3696 3304 3721 3330 ‹‹
3764 3281 3876 3345 Que

2270 3370 2429 3426 niam
2459 3369 2808 3442 priusquam
2846 3369 3022 3427 sciret
3068 3387 3214 3443 puer
3254 3370 3481 3426 bonum
3531 3375 3631 3427 aut
3672 3367 3870 3427 malum.

2269 3457 2444 3533 elegit
2472 3459 2628 3530 quod
2660 3459 2880 3515 bonum
2910 3462 3001 3515 est
3031 3459 3163 3531 (Isa.
3199 3475 3298 3526 vxx,
3334 3458 3447 3531 16).
3484 3482 3513 3510 ››
3538 3460 3605 3516 Et
3638 3477 3649 3515 :
3682 3482 3707 3508 «
3735 3460 3870 3513 Ante-

2269 3564 2449 3620 quam
2478 3552 2704 3620 patrem
2752 3551 2983 3604 vocaret
3028 3551 3132 3604 aut
3179 3552 3452 3616 matrem,
3488 3548 3744 3604 virtutem
3788 3544 3870 3599 Da-

2271 3636 2453 3692 masci
2484 3641 2541 3692 et
2569 3635 2755 3707 spolia
2795 3636 3070 3693 Samariae
3119 3630 3492 3709 depraedatus
3525 3641 3613 3693 est
3639 3636 3753 3707 (Isa.
3780 3648 3873 3695 vui,

2270 3724 2359 3798 4);
2392 3747 2420 3775 »
2454 3728 2519 3780 ut
2547 3724 2822 3797 gentibus
2850 3726 3105 3781 evocatis
3146 3741 3393 3798 regnum
3446 3724 3599 3798 patri
3626 3723 3724 3797 pia:
3748 3720 3873 3778 cultu

2271 3812 2598 3870 devotionis
2628 3813 2974 3886 acquireret.
3006 3813 3326 3871 Videamus
3357 3819 3572 3871 caetera
3603 3815 3691 3886 (5).

2275 3974 2413 4048 Dunx
2447 3977 2753 4048 exoptatus
2797 3972 3018 4048 Christi
3066 3973 3656 4048 adventus_diﬂ'erlur,

2343 4042 2643 4110 diabolum,
2683 4052 2744 4100 ut
2782 4046 2840 4099 in
2892 4044 3170 4101 Christum
3214 4042 3521 4102 credituros
3564 4042 3874 4113 obtereret,et

2345 4117 2407 4172 in
2432 4118 2566 4189 ipsis
2594 4117 2756 4187 signa
2781 4116 3043 4186 deligeret
3067 4133 3191 4182 sua,
3225 4117 3319 4172 ubi
3355 4116 3424 4189 de
3471 4119 3644 4189 signis
3678 4128 3786 4189 qua?
3814 4125 3877 4189 ρε-

2381 4183 2523 4242 αἴοι
2551 4183 2679 4258 qua:
2716 4183 2909 4259 fugere
2941 4204 3041 4244 nos
3087 4192 3350 4260 aporteat,
3379 4183 3698 4245 disseritur:
3719 4183 3877 4260 Diabo-

2370 4275 2467 4313 um
2493 4254 2663 4332 signa,
2701 4254 2805 4313 sua
2851 4261 2909 4315 in
2956 4261 3035 4315 eis
3077 4254 3297 4332 ponere,
3326 4261 3427 4330 qui
3472 4260 3604 4332 ﬁdei
3643 4254 3877 4332 semesi“

2347 4333 2437 4385 via
2485 4325 2807 4401 excipiunt;
2854 4325 3143 4388 sanetos'e
3187 4325 3482 4387 contrario
3514 4328 3719 4386 diaboli
3756 4325 3880 4397 ﬁdem

2346 4402 2611 4458 collocare
2640 4403 2699 4457 in
2726 4402 2912 4471 pervio
2940 4418 2960 4456 :
2991 4402 3210 4458 tandem
3239 4418 3309 4457 ne
3336 4401 3591 4459 diabolus
3612 4401 3878 4471 tabernacu-

2349 4474 2465 4527 lum
2521 4473 2624 4529 Dei
2670 4470 2903 4544 polluat,
2933 4473 3347 4543 providendum,
3393 4474 3467 4529 ad
3515 4472 3651 4546 quod
3687 4470 3881 4526 maxime

592 4525 681 4578 23.
714 4522 937 4578 Bonum
971 4526 1058 4576 est
1094 4538 1231 4593 ergo
1280 4520 1469 4586 nobis,
1520 4526 1585 4577 ut
1628 4539 1743 4577 non
1791 4522 2164 4596 repellamur.
2200 4536 2248 4601 D

525 4612 658 4667 Ideo
708 4611 973 4683 queritur
1026 4610 1222 4677 David,
1254 4609 1393 4681 quia
1443 4609 1747 4682 repulsum
1796 4628 1857 4667 se
1906 4611 2171 4683 credidit,

524 4700 623 4775 qui
658 4700 844 4755 fuerat
873 4704 1007 4755 ante
1038 4703 1366 4770 susceptus.
1386 4698 1639 4771 Denique
1664 4698 1721 4754 in
1755 4701 2175 4772 posterioribus

524 4790 667 4846 dicit
714 4807 727 4845 :
780 4812 808 4839 «
854 4789 916 4843 In
969 4792 1024 4843 te
1076 4787 1457 4843 confirmatus
1516 4805 1646 4843 sum
1696 4805 1764 4844 ex
1809 4791 2171 4862 utero(Psal.

524 4897 653 4946 xxx,
682 4878 760 4951 6).
800 4901 826 4927 η
859 4877 969 4934 Sed
1003 4882 1060 4932 et
1090 4891 1269 4947 supra
1316 4875 1599 4947 scriptum
1651 4876 1939 4935 habemus
1980 4897 1992 4935 :
2023 4902 2051 4929 ‹‹
2109 4881 2173 4935 In

522 4975 579 5025 te
610 4969 905 5042 projectus
935 4981 1067 5021 sum
1099 4981 1167 5019 ex
1197 4971 1359 5019 utero
1393 4980 1405 5019 :
1441 4965 1512 5020 de
1544 4969 1738 5021 ventre
1785 4967 1993 5024 matris
2032 4985 2174 5025 meae

529 5064 678 5113 Deus
711 5072 878 5112 meus
926 5071 989 5109 es
1038 5058 1098 5109 tu
1132 5053 1304 5125 (Psal.
1339 5070 1455 5120 xxx,
1494 5052 1601 5124 11).
1636 5076 1664 5105 ››
1708 5055 1933 5112 Bonum
1982 5061 2070 5111 est
2118 5063 2176 5113 et

527 5145 754 5219 projici,
785 5144 885 5200 sed
918 5143 978 5198 in
1016 5147 1216 5197 Deum.
1253 5140 1510 5213 Denique
1557 5132 1626 5198 ex
1674 5160 1923 5215 persona
1960 5145 2175 5202 Christi

527 5234 636 5290 hoc
681 5234 743 5289 in
783 5251 876 5289 xxx
928 5231 1159 5287 Psalmo
1193 5230 1428 5301 dicitur,
1460 5231 1561 5303 qui
1595 5248 1726 5289 vere
1756 5232 1814 5287 in
1847 5233 2073 5290 Patrem
2104 5236 2175 5292 de

600 5403 679 5471 (4)
709 5401 876 5467 Edit.,
907 5400 973 5456 de
996 5402 1218 5472 pulvere
1247 5416 1335 5456 me
1354 5399 1602 5470 ﬁnxisti;
1634 5416 1837 5456 omnes
1867 5404 2172 5474 mss.,pul-

531 5486 708 5526 verem
738 5489 823 5524 me
857 5474 1084 5527 tinxisti.

601 5543 676 5612 (5)
719 5542 811 5598 Sic
860 5559 1002 5598 mss.
1050 5559 1254 5614 omnes
1304 5546 1479 5614 atque
1527 5540 1665 5598 edit.
1727 5543 1854 5598 Era.
1906 5547 1963 5600 et
2010 5542 2170 5614 Gill.;

533 5612 697 5668 Rom.
733 5630 862 5669 vero
895 5613 1302 5685 praetermissis
1331 5612 1591 5682 vocibus,
1630 5614 1917 5670 Videamus
1949 5612 2169 5684 cetera,

2351 4605 2441 4670 2'6.
2478 4636 2505 4665 ‹‹
2533 4605 2741 4683 Quare,
2775 4613 2986 4687 inquit,
3021 4631 3114 4671 me
3143 4615 3409 4688 repuliin
3444 4634 3456 4671 :
3491 4619 3551 4672 et
3579 4629 3745 4688 quare
3776 4605 3877 4664 tris-

2282 4701 2359 4758 tis
2406 4703 2632 4769 incedo,
2683 4701 2825 4758 dum
2881 4702 3090 4776 afﬂigit
3136 4719 3229 4759 me
3275 4701 3557 4759 inimicus
3610 4719 3623 4757 :
3670 4695 3878 4756 confrin-

2284 4791 2369 4864 git
2415 4807 2550 4847 ossa
2578 4807 2709 4847 mea
2743 4809 2756 4847 :
2787 4791 3283 4863 exprobraverunt
3314 4792 3458 4847 mihi
3495 4791 3597 4865 qui
3643 4784 3879 4845 tribulant

2286 4880 2548 4952 me,dum
2579 4878 2795 4935 dicitur
2823 4868 2970 4935 mihi
3000 4880 3258 4952 quotidie
3289 4896 3302 4935 :
3338 4879 3445 4936 Ubi
3466 4884 3557 4937 est
3574 4880 3718 4937 Deus
3742 4869 3879 4930 tuus?

2287 4985 2469 5041 quare
2516 4968 2701 5025 tristis
2756 4985 2839 5037 es,
2882 4968 3083 5024 anima
3127 4986 3257 5025 mea
3284 4968 3463 5041 (Psat.
3495 4986 3609 5035 xu,
3640 4967 3696 5023 11
3727 4958 3875 5033 l2)?»

2285 5057 2357 5113 Et
2394 5055 2637 5129 reliqua.
2673 5056 2869 5113 Prima
2913 5055 3302 5129 interpellatio
3355 5057 3649 5130 querelam
3694 5048 3873 5109 habuit,

2285 5144 2441 5219 quod
2474 5144 3129 5217 comperendinarenlur
3157 5143 3595 5217 bona,quorum
3615 5142 3731 5213 jam
3757 5136 3875 5219 {1'qu

2283 5217 2381 5291 tus
2446 5232 2908 5289 desiderabatur.
2978 5232 3247 5289 Secunda
3303 5229 3702 5305 interpellatio,
3755 5217 3874 5297 quod

2284 5407 2343 5459 et
2385 5419 2555 5459 versu
2603 5401 2893 5474 sequenti,
2925 5417 3157 5474 nempe,
3187 5416 3376 5474 quare,
3406 5401 3605 5472 inquit,
3632 5412 3711 5474 me
3746 5404 3873 5467 νερίξσ

2285 5475 2418 5555 iisti,
2447 5480 2556 5555 etc.
2596 5466 2735 5555 fljrés
2782 5466 3380 5555 alios‘ceu'seqxientes
3407 5466 3524 5555 nojn
3556 5466 3740 5542 paucis
3763 5474 3874 5516 voci-

2284 5546 2395 5602 bus
2425 5544 2670 5618 adjectis
2701 5547 2802 5600 aut
2829 5544 3071 5602 mutatis
3101 5543 3195 5601 hic
3226 5547 3519 5618 posuerat.
