4104 6156
281 278 396 348 861
1111 273 1215 339 DE
1256 272 2015 342 INTERPELLATIONE
2055 270 2201 343 JOB
2243 274 2348 339 ET
2391 273 2636 341 DAVID
2680 271 2835 339 LIB.
2880 273 2960 340 II.
3642 282 3763 349 862

292 412 1100 493 exspectatusprudentibus
1120 409 1743 469 Christidiﬁerehatur
1765 412 1982 468 adven-
2015 413 2069 478 Α
2100 414 2382 469 societate
2427 411 2488 468 in
2537 428 2632 469 me
2679 409 2980 469 transtuli.
3026 411 3191 471 Unde
3238 417 3297 471 et
3344 414 3417 472 do
3463 415 3566 474 Dei
3620 418 3767 477 Filio

287 517 412 577 tus,
474 524 655 581 quem
717 505 808 563 lex
888 501 1368 561 annuntiaverat.
1438 519 1611 574 quem
1686 503 1983 573 ῃτοειῐιίξεη
2096 504 2353 573 legimus
2387 503 2545 575 quod
2580 503 2886 575 peccatum
2919 520 3035 560 non
3080 505 3351 579 cognovit
3398 507 3472 578 (11
3529 507 3649 564 Cor.
3711 528 3770 578 v,

293 597 757 673 pollicebantur,
788 600 846 651 et
876 611 943 651 eo
974 590 1389 665 impatientius
1433 592 1760 645 aestuabant
1808 594 1988 647 corda
2094 596 2206 664 21).
2238 593 2308 646 Et
2337 591 2481 648 alibi
2511 592 2734 648 habes:
2770 614 2799 641 ‹‹
2833 593 3123 659 Quoniam
3157 594 3257 669 qui
3299 581 3558 653 custodit
3604 616 3773 655 man-

285 690 622 761 justorum,
655 685 937 758 quoniam
973 683 1042 739 ad
1080 680 1555 753 redemptionem
1586 686 1989 753 cognoverant
2097 684 2303 738 datum
2337 699 2457 737 non
2492 680 2801 754 cognoscit
2837 684 3084 741 verbum
3132 702 3387 759 nequam
3442 689 3639 756 (Eccle.
3672 707 3775 746 νιιι

294 780 761 833 esseventurum
785 770 1505 834 universorum.Quorum
1530 769 1990 825 universorum?
2096 772 2152 842 5)
2180 789 2193 826 :
2230 792 2257 820 ››
2291 787 2429 826 cum
2463 770 2697 842 liquido
2730 769 2966 843 clareat,
3010 777 3151 846 quia
3181 792 3298 831 non
3348 778 3605 852 cognitio
3664 778 3777 837 im-

302 864 535 932 Quibus
566 862 899 936 evangelico
930 858 1170 917 tramite
1212 858 1375 914 viam
1422 859 1661 914 virtutis
1710 858 1986 930 aperiret,
2100 860 2438 932 probitatis,
2469 859 2580 916 sed
2615 858 2866 917 Societas
2898 864 3217 922 criminosa
3265 866 3363 935 Sit,
3417 868 3545 941 ipse
3602 870 3785 928 Etiam

299 956 719 1024 bonorumque
749 968 991 1023 operum
1023 947 1281 1005 semitas
1326 950 1778 1014 demonstraret,
1833 947 1990 1003 sicut
2100 947 2279 1004 David
2313 949 2371 1003 in
2408 946 2847 1021 posterioribus
2878 951 3021 1008 dicit
3050 971 3063 1010 :
3100 978 3127 1005 «
3161 956 3537 1015 Declinantes
3587 964 3786 1021 autem

303 1042 432 1116 ipse
481 1040 628 1096 dixit
666 1039 724 1094 in
782 1038 1145 1095 Proverbiis:
1197 1060 1225 1086 ‹‹
1282 1038 1570 1093 Dominus
1626 1037 1843 1092 creavit
1900 1052 1992 1091 me

304 1130 671 1205 principium
730 1129 958 1183 viarum
1016 1144 1267 1183 suarum
1329 1128 1527 1200 (Prov:
1598 1143 1719 1191 vm,
1772 1127 1885 1193 22).
1963 1149 1990 1172 ››

308 1220 447 1278 Ideo
476 1233 618 1289 ergo
652 1217 958 1271 diocliatur
982 1215 1070 1271 ei:
1111 1236 1139 1264 ‹‹
1193 1214 1306 1270 Ubi
1356 1220 1448 1272 est
1508 1216 1661 1271 Deus
1712 1219 1852 1270 tuus
1878 1216 1905 1268 ?
1961 1236 1989 1263 η

2108 1037 2397 1109 malignos
2429 1055 2463 1092 a
2525 1052 2631 1091 me
2686 1054 2802 1092 non
2852 1045 3244 1113 agnoscebam
3294 1049 3468 1119 (Psal.
3515 1066 3568 1118 c,
3620 1052 3694 1124 4).
3763 1077 3790 1104 ››

2106 1126 2215 1181 Ubi
2267 1130 2462 1180 autem
2526 1124 2838 1184 voluerint
2894 1131 3018 1188 haec
3076 1135 3246 1209 signa
3300 1139 3619 1197 adversarii
3684 1160 3795 1216 po-

2111 1232 2273 1281 nere,
2327 1215 2657 1271 declarat:
2721 1241 2747 1267 ‹‹
2810 1219 2972 1277 Sicut
3028 1224 3089 1280 in
3145 1226 3262 1293 via,
3332 1229 3547 1302 inquit,
3616 1215 3797 1307 super

312 1307 456 1379 quia
487 1305 686 1360 adhuc
720 1322 834 1359 nou
869 1308 1102 1359 venerat
1133 1304 1427 1369 Christus,
1470 1306 1571 1360 sed
1620 1304 1993 1376 sperabatur.

313 1395 605 1451 Saeviehat
638 1409 777 1465 ergo
810 1392 1102 1463 diabolus,
1134 1397 1199 1447 ut
1231 1394 1518 1449 obtereret
1567 1410 1714 1465 quos
1772 1391 1999 1445 sciebat

313 1484 377 1539 in
410 1484 737 1539 adventum
774 1481 1002 1536 Domini
1036 1481 1384 1551 credituros,
1430 1486 1485 1537 et
1535 1482 1780 1537 diversis
1832 1480 1999 1534 affic-

315 1574 487 1629 tabat
518 1570 735 1626 exitiis.
790 1569 1127 1642 lnterpellat
1178 1587 1316 1643 ergo
1368 1571 1572 1637 David,
1632 1574 1697 1626 ut
1753 1586 1998 1625 moran-

317 1667 443 1718 tem
476 1660 692 1717 excitet
748 1663 962 1730 questu
1019 1657 1383 1730 prophetico,
1437 1660 1717 1716 festinare
1766 1662 1997 1732 urgeat,

318 1751 643 1807 admoneat
663 1747 995 1804 subvenire.
1020 1747 1316 1803 Habemus
1339 1747 1799 1805 similitudinem
1815 1749 1997 1819 hujus

318 1836 817 1910 interpellationis
846 1836 1025 1891 etiam
1079 1835 1136 1889 in
1190 1837 1639 1908 posterioribus,
1692 1839 1793 1894 ubi
1856 1837 2000 1892 dicit

324 1928 488 1984 idem
548 1924 869 1998 PrOpheta:
932 1924 1145 1997 thuid
1209 1926 1472 1998 repulisti
1526 1944 1652 1997 nos,
1701 1928 1881 1995 Deus,
1941 1927 2000 1982 in

330 2018 511 2073 finem
566 2016 744 2085 (Psal.
808 2030 1001 2079 LXXIII,
1064 2014 1117 2083 1)
1174 2015 1260 2069 Ῡ»
1323 2016 1391 2070 Et
1448 2016 1529 2072 ibi
1583 2021 1783 2090 aperte
1845 2017 2005 2089 quod

330 2102 804 2178 congregationis
834 2120 955 2159 suae
1006 2101 1224 2159 oblitus
1280 2104 1377 2175 sit,
1430 2111 1489 2161 et
1545 2106 1771 2180 virgam
1822 2106 2003 2161 haere-

333 2194 544 2251 ditatis
573 2210 692 2249 sua:
725 2191 1024 2263 abjecerit,
1058 2190 1329 2251 flebiliter
1365 2194 1692 2267 deploravit
1739 2200 1799 2251 et
1847 2195 2000 2267 quod

337 2284 399 2339 in
464 2282 695 2356 plebem
763 2281 863 2337 Dei
938 2281 1365 2336 insurrexerint
1431 2284 1563 2353 ejus
1635 2283 1864 2339 inimici
1936 2284 2008 2339 de

288 2372 565 2445 ’quibus
595 2370 712 2427 ait:
748 2392 776 2419 ‹‹
810 2371 879 2425 Et
908 2368 1139 2442 gloriati
1183 2373 1323 2424 sunt
1370 2372 1471 2442 qui
1520 2372 1774 2430 oderunt
1817 2377 1896 2441 te,
1946 2372 2005 2427 in

342 2460 538 2517 medio
570 2459 703 2516 festi
734 2459 817 2514 tui
866 2459 1024 2529 (Ibid.
1078 2458 1153 2529 4).
1218 2481 1245 2507 ››
1302 2460 1470 2515 Forte
1529 2461 1623 2518 hic
1682 2460 2009 2517 versiculus

339 2550 642 2606 videretur
708 2549 978 2621 Assyrios
1046 2546 1364 2614 declarare,
1433 2549 1535 2621 qui
1606 2550 2008 2624 triumphave-

344 2643 488 2695 runt
511 2636 790 2711 populum
821 2638 1184 2699 Judaaorum.
1215 2636 1328 2692 nisi
1372 2645 1753 2711 sequeretur:
1810 2662 1837 2688 n
1897 2639 2007 2694 Po-

345 2731 595 2785 suerunt
628 2726 796 2799 signa
825 2743 952 2794 sua,
988 2726 1179 2798 signa,
1213 2729 1268 2781 et
1299 2743 1413 2782 non
1447 2729 1687 2801 cognovi
1741 2729 1902 2799 (Ibid.
1955 2730 2010 2794 4,

342 2818 427 2890 5).
468 2840 493 2864 ››
545 2816 725 2889 Signa
785 2832 1018 2887 semper
1077 2815 1134 2869 in
1195 2813 1341 2870 bello
1399 2822 1542 2872 sunt
1600 2835 1728 2890 quae
1789 2816 2012 2890 praelia-

347 2911 520 2963 turos
552 2905 752 2977 praeire
783 2907 1230 2970 consueverunt,
1265 2908 1321 2959 et
1350 2921 1557 2977 agmen
1592 2908 1805 2963 dueere
1856 2905 2011 2961 mili-

350 3003 500 3051 tare.
543 2993 962 3067 Unusquisque
1009 3010 1292 3049 numerus
1339 2998 1439 3049 aut
1486 2995 1635 3069 legio
1686 2996 1857 3070 signa
1905 3012 2015 3051 sua

356 3083 648 3155 sequitur.
679 3083 747 3137 Et
778 3082 823 3139 si
859 3082 1109 3156 dispersi
1144 3082 1358 3136 fuerint
1387 3082 1671 3141 bellorum
1725 3083 2010 3151 tumultu,

357 3189 426 3228 eo
482 3171 580 3227 ubi
629 3171 800 3244 signa
846 3189 955 3239 sua
1011 3171 1419 3242 prospexerint
1478 3190 1626 3239 esse,
1687 3172 2017 3247 quamlibet

355 3261 533 3333 longe
564 3260 735 3333 positi
770 3264 1160 3316 revertuntur.
1196 3260 1350 3315 6—18
1400 3260 1818 3335 Unusquisque
1876 3263 2017 3317 doc-

362 3355 459 3405 tor
486 3349 607 3405 haac
632 3350 801 3421 signa
841 3348 1166 3415 constituit,
1213 3352 1270 3402 et
1317 3351 1619 3420 sequenda
1665 3350 2013 3424 praescribit.

363 3438 476 3495 Sed
506 3442 644 3494 sunt
675 3438 848 3493 etiam
881 3437 995 3493 alia
1021 3438 1209 3509 signa,
1244 3453 1369 3508 quae
1399 3437 1582 3493 victor
1610 3440 1797 3496 hostis
1827 3439 2015 3511 impo-

360 3526 469 3594 nit,
502 3531 559 3582 et
589 3531 870 3599 tanquam
904 3526 1147 3598 captivis
1175 3526 1537 3582 observando
1568 3529 1863 3591 decernit;
1914 3529 2015 3583 sed

360 3618 465 3689 qui
496 3615 684 3673 fidelis
715 3621 804 3672 est
833 3615 1024 3684 miles,
1060 3614 1296 3688 propria
1343 3613 1512 3687 signa
1560 3617 1846 3689 sequitur,
1899 3633 2015 3671 non

359 3705 627 3778 agnoscit
654 3704 863 3760 aliena.

432 3839 520 3893 27.
555 3837 688 3902 Quae
720 3837 839 3893 sint
867 3838 1058 3893 aliena
1087 3836 1258 3910 signa
1287 3836 1567 3893 intentius
1598 3843 1656 3895 et
1688 3837 2015 3910 impensius

361 3927 823 3983 consideremus.
857 3926 1105 3997 Signum
1151 3941 1327 3980 suum
1380 3925 1575 3996 posuit
1634 3926 1902 3982 Christus
1954 3925 2013 3980 in

363 4016 655 4071 trontibus
712 4014 1130 4087 singulorum:
1192 4013 1271 4068 ibi
1331 4030 1565 4085 quoque
1619 4015 2017 4071 Antichristus

364 4121 474 4159 sua
504 4102 673 4176 signa
703 4110 897 4176 ponet,
931 4108 994 4158 ut
1025 4103 1291 4174 proprios
1324 4109 1721 4175 recognoscat.
1771 4105 1882 4160 Sed
1914 4104 2013 4176 qui

362 4191 422 4246 in
455 4190 679 4247 occulto
706 4192 945 4248 Judaeus
975 4194 1083 4258 est,
1130 4188 1228 4245 ille
1273 4206 1443 4245 verus
1492 4193 1791 4248 confessor
1833 4192 2011 4248 dicit:

367 4300 393 4334 σ
428 4285 753 4337 Posuerunt
783 4280 952 4353 signa
982 4295 1112 4346 sua,
1141 4278 1329 4351 signa,
1352 4283 1410 4334 et
1432 4296 1545 4334 non
1567 4281 1824 4352 cognovi.
1856 4302 1883 4329 ››
1906 4284 2013 4335 Ρο-

364 4374 610 4425 suerunt
640 4368 910 4424 diabolus
940 4373 997 4423 et
1028 4366 1283 4423 ministri
1314 4368 1465 4438 ejus,
1501 4368 1602 4422 sed
1644 4385 1750 4441 ego
1800 4368 2015 4423 nescivi

366 4458 505 4526 illa;
539 4457 677 4530 quia
708 4474 825 4514 non
856 4456 1127 4514 consensi
1160 4456 1387 4511 artibus
1419 4456 1567 4527 ejus,
1604 4473 1718 4511 non
1751 4457 2013 4527 acquievi

365 4547 626 4618 imperiis
683 4548 831 4618 ejus.
892 4545 1094 4601 Posuit
1148 4543 1423 4615 Assyrius
1482 4530 2091 4601 NabuchodonosorD

365 4637 537 4710 signa
565 4636 763 4709 pueris
789 4635 1185 4699 Hebraeorum,
1218 4638 1277 4688 et
1308 4632 1555 4688 mutavit
1586 4632 1703 4689 illis
1736 4634 1975 4689 nomina
2001 4652 2013 4690 :

365 4731 425 4783 et
446 4726 717 4799 praecepit
747 4730 811 4780 ut
841 4725 1151 4780 adorarent
1180 4720 1496 4794 imaginem
1529 4722 1677 4793 ejus,
1710 4726 1768 4777 et
1789 4724 2015 4779 recede-

366 4818 500 4872 rent
530 4830 563 4869 a
593 4813 956 4870 solemnibus
988 4815 1220 4883 patrum
1254 4826 1518 4877 suorum,
1551 4810 1818 4882 ritusque
1848 4811 2015 4868 Chal-

367 4905 541 4970 daeos,
574 4901 911 4975 posthabita
941 4900 1042 4956 Dei
1073 4899 1218 4970 lege,
1253 4903 1655 4971 sequerentur.
1704 4900 2019 4957 Constituit

368 4992 478 5048 hoc
527 4991 749 5059 rex,sed
801 4990 1009 5046 statuit
1058 4986 1258 5044 Daniel
1291 4988 1348 5043 in
1378 4988 1547 5043 corde
1570 5005 1697 5056 suo,
1724 4995 1786 5044 ut
1807 4989 2017 5063 regalis

370 5098 582 5137 mensae
613 5078 883 5152 contagia
913 5076 1249 5134 declinaret.
1285 5077 1457 5132 Recte
1486 5093 1621 5150 ergo
1651 5077 1701 5132 ei
1752 5078 2019 5133 convenit

368 5170 577 5226 dicere:
601 5169 780 5241 Signa
818 5186 933 5224 non
957 5166 1193 5239 cognovi
1216 5164 1673 5221 aliena.Jussum
1697 5170 1820 5221 erat
1840 5168 2018 5222 utHe-

370 5259 508 5315 brzei
534 5258 698 5331 pueri
721 5257 1032 5313 adorarent
1054 5254 1369 5327 imaginem
1393 5254 1565 5326 regis;
1592 5255 2016 5326 responderunt

368 5348 460 5403 ei:
494 5370 522 5398 «
556 5347 679 5402 Non
712 5346 1028 5402 adoramus
1058 5342 1373 5413 imaginem
1405 5346 1567 5398 tuam
1597 5343 1757 5413 (Dan.
1789 5360 1870 5410 ιιι,
1904 5345 2015 5412 18).

293 5470 303 5481 ο
369 5440 519 5509 Apto
549 5452 684 5509 ergo
710 5435 853 5491 dixit
883 5432 1287 5505 unusquisque
1318 5448 1518 5487 eorum
1544 5448 1557 5486 :
1612 5454 1639 5480 «
1692 5430 2016 5488 Posuerunt

371 5526 544 5599 signa
573 5543 698 5594 sua,
733 5524 922 5598 signa,
955 5526 1010 5579 et
1039 5538 1154 5577 non
1186 5519 1426 5592 cognovi
1453 5538 1510 5588 ;ι›
1538 5518 1594 5575 id
1628 5524 1717 5575 est
1742 5537 1855 5576 non
1881 5539 2014 5578 sum

371 5618 663 5687 eXpertus,
697 5630 811 5670 non
856 5611 975 5668 ullo
1033 5623 1321 5666 consensu
1374 5608 1582 5681 recepi,
1646 5625 1757 5664 non
1819 5609 2015 5684 aliqua

2113 1321 2420 1359 summum
2448 1321 2459 1358 :
2493 1305 2690 1376 quasi
2720 1307 2779 1362 in
2812 1309 2956 1365 silva
2982 1312 3280 1385 lignorum
3313 1321 3620 1378 securibus
3651 1305 3797 1381 con-

2118 1394 2389 1449 ciderunt
2412 1394 2652 1464 januas
2689 1398 2817 1468 ejus
2847 1399 2905 1455 in
2936 1401 2993 1457 id
3028 1404 3246 1476 ipsum,
3280 1408 3514 1477 bipenni
3544 1416 3599 1466 et
3639 1417 3797 1474 ascia

2121 1483 2461 1552 dejeceruut
2506 1482 2672 1539 illud
2707 1488 2876 1556 (Psal.
2914 1509 3108 1560 Lxxni,
3136 1497 3191 1558 5,
3212 1498 3324 1567 6).»
3361 1500 3507 1563 Quid
3542 1501 3650 1558 hoc
3681 1506 3795 1563 sibi

2119 1571 2264 1664 vult,
2298 1571 2408 1627 nisi
2438 1571 2562 1664 hoc
2590 1577 2869 1664 ostendat
2901 1582 3037 1651 quia
3070 1584 3216 1640 fides
3248 1590 3449 1642 nostra
3480 1606 3590 1645 non
3624 1596 3791 1664 quasi

2117 1659 2176 1715 in
2209 1659 2301 1715 via
2345 1677 2475 1717 esse
2526 1662 2765 1730 debeat,
2818 1683 2890 1722 ne
2935 1670 3169 1726 veniant
3225 1672 3492 1731 volucres
3549 1659 3676 1734 οωΪὶ
3735 1687 3793 1738 et

2118 1748 2391 1838 auferant
2434 1767 2595 1818 eam,
2646 1751 2800 1808 sicut
2845 1756 3085 1813 verbum
3152 1758 3295 1815 illud
3349 1765 3501 1834 quod
3556 1762 3700 1838 legis
3730 1770 3788 1825 in

2118 1836 2452 1909 Evangelio,
2486 1855 2607 1894 non
2644 1840 2855 1899 debere
2887 1844 3041 1901 circa
3069 1847 3192 1903 vias
3224 1853 3281 1903 et
3324 1851 3568 1909 semitas
3611 1836 3786 1913 semi-

2116 1926 2244 1981 nari
2277 1928 2427 1999 (Luc.
2463 1945 2592 1995 vm,
2615 1930 2695 1999 5).

2185 2062 2275 2114 28.
2310 2061 2458 2132 Ergo
2492 2061 2683 2117 sancti
2716 2064 2973 2123 volentes
3004 2066 3179 2125 ﬁdem
3212 2070 3461 2141 hujusce
3491 2076 3787 2135 eradicare

2118 2149 2460 2214 adversarii,
2495 2151 2599 2222 qui
2630 2169 2743 2207 non
2775 2154 2976 2211 vident
3007 2157 3180 2230 signa
3210 2175 3321 2214 sua
3354 2160 3411 2215 in
3436 2163 3608 2218 corde
3631 2166 3781 2236 ejus,

2117 2242 2492 2293 tentaverunt
2524 2241 2698 2311 quasi
2730 2241 2787 2298 in
2820 2244 3003 2309 via,id
3036 2250 3143 2312 est,
3164 2246 3224 2301 in
3257 2249 3452 2318 pervio
3478 2249 3782 2325 collocare,

2117 2328 2226 2381 Cor
2256 2330 2452 2381 autem
2494 2328 2554 2383 in
2612 2347 2846 2387 summo
2874 2340 2999 2401 est;
3034 2334 3174 2406 quia
3203 2335 3357 2391 oculi
3389 2338 3671 2411 sapientis
3722 2341 3782 2397 in

2119 2415 2306 2487 capite
2338 2416 2488 2486 ejus.
2526 2419 2597 2474 Et
2628 2427 2951 2491 posuerunt
2981 2423 3152 2496 signa
3194 2426 3367 2496 quasi
3417 2427 3477 2483 in
3520 2428 3667 2485 silva
3712 2429 3780 2486 li-

2120 2520 2393 2575 gnorum,
2429 2521 2559 2577 qua:
2593 2508 2705 2564 cito
2759 2517 3085 2566 exuruntur
3131 2511 3277 2583 igni,
3330 2520 3434 2571 aut
3477 2518 3780 2574 securibus

2120 2592 2530 2649 conciduntur.
2583 2597 2713 2653 Exit
2765 2598 2921 2653 enim
2972 2600 3127 2671 ignis
3176 2601 3247 2655 de
3297 2602 3464 2671 silva,
3494 2610 3552 2660 et
3592 2606 3780 2662 exurit

2120 2681 2298 2735 etiam
2331 2682 2539 2740 cedros
2570 2685 2795 2742 Libani.
2828 2687 2947 2743 Hoc
2970 2692 3165 2743 autem
3219 2689 3553 2748 faciendum
3608 2698 3776 2765 puta-

2121 2775 2365 2837 verunt;
2401 2777 2465 2826 ut
2488 2774 2814 2845 polluerent
2834 2776 3016 2833 divini
3051 2777 3309 2834 nominis
3332 2781 3774 2838 tabernaculum

2122 2860 2275 2930 quod
2298 2864 2384 2915 est
2406 2860 2465 2917 in
2491 2865 2679 2921 nobis.
2705 2865 2867 2921 Sicut
2897 2867 3055 2922 enim
3087 2868 3375 2940 templum
3412 2870 3506 2925 Dei
3532 2887 3772 2927 sumus:

2122 2948 2204 3003 ita
2223 2965 2430 3005 sumus
2453 2955 2509 3006 et
2532 2954 2977 3009 tabernaculum
3001 2955 3188 3022 Dei,in
3220 2974 3337 3028 quo
3370 2958 3515 3014 festa
3545 2959 3773 3015 Domini

2122 3038 2509 3097 celebrantur.
2546 3043 2695 3116 Ergo
2726 3047 2851 3111 tu,o
2882 3043 3392 3109 homo,summum
3424 3050 3592 3102 tuum
3642 3064 3773 3104 cus-

2048 3156 2091 3223 C
2125 3127 2268 3223 todi,
2315 3133 2380 3181 ut
2427 3146 2787 3203 conquasses
2836 3135 3028 3205 capita
3076 3134 3470 3203 inimicorum,
3501 3137 3772 3192 verticem

2127 3214 2320 3286 capilli
2372 3220 2909 3287 perambulantium
2960 3224 3132 3293 (Psal.
3184 3240 3352 3289 van,
3399 3224 3509 3295 32).
3564 3223 3625 3279 In
3676 3241 3773 3279 su-

2127 3304 2366 3376 perfluis
2397 3307 2556 3363 enim
2590 3309 3022 3381 perambulant,
3054 3328 3168 3367 non
3202 3312 3259 3366 in
3288 3312 3507 3367 sanctis
3531 3328 3545 3368 :
3568 3310 3627 3366 in
3650 3328 3773 3368 ver-

2128 3390 2239 3446 tice
2268 3391 2488 3462 capilli,
2524 3412 2638 3450 non
2671 3396 2731 3450 in
2761 3398 2974 3452 vertice
3005 3397 3328 3453 devotionis
3356 3401 3413 3453 et
3443 3397 3597 3452 fidei.
3633 3420 3661 3448 «
3712 3398 3777 3452 Et

2129 3480 2175 3535 si
2210 3479 2454 3551 spiritus
2488 3488 2834 3553 potestatem
2861 3483 3131 3541 habentis
3163 3487 3222 3542 in
3252 3491 3308 3541 te
3338 3486 3635 3553 ascendat,
3664 3508 3689 3534 υ
3718 3491 3779 3540 ut

2114 3568 2309 3642 habes
2338 3566 2399 3621 in
2436 3569 2801 3637 Ecclesiaste,
2841 3591 2862 3619 ι
2914 3571 3108 3628 locum
3156 3578 3326 3629 tuum
3376 3592 3490 3629 non
3532 3572 3777 3629 derelin-

2127 3673 2275 3727 quas
2305 3657 2499 3724 (Eccle.
2533 3677 2589 3726 Χ,
2615 3660 2689 3729 4).
2727 3682 2755 3709 ››
2782 3659 3014 3715 Etenim
3045 3662 3406 3732 superiorem
3431 3666 3488 3717 te
3512 3660 3779 3717 Christus

2125 3744 2447 3813 constituit,
2482 3764 2657 3818 quem
2690 3750 2759 3804 ad
2795 3748 3109 3819 imaginem
3141 3748 3240 3803 Dei
3270 3749 3421 3803 fecit.
3456 3750 3613 3804 Tene
3640 3765 3778 3821 ergo

2125 3834 2487 3905 superiorem
2522 3837 2654 3892 ﬁdei
2690 3845 2739 3892 el
2776 3836 3008 3908 pietatis
3039 3836 3255 3905 locum,
3281 3851 3455 3906 quem
3480 3853 3513 3890 a
3544 3834 3777 3889 Christo

2124 3922 2398 3994 accepisti
2426 3942 2439 3979 :
2476 3927 2629 3982 649
2665 3930 2727 3981 ut
2756 3925 3023 3997 superior
3051 3923 3681 3992 factus,ascendentem
3707 3922 3777 3976 de

2124 4012 2639 4079 inﬂerioribus,hoc
2670 4016 2856 4081 est,de
2886 4013 3133 4069 terrenis
3165 4017 3222 4068 et
3252 4009 3776 4083 sagcularibus,spi-

2123 4101 2300 4156 ritum
2335 4117 2588 4173 nequam
2614 4103 2779 4159 facile
2802 4102 3068 4174 repellas,
3084 4107 3139 4158 et
3163 4101 3331 4173 signa
3353 4116 3465 4154 non
3489 4097 3779 4171 suscipias

2125 4190 2183 4244 in
2216 4195 2447 4260 pectore
2479 4196 2614 4248 tuo:
2652 4209 2767 4247 non
2812 4200 3054 4263 occupet
3101 4189 3310 4245 animae
3358 4194 3474 4242 tum
3520 4186 3777 4243 vestibu-

2125 4278 2381 4348 lum,nec
2410 4279 2687 4335 introitus
2721 4280 2934 4335 mentis
2969 4286 3079 4335 tum
3108 4297 3121 4347 ;
3155 4283 3211 4334 et
3243 4276 3412 4349 quasi
3442 4275 3503 4331 in
3534 4275 3677 4332 silva
3707 4274 3774 4330 li-

2123 4384 2372 4439 gnorum
2392 4368 2628 4439 ignibus
2654 4369 2780 4424 suis
2796 4370 3084 4424 caducaet
3098 4366 3319 4439 fragilia
3340 4364 3780 4438 populetur,aut

2123 4457 2427 4512 securibus
2458 4457 2582 4513 suis
2603 4458 2820 4527 januas
2851 4456 2935 4511 tui
2962 4458 3153 4513 cordis
3183 4457 3428 4512 excidat.
3464 4454 3552 4511 Sit
3599 4454 3777 4527 igitur

2126 4547 2183 4600 in
2213 4545 2383 4601 nobis
2414 4562 2530 4600 non
2566 4545 2732 4613 silva,
2766 4546 2867 4601 sed
2901 4546 3107 4614 vinea;
3142 4546 3219 4601 sit
3250 4549 3415 4617 porta
3440 4543 3621 4599 nostri
3655 4543 3774 4598 oris

2127 4641 2183 4689 et
2241 4634 2434 4689 cordis
2483 4632 2683 4689 clausa
2736 4632 3095 4705 diligentius,
3146 4650 3217 4689 ne
3262 4632 3448 4689 hostis
3504 4631 3774 4696 introeat,

2128 4722 2250 4778 Cito
2281 4722 2484 4778 defidit
2506 4723 2776 4794 januam,
2809 4724 2857 4779 si
2889 4729 3183 4796 patentem
3214 4739 3339 4778 eam
3374 4718 3673 4775 inveniret.
3703 4723 3776 4770 At

2128 4828 2260 4866 vero
2290 4810 2557 4867 Christus
2589 4810 2802 4884 pulsat,
2837 4829 2951 4868 non
2985 4813 3213 4883 dejecit,
3260 4808 3359 4881 qui
3407 4806 3769 4870 confortavit,

2127 4918 2160 4955 o
2188 4899 2705 4966 Jerusalem,seras
2724 4906 3021 4973 portarum
3047 4895 3577 4956 tuarum.Christus
3591 4910 3768 4948 manu

2128 4989 2343 5061 pulsat,
2377 4995 2443 5045 ut
2471 4990 2719 5063 aperias,
2753 4990 3123 5045 adversarius
3154 4984 3458 5042 securibus
3488 4981 3766 5047 concidit;

2128 5084 2184 5135 et
2213 5079 2341 5135 ideo
2364 5079 2646 5150 scriptum
2671 5083 2761 5134 est
2783 5095 2852 5133 ne
2875 5077 3097 5133 securis
3110 5081 3167 5132 et
3189 5073 3435 5129 malleus
3454 5070 3512 5125 in
3528 5070 3766 5127 domum

2128 5166 2226 5222 Dei
2258 5167 2436 5222 intret
2464 5168 2561 5237 (111
2596 5169 2723 5233 Reg.
2758 5182 2834 5231 v1,
2866 5166 2945 5235 7).
2971 5163 3130 5218 Foris
3152 5161 3323 5216 debet
3346 5174 3473 5213 esse
3496 5157 3771 5229 superbia

2127 5262 2183 5311 et
2215 5255 2462 5321 fallacia,
2488 5272 2602 5310 non
2636 5254 2812 5308 intus.
2848 5250 3010 5307 Foris
3058 5251 3216 5306 enim
3240 5263 3455 5322 pugna,
3479 5263 3589 5318 pax
3610 5245 3769 5302 intus

2126 5361 2254 5416 quae
2285 5360 2465 5416 supra
2492 5357 2721 5398 omnem
2782 5339 3143 5396 intellectum
3171 5344 3276 5395 est.
3300 5338 3425 5393 Non
3470 5334 3771 5392 scindatur

2125 5435 2276 5489 ferro
2308 5432 2503 5487 anima
2532 5435 2667 5484 tt'a:
2703 5429 2800 5483 sed
2837 5434 2902 5483 ut
2949 5429 3145 5485 anima
3172 5426 3413 5500 Joseph,
3444 5426 3524 5481 ita
3571 5423 3769 5481 anima

2125 5529 2225 5578 tua
2256 5523 2470 5576 ferrum
2496 5520 2892 5590 pertranseat;
2928 5534 2997 5573 ne
3027 5516 3345 5590 principale
3374 5520 3563 5582 tuum,
3610 5512 3770 5568 velut

2126 5610 2421 5685 quoddam
2451 5604 2896 5664 tabernaculum
2926 5607 3122 5680 Verbi,
3150 5608 3209 5663 in
3242 5606 3367 5679 ipso
3414 5602 3548 5660 fidei
3606 5602 3766 5675 prin-
