4052 6196
552 319 670 386 863

2016 308 2174 378 S.A

2288 308 2503 380 laesa
3764 321 3857 393 864

549 456 702 529 cipio
756 459 812 511 et
869 451 1140 524 doctrinm
1199 451 1523 528 spiritualis
1579 452 1847 512 diruatur
1903 452 2193 529 ingressu.
2228 452 2280 518 Α
2311 456 2432 509 toto
2464 455 2732 526 precatur
2761 451 2992 524 affectu,
3024 455 3092 512 ut
3120 451 3384 515 Christus
3411 455 3654 516 adveniat
3687 461 3856 527 iortitu.

549 547 849 602 Fundatus
880 543 1036 601 cnim
1068 562 1180 602 usu
1211 549 1387 619 atque
1417 546 1825 603 exercitatione
1879 546 2198 602 immobilis

547 641 1009 710 perseverat,nec
1040 636 1233 692 locum
1266 636 1365 693 dat
1395 637 1446 692 ei
1480 637 1576 709 qui
1607 637 1665 691 in
1697 635 2198 708 summum,quasi

546 726 980 798 transﬂgurans
1014 742 1075 780 se
1107 725 1165 779 in
1199 723 1474 797 angelum
1509 725 1678 790 lucis,
1711 727 1956 780 conatur
1993 739 2196 778 ascen-

449 808 457 810 ”
548 816 684 872 dere
711 833 724 882 ;
753 814 851 886 qui
885 815 930 870 si
962 813 1021 868 in
1055 814 1221 869 nobis
1253 831 1360 868 sua
1391 814 1558 885 signa
1589 830 1699 868 non
1732 813 1962 875 viderit,
1997 815 2194 868 aucto-

547 905 779 960 ritatem
825 902 1134 959 resistendi
1179 903 1394 958 habere
1455 920 1570 958 non
1629 903 1860 974 poterit.
1923 903 2068 973 Ergo
2123 918 2195 956 ne

547 993 769 1065 afﬂigat
792 1009 897 1048 nos
920 992 1197 1047 inimicus
1221 1009 1291 1047 ne
1330 1008 1461 1047 ossa
1478 997 1678 1047 nostra
1704 991 2052 1062 confringet,
2079 1007 2190 1046 non

543 1082 886 1148 deficiamus
926 1098 1291 1154 perseverare
1335 1081 1390 1135 in
1416 1081 1643 1136 Christo
1669 1086 1731 1136 ut
1755 1081 1909 1136 dicat
1931 1081 2001 1135 de
2023 1079 2191 1134 nobis

543 1194 572 1223 ‹‹
625 1171 907 1227 Triduum
959 1171 1176 1226 habent
1226 1171 1376 1240 quod
1434 1175 1803 1238 perseverant
1852 1187 2102 1236 mecum,
2136 1174 2191 1224 et

542 1261 835 1316 dimittere
884 1277 982 1315 eos
1031 1260 1269 1331 jejunos
1327 1259 1480 1326 nolo,
1541 1277 1611 1314 ne
1660 1259 1932 1315 deficiant
1983 1259 2040 1313 in
2098 1259 2191 1313 via

540 1351 758 1418 (Matth.
811 1367 904 1415 xv,
957 1351 1063 1414 33).
1119 1373 1144 1399 »
1196 1351 1406 1405 Beatus
1454 1350 1545 1404 cui
1594 1351 1718 1421 ipse
1749 1349 1969 1404 dederit
1999 1349 2189 1404 cordis

540 1441 998 1502 ﬁrmamentum,
1050 1446 1110 1494 ut
1146 1440 1388 1495 deficere
1420 1457 1533 1495 non
1567 1440 1750 1511 possit
1779 1439 1837 1493 in
1866 1439 2034 1494 istius
2061 1439 2187 1493 vitae

539 1529 775 1585 tramite
801 1530 1172 1584 constitutus.
1201 1529 1324 1583 Non
1358 1527 1512 1584 enim
1547 1529 1742 1584 deficit
1773 1529 1869 1600 qui
1904 1531 2100 1600 sperat
2129 1527 2186 1582 in

538 1615 988 1689 Domino,atque
1017 1617 1067 1673 ei
1096 1618 1302 1673 intimo
1334 1619 1642 1673 confitetur
1657 1619 1864 1674 affectu
1891 1617 2187 1688 ;quando-

538 1707 773 1778 quidem
807 1707 981 1761 etiam
1012 1723 1189 1777 eques
1218 1705 1314 1760 ille
1343 1707 1515 1775 cujus
1545 1707 1674 1778 equi
1709 1706 2047 1772 calcaneum
2069 1722 2187 1760 ser-

539 1812 682 1868 pens
704 1793 1038 1860 momordit,
1072 1793 1178 1848 etsi
1211 1799 1366 1849 retro
1397 1795 1573 1849 cecidi
1615 1839 1629 1864 ,
1665 1795 1942 1866 deceptus
1986 1798 2182 1849 tamen
2216 1825 2264 1890 Β

536 1898 652 1939 non
683 1887 790 1949 est,
825 1882 963 1954 quia
992 1881 1238 1938 salutem
1272 1884 1595 1953 expectavit
1624 1901 1657 1938 a
1689 1883 1936 1939 Domino
1967 1881 2064 1954 (6).

1153 1971 1383 2026 CAPUT
1419 1973 1570 2027 VIII.

535 2059 710 2115 David
738 2058 804 2114 ab
853 2061 1174 2132 iniquorum
1216 2077 1385 2116 causa
1432 2079 1594 2116 suam
1639 2063 1880 2118 discerni
1925 2061 2181 2132 postulat,

604 2147 711 2186 non
744 2133 929 2205 autem
952 2131 1222 2197 Christus,
1253 2135 1454 2205 quippe
1481 2135 1572 2205 cui
1600 2151 1633 2187 a
1678 2135 1841 2188 Patre
1884 2131 2073 2188 datum
2113 2133 2186 2187 sit

603 2218 761 2257 omne
801 2203 1098 2276 judicium.
1149 2203 1360 2259 Merito'
1392 2204 1725 2276 PrOphetam
1780 2207 1844 2259 ob
1903 2205 2184 2260 intestinos

603 2277 764 2344 atque
792 2277 1048 2330 externos
1079 2275 1252 2330 hostes
1273 2275 1558 2331 turbatum
1579 2278 1866 2343 institisse,
1887 2285 1951 2331 ut
1966 2280 2183 2330 mature

566 2381 568 2385 -
600 2345 708 2421 sibi
753 2344 932 2421 divini
977 2345 1196 2421 auxilii
1225 2349 1323 2401 tua:
1349 2348 1680 2419 aﬂ‘utgeret:
1711 2365 1837 2402 eum
1873 2353 2053 2402 tamen
2083 2346 2179 2421 fu-

599 2419 746 2473 turae
762 2416 1154 2488 redemptionis
1174 2416 1523 2488 cognitionea
1546 2421 1646 2474 Deo
1665 2421 1842 2494 fuisse
1853 2416 2175 2474 recreatum.

599 2506 688 2560 29.
740 2507 930 2561 Tertia
983 2523 1217 2578 quoque
1259 2508 1555 2578 Propheta:
1585 2508 1973 2577 interpellatio
2022 2509 2177 2581 quod

530 2594 589 2650 in
621 2593 813 2650 medio
843 2595 1152 2651 hominum
1185 2596 1478 2667 nequitias
1510 2598 1903 2654 exercentium
1954 2600 2176 2656 consti-

525 2687 714 2752 tutus,
746 2700 984 2741 causam
1035 2701 1204 2742 suam
1237 2687 1310 2742 ab
1340 2703 1540 2742 eorum
1564 2687 1832 2760 contagio
1859 2688 2058 2760 cupiat
2087 2705 2176 2744 se-

526 2773 738 2845 parari.
790 2773 951 2836 Quod
1002 2773 1170 2830 multi
1221 2775 1291 2828 ad
1337 2774 1652 2831 Dominum
1688 2777 1894 2833 Jesum
1925 2778 2175 2833 referen-

525 2861 670 2917 dum
720 2867 950 2932 putant,
991 2879 1057 2918 eo
1088 2863 1242 2934 quod
1274 2863 1462 2935 ipsius
1491 2863 1672 2920 solius
1702 2871 1792 2921 est
1822 2883 1936 2922 non
1970 2868 2178 2924 timere

516 2949 836 3020 judicium,
887 2951 986 3020 qui
1026 2951 1207 3005 vincit
1235 2968 1367 3006 cum
1388 2952 1710 3022 judicatur.
1743 2954 1930 3010 Habet
1955 2957 2110 3011 enim
2143 2975 2177 3012 a

525 3037 650 3093 viro
683 3033 884 3109 iniquo
926 3039 1244 3109 judicium,
1279 3039 1335 3094 in
1365 3042 1515 3112 quod
1561 3041 1755 3097 volens
1787 3043 2054 3101 Christus
2085 3046 2174 3101 in-

524 3126 880 3199 greditur,ut
910 3127 1092 3183 habes
1124 3127 1445 3200 scriptum:
1481 3152 1509 3179 ‹‹
1545 3130 1798 3202 Populus
1829 3149 2016 3200 meus,
2035 3135 2172 3207 quid

524 3189 634 3281 ieci
664 3189 915 3282 tibi,'aut
945 3217 1002 3271 in
1037 3233 1152 3287 quo
1199 3189 1537 3273 cdntristavi
1589 3189 1646 3275 te
1679 3189 1856 3286 (Mic’t.
1889 3239 1965 3288 vr,
1999 3189 2172 3295 ἐὴ»
2206 3189 2249 3256 C

525 3304 813 3361 Cmterum
846 3321 979 3360 cum
1013 3321 1185 3360 omne
1199 3306 1491 3376 judicium
1515 3307 1600 3362 illi
1624 3309 1848 3365 dederit
1869 3315 2177 3382 pater,non

526 3392 697 3463 quasi
745 3393 979 3448 infirmo
1027 3394 1250 3465 utique,
1286 3396 1385 3450 sed
1421 3397 1587 3466 quasi
1619 3397 1760 3467 ﬁlio,
1794 3401 1949 3471 quod
1984 3405 2176 3473 potest

528 3480 655 3552 ipse
687 3481 1239 3552 subirejudicium?
1269 3485 1326 3540 Si
1353 3485 1646 3556 judicium
1679 3488 1864 3544 Patris
1886 3490 2173 3546 arbitran-

528 3573 626 3626 tur
658 3568 798 3624 Filio
818 3585 946 3626 esse
964 3571 1546 3638 subeundum,Pater
1577 3575 1778 3648 utique
1810 3593 1924 3633 non
1945 3579 2175 3647 judicat

526 3673 906 3728 quamquam,
957 3661 1054 3715 sed
1103 3677 1275 3716 omne
1320 3663 1613 3732 judicium
1673 3665 1834 3721 dedit
1893 3667 2061 3733 filio;
2110 3673 2175 3725 ut

525 3763 732 3802 omnes
761 3746 1146 3807 honoriﬁcent
1176 3749 1382 3815 ﬁlium,
1417 3753 1587 3820 sicut,
1633 3754 2021 3812 honoriﬁcant
2069 3775 2170 3831 pa-

523 3840 694 3891 trem.
729 3836 899 3892 Pater
920 3837 1167 3894 honorat
1197 3839 1462 3906 filium,et
1496 3846 1558 3898 tu
1587 3843 1876 3913 dijudicas
1901 3846 1927 3900 ?
1956 3845 2076 3902 Hoc
2105 3865 2170 3904 eo

521 3924 851 3997 posuimus,
916 3944 986 3982 ne
1034 3929 1165 3998 quis
1215 3945 1322 3983 nos
1373 3930 1727 3986 arbitaretur
1773 3933 1939 3989 650
1997 3937 2167 4007 quasi

524 4019 680 4070 metu
711 4016 1050 4086 quaestionis
1074 4017 1128 4070 in
1154 4016 1602 4074 locumDomini
1630 4020 1949 4093 subrogare
1970 4040 2167 4095 perso-

523 4120 658 4158 nam
691 4104 1008 4175 Prophetm,
1043 4122 1176 4160 cum
1209 4111 1448 4162 sanctus
1479 4107 1654 4163 David
1692 4110 2012 4180 praevidens
2045 4115 2169 4185 spi-

523 4191 638 4247 ri‘tu
673 4192 1100 4249 insurrecturos
1129 4195 1364 4251 JlldtBOS
1393 4196 1673 4253 adversus
1696 4200 1924 4255 Domini
1953 4203 2168 4272 passio-

522 4298 679 4351 nem,
727 4282 1021 4352 judicium
1074 4300 1192 4338 sum
1247 4284 1377 4340 fidei
1435 4302 1549 4338 non
1609 4287 1983 4358 pertimescat
2039 4292 2163 4362 (7):

522 4368 772 4423 discerni
833 4385 1066 4442 quoque
1123 4389 1360 4427 causam
1415 4390 1582 4428 suam
1638 4392 1671 4429 a
1727 4383 2165 4447 persecutorum

514 4459 692 4526 gente
722 4457 1017 4526 deposcat,
1047 4475 1118 4514 ne
1147 4459 1316 4514 malis
1345 4461 1575 4531 generis
1607 4462 1698 4517 sui
1729 4468 1786 4517 et
1811 4465 2166 4536 posteritatis

2311 544 2381 597 do
2412 544 2837 610 universorum,
2898 544 2999 617 qui
3048 545 3333 619 suscipiat
3389 563 3578 606 omnes
3625 550 3855 612 inﬁrmita-

2305 637 2414 700 tes,
2471 637 2530 688 et
2575 632 2745 689 faciat
2802 636 3053 707 utraque
3113 651 3321 701 unum,
3373 644 3856 715 compugn'autesquo

2306 723 2418 778 sibi
2450 722 2662 779 mentis
2719 726 2776 779 et
2804 723 2998 779 carnis
3056 723 3417 795 inimicitias,
3466 727 3676 784 sublato
3723 731 3856 789 solvat

2304 812 2543 884 pariete,
2605 813 2705 884 qui
2764 814 3063 868 internum
3104 814 3418 885 quo-minus
3465 815 3522 870 in
3569 819 3854 875 concordiam

2303 901 2653 966 conveniret,
2686 902 2981 957 dividebat
3010 902 3453 976 aﬂ'ectum.Ergo
3480 905 3607 976 quia
3626 906 3675 959 in
3702 923 3752 961 se
3773 907 3856 979 ipso

2303 989 2413 1045 sibi
2444 994 2568 1045 erat
2599 1007 2817 1063 pugna,
2849 997 2974 1046 erat
3003 1008 3036 1046 a
3067 992 3346 1063 proximis
3376 993 3471 1063 qui
3498 993 3629 1066 legis
3655 999 3702 1049 et
3726 998 3852 1068 requi-

2300 1079 2437 1134 tatis
2466 1080 2839 1136 immemores
2870 1080 3108 1153 laqueus
3141 1081 3361 1137 fraudis
3384 1086 3438 1136 et
3466 1081 3852 1156 insidiaSprapa-

2303 1167 2532 1236 rabant,
2582 1174 3001 1241 speratumque
3048 1170 3420 1226 differebatur
3468 1170 3859 1240 remedium;re-

2300 1256 2536 1328 pulsum
2569 1275 2629 1313 se
2661 1255 3072 1325 arbitrabatur,
3107 1258 3277 1331 quasi
3311 1266 3592 1314 recusaret
3609 1260 3769 1314 venire
3795 1263 3858 1332 qui

2299 1347 2648 1417 promiserat
2696 1347 2950 1403 remedio
2981 1365 3042 1403 se
3087 1349 3372 1404 futurum.
3420 1349 3487 1403 Et
3537 1352 3775 1420 tanquam
3811 1351 3856 1406 ab

2298 1451 2400 1506 spe
2430 1435 2778 1492 lucesceutis
2808 1437 2919 1492 diei
2943 1437 2999 1491 in
3033 1437 3403 1493 tenebrarum
3455 1437 3712 1507 profunda
3747 1453 3860 1492 revo-

2299 1529 2485 1590 catus,
2541 1525 2745 1580 orabat
2785 1530 2850 1580 ut
2901 1524 3231 1596 squalorem
3282 1524 3458 1595 hujus
3513 1523 3685 1579 seaculi
3723 1524 3859 1596 repul-

2296 1629 2434 1667 sura
2463 1612 2561 1668 lux
2615 1613 2939 1680 irradiaret,
2973 1620 3186 1668 aeterna
3243 1615 3472 1669 adesset
3517 1612 3722 1678 veritas,
3769 1630 3859 1685 qua

2297 1701 2562 1758 fallacem
2585 1703 2901 1775 imaginem
2935 1702 3141 1758 mundi
3172 1701 3354 1773 hujus
3385 1700 3646 1757 aboleret.

2365 1790 2453 1846 3i.
2487 1791 2688 1847 Adfuit
2738 1792 2890 1848 Deus
2921 1790 3091 1858 votis,
3145 1791 3248 1862 qui
3282 1790 3432 1846 solet
3477 1795 3534 1846 et
3585 1789 3859 1862 improvisus

2299 1880 2594 1946 assistere,
2629 1883 2688 1935 et
2715 1896 2829 1935 non
2863 1880 3210 1951 rogantibus
3239 1896 3301 1935 se
3345 1879 3715 1944 manifestare,
3755 1881 3860 1932 sicut

2295 1967 2421 2040 ipse
2469 1969 2589 2024 ait:
2641 1991 2669 2018 «
2721 1968 2920 2024 Palam
2952 1969 3140 2024 factus
3188 1984 3322 2024 sum
3377 1983 3489 2024 non
3546 1966 3858 2039 querentibus

2297 2072 2389 2111 me
2457 2058 2564 2128 (Isa
2597 2073 2718 2125 va,
2782 2057 2832 2126 1)
2865 2079 2893 2107 ‹‹
2926 2058 2996 2112 Et
3025 2057 3136 2128 piis
3197 2055 3548 2127 astipulatus
3585 2056 3752 2120 oratis,
3790 2071 3857 2109 vo-

2293 2148 2489 2200 torum
2521 2145 2728 2200 seriem
2760 2144 2929 2200 celeri
2963 2145 3241 2216 praevenit
3269 2145 3497 2212 effectu,
3531 2142 3792 2212 subitoque
3819 2141 3855 2194 in

2293 2233 2608 2289 Ecclesiam
2645 2238 2701 2288 et
2728 2232 2788 2287 in
2819 2231 3200 2288 tabernacula
3231 2249 3341 2288 sua
3371 2235 3628 2287 sanctum
3672 2228 3855 2300 Prophe-

2290 2323 2411 2376 tam
2444 2321 2682 2377 deduxit
2713 2322 2768 2376 in
2793 2320 3029 2393 spiritu,
3056 2326 3230 2392 atque
3273 2325 3409 2376 ante
3439 2319 3628 2376 oculos
3669 2320 3772 2389 ejus
3793 2333 3858 2371 aa-

2289 2425 2454 2465 crum
2488 2409 2670 2466 alt-are
2699 2409 3022 2477 constituit,
3058 2409 3116 2464 in
3148 2425 3263 2480 quo
3295 2409 3498 2465 futura
3530 2408 3690 2464 totius
3712 2400 3856 2462 mundi

2287 2504 2442 2555 esset
2467 2499 2811 2571 redemptio,
2847 2504 2904 2555 et
2933 2497 3344 2554 universorum
3375 2503 3494 2555 toto
3516 2497 3643 2554 orbe
3662 2491 3858 2553 remissio

2287 2592 2656 2660 peccatorum
2667 2631 2680 2644 .

2931 2675 3162 2733 CAPUT
3199 2678 3294 2732 ΙΧ.

2287 2793 2572 2866 Propheta:
2601 2794 2781 2849 verbis
2809 2793 3120 2865 signiﬁcari
3152 2794 3346 2862 Deum,
3392 2794 3487 2865 qui
3514 2793 3577 2847 ab
3619 2788 3860 2866 hominibus

2354 2863 2575 2937 propter
2621 2881 2813 2920 eorum
2855 2863 3079 2936 peccata
3123 2867 3310 2936 fuerat
3354 2863 3587 2930 auersus,
3619 2865 3700 2937 eis
3725 2863 3859 2937 postea

2351 2933 2466 3007 per'
2491 2939 2802 3006 passion-em
2855 2933 3066 2992 Christi
3110 2933 3558 2992 reconciliatum:
3615 2934 3701 3007 ubi
3738 2933 3859 2987 Deum

2357 3005 2642 3063 hominum
2670 3008 2947 3077 sacriﬁcia
2976 3012 3310 3074 aversatum,
3356 3005 3686 3065 reconcilim'
3723 3007 3857 3077 tamen

2355 3095 2514 3150 posse
2569 3081 2738 3135 etiam
2788 3075 2949 3136 Isaiae
3005 3082 3316 3150 testimonio
3371 3079 3738 3150 conﬁrmatur._
3764 3075 3858 3130 Item

2358 3147 2416 3205 ut
2447 3153 2507 3206 in
2538 3151 2760 3205 domum
2792 3152 2889 3206 Dei
2915 3149 3321 3220 ingrediamur,
3355 3147 3570 3222 ποθ’ᾳυί
3612 3147 3854 3204 insuiarum

2359 3224 2556 3292 instar,
2607 3225 2905 3278 criminum
2959 3223 3213 3291 ﬂuctibus
3269 3225 3441 3290 tunsi,
3487 3221 3749 3290 naufragia
3785 3231 3858 3287 pa-

2359 3294 2649 3362 tiebamur,
2701 3293 2999 3365 multiplici
3045 3295 3258 3350 ratione
3301 3297 3477 3366 fuisse
3516 3309 3549 3347 a
3594 3292 3769 3348 Christo
3800 3301 3858 3340 re-

2356 3373 2596 3421 novales.

2352 3480 2443 3537 32.
2475 3480 2695 3536 Viden’s
2725 3488 2860 3552 ergo
2890 3480 2949 3535 in
2979 3480 3192 3552 spiritu
3237 3478 3404 3536 illam
3435 3476 3764 3536 dulcedinem
3791 3485 3855 3524 sa-

2283 3573 2715 3625 cramentorum
2773 3567 3122 3634 caelestium,
3177 3567 3343 3623 illam
3390 3583 3642 3624 mensam
3669 3578 3773 3635 qua
3795 3571 3856 3613 re-

2283 3657 2445 3730 pellit
2474 3658 2852 3714 atterentium
2884 3656 3151 3713 insidias.
3185 3656 3341 3713 sicut
3365 3657 3489 3729 ipse
3518 3656 3572 3711 in
3602 3645 3854 3724 superiori-

2282 3747 2394 3803 bus
2423 3747 2610 3802 dixit:
2646 3770 2672 3796 ‹‹
2713 3747 2937 3803 Parasti
2986 3746 3047 3801 in
3098 3751 3414 3818 conspectu
3464 3760 3586 3800 meo
3630 3751 3853 3798 mensam,

2281 3835 2562 3892 adversus
2612 3851 2712 3891 eos
2759 3835 2860 3906 qui
2907 3838 3217 3892 conterunt
3267 3851 3364 3890 me
3409 3833 3572 3907 (Psal.
3600 3827 3803 3895 λευκώ),
3837 3845 3854 3868 ἰ

2279 3925 2396 3978 ait:
2432 3949 2454 3976 ι
2493 3925 2563 3980 Et
2593 3923 2844 3979 introibo
2875 3923 2947 3979 ad
2979 3918 3160 3980 altare
3189 3922 3291 3979 Dei
3328 3923 3465 3991 mei,
3495 3922 3560 3978 ad
3604 3922 3758 3974 Deum
3783 3910 3852 3982 qui

2278 4011 2915 4084 laetiﬁcatjuvcntutem
2941 4027 3133 4068 meam
3160 4012 3330 4083 (Psal.
3354 4029 3485 4079 xui,
3518 4010 3586 4081 4).
3618 4030 3642 4057 ››
3667 3999 3853 4060 Pulchre

2279 4101 2443 4176 dixit,
2476 4102 2646 4172 quasi
2691 4102 2900 4168 Adam,
2935 4125 2962 4152 ‹‹
3017 4101 3083 4156 Et
3128 4102 3405 4158 introibo.
3458 4123 3485 4150 »
3530 4096 3694 4170 Ejecti
3741 4088 3853 4148 enim

2277 4206 2513 4245 eramus
2570 4190 2641 4244 de
2686 4190 2958 4261 paradiso
3016 4188 3268 4255 Domini,
3300 4208 3373 4246 ex
3403 4205 3516 4261 quo
3565 4186 3728 4242 Adam
3754 4192 3854 4251 Ρθε⁴

2277 4279 2388 4332 cati
2421 4278 2511 4333 sui
2544 4278 2814 4334 conscius
2844 4278 3070 4334 vultum
3099 4267 3332 4334 Domini
3362 4274 3673 4333 declinavit.
3695 4270 3854 4326 Decore

2277 4383 2512 4439 quoque
2561 4367 2822 4423 addidit:
2886 4391 2914 4418 ‹‹
2945 4368 3015 4422 Et
3075 4366 3326 4423 introibo
3385 4367 3455 4422 ad
3511 4365 3676 4420 altare
3716 4353 3808 4414 Dei.
3837 4373 3852 4393 ν

2275 4456 2444 4528 quasi
2481 4456 2538 4511 in
2571 4461 2884 4527 conspectu
2917 4456 3018 4513 Dei
3050 4457 3283 4512 rediret.
3322 4462 3570 4512 Aversus
3592 4450 3727 4509 enim
3767 4445 3856 4498 θτδῐ

522 4529 2170 4624 heredibusprosapiatotius.ludaicigenerisimplicetur
2197 4559 2244 4625 D
2276 4562 2309 4602 Β
2333 4547 2680 4602 muneribus
2719 4545 2959 4613 Ποδίτίεν
2993 4546 3224 4619 quando
3252 4545 3394 4601 Cain
3426 4529 3846 4625 parricida”HMI

593 4632 686 4687 30.
727 4630 853 4687 Non
885 4632 1178 4690 immerito
1222 4651 1358 4707 ergo
1400 4639 1692 4706 turbatur,
1745 4639 1844 4710 qui
1873 4641 2027 4697 videt
2056 4644 2167 4700 sibi

519 4721 800 4778 adversus
856 4737 1085 4777 carnem
1146 4728 1202 4778 et
1257 4725 1604 4796 sanguinem
1657 4743 1787 4784 esse
1849 4729 2166 4802 luctamen,

517 4814 696 4882 atque
722 4810 782 4865 in
814 4811 1006 4881 seipso
1037 4810 1147 4867 sibi
1180 4827 1354 4884 grave
1382 4830 1509 4869 esse
1542 4816 1936 4889 naufragium,
1967 4819 2026 4876 in
2061 4839 2168 4877 suo

517 4903 1192 4971 corpore‘tenpestatem,
1248 4918 1424 4974 quam
1482 4904 1770 4962 sustinere
1816 4925 1932 4964 non
1960 4910 2165 4982 valeat,

519 4988 633 5045 nisi
667 4988 897 5046 sceleste
925 4989 1210 5046 auxilium
1243 4992 1612 5063 suffragetur.
1647 4994 1826 5052 Nemo
1856 4998 2012 5055 enim
2043 5019 2169 5075 gra-

514 5077 642 5135 vior
689 5077 912 5133 homini
944 5079 1151 5145 hostis,
1215 5097 1392 5153 quam
1437 5082 1740 5138 domestici
1796 5087 1962 5158 ejus:
2025 5092 2166 5163 quid

517 5170 712 5222 autem
735 5171 854 5222 tam
888 5168 1274 5226 domesticum
1309 5187 1486 5242 quam
1538 5171 1650 5226 sibi
1701 5172 1894 5243 homo,
1942 5183 1999 5233 et
2047 5197 2163 5236 suae

517 5252 713 5308 carnis
768 5255 1081 5314 inﬁrmitas
1114 5261 1136 5313 Ρ
1168 5260 1233 5314 Et
1289 5259 1417 5314 ideo
1463 5259 1700 5315 festinat
1741 5261 2047 5335 Propheta,
2108 5273 2166 5324 et

590 5411 666 5477 (6)
725 5413 1037 5484 Expeclavit
1086 5436 1119 5473 a
1153 5421 1403 5474 Domino.
1462 5418 1563 5474 His
1591 5421 1784 5478 verbis
1841 5428 2162 5484 enarratio-

520 5497 679 5570 pftq
707 5485 1038 5570 Paulmi'xm
1071 5491 1365 5570 concludit
1407 5490 1572 5570 Rom.
1607 5493 1744 5547 edit.
1805 5512 1870 5550 ac
1900 5497 2162 5570 subjecto

518 5551 709 5638 titulo,
743 5560 797 5608 ct
839 5559 1258 5638 .prii‘nobvcrsu
1324 5561 1538 5616 Psalmi
1581 5581 1695 5618 xui
1752 5581 1960 5623 novam
1987 5551 2161 5626 alii}:

522 5629 802 5679 rationem
835 5629 1108 5686 instituit.
1143 5633 1257 5688 Nos
1289 5650 1420 5689 vero
1452 5650 1595 5690 mss.
1631 5638 1975 5695 auctoritate
1993 5657 2161 5700 cunc-

2279 4635 2437 4691 illius
2469 4651 2714 4690 numera
2745 4651 2860 4690 non
2893 4634 3175 4706 probavit.
3228 4635 3467 4689 Latebat
3509 4629 3637 4687 Cain
3682 4622 3853 4706 alienus

2280 4741 2314 4780 a
2342 4724 2575 4781 Domini
2607 4727 2943 4794 conspectu,
2978 4723 3179 4779 furens
3209 4723 3388 4779 etfera
3415 4721 3500 4776 vis
3529 4715 3712 4781 animi,
3737 4703 3851 4780 quod

2279 4815 2338 4869 in
2372 4813 2569 4868 fratris
2598 4812 2687 4869 sui
2719 4812 3003 4869 Dominus
3033 4815 3365 4886 respexerat
3393 4823 3643 4872 munera,
3683 4801 3732 4856 in
3773 4807 3853 4850 sua

2278 4907 2476 4958 autem
2509 4919 2625 4956 non
2656 4906 3006 4974 respexerat,
3039 4902 3151 4956 sub
3183 4900 3498 4958 Offensione
3526 4891 3756 4969 proprios
3776 4897 3842 4974 re:

2277 4991 2451 5064 liquit
2480 4972 2770 5046 haeredes:
2787 4989 3088 5046 Occiderat
3118 4990 3260 5046 Abel
3294 5005 3405 5045 non
3451 4985 3578 5051 sibi,
3631 4977 3772 5048 cujus
3809 4972 3850 5023 et

2275 5081 2517 5154 sanguis
2548 5078 2841 5135 clamabat
2870 5079 2941 5135 ad
2973 5079 3287 5136 Dominum
3314 5097 3328 5147 ;
3355 5077 3454 5133 sed
3486 5070 3738 5131 occiderat
3755 5075 3850 5154 em-

2276 5148 2450 5226 nibus
2484 5167 2673 5225 nobis.
2710 5167 2946 5224 Nullius
2975 5185 3154 5241 prope
3176 5169 3299 5240 jam
3334 5161 3665 5223 sacriﬁcium
3691 5148 3847 5226 proba-

2274 5261 2485 5326 batur;
2521 5257 2658 5331 quia
2686 5274 2801 5312 non
2861 5263 2984 5314 erat
3030 5258 3131 5330 qui
3183 5258 3396 5314 faccrct
3429 5251 3734 5310 bonitatem,
3762 5249 3845 5292 non

2272 5432 2332 5484 ta
2360 5424 2538 5496 priori
2565 5425 2761 5481 formae
2793 5423 3157 5496 restituimus
3734 5473 3808 5496 ___.

2401 5444 2538 5484 I‘lOI‘l
2565 5444 2761 5481 ΙΟΓῙΠΗΞ
2793 5444 3157 5482 Γρειιωιωυε
3802 5473 3808 5480 .

2343 5444 2419 5571 (ξ)
2451 5497 2780 5571 Edit.ant.,
2811 5495 3088 5571 judicium
3140 5495 3356 5571 Domini
3401 5507 3506 5549 non

2271 5543 2418 5627 Ριδῶ
2448 5543 2568 5625 sit-:2
2589 5543 2728 5638 'ﬁtwlei
2746 5543 2958 5639 judicio
2985 5543 3363 5625 corroboratus
3390 5580 3498 5622 non
3529 5543 3839 5633 intimam".

2342 5642 2483 5699 Mss.
2518 5643 2724 5698 omnes
2755 5644 2819 5695 ut
2849 5639 2908 5696 in
2928 5645 3111 5698 textu.
