  <div class='ocr_page' id='page_1' title='image "/cluster/home/n/w/nwhite01/storage/ocr_20150623/14/hvd.32044048207138/440.png"; bbox 0 0 4052 6196; ppageno 0'>
   <div class='ocr_carea' id='block_1_1' title="bbox 236 370 364 434">
    <p class='ocr_par' dir='ltr' id='par_1_1' title="bbox 236 370 364 434">
     <span class='ocr_line' id='line_1_1' title="bbox 236 370 364 434; baseline 0 0"><span class='ocrx_word' id='word_1_1' title='bbox 236 370 364 434; x_wconf 82' lang='grc'><strong>869</strong></span> 
     </span>
    </p>
   </div>
   <div class='ocr_carea' id='block_1_2' title="bbox 233 505 1976 584">
    <p class='ocr_par' dir='ltr' id='par_1_2' title="bbox 233 505 1976 584">
     <span class='ocr_line' id='line_1_2' title="bbox 233 505 1976 584; baseline 0.007 -20"><span class='ocrx_word' id='word_1_2' title='bbox 233 505 400 564; x_wconf 90' lang='lat' dir='ltr'><strong>sicut</strong></span> <span class='ocrx_word' id='word_1_3' title='bbox 426 520 529 564; x_wconf 86' lang='lat' dir='ltr'><strong>vos</strong></span> <span class='ocrx_word' id='word_1_4' title='bbox 557 506 774 578; x_wconf 78' lang='lat' dir='ltr'><strong>dicitis,</strong></span> <span class='ocrx_word' id='word_1_5' title='bbox 806 514 863 566; x_wconf 90' lang='lat' dir='ltr'><strong>et</strong></span> <span class='ocrx_word' id='word_1_6' title='bbox 889 516 1083 569; x_wconf 93' lang='lat' dir='ltr'><strong>errent</strong></span> <span class='ocrx_word' id='word_1_7' title='bbox 1124 512 1302 569; x_wconf 89' lang='lat' dir='ltr'><strong>verba</strong></span> <span class='ocrx_word' id='word_1_8' title='bbox 1331 529 1481 581; x_wconf 89' lang='lat' dir='ltr'><strong>mea,</strong></span> <span class='ocrx_word' id='word_1_9' title='bbox 1516 528 1621 569; x_wconf 88' lang='lat' dir='ltr'><strong>nec</strong></span> <span class='ocrx_word' id='word_1_10' title='bbox 1675 528 1887 584; x_wconf 78' lang='lat' dir='ltr'><strong>oppor-</strong></span> <span class='ocrx_word' id='word_1_11' title='bbox 1922 511 1976 576; x_wconf 76' lang='grc' dir='ltr'><strong>Α</strong></span> 
     </span>
    </p>
   </div>
   <div class='ocr_carea' id='block_1_3' title="bbox 234 598 1897 671">
    <p class='ocr_par' dir='ltr' id='par_1_3' title="bbox 234 598 1897 671">
     <span class='ocr_line' id='line_1_3' title="bbox 234 598 1897 671; baseline 0.002 -21"><span class='ocrx_word' id='word_1_12' title='bbox 234 598 387 651; x_wconf 89' lang='lat' dir='ltr'><strong>tune</strong></span> <span class='ocrx_word' id='word_1_13' title='bbox 419 611 613 654; x_wconf 81' lang='lat' dir='ltr'><strong>sermo</strong></span> <span class='ocrx_word' id='word_1_14' title='bbox 646 613 813 655; x_wconf 88' lang='lat' dir='ltr'><strong>meus</strong></span> <span class='ocrx_word' id='word_1_15' title='bbox 843 603 1182 671; x_wconf 78' lang='lat' dir='ltr'><strong>promatur:</strong></span> <span class='ocrx_word' id='word_1_16' title='bbox 1215 618 1321 657; x_wconf 90' lang='lat' dir='ltr'><strong>cur</strong></span> <span class='ocrx_word' id='word_1_17' title='bbox 1337 617 1442 657; x_wconf 88' lang='lat' dir='ltr'><strong>vos</strong></span> <span class='ocrx_word' id='word_1_18' title='bbox 1496 601 1557 656; x_wconf 91' lang='lat' dir='ltr'><strong>in</strong></span> <span class='ocrx_word' id='word_1_19' title='bbox 1588 616 1681 656; x_wconf 91' lang='lat' dir='ltr'><strong>me</strong></span> <span class='ocrx_word' id='word_1_20' title='bbox 1709 599 1897 656; x_wconf 90' lang='lat' dir='ltr'><strong>insili-</strong></span> 
     </span>
    </p>
   </div>
   <div class='ocr_carea' id='block_1_4' title="bbox 233 682 1901 761">
    <p class='ocr_par' dir='ltr' id='par_1_4' title="bbox 233 682 1901 761">
     <span class='ocr_line' id='line_1_4' title="bbox 233 682 1901 761; baseline 0.003 -22"><span class='ocrx_word' id='word_1_21' title='bbox 233 682 319 740; x_wconf 90' lang='lat' dir='ltr'><strong>tis</strong></span> <span class='ocrx_word' id='word_1_22' title='bbox 348 687 409 740; x_wconf 90' lang='lat' dir='ltr'><strong>et</strong></span> <span class='ocrx_word' id='word_1_23' title='bbox 437 685 872 755; x_wconf 91' lang='lat' dir='ltr'><strong>conviciamini,</strong></span> <span class='ocrx_word' id='word_1_24' title='bbox 904 705 1020 745; x_wconf 93' lang='lat' dir='ltr'><strong>non</strong></span> <span class='ocrx_word' id='word_1_25' title='bbox 1051 688 1489 746; x_wconf 81' lang='lat' dir='ltr'><strong>considerantes</strong></span> <span class='ocrx_word' id='word_1_26' title='bbox 1517 688 1658 761; x_wconf 88' lang='lat' dir='ltr'><strong>quia</strong></span> <span class='ocrx_word' id='word_1_27' title='bbox 1694 704 1729 744; x_wconf 92' lang='lat' dir='ltr'><strong>a</strong></span> <span class='ocrx_word' id='word_1_28' title='bbox 1781 688 1901 744; x_wconf 86' lang='lat' dir='ltr'><strong>Do-</strong></span> 
     </span>
    </p>
   </div>
   <div class='ocr_carea' id='block_1_5' title="bbox 236 771 1900 852">
    <p class='ocr_par' dir='ltr' id='par_1_5' title="bbox 236 771 1900 852">
     <span class='ocr_line' id='line_1_5' title="bbox 236 771 1900 852; baseline 0.002 -23"><span class='ocrx_word' id='word_1_29' title='bbox 236 771 407 829; x_wconf 90' lang='lat' dir='ltr'><strong>mino</strong></span> <span class='ocrx_word' id='word_1_30' title='bbox 436 774 584 830; x_wconf 91' lang='lat' dir='ltr'><strong>mihi</strong></span> <span class='ocrx_word' id='word_1_31' title='bbox 616 776 775 832; x_wconf 81' lang='lat' dir='ltr'><strong>venit</strong></span> <span class='ocrx_word' id='word_1_32' title='bbox 808 776 922 833; x_wconf 89' lang='lat' dir='ltr'><strong>ista</strong></span> <span class='ocrx_word' id='word_1_33' title='bbox 951 778 1217 849; x_wconf 86' lang='lat' dir='ltr'><strong>tentatio,</strong></span> <span class='ocrx_word' id='word_1_34' title='bbox 1240 778 1336 852; x_wconf 91' lang='lat' dir='ltr'><strong>qui</strong></span> <span class='ocrx_word' id='word_1_35' title='bbox 1361 794 1456 835; x_wconf 89' lang='lat' dir='ltr'><strong>me</strong></span> <span class='ocrx_word' id='word_1_36' title='bbox 1471 775 1624 834; x_wconf 92' lang='lat' dir='ltr'><strong>vallo</strong></span> <span class='ocrx_word' id='word_1_37' title='bbox 1646 778 1900 850; x_wconf 90' lang='lat' dir='ltr'><strong>quodam</strong></span> 
     </span>
    </p>
   </div>
   <div class='ocr_carea' id='block_1_6' title="bbox 235 863 1902 940">
    <p class='ocr_par' dir='ltr' id='par_1_6' title="bbox 235 863 1902 940">
     <span class='ocr_line' id='line_1_6' title="bbox 235 863 1902 940; baseline 0.003 -23"><span class='ocrx_word' id='word_1_38' title='bbox 235 863 755 935; x_wconf 82' lang='lat' dir='ltr'><strong>perturbationum</strong></span> <span class='ocrx_word' id='word_1_39' title='bbox 775 866 1093 924; x_wconf 83' lang='lat' dir='ltr'><strong>arbitratus</strong></span> <span class='ocrx_word' id='word_1_40' title='bbox 1109 871 1199 923; x_wconf 91' lang='lat' dir='ltr'><strong>est</strong></span> <span class='ocrx_word' id='word_1_41' title='bbox 1226 867 1593 940; x_wconf 89' lang='lat' dir='ltr'><strong>sepiendum.</strong></span> <span class='ocrx_word' id='word_1_42' title='bbox 1622 867 1902 924; x_wconf 83' lang='lat' dir='ltr'><strong>Exerceor</strong></span> 
     </span>
    </p>
   </div>
   <div class='ocr_carea' id='block_1_7' title="bbox 238 950 1898 1028">
    <p class='ocr_par' dir='ltr' id='par_1_7' title="bbox 238 950 1898 1028">
     <span class='ocr_line' id='line_1_7' title="bbox 238 950 1898 1028; baseline 0.002 -21"><span class='ocrx_word' id='word_1_43' title='bbox 238 950 525 1020; x_wconf 88' lang='lat' dir='ltr'><strong>adversis,</strong></span> <span class='ocrx_word' id='word_1_44' title='bbox 551 952 1029 1011; x_wconf 77' lang='lat' dir='ltr'><strong>circumvallatus</strong></span> <span class='ocrx_word' id='word_1_45' title='bbox 1060 953 1322 1028; x_wconf 88' lang='lat' dir='ltr'><strong>undique</strong></span> <span class='ocrx_word' id='word_1_46' title='bbox 1352 954 1652 1012; x_wconf 90' lang='lat' dir='ltr'><strong>laboribus</strong></span> <span class='ocrx_word' id='word_1_47' title='bbox 1691 959 1750 1011; x_wconf 92' lang='lat' dir='ltr'><strong>et</strong></span> <span class='ocrx_word' id='word_1_48' title='bbox 1798 970 1898 1028; x_wconf 87' lang='lat' dir='ltr'><strong>pe-</strong></span> 
     </span>
    </p>
   </div>
   <div class='ocr_carea' id='block_1_8' title="bbox 239 1040 1899 1118">
    <p class='ocr_par' dir='ltr' id='par_1_8' title="bbox 239 1040 1899 1118">
     <span class='ocr_line' id='line_1_8' title="bbox 239 1040 1899 1118; baseline 0.002 -23"><span class='ocrx_word' id='word_1_49' title='bbox 239 1040 486 1109; x_wconf 88' lang='lat' dir='ltr'><strong>riculis;</strong></span> <span class='ocrx_word' id='word_1_50' title='bbox 518 1045 576 1098; x_wconf 91' lang='lat' dir='ltr'><strong>et</strong></span> <span class='ocrx_word' id='word_1_51' title='bbox 628 1042 928 1100; x_wconf 87' lang='lat' dir='ltr'><strong>insultatis</strong></span> <span class='ocrx_word' id='word_1_52' title='bbox 977 1044 1189 1114; x_wconf 90' lang='lat' dir='ltr'><strong>adhuc,</strong></span> <span class='ocrx_word' id='word_1_53' title='bbox 1244 1043 1504 1102; x_wconf 90' lang='lat' dir='ltr'><strong>volentes</strong></span> <span class='ocrx_word' id='word_1_54' title='bbox 1568 1045 1899 1118; x_wconf 88' lang='lat' dir='ltr'><strong>opprimere</strong></span> 
     </span>
    </p>
   </div>
   <div class='ocr_carea' id='block_1_9' title="bbox 242 1130 1896 1205">
    <p class='ocr_par' dir='ltr' id='par_1_9' title="bbox 242 1130 1896 1205">
     <span class='ocr_line' id='line_1_9' title="bbox 242 1130 1896 1205; baseline 0.002 -20"><span class='ocrx_word' id='word_1_55' title='bbox 242 1145 422 1203; x_wconf 87' lang='lat' dir='ltr'><strong>quem</strong></span> <span class='ocrx_word' id='word_1_56' title='bbox 453 1130 742 1187; x_wconf 85' lang='lat' dir='ltr'><strong>deberetis</strong></span> <span class='ocrx_word' id='word_1_57' title='bbox 790 1132 1018 1203; x_wconf 91' lang='lat' dir='ltr'><strong>juvare.</strong></span> <span class='ocrx_word' id='word_1_58' title='bbox 1079 1134 1224 1189; x_wconf 89' lang='lat' dir='ltr'><strong>Ecce</strong></span> <span class='ocrx_word' id='word_1_59' title='bbox 1258 1132 1419 1189; x_wconf 89' lang='lat' dir='ltr'><strong>rideo</strong></span> <span class='ocrx_word' id='word_1_60' title='bbox 1468 1132 1527 1189; x_wconf 90' lang='lat' dir='ltr'><strong>in</strong></span> <span class='ocrx_word' id='word_1_61' title='bbox 1576 1131 1896 1205; x_wconf 89' lang='lat' dir='ltr'><strong>opprobiis,</strong></span> 
     </span>
    </p>
   </div>
   <div class='ocr_carea' id='block_1_10' title="bbox 238 1216 1895 1293">
    <p class='ocr_par' dir='ltr' id='par_1_10' title="bbox 238 1216 1895 1293">
     <span class='ocr_line' id='line_1_10' title="bbox 238 1216 1895 1293; baseline 0.002 -21"><span class='ocrx_word' id='word_1_62' title='bbox 238 1221 299 1273; x_wconf 88' lang='lat' dir='ltr'><strong>et</strong></span> <span class='ocrx_word' id='word_1_63' title='bbox 328 1233 444 1273; x_wconf 92' lang='lat' dir='ltr'><strong>non</strong></span> <span class='ocrx_word' id='word_1_64' title='bbox 478 1216 705 1290; x_wconf 89' lang='lat' dir='ltr'><strong>loquar,</strong></span> <span class='ocrx_word' id='word_1_65' title='bbox 746 1236 853 1275; x_wconf 91' lang='lat' dir='ltr'><strong>nec</strong></span> <span class='ocrx_word' id='word_1_66' title='bbox 908 1221 1271 1293; x_wconf 86' lang='lat' dir='ltr'><strong>respondebo</strong></span> <span class='ocrx_word' id='word_1_67' title='bbox 1330 1221 1606 1277; x_wconf 84' lang='lat' dir='ltr'><strong>conviciis</strong></span> <span class='ocrx_word' id='word_1_68' title='bbox 1663 1220 1895 1277; x_wconf 86' lang='lat' dir='ltr'><strong>vestris.</strong></span> 
     </span>
    </p>
   </div>
   <div class='ocr_carea' id='block_1_11' title="bbox 239 1305 1902 1382">
    <p class='ocr_par' dir='ltr' id='par_1_11' title="bbox 239 1305 1902 1382">
     <span class='ocr_line' id='line_1_11' title="bbox 239 1305 1902 1382; baseline 0.003 -22"><span class='ocrx_word' id='word_1_69' title='bbox 239 1305 365 1361; x_wconf 87' lang='lat' dir='ltr'><strong>Non</strong></span> <span class='ocrx_word' id='word_1_70' title='bbox 399 1305 555 1361; x_wconf 87' lang='lat' dir='ltr'><strong>enim</strong></span> <span class='ocrx_word' id='word_1_71' title='bbox 587 1322 690 1362; x_wconf 85' lang='lat' dir='ltr'><strong>vos</strong></span> <span class='ocrx_word' id='word_1_72' title='bbox 719 1308 862 1363; x_wconf 87' lang='lat' dir='ltr'><strong>estis</strong></span> <span class='ocrx_word' id='word_1_73' title='bbox 892 1308 991 1381; x_wconf 87' lang='lat' dir='ltr'><strong>qui</strong></span> <span class='ocrx_word' id='word_1_74' title='bbox 1016 1308 1340 1381; x_wconf 90' lang='lat' dir='ltr'><strong>judicatis:</strong></span> <span class='ocrx_word' id='word_1_75' title='bbox 1373 1310 1473 1366; x_wconf 89' lang='lat' dir='ltr'><strong>sed</strong></span> <span class='ocrx_word' id='word_1_76' title='bbox 1523 1309 1622 1382; x_wconf 89' lang='lat' dir='ltr'><strong>qui</strong></span> <span class='ocrx_word' id='word_1_77' title='bbox 1670 1308 1902 1380; x_wconf 88' lang='lat' dir='ltr'><strong>judicat</strong></span> 
     </span>
    </p>
   </div>
   <div class='ocr_carea' id='block_1_12' title="bbox 244 1394 1898 1471">
    <p class='ocr_par' dir='ltr' id='par_1_12' title="bbox 244 1394 1898 1471">
     <span class='ocr_line' id='line_1_12' title="bbox 244 1394 1898 1471; baseline 0.003 -23"><span class='ocrx_word' id='word_1_78' title='bbox 244 1409 357 1460; x_wconf 91' lang='lat' dir='ltr'><strong>me,</strong></span> <span class='ocrx_word' id='word_1_79' title='bbox 392 1394 679 1451; x_wconf 90' lang='lat' dir='ltr'><strong>Dominus</strong></span> <span class='ocrx_word' id='word_1_80' title='bbox 709 1399 796 1451; x_wconf 87' lang='lat' dir='ltr'><strong>est</strong></span> <span class='ocrx_word' id='word_1_81' title='bbox 822 1416 834 1462; x_wconf 88' lang='lat'>;</span> <span class='ocrx_word' id='word_1_82' title='bbox 868 1403 924 1453; x_wconf 91' lang='lat' dir='ltr'><strong>et</strong></span> <span class='ocrx_word' id='word_1_83' title='bbox 949 1397 1140 1470; x_wconf 87' lang='lat' dir='ltr'><strong>ipsius</strong></span> <span class='ocrx_word' id='word_1_84' title='bbox 1168 1402 1364 1454; x_wconf 90' lang='lat' dir='ltr'><strong>tamen</strong></span> <span class='ocrx_word' id='word_1_85' title='bbox 1422 1398 1629 1468; x_wconf 90' lang='lat' dir='ltr'><strong>judicii</strong></span> <span class='ocrx_word' id='word_1_86' title='bbox 1660 1403 1898 1471; x_wconf 89' lang='lat' dir='ltr'><strong>tempus</strong></span> 
     </span>
    </p>
   </div>
   <div class='ocr_carea' id='block_1_13' title="bbox 244 1482 1899 1559">
    <p class='ocr_par' dir='ltr' id='par_1_13' title="bbox 244 1482 1899 1559">
     <span class='ocr_line' id='line_1_13' title="bbox 244 1482 1899 1559; baseline 0.002 -21"><span class='ocrx_word' id='word_1_87' title='bbox 244 1483 505 1538; x_wconf 91' lang='lat' dir='ltr'><strong>nondum</strong></span> <span class='ocrx_word' id='word_1_88' title='bbox 540 1482 792 1539; x_wconf 87' lang='lat' dir='ltr'><strong>advenit.</strong></span> <span class='ocrx_word' id='word_1_89' title='bbox 817 1485 963 1550; x_wconf 88' lang='lat' dir='ltr'><strong>Quid</strong></span> <span class='ocrx_word' id='word_1_90' title='bbox 991 1502 1141 1559; x_wconf 91' lang='lat' dir='ltr'><strong>opus</strong></span> <span class='ocrx_word' id='word_1_91' title='bbox 1161 1486 1413 1542; x_wconf 89' lang='lat' dir='ltr'><strong>clamare</strong></span> <span class='ocrx_word' id='word_1_92' title='bbox 1429 1494 1561 1542; x_wconf 88' lang='lat' dir='ltr'><strong>ante</strong></span> <span class='ocrx_word' id='word_1_93' title='bbox 1575 1485 1899 1558; x_wconf 86' lang='lat' dir='ltr'><strong>judicium?</strong></span> 
     </span>
    </p>
   </div>
   <div class='ocr_carea' id='block_1_14' title="bbox 244 1571 1901 1648">
    <p class='ocr_par' dir='ltr' id='par_1_14' title="bbox 244 1571 1901 1648">
     <span class='ocr_line' id='line_1_14' title="bbox 244 1571 1901 1648; baseline 0.002 -21"><span class='ocrx_word' id='word_1_94' title='bbox 244 1571 397 1628; x_wconf 70' lang='lat'><strong>055</strong></span> <span class='ocrx_word' id='word_1_95' title='bbox 430 1572 654 1628; x_wconf 89' lang='lat' dir='ltr'><strong>Bonum</strong></span> <span class='ocrx_word' id='word_1_96' title='bbox 686 1578 777 1629; x_wconf 89' lang='lat' dir='ltr'><strong>est</strong></span> <span class='ocrx_word' id='word_1_97' title='bbox 834 1578 1026 1631; x_wconf 87' lang='lat' dir='ltr'><strong>tacere</strong></span> <span class='ocrx_word' id='word_1_98' title='bbox 1082 1576 1223 1630; x_wconf 92' lang='lat' dir='ltr'><strong>dum</strong></span> <span class='ocrx_word' id='word_1_99' title='bbox 1283 1579 1652 1648; x_wconf 84' lang='lat' dir='ltr'><strong>exspectatur</strong></span> <span class='ocrx_word' id='word_1_100' title='bbox 1681 1575 1780 1647; x_wconf 91' lang='lat' dir='ltr'><strong>qui</strong></span> <span class='ocrx_word' id='word_1_101' title='bbox 1805 1576 1901 1647; x_wconf 88' lang='lat' dir='ltr'><strong>ju-</strong></span> 
     </span>
    </p>
   </div>
   <div class='ocr_carea' id='block_1_15' title="bbox 243 1660 1896 1730">
    <p class='ocr_par' dir='ltr' id='par_1_15' title="bbox 243 1660 1896 1730">
     <span class='ocr_line' id='line_1_15' title="bbox 243 1660 1896 1730; baseline 0.003 -15"><span class='ocrx_word' id='word_1_102' title='bbox 243 1660 418 1717; x_wconf 89' lang='lat' dir='ltr'><strong>dicat.</strong></span> <span class='ocrx_word' id='word_1_103' title='bbox 455 1660 681 1717; x_wconf 91' lang='lat' dir='ltr'><strong>Bonum</strong></span> <span class='ocrx_word' id='word_1_104' title='bbox 714 1667 801 1718; x_wconf 89' lang='lat' dir='ltr'><strong>est</strong></span> <span class='ocrx_word' id='word_1_105' title='bbox 858 1664 1184 1720; x_wconf 90' lang='lat' dir='ltr'><strong>convicium</strong></span> <span class='ocrx_word' id='word_1_106' title='bbox 1216 1663 1472 1720; x_wconf 91' lang='lat' dir='ltr'><strong>convicio</strong></span> <span class='ocrx_word' id='word_1_107' title='bbox 1516 1681 1631 1721; x_wconf 91' lang='lat' dir='ltr'><strong>non</strong></span> <span class='ocrx_word' id='word_1_108' title='bbox 1665 1666 1896 1730; x_wconf 81' lang='lat' dir='ltr'><strong>referre,</strong></span> 
     </span>
    </p>
   </div>
   <div class='ocr_carea' id='block_1_16' title="bbox 239 1750 1645 1835">
    <p class='ocr_par' dir='ltr' id='par_1_16' title="bbox 239 1750 1645 1835">
     <span class='ocr_line' id='line_1_16' title="bbox 239 1750 1645 1835; baseline 0.002 -30"><span class='ocrx_word' id='word_1_109' title='bbox 239 1764 314 1805; x_wconf 89' lang='lat' dir='ltr'><strong>ne</strong></span> <span class='ocrx_word' id='word_1_110' title='bbox 342 1753 399 1805; x_wconf 91' lang='lat' dir='ltr'><strong>et</strong></span> <span class='ocrx_word' id='word_1_111' title='bbox 429 1765 535 1806; x_wconf 90' lang='lat' dir='ltr'><strong>nos</strong></span> <span class='ocrx_word' id='word_1_112' title='bbox 563 1750 719 1807; x_wconf 91' lang='lat' dir='ltr'><strong>inter</strong></span> <span class='ocrx_word' id='word_1_113' title='bbox 746 1750 1116 1808; x_wconf 81' lang='lat' dir='ltr'><strong>detrahentes</strong></span> <span class='ocrx_word' id='word_1_114' title='bbox 1168 1769 1645 1835; x_wconf 69' lang='lat' dir='ltr'><strong>annumeremur.</strong></span> 
     </span>
    </p>
   </div>
   <div class='ocr_carea' id='block_1_17' title="bbox 310 1882 1971 1960">
    <p class='ocr_par' dir='ltr' id='par_1_17' title="bbox 310 1882 1971 1960">
     <span class='ocr_line' id='line_1_17' title="bbox 310 1882 1971 1960; baseline 0.005 -21"><span class='ocrx_word' id='word_1_115' title='bbox 310 1885 367 1940; x_wconf 84' lang='lat'><strong>5.</strong></span> <span class='ocrx_word' id='word_1_116' title='bbox 405 1883 709 1940; x_wconf 87' lang='lat' dir='ltr'><strong>Imitemur</strong></span> <span class='ocrx_word' id='word_1_117' title='bbox 738 1901 875 1957; x_wconf 92' lang='lat' dir='ltr'><strong>ergo</strong></span> <span class='ocrx_word' id='word_1_118' title='bbox 906 1885 1064 1942; x_wconf 90' lang='lat' dir='ltr'><strong>hunc</strong></span> <span class='ocrx_word' id='word_1_119' title='bbox 1096 1886 1307 1956; x_wconf 87' lang='lat' dir='ltr'><strong>virum,</strong></span> <span class='ocrx_word' id='word_1_120' title='bbox 1340 1887 1441 1960; x_wconf 90' lang='lat' dir='ltr'><strong>qui</strong></span> <span class='ocrx_word' id='word_1_121' title='bbox 1498 1887 1731 1944; x_wconf 89' lang='lat' dir='ltr'><strong>silentio</strong></span> <span class='ocrx_word' id='word_1_122' title='bbox 1787 1905 1894 1945; x_wconf 90' lang='lat' dir='ltr'><strong>suo</strong></span> <span class='ocrx_word' id='word_1_123' title='bbox 1923 1882 1971 1947; x_wconf 87' lang='grc' dir='ltr'>Β</span> 
     </span>
    </p>
   </div>
   <div class='ocr_carea' id='block_1_18' title="bbox 241 1973 1898 2047">
    <p class='ocr_par' dir='ltr' id='par_1_18' title="bbox 241 1973 1898 2047">
     <span class='ocr_line' id='line_1_18' title="bbox 241 1973 1898 2047; baseline 0.004 -19"><span class='ocrx_word' id='word_1_124' title='bbox 241 1973 631 2047; x_wconf 81' lang='lat' dir='ltr'><strong>redarguebat</strong></span> <span class='ocrx_word' id='word_1_125' title='bbox 651 1974 1433 2034; x_wconf 86' lang='lat' dir='ltr'><strong>conviciantes.()stendebat</strong></span> <span class='ocrx_word' id='word_1_126' title='bbox 1450 1977 1607 2033; x_wconf 89' lang='lat' dir='ltr'><strong>enim</strong></span> <span class='ocrx_word' id='word_1_127' title='bbox 1624 1978 1898 2035; x_wconf 85' lang='lat' dir='ltr'><strong>virtutem</strong></span> 
     </span>
    </p>
   </div>
   <div class='ocr_carea' id='block_1_19' title="bbox 246 2061 1901 2136">
    <p class='ocr_par' dir='ltr' id='par_1_19' title="bbox 246 2061 1901 2136">
     <span class='ocr_line' id='line_1_19' title="bbox 246 2061 1901 2136; baseline 0.004 -18"><span class='ocrx_word' id='word_1_128' title='bbox 246 2061 431 2118; x_wconf 86' lang='lat' dir='ltr'><strong>animi</strong></span> <span class='ocrx_word' id='word_1_129' title='bbox 472 2061 588 2129; x_wconf 89' lang='lat' dir='ltr'><strong>sui,</strong></span> <span class='ocrx_word' id='word_1_130' title='bbox 646 2080 821 2136; x_wconf 85' lang='lat' dir='ltr'><strong>quem</strong></span> <span class='ocrx_word' id='word_1_131' title='bbox 872 2065 1243 2122; x_wconf 76' lang='lat' dir='ltr'><strong>contumeliae</strong></span> <span class='ocrx_word' id='word_1_132' title='bbox 1292 2083 1406 2123; x_wconf 92' lang='lat' dir='ltr'><strong>non</strong></span> <span class='ocrx_word' id='word_1_133' title='bbox 1465 2072 1793 2124; x_wconf 87' lang='lat' dir='ltr'><strong>moverent:</strong></span> <span class='ocrx_word' id='word_1_134' title='bbox 1843 2072 1901 2124; x_wconf 91' lang='lat' dir='ltr'><strong>et</strong></span> 
     </span>
    </p>
   </div>
   <div class='ocr_carea' id='block_1_20' title="bbox 240 2150 1900 2230">
    <p class='ocr_par' dir='ltr' id='par_1_20' title="bbox 240 2150 1900 2230">
     <span class='ocr_line' id='line_1_20' title="bbox 240 2150 1900 2230; baseline 0.004 -24"><span class='ocrx_word' id='word_1_135' title='bbox 240 2150 613 2207; x_wconf 66' lang='lat' dir='ltr'><strong>conscientia:</strong></span> <span class='ocrx_word' id='word_1_136' title='bbox 642 2150 1038 2210; x_wconf 87' lang='lat' dir='ltr'><strong>innocentiam</strong></span> <span class='ocrx_word' id='word_1_137' title='bbox 1071 2156 1505 2223; x_wconf 84' lang='lat' dir='ltr'><strong>manifestabat,</strong></span> <span class='ocrx_word' id='word_1_138' title='bbox 1541 2156 1641 2230; x_wconf 87' lang='lat' dir='ltr'><strong>qui</strong></span> <span class='ocrx_word' id='word_1_139' title='bbox 1672 2157 1900 2228; x_wconf 86' lang='lat' dir='ltr'><strong>objecta</strong></span> 
     </span>
    </p>
   </div>
   <div class='ocr_carea' id='block_1_21' title="bbox 242 2243 1895 2315">
    <p class='ocr_par' dir='ltr' id='par_1_21' title="bbox 242 2243 1895 2315">
     <span class='ocr_line' id='line_1_21' title="bbox 242 2243 1895 2315; baseline 0.005 -21"><span class='ocrx_word' id='word_1_140' title='bbox 242 2255 360 2295; x_wconf 91' lang='lat' dir='ltr'><strong>non</strong></span> <span class='ocrx_word' id='word_1_141' title='bbox 412 2247 871 2313; x_wconf 79' lang='lat' dir='ltr'><strong>recognosceret,</strong></span> <span class='ocrx_word' id='word_1_142' title='bbox 902 2244 1003 2299; x_wconf 88' lang='lat' dir='ltr'><strong>sed</strong></span> <span class='ocrx_word' id='word_1_143' title='bbox 1035 2243 1206 2315; x_wconf 90' lang='lat' dir='ltr'><strong>quasi</strong></span> <span class='ocrx_word' id='word_1_144' title='bbox 1237 2261 1271 2300; x_wconf 92' lang='lat' dir='ltr'><strong>a</strong></span> <span class='ocrx_word' id='word_1_145' title='bbox 1301 2261 1363 2300; x_wconf 91' lang='lat' dir='ltr'><strong>se</strong></span> <span class='ocrx_word' id='word_1_146' title='bbox 1418 2244 1609 2301; x_wconf 90' lang='lat' dir='ltr'><strong>aliena</strong></span> <span class='ocrx_word' id='word_1_147' title='bbox 1662 2246 1895 2302; x_wconf 86' lang='lat' dir='ltr'><strong>rideret.</strong></span> 
     </span>
    </p>
   </div>
   <div class='ocr_carea' id='block_1_22' title="bbox 241 2331 1898 2405">
    <p class='ocr_par' dir='ltr' id='par_1_22' title="bbox 241 2331 1898 2405">
     <span class='ocr_line' id='line_1_22' title="bbox 241 2331 1898 2405; baseline 0.005 -23"><span class='ocrx_word' id='word_1_148' title='bbox 241 2333 320 2383; x_wconf 79' lang='lat' dir='ltr'><strong>At</strong></span> <span class='ocrx_word' id='word_1_149' title='bbox 347 2344 481 2384; x_wconf 86' lang='lat' dir='ltr'><strong>vero</strong></span> <span class='ocrx_word' id='word_1_150' title='bbox 511 2345 618 2385; x_wconf 88' lang='lat' dir='ltr'><strong>nos</strong></span> <span class='ocrx_word' id='word_1_151' title='bbox 666 2331 838 2401; x_wconf 88' lang='lat' dir='ltr'><strong>quasi</strong></span> <span class='ocrx_word' id='word_1_152' title='bbox 864 2331 1094 2403; x_wconf 88' lang='lat' dir='ltr'><strong>aliquid</strong></span> <span class='ocrx_word' id='word_1_153' title='bbox 1140 2333 1310 2389; x_wconf 89' lang='lat' dir='ltr'><strong>nobis</strong></span> <span class='ocrx_word' id='word_1_154' title='bbox 1368 2333 1699 2405; x_wconf 88' lang='lat' dir='ltr'><strong>objiciatur,</strong></span> <span class='ocrx_word' id='word_1_155' title='bbox 1756 2335 1898 2390; x_wconf 90' lang='lat' dir='ltr'><strong>dum</strong></span> 
     </span>
    </p>
   </div>
   <div class='ocr_carea' id='block_1_23' title="bbox 240 2417 1898 2492">
    <p class='ocr_par' dir='ltr' id='par_1_23' title="bbox 240 2417 1898 2492">
     <span class='ocr_line' id='line_1_23' title="bbox 240 2417 1898 2492; baseline 0.005 -21"><span class='ocrx_word' id='word_1_156' title='bbox 240 2434 495 2490; x_wconf 90' lang='lat' dir='ltr'><strong>purgare</strong></span> <span class='ocrx_word' id='word_1_157' title='bbox 524 2417 795 2475; x_wconf 86' lang='lat' dir='ltr'><strong>volumus</strong></span> <span class='ocrx_word' id='word_1_158' title='bbox 842 2422 980 2492; x_wconf 87' lang='lat'><strong>(12),</strong></span> <span class='ocrx_word' id='word_1_159' title='bbox 1040 2424 1424 2478; x_wconf 87' lang='lat' dir='ltr'><strong>acerbamus:</strong></span> <span class='ocrx_word' id='word_1_160' title='bbox 1494 2422 1638 2478; x_wconf 90' lang='lat' dir='ltr'><strong>dum</strong></span> <span class='ocrx_word' id='word_1_161' title='bbox 1696 2423 1898 2480; x_wconf 86' lang='lat' dir='ltr'><strong>ulcisci</strong></span> 
     </span>
    </p>
   </div>
   <div class='ocr_carea' id='block_1_24' title="bbox 241 2506 1900 2584">
    <p class='ocr_par' dir='ltr' id='par_1_24' title="bbox 241 2506 1900 2584">
     <span class='ocr_line' id='line_1_24' title="bbox 241 2506 1900 2584; baseline 0.004 -22"><span class='ocrx_word' id='word_1_162' title='bbox 241 2506 543 2578; x_wconf 89' lang='lat' dir='ltr'><strong>cupimus,</strong></span> <span class='ocrx_word' id='word_1_163' title='bbox 601 2507 985 2577; x_wconf 85' lang='lat' dir='ltr'><strong>conﬁtemur;</strong></span> <span class='ocrx_word' id='word_1_164' title='bbox 1035 2526 1170 2565; x_wconf 93' lang='lat' dir='ltr'><strong>cum</strong></span> <span class='ocrx_word' id='word_1_165' title='bbox 1238 2510 1396 2567; x_wconf 88' lang='lat' dir='ltr'><strong>dicat</strong></span> <span class='ocrx_word' id='word_1_166' title='bbox 1449 2511 1751 2584; x_wconf 90' lang='lat' dir='ltr'><strong>Scriptura</strong></span> <span class='ocrx_word' id='word_1_167' title='bbox 1835 2518 1900 2568; x_wconf 93' lang='lat' dir='ltr'><strong>ut</strong></span> 
     </span>
    </p>
   </div>
   <div class='ocr_carea' id='block_1_25' title="bbox 240 2595 1902 2673">
    <p class='ocr_par' dir='ltr' id='par_1_25' title="bbox 240 2595 1902 2673">
     <span class='ocr_line' id='line_1_25' title="bbox 240 2595 1902 2673; baseline 0.004 -22"><span class='ocrx_word' id='word_1_168' title='bbox 240 2598 470 2651; x_wconf 85' lang='lat' dir='ltr'><strong>avertas</strong></span> <span class='ocrx_word' id='word_1_169' title='bbox 499 2595 799 2653; x_wconf 86' lang='lat' dir='ltr'><strong>dedecoris</strong></span> <span class='ocrx_word' id='word_1_170' title='bbox 829 2614 1162 2655; x_wconf 89' lang='lat' dir='ltr'><strong>sermonem</strong></span> <span class='ocrx_word' id='word_1_171' title='bbox 1207 2600 1391 2671; x_wconf 87' lang='lat' dir='ltr'><strong>(Prov.</strong></span> <span class='ocrx_word' id='word_1_172' title='bbox 1440 2618 1615 2666; x_wconf 81' lang='lat' dir='ltr'><strong>xxvu,</strong></span> <span class='ocrx_word' id='word_1_173' title='bbox 1680 2602 1784 2673; x_wconf 92' lang='lat'><strong>11).</strong></span> <span class='ocrx_word' id='word_1_174' title='bbox 1845 2608 1902 2658; x_wconf 92' lang='lat' dir='ltr'><strong>et</strong></span> 
     </span>
    </p>
   </div>
   <div class='ocr_carea' id='block_1_26' title="bbox 241 2684 1902 2762">
    <p class='ocr_par' dir='ltr' id='par_1_26' title="bbox 241 2684 1902 2762">
     <span class='ocr_line' id='line_1_26' title="bbox 241 2684 1902 2762; baseline 0.003 -22"><span class='ocrx_word' id='word_1_175' title='bbox 241 2684 477 2741; x_wconf 79' lang='lat' dir='ltr'><strong>auferas</strong></span> <span class='ocrx_word' id='word_1_176' title='bbox 530 2684 947 2741; x_wconf 86' lang='lat' dir='ltr'><strong>vestimentum</strong></span> <span class='ocrx_word' id='word_1_177' title='bbox 1004 2690 1173 2743; x_wconf 92' lang='lat' dir='ltr'><strong>tuum</strong></span> <span class='ocrx_word' id='word_1_178' title='bbox 1232 2687 1390 2759; x_wconf 77' lang='lat' dir='ltr'><strong>(Ibid.</strong></span> <span class='ocrx_word' id='word_1_179' title='bbox 1456 2689 1577 2760; x_wconf 89' lang='lat'><strong>13);</strong></span> <span class='ocrx_word' id='word_1_180' title='bbox 1646 2690 1902 2762; x_wconf 70' lang='lat' dir='ltr'><strong>praeterit</strong></span> 
     </span>
    </p>
   </div>
   <div class='ocr_carea' id='block_1_27' title="bbox 238 2773 1900 2849">
    <p class='ocr_par' dir='ltr' id='par_1_27' title="bbox 238 2773 1900 2849">
     <span class='ocr_line' id='line_1_27' title="bbox 238 2773 1900 2849; baseline 0.004 -20"><span class='ocrx_word' id='word_1_181' title='bbox 238 2773 400 2829; x_wconf 92' lang='lat' dir='ltr'><strong>enim</strong></span> <span class='ocrx_word' id='word_1_182' title='bbox 425 2773 764 2844; x_wconf 68' lang='lat' dir='ltr'><strong>iniuriosus.</strong></span> <span class='ocrx_word' id='word_1_183' title='bbox 798 2774 1121 2832; x_wconf 85' lang='lat' dir='ltr'><strong>Taceamus</strong></span> <span class='ocrx_word' id='word_1_184' title='bbox 1162 2793 1322 2849; x_wconf 85' lang='lat' dir='ltr'><strong>ergo,</strong></span> <span class='ocrx_word' id='word_1_185' title='bbox 1355 2782 1420 2833; x_wconf 91' lang='lat' dir='ltr'><strong>ut</strong></span> <span class='ocrx_word' id='word_1_186' title='bbox 1448 2782 1770 2849; x_wconf 67' lang='lat' dir='ltr'><strong>praetereat,</strong></span> <span class='ocrx_word' id='word_1_187' title='bbox 1828 2796 1900 2836; x_wconf 90' lang='lat' dir='ltr'><strong>ne</strong></span> 
     </span>
    </p>
   </div>
   <div class='ocr_carea' id='block_1_28' title="bbox 237 2862 1899 2941">
    <p class='ocr_par' dir='ltr' id='par_1_28' title="bbox 237 2862 1899 2941">
     <span class='ocr_line' id='line_1_28' title="bbox 237 2862 1899 2941; baseline 0.002 -22"><span class='ocrx_word' id='word_1_188' title='bbox 237 2862 661 2919; x_wconf 86' lang='lat' dir='ltr'><strong>vestimentum</strong></span> <span class='ocrx_word' id='word_1_189' title='bbox 692 2869 960 2919; x_wconf 86' lang='lat' dir='ltr'><strong>nostrum</strong></span> <span class='ocrx_word' id='word_1_190' title='bbox 990 2870 1338 2936; x_wconf 89' lang='lat' dir='ltr'><strong>provocatus</strong></span> <span class='ocrx_word' id='word_1_191' title='bbox 1358 2871 1579 2922; x_wconf 87' lang='lat' dir='ltr'><strong>exurat.</strong></span> <span class='ocrx_word' id='word_1_192' title='bbox 1602 2868 1899 2941; x_wconf 85' lang='lat' dir='ltr'><strong>Scriptum</strong></span> 
     </span>
    </p>
   </div>
   <div class='ocr_carea' id='block_1_29' title="bbox 241 2950 1900 3028">
    <p class='ocr_par' dir='ltr' id='par_1_29' title="bbox 241 2950 1900 3028">
     <span class='ocr_line' id='line_1_29' title="bbox 241 2950 1900 3028; baseline 0.004 -21"><span class='ocrx_word' id='word_1_193' title='bbox 241 2954 333 3007; x_wconf 88' lang='lat' dir='ltr'><strong>est</strong></span> <span class='ocrx_word' id='word_1_194' title='bbox 360 2950 557 3008; x_wconf 92' lang='lat' dir='ltr'><strong>enim:</strong></span> <span class='ocrx_word' id='word_1_195' title='bbox 593 2975 621 3003; x_wconf 89' lang='grc'><em>‹‹</em></span> <span class='ocrx_word' id='word_1_196' title='bbox 643 2950 771 3008; x_wconf 91' lang='lat' dir='ltr'><strong>Noli</strong></span> <span class='ocrx_word' id='word_1_197' title='bbox 801 2953 1112 3010; x_wconf 86' lang='lat' dir='ltr'><strong>incendere</strong></span> <span class='ocrx_word' id='word_1_198' title='bbox 1141 2956 1422 3013; x_wconf 86' lang='lat' dir='ltr'><strong>carbones</strong></span> <span class='ocrx_word' id='word_1_199' title='bbox 1450 2958 1787 3028; x_wconf 86' lang='lat' dir='ltr'><strong>peccatoris,</strong></span> <span class='ocrx_word' id='word_1_200' title='bbox 1827 2975 1900 3014; x_wconf 91' lang='lat' dir='ltr'><strong>ne</strong></span> 
     </span>
    </p>
   </div>
   <div class='ocr_carea' id='block_1_30' title="bbox 241 3039 1897 3119">
    <p class='ocr_par' dir='ltr' id='par_1_30' title="bbox 241 3039 1897 3119">
     <span class='ocr_line' id='line_1_30' title="bbox 241 3039 1897 3119; baseline 0.001 -23"><span class='ocrx_word' id='word_1_201' title='bbox 241 3039 391 3097; x_wconf 82' lang='lat' dir='ltr'><strong>forte</strong></span> <span class='ocrx_word' id='word_1_202' title='bbox 420 3042 684 3099; x_wconf 85' lang='lat' dir='ltr'><strong>exuraris</strong></span> <span class='ocrx_word' id='word_1_203' title='bbox 714 3042 773 3098; x_wconf 92' lang='lat' dir='ltr'><strong>in</strong></span> <span class='ocrx_word' id='word_1_204' title='bbox 804 3042 939 3116; x_wconf 89' lang='lat' dir='ltr'><strong>igne</strong></span> <span class='ocrx_word' id='word_1_205' title='bbox 957 3044 1209 3101; x_wconf 66' lang='lat' dir='ltr'><strong>ﬂamma:</strong></span> <span class='ocrx_word' id='word_1_206' title='bbox 1229 3045 1358 3116; x_wconf 84' lang='lat' dir='ltr'><strong>ejus</strong></span> <span class='ocrx_word' id='word_1_207' title='bbox 1378 3044 1564 3117; x_wconf 79' lang='lat' dir='ltr'><strong>(Eccli.</strong></span> <span class='ocrx_word' id='word_1_208' title='bbox 1595 3063 1716 3114; x_wconf 87' lang='lat' dir='ltr'><strong>vm,</strong></span> <span class='ocrx_word' id='word_1_209' title='bbox 1750 3048 1897 3119; x_wconf 82' lang='lat'><strong>13).»</strong></span> 
     </span>
    </p>
   </div>
   <div class='ocr_carea' id='block_1_31' title="bbox 239 3129 1897 3208">
    <p class='ocr_par' dir='ltr' id='par_1_31' title="bbox 239 3129 1897 3208">
     <span class='ocr_line' id='line_1_31' title="bbox 239 3129 1897 3208; baseline 0.004 -24"><span class='ocrx_word' id='word_1_210' title='bbox 239 3129 555 3201; x_wconf 85' lang='lat' dir='ltr'><strong>Propterea</strong></span> <span class='ocrx_word' id='word_1_211' title='bbox 581 3146 717 3203; x_wconf 88' lang='lat' dir='ltr'><strong>ergo</strong></span> <span class='ocrx_word' id='word_1_212' title='bbox 752 3135 994 3188; x_wconf 87' lang='lat' dir='ltr'><strong>sanctus</strong></span> <span class='ocrx_word' id='word_1_213' title='bbox 1023 3137 1215 3195; x_wconf 84' lang='lat' dir='ltr'><strong>tacet;</strong></span> <span class='ocrx_word' id='word_1_214' title='bbox 1247 3139 1305 3189; x_wconf 89' lang='lat' dir='ltr'><strong>et</strong></span> <span class='ocrx_word' id='word_1_215' title='bbox 1334 3134 1384 3189; x_wconf 92' lang='lat' dir='ltr'><strong>si</strong></span> <span class='ocrx_word' id='word_1_216' title='bbox 1415 3151 1616 3190; x_wconf 88' lang='lat' dir='ltr'><strong>servus</strong></span> <span class='ocrx_word' id='word_1_217' title='bbox 1674 3140 1897 3208; x_wconf 88' lang='lat' dir='ltr'><strong>proter-</strong></span> 
     </span>
    </p>
   </div>
   <div class='ocr_carea' id='block_1_32' title="bbox 237 3217 2062 3321">
    <p class='ocr_par' dir='ltr' id='par_1_32' title="bbox 237 3217 2062 3321">
     <span class='ocr_line' id='line_1_32' title="bbox 237 3217 2062 3321; baseline 0.003 -46"><span class='ocrx_word' id='word_1_218' title='bbox 237 3218 342 3321; x_wconf 75' lang='lat' dir='ltr'><strong>vit,</strong></span> <span class='ocrx_word' id='word_1_219' title='bbox 361 3221 422 3273; x_wconf 89' lang='lat' dir='ltr'><strong>et</strong></span> <span class='ocrx_word' id='word_1_220' title='bbox 440 3217 491 3274; x_wconf 90' lang='lat' dir='ltr'><strong>si</strong></span> <span class='ocrx_word' id='word_1_221' title='bbox 509 3235 731 3321; x_wconf 73' lang='lat' dir='ltr'><strong>pauper</strong></span> <span class='ocrx_word' id='word_1_222' title='bbox 751 3220 1140 3321; x_wconf 41' lang='lat' dir='ltr'><strong>conviciaturr</strong></span> <span class='ocrx_word' id='word_1_223' title='bbox 1160 3225 1309 3321; x_wconf 77' lang='lat' dir='ltr'><strong>tacet</strong></span> <span class='ocrx_word' id='word_1_224' title='bbox 1326 3223 1531 3321; x_wconf 82' lang='lat' dir='ltr'><strong>justus</strong></span> <span class='ocrx_word' id='word_1_225' title='bbox 1585 3224 1719 3321; x_wconf 63' lang='lat' dir='ltr'><strong>etei</strong></span> <span class='ocrx_word' id='word_1_226' title='bbox 1742 3240 1896 3321; x_wconf 38' lang='lat' dir='ltr'><strong>.pe‘c-</strong></span> <span class='ocrx_word' id='word_1_227' title='bbox 1927 3248 1970 3314; x_wconf 69' lang='grc' dir='ltr'>ρ</span> <span class='ocrx_word' id='word_1_228' title='bbox 2010 3263 2062 3321; x_wconf 70' lang='lat' dir='ltr'><strong>le</strong></span> 
     </span>
    </p>
   </div>
   <div class='ocr_carea' id='block_1_33' title="bbox 238 3307 1898 3380">
    <p class='ocr_par' dir='ltr' id='par_1_33' title="bbox 238 3307 1898 3380">
     <span class='ocr_line' id='line_1_33' title="bbox 238 3307 1898 3380; baseline 0.003 -17"><span class='ocrx_word' id='word_1_229' title='bbox 238 3309 403 3364; x_wconf 87' lang='lat' dir='ltr'><strong>cator</strong></span> <span class='ocrx_word' id='word_1_230' title='bbox 460 3307 773 3380; x_wconf 89' lang='lat' dir='ltr'><strong>opprobria</strong></span> <span class='ocrx_word' id='word_1_231' title='bbox 810 3309 977 3379; x_wconf 86' lang='lat' dir='ltr'><strong>jacit,</strong></span> <span class='ocrx_word' id='word_1_232' title='bbox 1018 3310 1223 3380; x_wconf 88' lang='lat' dir='ltr'><strong>justus</strong></span> <span class='ocrx_word' id='word_1_233' title='bbox 1255 3309 1447 3367; x_wconf 90' lang='lat' dir='ltr'><strong>ridet:</strong></span> <span class='ocrx_word' id='word_1_234' title='bbox 1508 3316 1565 3367; x_wconf 88' lang='lat' dir='ltr'><strong>et</strong></span> <span class='ocrx_word' id='word_1_235' title='bbox 1619 3311 1671 3367; x_wconf 89' lang='lat' dir='ltr'><strong>si</strong></span> <span class='ocrx_word' id='word_1_236' title='bbox 1740 3312 1898 3368; x_wconf 83' lang='lat' dir='ltr'><strong>inﬁr-</strong></span> 
     </span>
    </p>
   </div>
   <div class='ocr_carea' id='block_1_34' title="bbox 242 3394 1291 3468">
    <p class='ocr_par' dir='ltr' id='par_1_34' title="bbox 242 3394 1291 3468">
     <span class='ocr_line' id='line_1_34' title="bbox 242 3394 1291 3468; baseline 0.002 -17"><span class='ocrx_word' id='word_1_237' title='bbox 242 3412 381 3452; x_wconf 91' lang='lat' dir='ltr'><strong>mus</strong></span> <span class='ocrx_word' id='word_1_238' title='bbox 413 3394 729 3465; x_wconf 87' lang='lat' dir='ltr'><strong>maledicit,</strong></span> <span class='ocrx_word' id='word_1_239' title='bbox 754 3397 959 3468; x_wconf 85' lang='lat' dir='ltr'><strong>justus</strong></span> <span class='ocrx_word' id='word_1_240' title='bbox 980 3398 1291 3454; x_wconf 90' lang='lat' dir='ltr'><strong>benedicit.</strong></span> 
     </span>
    </p>
   </div>
   <div class='ocr_carea' id='block_1_35' title="bbox 309 3528 1897 3592">
    <p class='ocr_par' dir='ltr' id='par_1_35' title="bbox 309 3528 1897 3592">
     <span class='ocr_line' id='line_1_35' title="bbox 309 3528 1897 3592; baseline 0.006 -10"><span class='ocrx_word' id='word_1_241' title='bbox 309 3529 364 3582; x_wconf 82' lang='lat'><strong>6.</strong></span> <span class='ocrx_word' id='word_1_242' title='bbox 398 3528 651 3585; x_wconf 88' lang='lat' dir='ltr'><strong>Tacebat</strong></span> <span class='ocrx_word' id='word_1_243' title='bbox 681 3528 858 3584; x_wconf 84' lang='lat' dir='ltr'><strong>David</strong></span> <span class='ocrx_word' id='word_1_244' title='bbox 892 3546 1024 3585; x_wconf 91' lang='lat' dir='ltr'><strong>cum</strong></span> <span class='ocrx_word' id='word_1_245' title='bbox 1059 3531 1246 3587; x_wconf 87' lang='lat' dir='ltr'><strong>Semei</strong></span> <span class='ocrx_word' id='word_1_246' title='bbox 1302 3532 1459 3588; x_wconf 81' lang='lat' dir='ltr'><strong>ﬁlius</strong></span> <span class='ocrx_word' id='word_1_247' title='bbox 1517 3533 1665 3589; x_wconf 88' lang='lat' dir='ltr'><strong>Gera</strong></span> <span class='ocrx_word' id='word_1_248' title='bbox 1712 3535 1897 3592; x_wconf 85' lang='lat' dir='ltr'><strong>male-</strong></span> 
     </span>
    </p>
   </div>
   <div class='ocr_carea' id='block_1_36' title="bbox 238 3616 1900 3689">
    <p class='ocr_par' dir='ltr' id='par_1_36' title="bbox 238 3616 1900 3689">
     <span class='ocr_line' id='line_1_36' title="bbox 238 3616 1900 3689; baseline 0.004 -17"><span class='ocrx_word' id='word_1_249' title='bbox 238 3616 478 3685; x_wconf 88' lang='lat' dir='ltr'><strong>diceret,</strong></span> <span class='ocrx_word' id='word_1_250' title='bbox 536 3616 645 3673; x_wconf 88' lang='lat' dir='ltr'><strong>Job</strong></span> <span class='ocrx_word' id='word_1_251' title='bbox 704 3617 949 3686; x_wconf 89' lang='lat' dir='ltr'><strong>ridebat,</strong></span> <span class='ocrx_word' id='word_1_252' title='bbox 1012 3618 1227 3674; x_wconf 87' lang='lat' dir='ltr'><strong>Paulus</strong></span> <span class='ocrx_word' id='word_1_253' title='bbox 1284 3620 1686 3689; x_wconf 90' lang='lat' dir='ltr'><strong>benedicebat,</strong></span> <span class='ocrx_word' id='word_1_254' title='bbox 1747 3623 1900 3680; x_wconf 91' lang='lat' dir='ltr'><strong>sicut</strong></span> 
     </span>
    </p>
   </div>
   <div class='ocr_carea' id='block_1_37' title="bbox 236 3705 1895 3782">
    <p class='ocr_par' dir='ltr' id='par_1_37' title="bbox 236 3705 1895 3782">
     <span class='ocr_line' id='line_1_37' title="bbox 236 3705 1895 3782; baseline 0.004 -22"><span class='ocrx_word' id='word_1_255' title='bbox 236 3705 363 3777; x_wconf 89' lang='lat' dir='ltr'><strong>ipse</strong></span> <span class='ocrx_word' id='word_1_256' title='bbox 394 3706 473 3761; x_wconf 87' lang='lat' dir='ltr'><strong>ait</strong></span> <span class='ocrx_word' id='word_1_257' title='bbox 500 3722 561 3761; x_wconf 81' lang='lat'><strong>:«</strong></span> <span class='ocrx_word' id='word_1_258' title='bbox 594 3705 1017 3766; x_wconf 88' lang='lat' dir='ltr'><strong>Maledicimur.</strong></span> <span class='ocrx_word' id='word_1_259' title='bbox 1050 3712 1105 3763; x_wconf 91' lang='lat' dir='ltr'><strong>et</strong></span> <span class='ocrx_word' id='word_1_260' title='bbox 1138 3708 1538 3765; x_wconf 83' lang='lat' dir='ltr'><strong>henedicimus</strong></span> <span class='ocrx_word' id='word_1_261' title='bbox 1561 3710 1607 3782; x_wconf 89' lang='grc' dir='ltr'><strong>(ι</strong></span> <span class='ocrx_word' id='word_1_262' title='bbox 1639 3710 1761 3767; x_wconf 84' lang='lat' dir='ltr'><strong>Cor.</strong></span> <span class='ocrx_word' id='word_1_263' title='bbox 1818 3730 1895 3779; x_wconf 79' lang='grc' dir='ltr'><strong>ιν,</strong></span> 
     </span>
    </p>
   </div>
   <div class='ocr_carea' id='block_1_38' title="bbox 242 3794 1897 3869">
    <p class='ocr_par' dir='ltr' id='par_1_38' title="bbox 242 3794 1897 3869">
     <span class='ocr_line' id='line_1_38' title="bbox 242 3794 1897 3869; baseline 0.005 -20"><span class='ocrx_word' id='word_1_264' title='bbox 242 3796 352 3866; x_wconf 85' lang='grc'><strong>12.)</strong></span> <span class='ocrx_word' id='word_1_265' title='bbox 383 3817 411 3845; x_wconf 85' lang='grc'><strong>››</strong></span> <span class='ocrx_word' id='word_1_266' title='bbox 444 3794 777 3868; x_wconf 86' lang='lat' dir='ltr'><strong>Magisterio</strong></span> <span class='ocrx_word' id='word_1_267' title='bbox 808 3797 1022 3869; x_wconf 85' lang='lat' dir='ltr'><strong>quippe</strong></span> <span class='ocrx_word' id='word_1_268' title='bbox 1049 3796 1246 3852; x_wconf 92' lang='lat' dir='ltr'><strong>divino</strong></span> <span class='ocrx_word' id='word_1_269' title='bbox 1277 3814 1584 3869; x_wconf 88' lang='lat' dir='ltr'><strong>processus</strong></span> <span class='ocrx_word' id='word_1_270' title='bbox 1622 3800 1897 3859; x_wconf 61' lang='lat' dir='ltr'><strong>humanm</strong></span> 
     </span>
    </p>
   </div>
   <div class='ocr_carea' id='block_1_39' title="bbox 235 3882 1895 3959">
    <p class='ocr_par' dir='ltr' id='par_1_39' title="bbox 235 3882 1895 3959">
     <span class='ocr_line' id='line_1_39' title="bbox 235 3882 1895 3959; baseline 0.004 -20"><span class='ocrx_word' id='word_1_271' title='bbox 235 3882 475 3940; x_wconf 89' lang='lat' dir='ltr'><strong>virtutis</strong></span> <span class='ocrx_word' id='word_1_272' title='bbox 504 3884 787 3940; x_wconf 78' lang='lat' dir='ltr'><strong>excrevit:</strong></span> <span class='ocrx_word' id='word_1_273' title='bbox 822 3885 961 3956; x_wconf 88' lang='lat' dir='ltr'><strong>quia</strong></span> <span class='ocrx_word' id='word_1_274' title='bbox 980 3885 1107 3956; x_wconf 88' lang='lat' dir='ltr'><strong>jam</strong></span> <span class='ocrx_word' id='word_1_275' title='bbox 1136 3891 1372 3942; x_wconf 88' lang='lat' dir='ltr'><strong>venerat</strong></span> <span class='ocrx_word' id='word_1_276' title='bbox 1400 3888 1500 3959; x_wconf 90' lang='lat' dir='ltr'><strong>qui</strong></span> <span class='ocrx_word' id='word_1_277' title='bbox 1524 3904 1592 3944; x_wconf 84' lang='lat' dir='ltr'><strong>ex</strong></span> <span class='ocrx_word' id='word_1_278' title='bbox 1613 3889 1895 3946; x_wconf 81' lang='lat' dir='ltr'><strong>inﬁrmio-</strong></span> 
     </span>
    </p>
   </div>
   <div class='ocr_carea' id='block_1_40' title="bbox 242 3970 1894 4041">
    <p class='ocr_par' dir='ltr' id='par_1_40' title="bbox 242 3970 1894 4041">
     <span class='ocr_line' id='line_1_40' title="bbox 242 3970 1894 4041; baseline 0.006 -15"><span class='ocrx_word' id='word_1_279' title='bbox 242 3973 410 4027; x_wconf 93' lang='lat' dir='ltr'><strong>ribus</strong></span> <span class='ocrx_word' id='word_1_280' title='bbox 443 3971 655 4030; x_wconf 83' lang='lat' dir='ltr'><strong>fareret</strong></span> <span class='ocrx_word' id='word_1_281' title='bbox 686 3971 977 4041; x_wconf 79' lang='lat' dir='ltr'><strong>fortiores,</strong></span> <span class='ocrx_word' id='word_1_282' title='bbox 1008 3978 1065 4029; x_wconf 89' lang='lat' dir='ltr'><strong>et</strong></span> <span class='ocrx_word' id='word_1_283' title='bbox 1096 3970 1363 4031; x_wconf 84' lang='lat' dir='ltr'><strong>audierat</strong></span> <span class='ocrx_word' id='word_1_284' title='bbox 1391 3976 1678 4034; x_wconf 87' lang='lat' dir='ltr'><strong>dicentem</strong></span> <span class='ocrx_word' id='word_1_285' title='bbox 1704 3996 1716 4035; x_wconf 91' lang='lat'><strong>:</strong></span> <span class='ocrx_word' id='word_1_286' title='bbox 1741 4001 1770 4031; x_wconf 86' lang='lat'><strong><em>«</em></strong></span> <span class='ocrx_word' id='word_1_287' title='bbox 1792 3980 1894 4036; x_wconf 88' lang='lat' dir='ltr'><strong>Be-</strong></span> 
     </span>
    </p>
   </div>
   <div class='ocr_carea' id='block_1_41' title="bbox 244 4061 1896 4139">
    <p class='ocr_par' dir='ltr' id='par_1_41' title="bbox 244 4061 1896 4139">
     <span class='ocr_line' id='line_1_41' title="bbox 244 4061 1896 4139; baseline 0.006 -24"><span class='ocrx_word' id='word_1_288' title='bbox 244 4061 498 4117; x_wconf 90' lang='lat' dir='ltr'><strong>nedicite</strong></span> <span class='ocrx_word' id='word_1_289' title='bbox 529 4061 943 4118; x_wconf 90' lang='lat' dir='ltr'><strong>maledicentes</strong></span> <span class='ocrx_word' id='word_1_290' title='bbox 998 4063 1184 4130; x_wconf 86' lang='lat' dir='ltr'><strong>vobis,</strong></span> <span class='ocrx_word' id='word_1_291' title='bbox 1233 4069 1288 4120; x_wconf 87' lang='lat' dir='ltr'><strong>et</strong></span> <span class='ocrx_word' id='word_1_292' title='bbox 1317 4069 1477 4122; x_wconf 89' lang='lat' dir='ltr'><strong>orate</strong></span> <span class='ocrx_word' id='word_1_293' title='bbox 1508 4084 1611 4139; x_wconf 93' lang='lat' dir='ltr'><strong>pro</strong></span> <span class='ocrx_word' id='word_1_294' title='bbox 1667 4067 1896 4125; x_wconf 88' lang='lat' dir='ltr'><strong>calum-</strong></span> 
     </span>
    </p>
   </div>
   <div class='ocr_carea' id='block_1_42' title="bbox 246 4149 1893 4225">
    <p class='ocr_par' dir='ltr' id='par_1_42' title="bbox 246 4149 1893 4225">
     <span class='ocr_line' id='line_1_42' title="bbox 246 4149 1893 4225; baseline 0.005 -21"><span class='ocrx_word' id='word_1_295' title='bbox 246 4149 550 4206; x_wconf 87' lang='lat' dir='ltr'><strong>niantibus</strong></span> <span class='ocrx_word' id='word_1_296' title='bbox 597 4167 699 4207; x_wconf 91' lang='lat' dir='ltr'><strong>vos</strong></span> <span class='ocrx_word' id='word_1_297' title='bbox 743 4151 893 4223; x_wconf 83' lang='lat' dir='ltr'><strong>(Lac.</strong></span> <span class='ocrx_word' id='word_1_298' title='bbox 952 4168 1028 4219; x_wconf 73' lang='lat' dir='ltr'><strong>vr,</strong></span> <span class='ocrx_word' id='word_1_299' title='bbox 1062 4153 1172 4225; x_wconf 88' lang='lat'><strong>28).</strong></span> <span class='ocrx_word' id='word_1_300' title='bbox 1209 4176 1236 4203; x_wconf 84' lang='lat'>»</span> <span class='ocrx_word' id='word_1_301' title='bbox 1294 4153 1442 4219; x_wconf 89' lang='lat' dir='ltr'><strong>Quid</strong></span> <span class='ocrx_word' id='word_1_302' title='bbox 1499 4157 1673 4213; x_wconf 88' lang='lat' dir='ltr'><strong>verbo</strong></span> <span class='ocrx_word' id='word_1_303' title='bbox 1729 4158 1893 4225; x_wconf 82' lang='lat' dir='ltr'><strong>dixit,</strong></span> 
     </span>
    </p>
   </div>
   <div class='ocr_carea' id='block_1_43' title="bbox 235 4238 1895 4318">
    <p class='ocr_par' dir='ltr' id='par_1_43' title="bbox 235 4238 1895 4318">
     <span class='ocr_line' id='line_1_43' title="bbox 235 4238 1895 4318; baseline 0.005 -23"><span class='ocrx_word' id='word_1_304' title='bbox 235 4238 510 4312; x_wconf 82' lang='lat' dir='ltr'><strong>exemplo</strong></span> <span class='ocrx_word' id='word_1_305' title='bbox 542 4240 825 4311; x_wconf 85' lang='lat' dir='ltr'><strong>probavit.</strong></span> <span class='ocrx_word' id='word_1_306' title='bbox 860 4239 1121 4313; x_wconf 89' lang='lat' dir='ltr'><strong>Denique</strong></span> <span class='ocrx_word' id='word_1_307' title='bbox 1151 4242 1282 4298; x_wconf 91' lang='lat' dir='ltr'><strong>etin</strong></span> <span class='ocrx_word' id='word_1_308' title='bbox 1315 4259 1484 4299; x_wconf 85' lang='lat' dir='ltr'><strong>cruce</strong></span> <span class='ocrx_word' id='word_1_309' title='bbox 1540 4246 1767 4318; x_wconf 88' lang='lat' dir='ltr'><strong>positus</strong></span> <span class='ocrx_word' id='word_1_310' title='bbox 1823 4249 1895 4304; x_wconf 93' lang='lat' dir='ltr'><strong>de</strong></span> 
     </span>
    </p>
   </div>
   <div class='ocr_carea' id='block_1_44' title="bbox 236 4328 1890 4401">
    <p class='ocr_par' dir='ltr' id='par_1_44' title="bbox 236 4328 1890 4401">
     <span class='ocr_line' id='line_1_44' title="bbox 236 4328 1890 4401; baseline 0.005 -17"><span class='ocrx_word' id='word_1_311' title='bbox 236 4328 718 4401; x_wconf 85' lang='lat' dir='ltr'><strong>persecutoribus</strong></span> <span class='ocrx_word' id='word_1_312' title='bbox 748 4328 873 4385; x_wconf 89' lang='lat' dir='ltr'><strong>suis</strong></span> <span class='ocrx_word' id='word_1_313' title='bbox 926 4330 1386 4388; x_wconf 90' lang='lat' dir='ltr'><strong>conviciantibus</strong></span> <span class='ocrx_word' id='word_1_314' title='bbox 1445 4333 1557 4390; x_wconf 91' lang='lat' dir='ltr'><strong>sibi</strong></span> <span class='ocrx_word' id='word_1_315' title='bbox 1614 4335 1890 4393; x_wconf 90' lang='lat' dir='ltr'><strong>dicebat:</strong></span> 
     </span>
    </p>
   </div>
   <div class='ocr_carea' id='block_1_45' title="bbox 236 4417 1896 4494">
    <p class='ocr_par' dir='ltr' id='par_1_45' title="bbox 236 4417 1896 4494">
     <span class='ocr_line' id='line_1_45' title="bbox 236 4417 1896 4494; baseline 0.008 -26"><span class='ocrx_word' id='word_1_316' title='bbox 236 4441 267 4468; x_wconf 84' lang='lat'><strong><em>«</em></strong></span> <span class='ocrx_word' id='word_1_317' title='bbox 306 4417 491 4484; x_wconf 89' lang='lat' dir='ltr'><strong>Pater,</strong></span> <span class='ocrx_word' id='word_1_318' title='bbox 516 4417 745 4474; x_wconf 86' lang='lat' dir='ltr'><strong>dimitte</strong></span> <span class='ocrx_word' id='word_1_319' title='bbox 777 4418 913 4486; x_wconf 91' lang='lat' dir='ltr'><strong>illis,</strong></span> <span class='ocrx_word' id='word_1_320' title='bbox 974 4419 1113 4492; x_wconf 89' lang='lat' dir='ltr'><strong>quia</strong></span> <span class='ocrx_word' id='word_1_321' title='bbox 1160 4421 1432 4477; x_wconf 89' lang='lat' dir='ltr'><strong>nesciunt</strong></span> <span class='ocrx_word' id='word_1_322' title='bbox 1468 4422 1610 4494; x_wconf 90' lang='lat' dir='ltr'><strong>quid</strong></span> <span class='ocrx_word' id='word_1_323' title='bbox 1672 4424 1896 4482; x_wconf 88' lang='lat' dir='ltr'><strong>faciunt</strong></span> 
     </span>
    </p>
   </div>
   <div class='ocr_carea' id='block_1_46' title="bbox 234 4507 1889 4583">
    <p class='ocr_par' dir='ltr' id='par_1_46' title="bbox 234 4507 1889 4583">
     <span class='ocr_line' id='line_1_46' title="bbox 234 4507 1889 4583; baseline 0.006 -22"><span class='ocrx_word' id='word_1_324' title='bbox 234 4507 394 4578; x_wconf 85' lang='lat' dir='ltr'><strong>(Luc.</strong></span> <span class='ocrx_word' id='word_1_325' title='bbox 425 4523 583 4575; x_wconf 71' lang='grc' dir='ltr'><strong>χχιιι,</strong></span> <span class='ocrx_word' id='word_1_326' title='bbox 615 4508 745 4578; x_wconf 70' lang='grc'><strong>34);</strong></span> <span class='ocrx_word' id='word_1_327' title='bbox 782 4531 811 4558; x_wconf 87' lang='grc'><strong>››</strong></span> <span class='ocrx_word' id='word_1_328' title='bbox 844 4512 910 4564; x_wconf 91' lang='lat' dir='ltr'><strong>ut</strong></span> <span class='ocrx_word' id='word_1_329' title='bbox 962 4513 1155 4565; x_wconf 89' lang='lat' dir='ltr'><strong>oraret</strong></span> <span class='ocrx_word' id='word_1_330' title='bbox 1211 4526 1314 4583; x_wconf 90' lang='lat' dir='ltr'><strong>pro</strong></span> <span class='ocrx_word' id='word_1_331' title='bbox 1369 4510 1889 4583; x_wconf 88' lang='lat' dir='ltr'><strong>calumniantibus,</strong></span> 
     </span>
    </p>
   </div>
   <div class='ocr_carea' id='block_1_47' title="bbox 1033 373 2872 447">
    <p class='ocr_par' dir='ltr' id='par_1_47' title="bbox 1033 373 2872 447">
     <span class='ocr_line' id='line_1_47' title="bbox 1033 373 2872 447; baseline 0.003 -8"><span class='ocrx_word' id='word_1_332' title='bbox 1033 376 1135 442; x_wconf 85' lang='lat' dir='ltr'><strong>DE</strong></span> <span class='ocrx_word' id='word_1_333' title='bbox 1177 376 1919 442; x_wconf 81' lang='lat' dir='ltr'><strong>INTERPELLATIONE</strong></span> <span class='ocrx_word' id='word_1_334' title='bbox 1961 373 2099 440; x_wconf 74' lang='grc' dir='ltr'><strong>,ΙοΒ</strong></span> <span class='ocrx_word' id='word_1_335' title='bbox 2143 376 2244 441; x_wconf 84' lang='lat' dir='ltr'><strong>E&#39;l‘</strong></span> <span class='ocrx_word' id='word_1_336' title='bbox 2287 381 2526 445; x_wconf 81' lang='lat' dir='ltr'><strong>DAVID</strong></span> <span class='ocrx_word' id='word_1_337' title='bbox 2574 380 2718 446; x_wconf 90' lang='lat' dir='ltr'><strong>LIB.</strong></span> <span class='ocrx_word' id='word_1_338' title='bbox 2767 385 2872 447; x_wconf 90' lang='lat' dir='ltr'><strong>lll.</strong></span> 
     </span>
    </p>
   </div>
   <div class='ocr_carea' id='block_1_48' title="bbox 3535 391 3654 453">
    <p class='ocr_par' dir='ltr' id='par_1_48' title="bbox 3535 391 3654 453">
     <span class='ocr_line' id='line_1_48' title="bbox 3535 391 3654 453; baseline 0.017 -2"><span class='ocrx_word' id='word_1_339' title='bbox 3535 391 3654 453; x_wconf 88' lang='lat'><strong>8&#39;70</strong></span> 
     </span>
    </p>
   </div>
   <div class='ocr_carea' id='block_1_49' title="bbox 2643 518 3012 575">
    <p class='ocr_par' dir='ltr' id='par_1_49' title="bbox 2643 518 3012 575">
     <span class='ocr_line' id='line_1_49' title="bbox 2643 518 3012 575; baseline 0.003 -1"><span class='ocrx_word' id='word_1_340' title='bbox 2643 518 2876 575; x_wconf 87' lang='lat' dir='ltr'><strong>CAPUT</strong></span> <span class='ocrx_word' id='word_1_341' title='bbox 2918 519 3012 575; x_wconf 88' lang='lat' dir='ltr'><strong>Ill.</strong></span> 
     </span>
    </p>
   </div>
   <div class='ocr_carea' id='block_1_50' title="bbox 2004 629 3711 710">
    <p class='ocr_par' dir='ltr' id='par_1_50' title="bbox 2004 629 3711 710">
     <span class='ocr_line' id='line_1_50' title="bbox 2004 629 3711 710; baseline 0.005 -23"><span class='ocrx_word' id='word_1_342' title='bbox 2004 629 2126 710; x_wconf 36' lang='lat' dir='ltr'><strong>Job.</strong></span> <span class='ocrx_word' id='word_1_343' title='bbox 2145 632 2427 710; x_wconf 73' lang='lat' dir='ltr'><strong>verborum</strong></span> <span class='ocrx_word' id='word_1_344' title='bbox 2453 636 2901 710; x_wconf 75' lang='lat' dir='ltr'><strong>certamine,an</strong></span> <span class='ocrx_word' id='word_1_345' title='bbox 2940 652 3049 691; x_wconf 84' lang='lat' dir='ltr'><strong>non</strong></span> <span class='ocrx_word' id='word_1_346' title='bbox 3109 635 3264 710; x_wconf 61' lang='lat' dir='ltr'><strong>aliud</strong></span> <span class='ocrx_word' id='word_1_347' title='bbox 3310 640 3425 708; x_wconf 77' lang='lat' dir='ltr'><strong>fore</strong></span> <span class='ocrx_word' id='word_1_348' title='bbox 3451 638 3649 710; x_wconf 78' lang='lat' dir='ltr'><strong>difﬁcz-</strong></span> <span class='ocrx_word' id='word_1_349' title='bbox 3704 660 3711 663; x_wconf 71' lang='lat'><strong><em>&#39;</em></strong></span> 
     </span>
    </p>
   </div>
   <div class='ocr_carea' id='block_1_51' title="bbox 2080 701 3657 779">
    <p class='ocr_par' dir='ltr' id='par_1_51' title="bbox 2080 701 3657 779">
     <span class='ocr_line' id='line_1_51' title="bbox 2080 701 3657 779; baseline 0.007 -24"><span class='ocrx_word' id='word_1_350' title='bbox 2080 701 2210 766; x_wconf 75' lang='lat' dir='ltr'><strong>lius,</strong></span> <span class='ocrx_word' id='word_1_351' title='bbox 2243 704 2415 759; x_wconf 81' lang='lat' dir='ltr'><strong>victor</strong></span> <span class='ocrx_word' id='word_1_352' title='bbox 2439 701 2819 779; x_wconf 50' lang='lat' dir='ltr'><strong>renuntiatur:</strong></span> <span class='ocrx_word' id='word_1_353' title='bbox 2844 707 3015 774; x_wconf 79' lang='lat' dir='ltr'><strong>Quam</strong></span> <span class='ocrx_word' id='word_1_354' title='bbox 3040 701 3332 779; x_wconf 64' lang='lat' dir='ltr'><strong>pulchrum</strong></span> <span class='ocrx_word' id='word_1_355' title='bbox 3357 710 3432 764; x_wconf 75' lang='lat' dir='ltr'><strong>sit</strong></span> <span class='ocrx_word' id='word_1_356' title='bbox 3477 701 3657 766; x_wconf 64' lang='lat' dir='ltr'><strong>ridere</strong></span> 
     </span>
    </p>
   </div>
   <div class='ocr_carea' id='block_1_52' title="bbox 2078 776 3654 853">
    <p class='ocr_par' dir='ltr' id='par_1_52' title="bbox 2078 776 3654 853">
     <span class='ocr_line' id='line_1_52' title="bbox 2078 776 3654 853; baseline 0.006 -26"><span class='ocrx_word' id='word_1_357' title='bbox 2078 787 2149 853; x_wconf 68' lang='lat' dir='ltr'><strong>ac</strong></span> <span class='ocrx_word' id='word_1_358' title='bbox 2187 780 2368 853; x_wconf 68' lang='lat' dir='ltr'><strong>tacere</strong></span> <span class='ocrx_word' id='word_1_359' title='bbox 2423 776 2514 853; x_wconf 6' lang='lat' dir='ltr'><strong>ing</strong></span> <span class='ocrx_word' id='word_1_360' title='bbox 2540 778 2761 847; x_wconf 73' lang='lat' dir='ltr'><strong>objectis</strong></span> <span class='ocrx_word' id='word_1_361' title='bbox 2815 776 3331 853; x_wconf 62' lang='lat' dir='ltr'><strong>criminationibus:</strong></span> <span class='ocrx_word' id='word_1_362' title='bbox 3361 787 3413 835; x_wconf 77' lang='grc' dir='ltr'><strong>ει</strong></span> <span class='ocrx_word' id='word_1_363' title='bbox 3466 796 3654 853; x_wconf 82' lang='lat' dir='ltr'><strong>quem-</strong></span> 
     </span>
    </p>
   </div>
   <div class='ocr_carea' id='block_1_53' title="bbox 2078 843 3655 922">
    <p class='ocr_par' dir='ltr' id='par_1_53' title="bbox 2078 843 3655 922">
     <span class='ocr_line' id='line_1_53' title="bbox 2078 843 3655 922; baseline 0.006 -24"><span class='ocrx_word' id='word_1_364' title='bbox 2078 843 2372 922; x_wconf 63' lang='lat' dir='ltr'><strong>admodum</strong></span> <span class='ocrx_word' id='word_1_365' title='bbox 2396 850 2516 918; x_wconf 73' lang='lat' dir='ltr'><strong>post</strong></span> <span class='ocrx_word' id='word_1_366' title='bbox 2545 843 2861 922; x_wconf 56' lang='lat' dir='ltr'><strong>responsum</strong></span> <span class='ocrx_word' id='word_1_367' title='bbox 2894 850 3091 916; x_wconf 72' lang='lat' dir='ltr'><strong>lenius,</strong></span> <span class='ocrx_word' id='word_1_368' title='bbox 3144 851 3288 906; x_wconf 75' lang='lat' dir='ltr'><strong>idem</strong></span> <span class='ocrx_word' id='word_1_369' title='bbox 3328 843 3655 922; x_wconf 74' lang='lat' dir='ltr'><strong>fortioribus</strong></span> 
     </span>
    </p>
   </div>
   <div class='ocr_carea' id='block_1_54' title="bbox 2076 917 3395 994">
    <p class='ocr_par' dir='ltr' id='par_1_54' title="bbox 2076 917 3395 994">
     <span class='ocr_line' id='line_1_54' title="bbox 2076 917 3395 994; baseline 0.007 -24"><span class='ocrx_word' id='word_1_370' title='bbox 2076 917 2258 973; x_wconf 75' lang='lat' dir='ltr'><strong>verbis</strong></span> <span class='ocrx_word' id='word_1_371' title='bbox 2287 917 2655 990; x_wconf 54' lang='lat' dir='ltr'><strong>importunius</strong></span> <span class='ocrx_word' id='word_1_372' title='bbox 2684 921 3085 977; x_wconf 72' lang='lat' dir='ltr'><strong>calumniantes</strong></span> <span class='ocrx_word' id='word_1_373' title='bbox 3109 917 3395 994; x_wconf 67' lang='lat' dir='ltr'><strong>repulerl’t.</strong></span> 
     </span>
    </p>
   </div>
   <div class='ocr_carea' id='block_1_55' title="bbox 2075 1042 3654 1118">
    <p class='ocr_par' dir='ltr' id='par_1_55' title="bbox 2075 1042 3654 1118">
     <span class='ocr_line' id='line_1_55' title="bbox 2075 1042 3654 1118; baseline 0.006 -23"><span class='ocrx_word' id='word_1_374' title='bbox 2075 1043 2130 1095; x_wconf 91' lang='lat'><strong>7.</strong></span> <span class='ocrx_word' id='word_1_375' title='bbox 2161 1042 2233 1097; x_wconf 89' lang='lat' dir='ltr'><strong>Et</strong></span> <span class='ocrx_word' id='word_1_376' title='bbox 2259 1042 2457 1099; x_wconf 88' lang='lat' dir='ltr'><strong>ridens</strong></span> <span class='ocrx_word' id='word_1_377' title='bbox 2485 1044 2731 1100; x_wconf 88' lang='lat' dir='ltr'><strong>tacebat.</strong></span> <span class='ocrx_word' id='word_1_378' title='bbox 2765 1047 2891 1111; x_wconf 85' lang='lat' dir='ltr'><strong>Qua</strong></span> <span class='ocrx_word' id='word_1_379' title='bbox 2927 1045 3149 1103; x_wconf 86' lang='lat' dir='ltr'><strong>ratione</strong></span> <span class='ocrx_word' id='word_1_380' title='bbox 3186 1049 3499 1104; x_wconf 90' lang='lat' dir='ltr'><strong>tacendum</strong></span> <span class='ocrx_word' id='word_1_381' title='bbox 3556 1050 3654 1118; x_wconf 90' lang='lat' dir='ltr'><strong>sit,</strong></span> 
     </span>
    </p>
   </div>
   <div class='ocr_carea' id='block_1_56' title="bbox 2007 1129 3653 1209">
    <p class='ocr_par' dir='ltr' id='par_1_56' title="bbox 2007 1129 3653 1209">
     <span class='ocr_line' id='line_1_56' title="bbox 2007 1129 3653 1209; baseline 0.006 -24"><span class='ocrx_word' id='word_1_382' title='bbox 2007 1129 2174 1186; x_wconf 87' lang='lat' dir='ltr'><strong>docet</strong></span> <span class='ocrx_word' id='word_1_383' title='bbox 2196 1149 2253 1192; x_wconf 84' lang='grc'><strong>;‹‹</strong></span> <span class='ocrx_word' id='word_1_384' title='bbox 2274 1131 2642 1197; x_wconf 88' lang='lat' dir='ltr'><strong>Clamabo,et</strong></span> <span class='ocrx_word' id='word_1_385' title='bbox 2655 1134 2913 1190; x_wconf 90' lang='lat' dir='ltr'><strong>nondum</strong></span> <span class='ocrx_word' id='word_1_386' title='bbox 2935 1136 3220 1206; x_wconf 83' lang='lat' dir='ltr'><strong>judicium</strong></span> <span class='ocrx_word' id='word_1_387' title='bbox 3245 1138 3358 1207; x_wconf 87' lang='lat'><strong>(13)</strong></span> <span class='ocrx_word' id='word_1_388' title='bbox 3378 1138 3515 1209; x_wconf 86' lang='lat' dir='ltr'><strong>(Job.</strong></span> <span class='ocrx_word' id='word_1_389' title='bbox 3537 1156 3653 1208; x_wconf 73' lang='grc' dir='ltr'><strong>χιχ,</strong></span> 
     </span>
    </p>
   </div>
   <div class='ocr_carea' id='block_1_57' title="bbox 2004 1219 3655 1299">
    <p class='ocr_par' dir='ltr' id='par_1_57' title="bbox 2004 1219 3655 1299">
     <span class='ocr_line' id='line_1_57' title="bbox 2004 1219 3655 1299; baseline 0.006 -25"><span class='ocrx_word' id='word_1_390' title='bbox 2004 1219 2081 1287; x_wconf 92' lang='lat'><strong>7).</strong></span> <span class='ocrx_word' id='word_1_391' title='bbox 2120 1242 2147 1268; x_wconf 85' lang='lat'>»</span> <span class='ocrx_word' id='word_1_392' title='bbox 2179 1220 2325 1291; x_wconf 86' lang='lat' dir='ltr'><strong>Ipse,</strong></span> <span class='ocrx_word' id='word_1_393' title='bbox 2357 1220 2568 1293; x_wconf 86' lang='lat' dir='ltr'><strong>inquit,</strong></span> <span class='ocrx_word' id='word_1_394' title='bbox 2601 1222 2783 1278; x_wconf 89' lang='lat' dir='ltr'><strong>voluit</strong></span> <span class='ocrx_word' id='word_1_395' title='bbox 2814 1240 2907 1278; x_wconf 88' lang='lat' dir='ltr'><strong>me</strong></span> <span class='ocrx_word' id='word_1_396' title='bbox 2937 1224 3058 1278; x_wconf 65' lang='lat' dir='ltr'><strong>haec</strong></span> <span class='ocrx_word' id='word_1_397' title='bbox 3082 1226 3323 1297; x_wconf 82' lang='lat' dir='ltr'><strong>perpeti.</strong></span> <span class='ocrx_word' id='word_1_398' title='bbox 3348 1227 3655 1299; x_wconf 87' lang='lat' dir='ltr'><strong>Tanquam</strong></span> 
     </span>
    </p>
   </div>
   <div class='ocr_carea' id='block_1_58' title="bbox 2008 1307 3655 1387">
    <p class='ocr_par' dir='ltr' id='par_1_58' title="bbox 2008 1307 3655 1387">
     <span class='ocr_line' id='line_1_58' title="bbox 2008 1307 3655 1387; baseline 0.006 -26"><span class='ocrx_word' id='word_1_399' title='bbox 2008 1307 2338 1365; x_wconf 84' lang='lat' dir='ltr'><strong>muralibus</strong></span> <span class='ocrx_word' id='word_1_400' title='bbox 2366 1312 2787 1367; x_wconf 80' lang='lat' dir='ltr'><strong>tentationihus</strong></span> <span class='ocrx_word' id='word_1_401' title='bbox 2820 1312 3058 1368; x_wconf 84' lang='lat' dir='ltr'><strong>clausus</strong></span> <span class='ocrx_word' id='word_1_402' title='bbox 3107 1330 3220 1368; x_wconf 88' lang='lat' dir='ltr'><strong>non</strong></span> <span class='ocrx_word' id='word_1_403' title='bbox 3280 1331 3521 1387; x_wconf 89' lang='lat' dir='ltr'><strong>possum</strong></span> <span class='ocrx_word' id='word_1_404' title='bbox 3566 1317 3655 1371; x_wconf 88' lang='lat' dir='ltr'><strong>fu-</strong></span> 
     </span>
    </p>
   </div>
   <div class='ocr_carea' id='block_1_59' title="bbox 2007 1398 3656 1471">
    <p class='ocr_par' dir='ltr' id='par_1_59' title="bbox 2007 1398 3656 1471">
     <span class='ocr_line' id='line_1_59' title="bbox 2007 1398 3656 1471; baseline 0.007 -21"><span class='ocrx_word' id='word_1_405' title='bbox 2007 1411 2161 1467; x_wconf 89' lang='lat' dir='ltr'><strong>gere,</strong></span> <span class='ocrx_word' id='word_1_406' title='bbox 2194 1398 2374 1454; x_wconf 87' lang='lat' dir='ltr'><strong>donec</strong></span> <span class='ocrx_word' id='word_1_407' title='bbox 2406 1399 2631 1471; x_wconf 88' lang='lat' dir='ltr'><strong>placeat</strong></span> <span class='ocrx_word' id='word_1_408' title='bbox 2661 1401 2775 1456; x_wconf 87' lang='lat' dir='ltr'><strong>Den</strong></span> <span class='ocrx_word' id='word_1_409' title='bbox 2798 1402 3097 1456; x_wconf 81' lang='lat' dir='ltr'><strong>destruere</strong></span> <span class='ocrx_word' id='word_1_410' title='bbox 3147 1402 3485 1459; x_wconf 78' lang='lat' dir='ltr'><strong>altitudines</strong></span> <span class='ocrx_word' id='word_1_411' title='bbox 3531 1409 3656 1461; x_wconf 89' lang='lat' dir='ltr'><strong>ten-</strong></span> 
     </span>
    </p>
   </div>
   <div class='ocr_carea' id='block_1_60' title="bbox 2006 1485 3655 1560">
    <p class='ocr_par' dir='ltr' id='par_1_60' title="bbox 2006 1485 3655 1560">
     <span class='ocr_line' id='line_1_60' title="bbox 2006 1485 3655 1560; baseline 0.007 -22"><span class='ocrx_word' id='word_1_412' title='bbox 2006 1485 2297 1542; x_wconf 88' lang='lat' dir='ltr'><strong>tationum</strong></span> <span class='ocrx_word' id='word_1_413' title='bbox 2333 1504 2618 1544; x_wconf 90' lang='lat' dir='ltr'><strong>mearum.</strong></span> <span class='ocrx_word' id='word_1_414' title='bbox 2656 1488 2821 1544; x_wconf 77' lang='lat' dir='ltr'><strong>Nunc</strong></span> <span class='ocrx_word' id='word_1_415' title='bbox 2850 1488 3004 1544; x_wconf 90' lang='lat' dir='ltr'><strong>enim</strong></span> <span class='ocrx_word' id='word_1_416' title='bbox 3040 1490 3085 1545; x_wconf 89' lang='lat' dir='ltr'><strong>si</strong></span> <span class='ocrx_word' id='word_1_417' title='bbox 3124 1490 3333 1560; x_wconf 88' lang='lat' dir='ltr'><strong>clamo,</strong></span> <span class='ocrx_word' id='word_1_418' title='bbox 3393 1493 3655 1549; x_wconf 90' lang='lat' dir='ltr'><strong>nondum</strong></span> 
     </span>
    </p>
   </div>
   <div class='ocr_carea' id='block_1_61' title="bbox 1999 1574 3656 1649">
    <p class='ocr_par' dir='ltr' id='par_1_61' title="bbox 1999 1574 3656 1649">
     <span class='ocr_line' id='line_1_61' title="bbox 1999 1574 3656 1649; baseline 0.007 -22"><span class='ocrx_word' id='word_1_419' title='bbox 1999 1574 2313 1644; x_wconf 90' lang='lat' dir='ltr'><strong>judicium.</strong></span> <span class='ocrx_word' id='word_1_420' title='bbox 2356 1577 2559 1632; x_wconf 83' lang='lat' dir='ltr'><strong>Adhuc</strong></span> <span class='ocrx_word' id='word_1_421' title='bbox 2619 1576 2679 1632; x_wconf 91' lang='lat' dir='ltr'><strong>in</strong></span> <span class='ocrx_word' id='word_1_422' title='bbox 2738 1593 2922 1649; x_wconf 87' lang='lat' dir='ltr'><strong>agone</strong></span> <span class='ocrx_word' id='word_1_423' title='bbox 2980 1595 3135 1645; x_wconf 90' lang='lat' dir='ltr'><strong>sum,</strong></span> <span class='ocrx_word' id='word_1_424' title='bbox 3194 1579 3387 1636; x_wconf 87' lang='lat' dir='ltr'><strong>adhuc</strong></span> <span class='ocrx_word' id='word_1_425' title='bbox 3445 1580 3656 1647; x_wconf 88' lang='lat' dir='ltr'><strong>luctor,</strong></span> 
     </span>
    </p>
   </div>
   <div class='ocr_carea' id='block_1_62' title="bbox 2007 1662 3661 1737">
    <p class='ocr_par' dir='ltr' id='par_1_62' title="bbox 2007 1662 3661 1737">
     <span class='ocr_line' id='line_1_62' title="bbox 2007 1662 3661 1737; baseline 0.006 -20"><span class='ocrx_word' id='word_1_426' title='bbox 2007 1662 2198 1719; x_wconf 84' lang='lat' dir='ltr'><strong>rdhuc</strong></span> <span class='ocrx_word' id='word_1_427' title='bbox 2229 1668 2519 1720; x_wconf 77' lang='lat' dir='ltr'><strong>certamen</strong></span> <span class='ocrx_word' id='word_1_428' title='bbox 2546 1672 2811 1737; x_wconf 86' lang='lat' dir='ltr'><strong>superest</strong></span> <span class='ocrx_word' id='word_1_429' title='bbox 2830 1666 2993 1735; x_wconf 88' lang='lat' dir='ltr'><strong>mihi,</strong></span> <span class='ocrx_word' id='word_1_430' title='bbox 3015 1667 3276 1723; x_wconf 88' lang='lat' dir='ltr'><strong>nondum</strong></span> <span class='ocrx_word' id='word_1_431' title='bbox 3300 1669 3457 1725; x_wconf 89' lang='lat' dir='ltr'><strong>enim</strong></span> <span class='ocrx_word' id='word_1_432' title='bbox 3486 1671 3661 1727; x_wconf 86' lang='lat' dir='ltr'><strong>exivit</strong></span> 
     </span>
    </p>
   </div>
   <div class='ocr_carea' id='block_1_63' title="bbox 2007 1753 3663 1828">
    <p class='ocr_par' dir='ltr' id='par_1_63' title="bbox 2007 1753 3663 1828">
     <span class='ocr_line' id='line_1_63' title="bbox 2007 1753 3663 1828; baseline 0.005 -21"><span class='ocrx_word' id='word_1_433' title='bbox 2007 1768 2239 1808; x_wconf 88' lang='lat' dir='ltr'><strong>corona.</strong></span> <span class='ocrx_word' id='word_1_434' title='bbox 2274 1753 2454 1808; x_wconf 91' lang='lat' dir='ltr'><strong>Nemo</strong></span> <span class='ocrx_word' id='word_1_435' title='bbox 2504 1758 2699 1808; x_wconf 88' lang='lat' dir='ltr'><strong>autem</strong></span> <span class='ocrx_word' id='word_1_436' title='bbox 2754 1753 2867 1809; x_wconf 78' lang='lat' dir='ltr'><strong>nisi</strong></span> <span class='ocrx_word' id='word_1_437' title='bbox 2920 1755 3015 1826; x_wconf 88' lang='lat' dir='ltr'><strong>qui</strong></span> <span class='ocrx_word' id='word_1_438' title='bbox 3051 1755 3308 1828; x_wconf 87' lang='lat' dir='ltr'><strong>legitime</strong></span> <span class='ocrx_word' id='word_1_439' title='bbox 3355 1760 3663 1815; x_wconf 86' lang='lat' dir='ltr'><strong>certaverit</strong></span> 
     </span>
    </p>
   </div>
   <div class='ocr_carea' id='block_1_64' title="bbox 2009 1843 2951 1899">
    <p class='ocr_par' dir='ltr' id='par_1_64' title="bbox 2009 1843 2951 1899">
     <span class='ocr_line' id='line_1_64' title="bbox 2009 1843 2951 1899; baseline 0.006 -3"><span class='ocrx_word' id='word_1_440' title='bbox 2009 1845 2349 1899; x_wconf 57' lang='lat' dir='ltr'><strong>eorum</strong></span> <span class='ocrx_word' id='word_1_441' title='bbox 2941 1843 2951 1848; x_wconf 82' lang='grc'><em>’</em></span> 
     </span>
    </p>
   </div>
   <div class='ocr_carea' id='block_1_65' title="bbox 2077 1930 3664 1993">
    <p class='ocr_par' dir='ltr' id='par_1_65' title="bbox 2077 1930 3664 1993">
     <span class='ocr_line' id='line_1_65' title="bbox 2077 1930 3664 1993; baseline 0.003 -7"><span class='ocrx_word' id='word_1_442' title='bbox 2077 1934 2130 1986; x_wconf 92' lang='grc'><strong>8.</strong></span> <span class='ocrx_word' id='word_1_443' title='bbox 2191 1930 2521 1986; x_wconf 87' lang='lat' dir='ltr'><strong>Debebatur</strong></span> <span class='ocrx_word' id='word_1_444' title='bbox 2583 1930 2997 1987; x_wconf 65' lang='lat' dir='ltr'><strong>illium-lumen</strong></span> <span class='ocrx_word' id='word_1_445' title='bbox 3044 1934 3281 1989; x_wconf 85' lang='lat' dir='ltr'><strong>tertium</strong></span> <span class='ocrx_word' id='word_1_446' title='bbox 3319 1950 3335 1988; x_wconf 89' lang='lat'><strong>:</strong></span> <span class='ocrx_word' id='word_1_447' title='bbox 3383 1934 3664 1993; x_wconf 88' lang='lat' dir='ltr'><strong>amiserat</strong></span> 
     </span>
    </p>
   </div>
   <div class='ocr_carea' id='block_1_66' title="bbox 2009 2019 3664 2096">
    <p class='ocr_par' dir='ltr' id='par_1_66' title="bbox 2009 2019 3664 2096">
     <span class='ocr_line' id='line_1_66' title="bbox 2009 2019 3664 2096; baseline 0.004 -21"><span class='ocrx_word' id='word_1_448' title='bbox 2009 2019 2206 2075; x_wconf 89' lang='lat' dir='ltr'><strong>omnia</strong></span> <span class='ocrx_word' id='word_1_449' title='bbox 2234 2035 2361 2085; x_wconf 90' lang='lat' dir='ltr'><strong>sua,</strong></span> <span class='ocrx_word' id='word_1_450' title='bbox 2404 2019 2463 2074; x_wconf 94' lang='lat' dir='ltr'><strong>id</strong></span> <span class='ocrx_word' id='word_1_451' title='bbox 2495 2024 2602 2086; x_wconf 90' lang='lat' dir='ltr'><strong>est,</strong></span> <span class='ocrx_word' id='word_1_452' title='bbox 2635 2020 3053 2091; x_wconf 86' lang='lat' dir='ltr'><strong>patrimonium</strong></span> <span class='ocrx_word' id='word_1_453' title='bbox 3105 2038 3237 2077; x_wconf 90' lang='lat' dir='ltr'><strong>cum</strong></span> <span class='ocrx_word' id='word_1_454' title='bbox 3270 2021 3409 2079; x_wconf 84' lang='lat' dir='ltr'><strong>ﬁliis</strong></span> <span class='ocrx_word' id='word_1_455' title='bbox 3437 2041 3450 2079; x_wconf 94' lang='lat'><strong>:</strong></span> <span class='ocrx_word' id='word_1_456' title='bbox 3483 2025 3664 2096; x_wconf 89' lang='lat' dir='ltr'><strong>patie-</strong></span> 
     </span>
    </p>
   </div>
   <div class='ocr_carea' id='block_1_67' title="bbox 2008 2108 3661 2180">
    <p class='ocr_par' dir='ltr' id='par_1_67' title="bbox 2008 2108 3661 2180">
     <span class='ocr_line' id='line_1_67' title="bbox 2008 2108 3661 2180; baseline 0.005 -18"><span class='ocrx_word' id='word_1_457' title='bbox 2008 2109 2182 2163; x_wconf 80' lang='lat' dir='ltr'><strong>batur</strong></span> <span class='ocrx_word' id='word_1_458' title='bbox 2209 2108 2450 2164; x_wconf 88' lang='lat' dir='ltr'><strong>vulnera</strong></span> <span class='ocrx_word' id='word_1_459' title='bbox 2477 2124 2612 2163; x_wconf 89' lang='lat' dir='ltr'><strong>caro</strong></span> <span class='ocrx_word' id='word_1_460' title='bbox 2643 2110 2811 2180; x_wconf 83' lang='lat' dir='ltr'><strong>ejus:</strong></span> <span class='ocrx_word' id='word_1_461' title='bbox 2864 2112 3139 2166; x_wconf 89' lang='lat' dir='ltr'><strong>manebat</strong></span> <span class='ocrx_word' id='word_1_462' title='bbox 3186 2115 3253 2167; x_wconf 87' lang='lat' dir='ltr'><strong>ut</strong></span> <span class='ocrx_word' id='word_1_463' title='bbox 3309 2112 3661 2170; x_wconf 89' lang='lat' dir='ltr'><strong>tentationes</strong></span> 
     </span>
    </p>
   </div>
   <div class='ocr_carea' id='block_1_68' title="bbox 2007 2198 3657 2258">
    <p class='ocr_par' dir='ltr' id='par_1_68' title="bbox 2007 2198 3657 2258">
     <span class='ocr_line' id='line_1_68' title="bbox 2007 2198 3657 2258; baseline 0.005 -8"><span class='ocrx_word' id='word_1_464' title='bbox 2007 2198 2314 2253; x_wconf 87' lang='lat' dir='ltr'><strong>verborum</strong></span> <span class='ocrx_word' id='word_1_465' title='bbox 2406 2198 2679 2253; x_wconf 80' lang='lat' dir='ltr'><strong>vinceret.</strong></span> <span class='ocrx_word' id='word_1_466' title='bbox 2762 2198 2887 2253; x_wconf 88' lang='lat' dir='ltr'><strong>Non</strong></span> <span class='ocrx_word' id='word_1_467' title='bbox 2974 2200 3263 2255; x_wconf 88' lang='lat' dir='ltr'><strong>mediocre</strong></span> <span class='ocrx_word' id='word_1_468' title='bbox 3342 2205 3657 2258; x_wconf 87' lang='lat' dir='ltr'><strong>certamen.</strong></span> 
     </span>
    </p>
   </div>
   <div class='ocr_carea' id='block_1_69' title="bbox 2009 2287 3662 2360">
    <p class='ocr_par' dir='ltr' id='par_1_69' title="bbox 2009 2287 3662 2360">
     <span class='ocr_line' id='line_1_69' title="bbox 2009 2287 3662 2360; baseline 0.004 -19"><span class='ocrx_word' id='word_1_469' title='bbox 2009 2287 2163 2343; x_wconf 73' lang='lat'><strong>650</strong></span> <span class='ocrx_word' id='word_1_470' title='bbox 2193 2287 2471 2342; x_wconf 89' lang='lat' dir='ltr'><strong>Sermone</strong></span> <span class='ocrx_word' id='word_1_471' title='bbox 2501 2287 2779 2360; x_wconf 86' lang='lat' dir='ltr'><strong>deceptus</strong></span> <span class='ocrx_word' id='word_1_472' title='bbox 2827 2292 2917 2344; x_wconf 90' lang='lat' dir='ltr'><strong>est</strong></span> <span class='ocrx_word' id='word_1_473' title='bbox 2962 2290 3171 2359; x_wconf 83' lang='lat' dir='ltr'><strong>Adam,</strong></span> <span class='ocrx_word' id='word_1_474' title='bbox 3228 2290 3403 2347; x_wconf 89' lang='lat' dir='ltr'><strong>verbo</strong></span> <span class='ocrx_word' id='word_1_475' title='bbox 3471 2290 3662 2349; x_wconf 87' lang='lat' dir='ltr'><strong>victus</strong></span> 
     </span>
    </p>
   </div>
   <div class='ocr_carea' id='block_1_70' title="bbox 2008 2374 3662 2449">
    <p class='ocr_par' dir='ltr' id='par_1_70' title="bbox 2008 2374 3662 2449">
     <span class='ocr_line' id='line_1_70' title="bbox 2008 2374 3662 2449; baseline 0.005 -20"><span class='ocrx_word' id='word_1_476' title='bbox 2008 2375 2276 2430; x_wconf 86' lang='lat' dir='ltr'><strong>Samson.</strong></span> <span class='ocrx_word' id='word_1_477' title='bbox 2337 2374 2489 2429; x_wconf 89' lang='lat' dir='ltr'><strong>Nihil</strong></span> <span class='ocrx_word' id='word_1_478' title='bbox 2522 2376 2676 2431; x_wconf 90' lang='lat' dir='ltr'><strong>enim</strong></span> <span class='ocrx_word' id='word_1_479' title='bbox 2736 2377 2820 2432; x_wconf 90' lang='lat' dir='ltr'><strong>sic</strong></span> <span class='ocrx_word' id='word_1_480' title='bbox 2877 2381 3142 2449; x_wconf 85' lang='lat' dir='ltr'><strong>penetrat</strong></span> <span class='ocrx_word' id='word_1_481' title='bbox 3191 2378 3449 2435; x_wconf 84' lang='lat' dir='ltr'><strong>animam</strong></span> <span class='ocrx_word' id='word_1_482' title='bbox 3505 2380 3662 2438; x_wconf 86' lang='lat' dir='ltr'><strong>sicut</strong></span> 
     </span>
    </p>
   </div>
   <div class='ocr_carea' id='block_1_71' title="bbox 2009 2462 3663 2537">
    <p class='ocr_par' dir='ltr' id='par_1_71' title="bbox 2009 2462 3663 2537">
     <span class='ocr_line' id='line_1_71' title="bbox 2009 2462 3663 2537; baseline 0.004 -18"><span class='ocrx_word' id='word_1_483' title='bbox 2009 2480 2203 2519; x_wconf 89' lang='lat' dir='ltr'><strong>sermo</strong></span> <span class='ocrx_word' id='word_1_484' title='bbox 2225 2464 2495 2519; x_wconf 85' lang='lat' dir='ltr'><strong>fucatus:</strong></span> <span class='ocrx_word' id='word_1_485' title='bbox 2547 2462 2695 2519; x_wconf 87' lang='lat' dir='ltr'><strong>nihil</strong></span> <span class='ocrx_word' id='word_1_486' title='bbox 2728 2465 2941 2521; x_wconf 90' lang='lat' dir='ltr'><strong>iterum</strong></span> <span class='ocrx_word' id='word_1_487' title='bbox 2975 2467 3060 2522; x_wconf 90' lang='lat' dir='ltr'><strong>sic</strong></span> <span class='ocrx_word' id='word_1_488' title='bbox 3091 2468 3339 2537; x_wconf 86' lang='lat' dir='ltr'><strong>mordet,</strong></span> <span class='ocrx_word' id='word_1_489' title='bbox 3374 2473 3440 2524; x_wconf 93' lang='lat' dir='ltr'><strong>ut</strong></span> <span class='ocrx_word' id='word_1_490' title='bbox 3461 2470 3663 2526; x_wconf 90' lang='lat' dir='ltr'><strong>durior</strong></span> 
     </span>
    </p>
   </div>
   <div class='ocr_carea' id='block_1_72' title="bbox 2009 2550 3657 2628">
    <p class='ocr_par' dir='ltr' id='par_1_72' title="bbox 2009 2550 3657 2628">
     <span class='ocr_line' id='line_1_72' title="bbox 2009 2550 3657 2628; baseline 0.005 -21"><span class='ocrx_word' id='word_1_491' title='bbox 2009 2569 2223 2608; x_wconf 87' lang='lat' dir='ltr'><strong>sermo.</strong></span> <span class='ocrx_word' id='word_1_492' title='bbox 2258 2550 2419 2607; x_wconf 88' lang='lat' dir='ltr'><strong>Multi</strong></span> <span class='ocrx_word' id='word_1_493' title='bbox 2453 2568 2587 2607; x_wconf 89' lang='lat' dir='ltr'><strong>cum</strong></span> <span class='ocrx_word' id='word_1_494' title='bbox 2627 2552 2870 2608; x_wconf 89' lang='lat' dir='ltr'><strong>vicerint</strong></span> <span class='ocrx_word' id='word_1_495' title='bbox 2898 2554 3166 2611; x_wconf 88' lang='lat' dir='ltr'><strong>adhibita</strong></span> <span class='ocrx_word' id='word_1_496' title='bbox 3192 2561 3503 2628; x_wconf 88' lang='lat' dir='ltr'><strong>tormenta,</strong></span> <span class='ocrx_word' id='word_1_497' title='bbox 3537 2574 3657 2615; x_wconf 84' lang='lat' dir='ltr'><strong>ser-</strong></span> 
     </span>
    </p>
   </div>
   <div class='ocr_carea' id='block_1_73' title="bbox 2010 2640 3653 2711">
    <p class='ocr_par' dir='ltr' id='par_1_73' title="bbox 2010 2640 3653 2711">
     <span class='ocr_line' id='line_1_73' title="bbox 2010 2640 3653 2711; baseline 0.005 -17"><span class='ocrx_word' id='word_1_498' title='bbox 2010 2656 2250 2695; x_wconf 90' lang='lat' dir='ltr'><strong>monum</strong></span> <span class='ocrx_word' id='word_1_499' title='bbox 2284 2640 2565 2695; x_wconf 88' lang='lat' dir='ltr'><strong>duritiam</strong></span> <span class='ocrx_word' id='word_1_500' title='bbox 2588 2657 2703 2695; x_wconf 93' lang='lat' dir='ltr'><strong>non</strong></span> <span class='ocrx_word' id='word_1_501' title='bbox 2737 2642 3164 2699; x_wconf 90' lang='lat' dir='ltr'><strong>sustinuerunt.</strong></span> <span class='ocrx_word' id='word_1_502' title='bbox 3213 2644 3463 2701; x_wconf 89' lang='lat' dir='ltr'><strong>Laborat</strong></span> <span class='ocrx_word' id='word_1_503' title='bbox 3517 2646 3653 2711; x_wconf 87' lang='lat' dir='ltr'><strong>Job,</strong></span> 
     </span>
    </p>
   </div>
   <div class='ocr_carea' id='block_1_74' title="bbox 2010 2730 3661 2802">
    <p class='ocr_par' dir='ltr' id='par_1_74' title="bbox 2010 2730 3661 2802">
     <span class='ocr_line' id='line_1_74' title="bbox 2010 2730 3661 2802; baseline 0.003 -17"><span class='ocrx_word' id='word_1_504' title='bbox 2010 2730 2111 2785; x_wconf 84' lang='lat' dir='ltr'><strong>sed</strong></span> <span class='ocrx_word' id='word_1_505' title='bbox 2144 2730 2489 2793; x_wconf 78' lang='lat' dir='ltr'><strong>sustinebat,</strong></span> <span class='ocrx_word' id='word_1_506' title='bbox 2522 2735 2579 2785; x_wconf 90' lang='lat' dir='ltr'><strong>et</strong></span> <span class='ocrx_word' id='word_1_507' title='bbox 2605 2730 2915 2785; x_wconf 91' lang='lat' dir='ltr'><strong>verborum</strong></span> <span class='ocrx_word' id='word_1_508' title='bbox 2939 2732 3111 2802; x_wconf 82' lang='lat' dir='ltr'><strong>juxta</strong></span> <span class='ocrx_word' id='word_1_509' title='bbox 3136 2731 3445 2789; x_wconf 90' lang='lat' dir='ltr'><strong>vulnerum</strong></span> <span class='ocrx_word' id='word_1_510' title='bbox 3484 2750 3661 2790; x_wconf 90' lang='lat' dir='ltr'><strong>onera</strong></span> 
     </span>
    </p>
   </div>
   <div class='ocr_carea' id='block_1_75' title="bbox 2009 2818 3661 2892">
    <p class='ocr_par' dir='ltr' id='par_1_75' title="bbox 2009 2818 3661 2892">
     <span class='ocr_line' id='line_1_75' title="bbox 2009 2818 3661 2892; baseline 0.004 -19"><span class='ocrx_word' id='word_1_511' title='bbox 2009 2820 2296 2890; x_wconf 85' lang='lat' dir='ltr'><strong>portabat.</strong></span> <span class='ocrx_word' id='word_1_512' title='bbox 2329 2818 2490 2873; x_wconf 89' lang='lat' dir='ltr'><strong>Vidit</strong></span> <span class='ocrx_word' id='word_1_513' title='bbox 2521 2834 2652 2874; x_wconf 88' lang='lat' dir='ltr'><strong>eum</strong></span> <span class='ocrx_word' id='word_1_514' title='bbox 2688 2818 3037 2892; x_wconf 89' lang='lat' dir='ltr'><strong>agonotheta</strong></span> <span class='ocrx_word' id='word_1_515' title='bbox 3076 2837 3240 2890; x_wconf 85' lang='lat' dir='ltr'><strong>suus,</strong></span> <span class='ocrx_word' id='word_1_516' title='bbox 3275 2822 3346 2877; x_wconf 93' lang='lat' dir='ltr'><strong>de</strong></span> <span class='ocrx_word' id='word_1_517' title='bbox 3398 2824 3552 2879; x_wconf 92' lang='lat' dir='ltr'><strong>nube</strong></span> <span class='ocrx_word' id='word_1_518' title='bbox 3602 2831 3661 2879; x_wconf 89' lang='lat' dir='ltr'><strong>et</strong></span> 
     </span>
    </p>
   </div>
   <div class='ocr_carea' id='block_1_76' title="bbox 2007 2907 3659 2976">
    <p class='ocr_par' dir='ltr' id='par_1_76' title="bbox 2007 2907 3659 2976">
     <span class='ocr_line' id='line_1_76' title="bbox 2007 2907 3659 2976; baseline 0.004 -14"><span class='ocrx_word' id='word_1_519' title='bbox 2007 2909 2241 2964; x_wconf 88' lang='lat' dir='ltr'><strong>turbine</strong></span> <span class='ocrx_word' id='word_1_520' title='bbox 2301 2924 2541 2963; x_wconf 91' lang='lat' dir='ltr'><strong>manum</strong></span> <span class='ocrx_word' id='word_1_521' title='bbox 2603 2907 2893 2962; x_wconf 86' lang='lat' dir='ltr'><strong>laboranti</strong></span> <span class='ocrx_word' id='word_1_522' title='bbox 2951 2909 3130 2976; x_wconf 88' lang='lat' dir='ltr'><strong>dedit,</strong></span> <span class='ocrx_word' id='word_1_523' title='bbox 3180 2915 3238 2966; x_wconf 92' lang='lat' dir='ltr'><strong>et</strong></span> <span class='ocrx_word' id='word_1_524' title='bbox 3292 2910 3659 2968; x_wconf 87' lang='lat' dir='ltr'><strong>obluctantes</strong></span> 
     </span>
    </p>
   </div>
   <div class='ocr_carea' id='block_1_77' title="bbox 2008 2995 3658 3069">
    <p class='ocr_par' dir='ltr' id='par_1_77' title="bbox 2008 2995 3658 3069">
     <span class='ocr_line' id='line_1_77' title="bbox 2008 2995 3658 3069; baseline 0.003 -17"><span class='ocrx_word' id='word_1_525' title='bbox 2008 2996 2170 3068; x_wconf 84' lang='lat' dir='ltr'><strong>gravi</strong></span> <span class='ocrx_word' id='word_1_526' title='bbox 2198 2996 2365 3069; x_wconf 86' lang='lat' dir='ltr'><strong>lapsu</strong></span> <span class='ocrx_word' id='word_1_527' title='bbox 2393 2995 2673 3052; x_wconf 82' lang='lat' dir='ltr'><strong>cecidisse</strong></span> <span class='ocrx_word' id='word_1_528' title='bbox 2702 2997 3120 3068; x_wconf 88' lang='lat' dir='ltr'><strong>pronuntiavit,</strong></span> <span class='ocrx_word' id='word_1_529' title='bbox 3169 2999 3446 3055; x_wconf 89' lang='lat' dir='ltr'><strong>victorem</strong></span> <span class='ocrx_word' id='word_1_530' title='bbox 3497 3016 3658 3057; x_wconf 84' lang='lat' dir='ltr'><strong>asse-</strong></span> 
     </span>
    </p>
   </div>
   <div class='ocr_carea' id='block_1_78' title="bbox 2009 3084 2706 3153">
    <p class='ocr_par' dir='ltr' id='par_1_78' title="bbox 2009 3084 2706 3153">
     <span class='ocr_line' id='line_1_78' title="bbox 2009 3084 2706 3153; baseline -0.003 -11"><span class='ocrx_word' id='word_1_531' title='bbox 2009 3087 2145 3153; x_wconf 86' lang='lat' dir='ltr'><strong>ruit,</strong></span> <span class='ocrx_word' id='word_1_532' title='bbox 2178 3102 2448 3141; x_wconf 86' lang='lat' dir='ltr'><strong>coronam</strong></span> <span class='ocrx_word' id='word_1_533' title='bbox 2478 3084 2706 3141; x_wconf 87' lang='lat' dir='ltr'><strong>detulit.</strong></span> 
     </span>
    </p>
   </div>
   <div class='ocr_carea' id='block_1_79' title="bbox 2078 3174 3665 3248">
    <p class='ocr_par' dir='ltr' id='par_1_79' title="bbox 2078 3174 3665 3248">
     <span class='ocr_line' id='line_1_79' title="bbox 2078 3174 3665 3248; baseline 0.004 -17"><span class='ocrx_word' id='word_1_534' title='bbox 2078 3177 2132 3231; x_wconf 90' lang='lat'><strong>9.</strong></span> <span class='ocrx_word' id='word_1_535' title='bbox 2162 3175 2310 3242; x_wconf 89' lang='lat' dir='ltr'><strong>Quid</strong></span> <span class='ocrx_word' id='word_1_536' title='bbox 2342 3179 2537 3229; x_wconf 89' lang='lat' dir='ltr'><strong>autem</strong></span> <span class='ocrx_word' id='word_1_537' title='bbox 2587 3174 2913 3246; x_wconf 86' lang='lat' dir='ltr'><strong>pulchrius,</strong></span> <span class='ocrx_word' id='word_1_538' title='bbox 2938 3192 3114 3248; x_wconf 90' lang='lat' dir='ltr'><strong>quam</strong></span> <span class='ocrx_word' id='word_1_539' title='bbox 3145 3177 3335 3233; x_wconf 89' lang='lat' dir='ltr'><strong>ridere</strong></span> <span class='ocrx_word' id='word_1_540' title='bbox 3364 3195 3501 3234; x_wconf 90' lang='lat' dir='ltr'><strong>cum</strong></span> <span class='ocrx_word' id='word_1_541' title='bbox 3532 3182 3665 3237; x_wconf 57' lang='lat' dir='ltr'><strong>mai</strong></span> 
     </span>
    </p>
   </div>
   <div class='ocr_carea' id='block_1_80' title="bbox 2067 3262 3661 3331">
    <p class='ocr_par' dir='ltr' id='par_1_80' title="bbox 2067 3262 3661 3331">
     <span class='ocr_line' id='line_1_80' title="bbox 2067 3262 3661 3331; baseline 0.004 -12"><span class='ocrx_word' id='word_1_542' title='bbox 2067 3264 2284 3320; x_wconf 91' lang='lat' dir='ltr'><strong>dicitur</strong></span> <span class='ocrx_word' id='word_1_543' title='bbox 2322 3262 2522 3319; x_wconf 89' lang='lat' dir='ltr'><strong>nobis?</strong></span> <span class='ocrx_word' id='word_1_544' title='bbox 2544 3262 2809 3319; x_wconf 89' lang='lat' dir='ltr'><strong>Gaudere</strong></span> <span class='ocrx_word' id='word_1_545' title='bbox 2837 3264 2995 3320; x_wconf 90' lang='lat' dir='ltr'><strong>enim</strong></span> <span class='ocrx_word' id='word_1_546' title='bbox 3025 3266 3308 3321; x_wconf 90' lang='lat' dir='ltr'><strong>debemus</strong></span> <span class='ocrx_word' id='word_1_547' title='bbox 3364 3268 3411 3322; x_wconf 84' lang='lat' dir='ltr'><strong>si</strong></span> <span class='ocrx_word' id='word_1_548' title='bbox 3470 3268 3661 3331; x_wconf 69' lang='lat' dir='ltr'><strong>aliena</strong></span> 
     </span>
    </p>
   </div>
   <div class='ocr_carea' id='block_1_81' title="bbox 2007 3351 3659 3430">
    <p class='ocr_par' dir='ltr' id='par_1_81' title="bbox 2007 3351 3659 3430">
     <span class='ocr_line' id='line_1_81' title="bbox 2007 3351 3659 3430; baseline 0.004 -22"><span class='ocrx_word' id='word_1_549' title='bbox 2007 3354 2299 3409; x_wconf 87' lang='lat' dir='ltr'><strong>dicantur.</strong></span> <span class='ocrx_word' id='word_1_550' title='bbox 2335 3351 2615 3416; x_wconf 87' lang='lat' dir='ltr'><strong>Primum,</strong></span> <span class='ocrx_word' id='word_1_551' title='bbox 2654 3352 2793 3424; x_wconf 88' lang='lat' dir='ltr'><strong>quia</strong></span> <span class='ocrx_word' id='word_1_552' title='bbox 2848 3352 3048 3409; x_wconf 89' lang='lat' dir='ltr'><strong>volens</strong></span> <span class='ocrx_word' id='word_1_553' title='bbox 3097 3353 3377 3411; x_wconf 91' lang='lat' dir='ltr'><strong>inimicus</strong></span> <span class='ocrx_word' id='word_1_554' title='bbox 3436 3358 3659 3430; x_wconf 87' lang='lat' dir='ltr'><strong>aliquid</strong></span> 
     </span>
    </p>
   </div>
   <div class='ocr_carea' id='block_1_82' title="bbox 2009 3441 3656 3515">
    <p class='ocr_par' dir='ltr' id='par_1_82' title="bbox 2009 3441 3656 3515">
     <span class='ocr_line' id='line_1_82' title="bbox 2009 3441 3656 3515; baseline 0.002 -18"><span class='ocrx_word' id='word_1_555' title='bbox 2009 3442 2315 3497; x_wconf 87' lang='lat' dir='ltr'><strong>adversum</strong></span> <span class='ocrx_word' id='word_1_556' title='bbox 2346 3457 2452 3495; x_wconf 91' lang='lat' dir='ltr'><strong>nos</strong></span> <span class='ocrx_word' id='word_1_557' title='bbox 2493 3441 2704 3509; x_wconf 88' lang='lat' dir='ltr'><strong>dicere,</strong></span> <span class='ocrx_word' id='word_1_558' title='bbox 2765 3458 2879 3513; x_wconf 92' lang='lat' dir='ltr'><strong>quo</strong></span> <span class='ocrx_word' id='word_1_559' title='bbox 2939 3442 3156 3497; x_wconf 90' lang='lat' dir='ltr'><strong>crimen</strong></span> <span class='ocrx_word' id='word_1_560' title='bbox 3209 3444 3488 3515; x_wconf 80' lang='lat' dir='ltr'><strong>afﬁgeret,</strong></span> <span class='ocrx_word' id='word_1_561' title='bbox 3541 3463 3656 3501; x_wconf 91' lang='lat' dir='ltr'><strong>non</strong></span> 
     </span>
    </p>
   </div>
   <div class='ocr_carea' id='block_1_83' title="bbox 2006 3529 3657 3604">
    <p class='ocr_par' dir='ltr' id='par_1_83' title="bbox 2006 3529 3657 3604">
     <span class='ocr_line' id='line_1_83' title="bbox 2006 3529 3657 3604; baseline 0.005 -20"><span class='ocrx_word' id='word_1_562' title='bbox 2006 3530 2228 3585; x_wconf 90' lang='lat' dir='ltr'><strong>invenit</strong></span> <span class='ocrx_word' id='word_1_563' title='bbox 2257 3529 2409 3600; x_wconf 90' lang='lat' dir='ltr'><strong>quod</strong></span> <span class='ocrx_word' id='word_1_564' title='bbox 2441 3546 2640 3584; x_wconf 91' lang='lat' dir='ltr'><strong>verum</strong></span> <span class='ocrx_word' id='word_1_565' title='bbox 2674 3535 2782 3596; x_wconf 85' lang='lat' dir='ltr'><strong>est,</strong></span> <span class='ocrx_word' id='word_1_566' title='bbox 2816 3531 2917 3586; x_wconf 91' lang='lat' dir='ltr'><strong>sed</strong></span> <span class='ocrx_word' id='word_1_567' title='bbox 2951 3531 3095 3586; x_wconf 84' lang='lat' dir='ltr'><strong>falsa</strong></span> <span class='ocrx_word' id='word_1_568' title='bbox 3146 3549 3248 3604; x_wconf 90' lang='lat' dir='ltr'><strong>pro</strong></span> <span class='ocrx_word' id='word_1_569' title='bbox 3287 3535 3460 3602; x_wconf 90' lang='lat' dir='ltr'><strong>veris,</strong></span> <span class='ocrx_word' id='word_1_570' title='bbox 3500 3552 3657 3591; x_wconf 87' lang='lat' dir='ltr'><strong>com-</strong></span> 
     </span>
    </p>
   </div>
   <div class='ocr_carea' id='block_1_84' title="bbox 2007 3616 3658 3690">
    <p class='ocr_par' dir='ltr' id='par_1_84' title="bbox 2007 3616 3658 3690">
     <span class='ocr_line' id='line_1_84' title="bbox 2007 3616 3658 3690; baseline 0.004 -17"><span class='ocrx_word' id='word_1_571' title='bbox 2007 3619 2222 3690; x_wconf 87' lang='lat' dir='ltr'><strong>posuit.</strong></span> <span class='ocrx_word' id='word_1_572' title='bbox 2273 3616 2513 3682; x_wconf 89' lang='lat' dir='ltr'><strong>Deinde,</strong></span> <span class='ocrx_word' id='word_1_573' title='bbox 2546 3617 2686 3689; x_wconf 88' lang='lat' dir='ltr'><strong>quia</strong></span> <span class='ocrx_word' id='word_1_574' title='bbox 2739 3617 2882 3673; x_wconf 83' lang='lat' dir='ltr'><strong>dixit</strong></span> <span class='ocrx_word' id='word_1_575' title='bbox 2911 3619 3034 3690; x_wconf 87' lang='lat' dir='ltr'><strong>ipse</strong></span> <span class='ocrx_word' id='word_1_576' title='bbox 3073 3620 3357 3677; x_wconf 87' lang='lat' dir='ltr'><strong>Dominus</strong></span> <span class='ocrx_word' id='word_1_577' title='bbox 3387 3622 3443 3677; x_wconf 88' lang='lat' dir='ltr'><strong>in</strong></span> <span class='ocrx_word' id='word_1_578' title='bbox 3475 3625 3658 3679; x_wconf 81' lang='lat' dir='ltr'><strong>Evan-</strong></span> 
     </span>
    </p>
   </div>
   <div class='ocr_carea' id='block_1_85' title="bbox 2006 3705 3658 3780">
    <p class='ocr_par' dir='ltr' id='par_1_85' title="bbox 2006 3705 3658 3780">
     <span class='ocr_line' id='line_1_85' title="bbox 2006 3705 3658 3780; baseline 0.004 -19"><span class='ocrx_word' id='word_1_579' title='bbox 2006 3707 2154 3780; x_wconf 90' lang='lat' dir='ltr'><strong>gelio</strong></span> <span class='ocrx_word' id='word_1_580' title='bbox 2186 3707 2255 3762; x_wconf 92' lang='lat' dir='ltr'><strong>de</strong></span> <span class='ocrx_word' id='word_1_581' title='bbox 2287 3705 2627 3777; x_wconf 88' lang='lat' dir='ltr'><strong>hujusmodi</strong></span> <span class='ocrx_word' id='word_1_582' title='bbox 2657 3706 3060 3762; x_wconf 89' lang='lat' dir='ltr'><strong>criminatione</strong></span> <span class='ocrx_word' id='word_1_583' title='bbox 3090 3726 3216 3780; x_wconf 63' lang='lat' dir='ltr'><strong>quae</strong></span> <span class='ocrx_word' id='word_1_584' title='bbox 3248 3711 3658 3768; x_wconf 89' lang='lat' dir='ltr'><strong>innocentibus</strong></span> 
     </span>
    </p>
   </div>
   <div class='ocr_carea' id='block_1_86' title="bbox 2008 3796 3658 3867">
    <p class='ocr_par' dir='ltr' id='par_1_86' title="bbox 2008 3796 3658 3867">
     <span class='ocr_line' id='line_1_86' title="bbox 2008 3796 3658 3867; baseline 0.004 -16"><span class='ocrx_word' id='word_1_585' title='bbox 2008 3796 2153 3851; x_wconf 84' lang='lat' dir='ltr'><strong>falso</strong></span> <span class='ocrx_word' id='word_1_586' title='bbox 2183 3796 2539 3867; x_wconf 84' lang='lat' dir='ltr'><strong>irrogaretur</strong></span> <span class='ocrx_word' id='word_1_587' title='bbox 2567 3800 2805 3867; x_wconf 89' lang='lat' dir='ltr'><strong>propter</strong></span> <span class='ocrx_word' id='word_1_588' title='bbox 2826 3796 3117 3864; x_wconf 85' lang='lat' dir='ltr'><strong>justitiam</strong></span> <span class='ocrx_word' id='word_1_589' title='bbox 3152 3814 3166 3851; x_wconf 95' lang='lat'><strong>:</strong></span> <span class='ocrx_word' id='word_1_590' title='bbox 3203 3820 3231 3847; x_wconf 87' lang='grc'><strong>‹‹</strong></span> <span class='ocrx_word' id='word_1_591' title='bbox 3286 3799 3545 3856; x_wconf 90' lang='lat' dir='ltr'><strong>Gaudete</strong></span> <span class='ocrx_word' id='word_1_592' title='bbox 3600 3806 3658 3856; x_wconf 92' lang='lat' dir='ltr'><strong>et</strong></span> 
     </span>
    </p>
   </div>
   <div class='ocr_carea' id='block_1_87' title="bbox 2006 3884 3655 3955">
    <p class='ocr_par' dir='ltr' id='par_1_87' title="bbox 2006 3884 3655 3955">
     <span class='ocr_line' id='line_1_87' title="bbox 2006 3884 3655 3955; baseline 0.002 -15"><span class='ocrx_word' id='word_1_593' title='bbox 2006 3884 2563 3955; x_wconf 83' lang='lat' dir='ltr'><strong>exultate,quoniam</strong></span> <span class='ocrx_word' id='word_1_594' title='bbox 2600 3900 2820 3939; x_wconf 90' lang='lat' dir='ltr'><strong>merces</strong></span> <span class='ocrx_word' id='word_1_595' title='bbox 2849 3889 3040 3939; x_wconf 89' lang='lat' dir='ltr'><strong>vestra</strong></span> <span class='ocrx_word' id='word_1_596' title='bbox 3073 3885 3256 3940; x_wconf 90' lang='lat' dir='ltr'><strong>multa</strong></span> <span class='ocrx_word' id='word_1_597' title='bbox 3284 3888 3451 3941; x_wconf 77' lang='lat' dir='ltr'><strong>estin</strong></span> <span class='ocrx_word' id='word_1_598' title='bbox 3513 3888 3655 3944; x_wconf 74' lang='lat' dir='ltr'><strong>coelo</strong></span> 
     </span>
    </p>
   </div>
   <div class='ocr_carea' id='block_1_88' title="bbox 2006 3972 3656 4047">
    <p class='ocr_par' dir='ltr' id='par_1_88' title="bbox 2006 3972 3656 4047">
     <span class='ocr_line' id='line_1_88' title="bbox 2006 3972 3656 4047; baseline -0.001 -16"><span class='ocrx_word' id='word_1_599' title='bbox 2006 3976 2213 4047; x_wconf 80' lang='lat' dir='ltr'><strong>(Matth.</strong></span> <span class='ocrx_word' id='word_1_600' title='bbox 2247 3992 2300 4042; x_wconf 94' lang='lat' dir='ltr'><strong>v,</strong></span> <span class='ocrx_word' id='word_1_601' title='bbox 2337 3974 2443 4045; x_wconf 90' lang='lat'><strong>12).</strong></span> <span class='ocrx_word' id='word_1_602' title='bbox 2480 3995 2509 4022; x_wconf 83' lang='lat'>»</span> <span class='ocrx_word' id='word_1_603' title='bbox 2542 3974 2754 4029; x_wconf 89' lang='lat' dir='ltr'><strong>Tacere</strong></span> <span class='ocrx_word' id='word_1_604' title='bbox 2779 3988 2913 4044; x_wconf 89' lang='lat' dir='ltr'><strong>ergo</strong></span> <span class='ocrx_word' id='word_1_605' title='bbox 2945 3972 3115 4027; x_wconf 90' lang='lat' dir='ltr'><strong>debet</strong></span> <span class='ocrx_word' id='word_1_606' title='bbox 3139 3976 3236 4045; x_wconf 86' lang='lat' dir='ltr'><strong>qui</strong></span> <span class='ocrx_word' id='word_1_607' title='bbox 3297 3978 3656 4044; x_wconf 72' lang='lat' dir='ltr'><strong>rcmgnoscit</strong></span> 
     </span>
    </p>
   </div>
   <div class='ocr_carea' id='block_1_89' title="bbox 2005 4062 3651 4135">
    <p class='ocr_par' dir='ltr' id='par_1_89' title="bbox 2005 4062 3651 4135">
     <span class='ocr_line' id='line_1_89' title="bbox 2005 4062 3651 4135; baseline -0.001 -15"><span class='ocrx_word' id='word_1_608' title='bbox 2005 4065 2297 4135; x_wconf 89' lang='lat' dir='ltr'><strong>objectum</strong></span> <span class='ocrx_word' id='word_1_609' title='bbox 2328 4081 2342 4131; x_wconf 91' lang='lat'><strong>;</strong></span> <span class='ocrx_word' id='word_1_610' title='bbox 2375 4079 2447 4119; x_wconf 93' lang='lat' dir='ltr'><strong>ne</strong></span> <span class='ocrx_word' id='word_1_611' title='bbox 2474 4062 2690 4118; x_wconf 87' lang='lat' dir='ltr'><strong>vulnus</strong></span> <span class='ocrx_word' id='word_1_612' title='bbox 2719 4066 3038 4133; x_wconf 88' lang='lat' dir='ltr'><strong>exasperet,</strong></span> <span class='ocrx_word' id='word_1_613' title='bbox 3070 4066 3128 4117; x_wconf 89' lang='lat' dir='ltr'><strong>et</strong></span> <span class='ocrx_word' id='word_1_614' title='bbox 3158 4063 3459 4119; x_wconf 85' lang='lat' dir='ltr'><strong>scindatur</strong></span> <span class='ocrx_word' id='word_1_615' title='bbox 3503 4064 3651 4119; x_wconf 88' lang='lat' dir='ltr'><strong>cica-</strong></span> 
     </span>
    </p>
   </div>
   <div class='ocr_carea' id='block_1_90' title="bbox 2006 4152 3651 4224">
    <p class='ocr_par' dir='ltr' id='par_1_90' title="bbox 2006 4152 3651 4224">
     <span class='ocr_line' id='line_1_90' title="bbox 2006 4152 3651 4224; baseline 0 -15"><span class='ocrx_word' id='word_1_616' title='bbox 2006 4154 2369 4221; x_wconf 82' lang='lat' dir='ltr'><strong>trix;tacere</strong></span> <span class='ocrx_word' id='word_1_617' title='bbox 2398 4156 2455 4208; x_wconf 91' lang='lat' dir='ltr'><strong>et</strong></span> <span class='ocrx_word' id='word_1_618' title='bbox 2508 4152 2605 4224; x_wconf 93' lang='lat' dir='ltr'><strong>qui</strong></span> <span class='ocrx_word' id='word_1_619' title='bbox 2667 4169 2781 4206; x_wconf 93' lang='lat' dir='ltr'><strong>non</strong></span> <span class='ocrx_word' id='word_1_620' title='bbox 2831 4152 3226 4223; x_wconf 87' lang='lat' dir='ltr'><strong>recognoscit:</strong></span> <span class='ocrx_word' id='word_1_621' title='bbox 3275 4152 3442 4208; x_wconf 87' lang='lat' dir='ltr'><strong>audit</strong></span> <span class='ocrx_word' id='word_1_622' title='bbox 3493 4154 3651 4210; x_wconf 87' lang='lat' dir='ltr'><strong>enim</strong></span> 
     </span>
    </p>
   </div>
   <div class='ocr_carea' id='block_1_91' title="bbox 2006 4241 3651 4312">
    <p class='ocr_par' dir='ltr' id='par_1_91' title="bbox 2006 4241 3651 4312">
     <span class='ocr_line' id='line_1_91' title="bbox 2006 4241 3651 4312; baseline 0 -13"><span class='ocrx_word' id='word_1_623' title='bbox 2006 4243 2267 4307; x_wconf 89' lang='lat' dir='ltr'><strong>alterius,</strong></span> <span class='ocrx_word' id='word_1_624' title='bbox 2308 4259 2424 4297; x_wconf 86' lang='lat' dir='ltr'><strong>non</strong></span> <span class='ocrx_word' id='word_1_625' title='bbox 2456 4258 2631 4297; x_wconf 90' lang='lat' dir='ltr'><strong>suum</strong></span> <span class='ocrx_word' id='word_1_626' title='bbox 2664 4241 2882 4296; x_wconf 89' lang='lat' dir='ltr'><strong>crimen</strong></span> <span class='ocrx_word' id='word_1_627' title='bbox 2910 4259 2922 4307; x_wconf 90' lang='lat'><strong>;</strong></span> <span class='ocrx_word' id='word_1_628' title='bbox 2957 4241 3109 4312; x_wconf 85' lang='lat' dir='ltr'><strong>quod</strong></span> <span class='ocrx_word' id='word_1_629' title='bbox 3144 4241 3192 4296; x_wconf 88' lang='lat' dir='ltr'><strong>si</strong></span> <span class='ocrx_word' id='word_1_630' title='bbox 3225 4242 3454 4306; x_wconf 82' lang='lat' dir='ltr'><strong>referat,</strong></span> <span class='ocrx_word' id='word_1_631' title='bbox 3476 4260 3651 4300; x_wconf 90' lang='lat' dir='ltr'><strong>suum</strong></span> 
     </span>
    </p>
   </div>
   <div class='ocr_carea' id='block_1_92' title="bbox 2004 4330 3650 4401">
    <p class='ocr_par' dir='ltr' id='par_1_92' title="bbox 2004 4330 3650 4401">
     <span class='ocr_line' id='line_1_92' title="bbox 2004 4330 3650 4401; baseline 0.001 -13"><span class='ocrx_word' id='word_1_632' title='bbox 2004 4334 2174 4389; x_wconf 84' lang='lat' dir='ltr'><strong>facit:</strong></span> <span class='ocrx_word' id='word_1_633' title='bbox 2209 4332 2257 4387; x_wconf 89' lang='lat' dir='ltr'><strong>si</strong></span> <span class='ocrx_word' id='word_1_634' title='bbox 2281 4335 2487 4395; x_wconf 87' lang='lat' dir='ltr'><strong>taceat,</strong></span> <span class='ocrx_word' id='word_1_635' title='bbox 2521 4334 2834 4401; x_wconf 89' lang='lat' dir='ltr'><strong>retorquet,</strong></span> <span class='ocrx_word' id='word_1_636' title='bbox 2867 4335 2926 4384; x_wconf 89' lang='lat' dir='ltr'><strong>et</strong></span> <span class='ocrx_word' id='word_1_637' title='bbox 2983 4330 3405 4387; x_wconf 86' lang='lat' dir='ltr'><strong>conviciantem</strong></span> <span class='ocrx_word' id='word_1_638' title='bbox 3450 4331 3650 4389; x_wconf 90' lang='lat' dir='ltr'><strong>vulne-</strong></span> 
     </span>
    </p>
   </div>
   <div class='ocr_carea' id='block_1_93' title="bbox 2003 4418 3650 4491">
    <p class='ocr_par' dir='ltr' id='par_1_93' title="bbox 2003 4418 3650 4491">
     <span class='ocr_line' id='line_1_93' title="bbox 2003 4418 3650 4491; baseline -0.001 -13"><span class='ocrx_word' id='word_1_639' title='bbox 2003 4429 2110 4478; x_wconf 90' lang='lat' dir='ltr'><strong>rat.</strong></span> <span class='ocrx_word' id='word_1_640' title='bbox 2139 4423 2356 4478; x_wconf 88' lang='lat' dir='ltr'><strong>Tacere</strong></span> <span class='ocrx_word' id='word_1_641' title='bbox 2386 4420 2556 4475; x_wconf 89' lang='lat' dir='ltr'><strong>debet</strong></span> <span class='ocrx_word' id='word_1_642' title='bbox 2582 4418 2757 4473; x_wconf 89' lang='lat' dir='ltr'><strong>etiam</strong></span> <span class='ocrx_word' id='word_1_643' title='bbox 2790 4418 2886 4474; x_wconf 90' lang='lat' dir='ltr'><strong>ille</strong></span> <span class='ocrx_word' id='word_1_644' title='bbox 2916 4418 3016 4491; x_wconf 89' lang='lat' dir='ltr'><strong>qui</strong></span> <span class='ocrx_word' id='word_1_645' title='bbox 3047 4419 3116 4473; x_wconf 92' lang='lat' dir='ltr'><strong>de</strong></span> <span class='ocrx_word' id='word_1_646' title='bbox 3143 4430 3468 4477; x_wconf 87' lang='lat' dir='ltr'><strong>memorata</strong></span> <span class='ocrx_word' id='word_1_647' title='bbox 3498 4439 3650 4478; x_wconf 88' lang='lat' dir='ltr'><strong>mer-</strong></span> 
     </span>
    </p>
   </div>
   <div class='ocr_carea' id='block_1_94' title="bbox 2002 4507 3685 4593">
    <p class='ocr_par' dir='ltr' id='par_1_94' title="bbox 2002 4507 3685 4593">
     <span class='ocr_line' id='line_1_94' title="bbox 2002 4507 3685 4593; baseline -0.001 -25"><span class='ocrx_word' id='word_1_648' title='bbox 2002 4513 2141 4568; x_wconf 89' lang='lat' dir='ltr'><strong>cede</strong></span> <span class='ocrx_word' id='word_1_649' title='bbox 2173 4509 2493 4584; x_wconf 69' lang='lat' dir='ltr'><strong>prtesumit.</strong></span> <span class='ocrx_word' id='word_1_650' title='bbox 2557 4508 2682 4563; x_wconf 89' lang='lat' dir='ltr'><strong>Non</strong></span> <span class='ocrx_word' id='word_1_651' title='bbox 2740 4507 2894 4562; x_wconf 91' lang='lat' dir='ltr'><strong>enim</strong></span> <span class='ocrx_word' id='word_1_652' title='bbox 2953 4508 3176 4579; x_wconf 89' lang='lat' dir='ltr'><strong>patitur</strong></span> <span class='ocrx_word' id='word_1_653' title='bbox 3223 4510 3685 4593; x_wconf 33' lang='lat' dir='ltr'><strong>prmjudiciumu</strong></span> 
     </span>
    </p>
   </div>
   <div class='ocr_carea' id='block_1_95' title="bbox 236 4596 3651 4681">
    <p class='ocr_par' dir='ltr' id='par_1_95' title="bbox 236 4596 3651 4681">
     <span class='ocr_line' id='line_1_95' title="bbox 236 4596 3651 4681; baseline 0.002 -31"><span class='ocrx_word' id='word_1_654' title='bbox 236 4596 460 4668; x_wconf 89' lang='lat' dir='ltr'><strong>quibus</strong></span> <span class='ocrx_word' id='word_1_655' title='bbox 490 4600 715 4668; x_wconf 89' lang='lat' dir='ltr'><strong>poterat</strong></span> <span class='ocrx_word' id='word_1_656' title='bbox 771 4598 896 4670; x_wconf 91' lang='lat' dir='ltr'><strong>ipse</strong></span> <span class='ocrx_word' id='word_1_657' title='bbox 927 4598 1241 4654; x_wconf 90' lang='lat' dir='ltr'><strong>dimittere.</strong></span> <span class='ocrx_word' id='word_1_658' title='bbox 1298 4599 1411 4655; x_wconf 87' lang='lat' dir='ltr'><strong>Job</strong></span> <span class='ocrx_word' id='word_1_659' title='bbox 1472 4616 1608 4674; x_wconf 89' lang='lat' dir='ltr'><strong>ergo</strong></span> <span class='ocrx_word' id='word_1_660' title='bbox 1641 4602 1889 4673; x_wconf 87' lang='lat' dir='ltr'><strong>ridebat,</strong></span> <span class='ocrx_word' id='word_1_661' title='bbox 1921 4615 1968 4681; x_wconf 78' lang='grc' dir='ltr'><strong>Ι)</strong></span> <span class='ocrx_word' id='word_1_662' title='bbox 2000 4603 2091 4659; x_wconf 93' lang='lat' dir='ltr'><strong>cui</strong></span> <span class='ocrx_word' id='word_1_663' title='bbox 2124 4617 2241 4656; x_wconf 93' lang='lat' dir='ltr'><strong>non</strong></span> <span class='ocrx_word' id='word_1_664' title='bbox 2270 4597 2695 4669; x_wconf 89' lang='lat' dir='ltr'><strong>estjudicium.</strong></span> <span class='ocrx_word' id='word_1_665' title='bbox 2730 4596 2796 4651; x_wconf 87' lang='lat' dir='ltr'><strong>Et</strong></span> <span class='ocrx_word' id='word_1_666' title='bbox 2842 4597 2890 4652; x_wconf 92' lang='lat' dir='ltr'><strong>si</strong></span> <span class='ocrx_word' id='word_1_667' title='bbox 2934 4598 3109 4652; x_wconf 81' lang='lat' dir='ltr'><strong>fuerit</strong></span> <span class='ocrx_word' id='word_1_668' title='bbox 3146 4600 3551 4670; x_wconf 69' lang='lat' dir='ltr'><strong>praajudicium</strong></span> <span class='ocrx_word' id='word_1_669' title='bbox 3591 4602 3651 4657; x_wconf 92' lang='lat' dir='ltr'><strong>in</strong></span> 
     </span>
    </p>
   </div>
   <div class='ocr_carea' id='block_1_96' title="bbox 234 4686 1896 4757">
    <p class='ocr_par' dir='ltr' id='par_1_96' title="bbox 234 4686 1896 4757">
     <span class='ocr_line' id='line_1_96' title="bbox 234 4686 1896 4757; baseline 0.007 -18"><span class='ocrx_word' id='word_1_670' title='bbox 234 4686 384 4757; x_wconf 91' lang='lat' dir='ltr'><strong>quia</strong></span> <span class='ocrx_word' id='word_1_671' title='bbox 407 4686 677 4742; x_wconf 92' lang='lat' dir='ltr'><strong>nundum</strong></span> <span class='ocrx_word' id='word_1_672' title='bbox 708 4691 945 4742; x_wconf 91' lang='lat' dir='ltr'><strong>venerat</strong></span> <span class='ocrx_word' id='word_1_673' title='bbox 973 4686 1264 4754; x_wconf 88' lang='lat' dir='ltr'><strong>Christus,</strong></span> <span class='ocrx_word' id='word_1_674' title='bbox 1298 4688 1391 4745; x_wconf 89' lang='lat' dir='ltr'><strong>cui</strong></span> <span class='ocrx_word' id='word_1_675' title='bbox 1410 4688 1521 4745; x_wconf 87' lang='lat' dir='ltr'><strong>soli</strong></span> <span class='ocrx_word' id='word_1_676' title='bbox 1554 4693 1896 4751; x_wconf 89' lang='lat' dir='ltr'><strong>servabatur</strong></span> 
     </span>
    </p>
   </div>
   <div class='ocr_carea' id='block_1_97' title="bbox 235 4775 1895 4853">
    <p class='ocr_par' dir='ltr' id='par_1_97' title="bbox 235 4775 1895 4853">
     <span class='ocr_line' id='line_1_97' title="bbox 235 4775 1895 4853; baseline 0.007 -25"><span class='ocrx_word' id='word_1_677' title='bbox 235 4788 592 4846; x_wconf 88' lang='lat' dir='ltr'><strong>magnarum</strong></span> <span class='ocrx_word' id='word_1_678' title='bbox 624 4775 1007 4847; x_wconf 62' lang='lat' dir='ltr'><strong>praerogativa</strong></span> <span class='ocrx_word' id='word_1_679' title='bbox 1058 4776 1343 4833; x_wconf 89' lang='lat' dir='ltr'><strong>virtutum</strong></span> <span class='ocrx_word' id='word_1_680' title='bbox 1379 4794 1391 4833; x_wconf 94' lang='lat'><strong>:</strong></span> <span class='ocrx_word' id='word_1_681' title='bbox 1428 4778 1569 4851; x_wconf 92' lang='lat' dir='ltr'><strong>quia</strong></span> <span class='ocrx_word' id='word_1_682' title='bbox 1622 4779 1748 4853; x_wconf 90' lang='lat' dir='ltr'><strong>ipse</strong></span> <span class='ocrx_word' id='word_1_683' title='bbox 1804 4788 1895 4841; x_wconf 90' lang='lat' dir='ltr'><strong>est</strong></span> 
     </span>
    </p>
   </div>
   <div class='ocr_carea' id='block_1_98' title="bbox 231 4862 1893 4936">
    <p class='ocr_par' dir='ltr' id='par_1_98' title="bbox 231 4862 1893 4936">
     <span class='ocr_line' id='line_1_98' title="bbox 231 4862 1893 4936; baseline 0.007 -19"><span class='ocrx_word' id='word_1_684' title='bbox 231 4862 522 4917; x_wconf 87' lang='lat' dir='ltr'><strong>virtutum</strong></span> <span class='ocrx_word' id='word_1_685' title='bbox 575 4862 953 4936; x_wconf 89' lang='lat' dir='ltr'><strong>principium,</strong></span> <span class='ocrx_word' id='word_1_686' title='bbox 1015 4864 1168 4921; x_wconf 90' lang='lat' dir='ltr'><strong>sicut</strong></span> <span class='ocrx_word' id='word_1_687' title='bbox 1251 4866 1433 4923; x_wconf 84' lang='lat' dir='ltr'><strong>dixit:</strong></span> <span class='ocrx_word' id='word_1_688' title='bbox 1504 4890 1532 4919; x_wconf 83' lang='lat'><strong><em>«</em></strong></span> <span class='ocrx_word' id='word_1_689' title='bbox 1609 4869 1893 4929; x_wconf 90' lang='lat' dir='ltr'><strong>Dominus</strong></span> 
     </span>
    </p>
   </div>
   <div class='ocr_carea' id='block_1_99' title="bbox 234 4951 1888 5030">
    <p class='ocr_par' dir='ltr' id='par_1_99' title="bbox 234 4951 1888 5030">
     <span class='ocr_line' id='line_1_99' title="bbox 234 4951 1888 5030; baseline 0.006 -23"><span class='ocrx_word' id='word_1_690' title='bbox 234 4951 455 5007; x_wconf 89' lang='lat' dir='ltr'><strong>creavit</strong></span> <span class='ocrx_word' id='word_1_691' title='bbox 484 4967 577 5008; x_wconf 89' lang='lat' dir='ltr'><strong>me</strong></span> <span class='ocrx_word' id='word_1_692' title='bbox 610 4951 965 5025; x_wconf 89' lang='lat' dir='ltr'><strong>principium</strong></span> <span class='ocrx_word' id='word_1_693' title='bbox 998 4953 1227 5011; x_wconf 88' lang='lat' dir='ltr'><strong>viarum</strong></span> <span class='ocrx_word' id='word_1_694' title='bbox 1258 4971 1501 5011; x_wconf 89' lang='lat' dir='ltr'><strong>suarum</strong></span> <span class='ocrx_word' id='word_1_695' title='bbox 1532 4956 1717 5029; x_wconf 82' lang='lat' dir='ltr'><strong>(Prov.</strong></span> <span class='ocrx_word' id='word_1_696' title='bbox 1764 4978 1888 5030; x_wconf 84' lang='lat' dir='ltr'><strong>vm,</strong></span> 
     </span>
    </p>
   </div>
   <div class='ocr_carea' id='block_1_100' title="bbox 232 5042 411 5107">
    <p class='ocr_par' dir='ltr' id='par_1_100' title="bbox 232 5042 411 5107">
     <span class='ocr_line' id='line_1_100' title="bbox 232 5042 411 5107; baseline -0.045 -11"><span class='ocrx_word' id='word_1_697' title='bbox 232 5042 354 5107; x_wconf 80' lang='lat'><strong>22).</strong></span> <span class='ocrx_word' id='word_1_698' title='bbox 383 5061 411 5088; x_wconf 82' lang='grc'>»</span> 
     </span>
    </p>
   </div>
   <div class='ocr_carea' id='block_1_101' title="bbox 235 5188 1888 5269">
    <p class='ocr_par' dir='ltr' id='par_1_101' title="bbox 235 5188 1888 5269">
     <span class='ocr_line' id='line_1_101' title="bbox 235 5188 1888 5269; baseline 0.008 -26"><span class='ocrx_word' id='word_1_699' title='bbox 235 5189 398 5243; x_wconf 89' lang='lat' dir='ltr'><strong>idem</strong></span> <span class='ocrx_word' id='word_1_700' title='bbox 427 5188 723 5269; x_wconf 79' lang='lat' dir='ltr'><strong>signiﬁcat</strong></span> <span class='ocrx_word' id='word_1_701' title='bbox 742 5208 818 5269; x_wconf 82' lang='lat' dir='ltr'><strong>ac</strong></span> <span class='ocrx_word' id='word_1_702' title='bbox 842 5200 1052 5269; x_wconf 72' lang='grc' dir='ltr'><strong>πλάνης,</strong></span> <span class='ocrx_word' id='word_1_703' title='bbox 1080 5194 1153 5269; x_wconf 48' lang='lat' dir='ltr'><strong>ab</strong></span> <span class='ocrx_word' id='word_1_704' title='bbox 1182 5194 1315 5250; x_wconf 88' lang='lat' dir='ltr'><strong>aliis</strong></span> <span class='ocrx_word' id='word_1_705' title='bbox 1347 5195 1627 5269; x_wconf 81' lang='lat' dir='ltr'><strong>redditur</strong></span> <span class='ocrx_word' id='word_1_706' title='bbox 1637 5214 1740 5269; x_wconf 88' lang='lat' dir='ltr'><strong>per</strong></span> <span class='ocrx_word' id='word_1_707' title='bbox 1790 5217 1888 5256; x_wconf 88' lang='lat' dir='ltr'><strong>vo-</strong></span> 
     </span>
    </p>
   </div>
   <div class='ocr_carea' id='block_1_102' title="bbox 235 5266 1888 5335">
    <p class='ocr_par' dir='ltr' id='par_1_102' title="bbox 235 5266 1888 5335">
     <span class='ocr_line' id='line_1_102' title="bbox 235 5266 1888 5335; baseline 0.008 -20"><span class='ocrx_word' id='word_1_708' title='bbox 235 5275 577 5335; x_wconf 76' lang='lat' dir='ltr'><strong>cem,_error</strong></span> <span class='ocrx_word' id='word_1_709' title='bbox 598 5267 701 5319; x_wconf 86' lang='lat' dir='ltr'><strong>aut</strong></span> <span class='ocrx_word' id='word_1_710' title='bbox 729 5266 1061 5335; x_wconf 78' lang='lat' dir='ltr'><strong>ignorantia.</strong></span> <span class='ocrx_word' id='word_1_711' title='bbox 1094 5267 1165 5322; x_wconf 85' lang='lat' dir='ltr'><strong>Et</strong></span> <span class='ocrx_word' id='word_1_712' title='bbox 1192 5271 1345 5323; x_wconf 92' lang='lat' dir='ltr'><strong>certe</strong></span> <span class='ocrx_word' id='word_1_713' title='bbox 1366 5267 1425 5322; x_wconf 91' lang='lat' dir='ltr'><strong>in</strong></span> <span class='ocrx_word' id='word_1_714' title='bbox 1465 5266 1667 5325; x_wconf 77' lang='lat' dir='ltr'><strong>multis</strong></span> <span class='ocrx_word' id='word_1_715' title='bbox 1696 5287 1888 5328; x_wconf 84' lang='lat' dir='ltr'><strong>exem-</strong></span> 
     </span>
    </p>
   </div>
   <div class='ocr_carea' id='block_1_103' title="bbox 235 5330 1886 5457">
    <p class='ocr_par' dir='ltr' id='par_1_103' title="bbox 235 5330 1886 5457">
     <span class='ocr_line' id='line_1_103' title="bbox 235 5330 1886 5457; baseline 0.008 -72"><span class='ocrx_word' id='word_1_716' title='bbox 235 5330 502 5457; x_wconf 57' lang='lat' dir='ltr'><strong>plaribus</strong></span> <span class='ocrx_word' id='word_1_717' title='bbox 522 5332 647 5389; x_wconf 90' lang='lat' dir='ltr'><strong>loco</strong></span> <span class='ocrx_word' id='word_1_718' title='bbox 676 5330 1102 5421; x_wconf 31' lang='lat' dir='ltr'><strong>ejusOhabetur,</strong></span> <span class='ocrx_word' id='word_1_719' title='bbox 1133 5343 1360 5408; x_wconf 76' lang='grc' dir='ltr'>ἀγνόημα</span> <span class='ocrx_word' id='word_1_720' title='bbox 1393 5355 1406 5394; x_wconf 94' lang='lat'><strong>:</strong></span> <span class='ocrx_word' id='word_1_721' title='bbox 1438 5344 1495 5423; x_wconf 79' lang='lat' dir='ltr'><strong>et</strong></span> <span class='ocrx_word' id='word_1_722' title='bbox 1530 5339 1688 5423; x_wconf 81' lang='lat' dir='ltr'><strong>vulg.</strong></span> <span class='ocrx_word' id='word_1_723' title='bbox 1747 5343 1886 5427; x_wconf 78' lang='lat' dir='ltr'><strong>edit.</strong></span> 
     </span>
     <span class='ocr_line' id='line_1_104' title="bbox 259 5406 1886 5457; baseline 0 0"><span class='ocrx_word' id='word_1_724' title='bbox 259 5408 399 5457; x_wconf 75' lang='lat' dir='ltr'><strong>emt.</strong></span> <span class='ocrx_word' id='word_1_725' title='bbox 455 5420 468 5457; x_wconf 91' lang='lat'>:</span> <span class='ocrx_word' id='word_1_726' title='bbox 499 5406 696 5457; x_wconf 67' lang='lat' dir='ltr'><strong>Nemus</strong></span> <span class='ocrx_word' id='word_1_727' title='bbox 723 5410 824 5457; x_wconf 69' lang='lat' dir='ltr'><strong>ets:</strong></span> <span class='ocrx_word' id='word_1_728' title='bbox 844 5423 1114 5457; x_wconf 77' lang='lat' dir='ltr'><strong>moram-</strong></span> <span class='ocrx_word' id='word_1_729' title='bbox 1143 5425 1353 5457; x_wconf 77' lang='lat' dir='ltr'><strong>mecum</strong></span> <span class='ocrx_word' id='word_1_730' title='bbox 1411 5418 1517 5457; x_wconf 71' lang='lat' dir='ltr'><strong>ent</strong></span> <span class='ocrx_word' id='word_1_731' title='bbox 1568 5422 1886 5457; x_wconf 70' lang='lat' dir='ltr'><strong>mum-mum</strong></span> 
     </span>
    </p>
   </div>
   <div class='ocr_carea' id='block_1_104' title="bbox 259 5402 1889 5482">
    <p class='ocr_par' dir='ltr' id='par_1_104' title="bbox 259 5402 1889 5482">
     <span class='ocr_line' id='line_1_105' title="bbox 259 5402 1889 5482; baseline 0.008 -24"><span class='ocrx_word' id='word_1_732' title='bbox 259 5402 399 5475; x_wconf 82' lang='lat' dir='ltr'><strong>egit.</strong></span> <span class='ocrx_word' id='word_1_733' title='bbox 455 5402 827 5478; x_wconf 59' lang='lat' dir='ltr'><strong>:Nempe&#39;etsi</strong></span> <span class='ocrx_word' id='word_1_734' title='bbox 844 5402 1114 5479; x_wconf 73' lang='lat' dir='ltr'><strong>ignoravi,</strong></span> <span class='ocrx_word' id='word_1_735' title='bbox 1143 5402 1353 5465; x_wconf 56' lang='lat' dir='ltr'><strong>mecum</strong></span> <span class='ocrx_word' id='word_1_736' title='bbox 1411 5412 1517 5468; x_wconf 78' lang='lat' dir='ltr'><strong>erit</strong></span> <span class='ocrx_word' id='word_1_737' title='bbox 1568 5402 1889 5482; x_wconf 57' lang='lat' dir='ltr'><strong>igﬁ&#39;orantia</strong></span> 
     </span>
    </p>
   </div>
   <div class='ocr_carea' id='block_1_105' title="bbox 232 5491 385 5530">
    <p class='ocr_par' dir='ltr' id='par_1_105' title="bbox 232 5491 385 5530">
     <span class='ocr_line' id='line_1_106' title="bbox 232 5491 385 5530; baseline 0 0"><span class='ocrx_word' id='word_1_738' title='bbox 232 5491 385 5530; x_wconf 76' lang='lat' dir='ltr'><strong>mea.</strong></span> 
     </span>
    </p>
   </div>
   <div class='ocr_carea' id='block_1_106' title="bbox 310 5544 1886 5619">
    <p class='ocr_par' dir='ltr' id='par_1_106' title="bbox 310 5544 1886 5619">
     <span class='ocr_line' id='line_1_107' title="bbox 310 5544 1886 5619; baseline 0.009 -20"><span class='ocrx_word' id='word_1_739' title='bbox 310 5544 608 5619; x_wconf 15' lang='lat' dir='ltr'><strong>(12)7Edit.</strong></span> <span class='ocrx_word' id='word_1_740' title='bbox 640 5548 796 5615; x_wconf 89' lang='lat' dir='ltr'><strong>Era.,</strong></span> <span class='ocrx_word' id='word_1_741' title='bbox 828 5548 964 5617; x_wconf 88' lang='lat' dir='ltr'><strong>Gil.,</strong></span> <span class='ocrx_word' id='word_1_742' title='bbox 998 5549 1187 5619; x_wconf 80' lang='lat' dir='ltr'><strong>Rom.,</strong></span> <span class='ocrx_word' id='word_1_743' title='bbox 1218 5552 1286 5608; x_wconf 74' lang='lat' dir='ltr'><strong>At</strong></span> <span class='ocrx_word' id='word_1_744' title='bbox 1314 5568 1440 5609; x_wconf 84' lang='lat' dir='ltr'><strong>vero</strong></span> <span class='ocrx_word' id='word_1_745' title='bbox 1467 5555 1518 5609; x_wconf 72' lang='grc' dir='ltr'><strong>εἰ</strong></span> <span class='ocrx_word' id='word_1_746' title='bbox 1570 5554 1726 5610; x_wconf 74' lang='lat' dir='ltr'><strong>nobis</strong></span> <span class='ocrx_word' id='word_1_747' title='bbox 1778 5558 1886 5613; x_wconf 78' lang='lat' dir='ltr'><strong>ali-</strong></span> 
     </span>
    </p>
   </div>
   <div class='ocr_carea' id='block_1_107' title="bbox 236 5617 1885 5695">
    <p class='ocr_par' dir='ltr' id='par_1_107' title="bbox 236 5617 1885 5695">
     <span class='ocr_line' id='line_1_108' title="bbox 236 5617 1885 5695; baseline 0.007 -21"><span class='ocrx_word' id='word_1_748' title='bbox 236 5617 370 5690; x_wconf 83' lang='lat' dir='ltr'><strong>quid</strong></span> <span class='ocrx_word' id='word_1_749' title='bbox 398 5617 709 5695; x_wconf 60' lang='lat' dir='ltr'><strong>abjicialur,</strong></span> <span class='ocrx_word' id='word_1_750' title='bbox 748 5621 879 5695; x_wconf 68' lang='lat' dir='ltr'><strong>dum</strong></span> <span class='ocrx_word' id='word_1_751' title='bbox 906 5638 1003 5680; x_wconf 80' lang='lat' dir='ltr'><strong>nos</strong></span> <span class='ocrx_word' id='word_1_752' title='bbox 1017 5617 1270 5695; x_wconf 79' lang='lat' dir='ltr'><strong>purgare</strong></span> <span class='ocrx_word' id='word_1_753' title='bbox 1296 5625 1560 5682; x_wconf 70' lang='lat' dir='ltr'><strong>volumus.</strong></span> <span class='ocrx_word' id='word_1_754' title='bbox 1610 5631 1718 5684; x_wconf 87' lang='lat' dir='ltr'><strong>etc.</strong></span> <span class='ocrx_word' id='word_1_755' title='bbox 1779 5628 1885 5685; x_wconf 86' lang='lat' dir='ltr'><strong>Ve-</strong></span> 
     </span>
    </p>
   </div>
   <div class='ocr_carea' id='block_1_108' title="bbox 235 5689 1884 5761">
    <p class='ocr_par' dir='ltr' id='par_1_108' title="bbox 235 5689 1884 5761">
     <span class='ocr_line' id='line_1_109' title="bbox 235 5689 1884 5761; baseline 0.005 -9"><span class='ocrx_word' id='word_1_756' title='bbox 235 5689 372 5752; x_wconf 71' lang='lat' dir='ltr'><strong>rum</strong></span> <span class='ocrx_word' id='word_1_757' title='bbox 402 5689 712 5750; x_wconf 85' lang='lat' dir='ltr'><strong>nobiscum</strong></span> <span class='ocrx_word' id='word_1_758' title='bbox 766 5692 986 5753; x_wconf 86' lang='lat' dir='ltr'><strong>faciunt</strong></span> <span class='ocrx_word' id='word_1_759' title='bbox 1015 5689 1151 5755; x_wconf 61' lang='lat' dir='ltr'><strong>&#39;edit&#39;.</strong></span> <span class='ocrx_word' id='word_1_760' title='bbox 1210 5700 1341 5759; x_wconf 80' lang='lat' dir='ltr'><strong>Am.</strong></span> <span class='ocrx_word' id='word_1_761' title='bbox 1374 5700 1431 5757; x_wconf 88' lang='lat' dir='ltr'><strong>et</strong></span> <span class='ocrx_word' id='word_1_762' title='bbox 1460 5711 1599 5757; x_wconf 83' lang='lat' dir='ltr'><strong>mss.</strong></span> <span class='ocrx_word' id='word_1_763' title='bbox 1659 5715 1884 5761; x_wconf 84' lang='lat' dir='ltr'><strong>omnes.</strong></span> 
     </span>
    </p>
   </div>
   <div class='ocr_carea' id='block_1_109' title="bbox 2005 4686 3651 4761">
    <p class='ocr_par' dir='ltr' id='par_1_109' title="bbox 2005 4686 3651 4761">
     <span class='ocr_line' id='line_1_110' title="bbox 2005 4686 3651 4761; baseline -0.002 -13"><span class='ocrx_word' id='word_1_764' title='bbox 2005 4690 2239 4755; x_wconf 64' lang='lat' dir='ltr'><strong>saeculo,</strong></span> <span class='ocrx_word' id='word_1_765' title='bbox 2272 4706 2384 4744; x_wconf 92' lang='lat' dir='ltr'><strong>non</strong></span> <span class='ocrx_word' id='word_1_766' title='bbox 2418 4686 2527 4742; x_wconf 90' lang='lat' dir='ltr'><strong>erit</strong></span> <span class='ocrx_word' id='word_1_767' title='bbox 2560 4686 2618 4740; x_wconf 94' lang='lat' dir='ltr'><strong>in</strong></span> <span class='ocrx_word' id='word_1_768' title='bbox 2644 4686 2865 4756; x_wconf 87' lang='lat' dir='ltr'><strong>judicio</strong></span> <span class='ocrx_word' id='word_1_769' title='bbox 2897 4686 3019 4741; x_wconf 92' lang='lat' dir='ltr'><strong>Dei.</strong></span> <span class='ocrx_word' id='word_1_770' title='bbox 3050 4687 3311 4759; x_wconf 90' lang='lat' dir='ltr'><strong>Denique</strong></span> <span class='ocrx_word' id='word_1_771' title='bbox 3346 4693 3411 4744; x_wconf 92' lang='lat' dir='ltr'><strong>ut</strong></span> <span class='ocrx_word' id='word_1_772' title='bbox 3437 4705 3651 4761; x_wconf 89' lang='lat' dir='ltr'><strong>cogno-</strong></span> 
     </span>
    </p>
   </div>
   <div class='ocr_carea' id='block_1_110' title="bbox 2001 4775 3646 4851">
    <p class='ocr_par' dir='ltr' id='par_1_110' title="bbox 2001 4775 3646 4851">
     <span class='ocr_line' id='line_1_111' title="bbox 2001 4775 3646 4851; baseline -0.004 -13"><span class='ocrx_word' id='word_1_773' title='bbox 2001 4798 2132 4839; x_wconf 87' lang='lat' dir='ltr'><strong>scas</strong></span> <span class='ocrx_word' id='word_1_774' title='bbox 2163 4780 2300 4851; x_wconf 90' lang='lat' dir='ltr'><strong>quia</strong></span> <span class='ocrx_word' id='word_1_775' title='bbox 2331 4794 2442 4833; x_wconf 92' lang='lat' dir='ltr'><strong>non</strong></span> <span class='ocrx_word' id='word_1_776' title='bbox 2496 4775 2839 4848; x_wconf 71' lang='lat' dir='ltr'><strong>przejudicat</strong></span> <span class='ocrx_word' id='word_1_777' title='bbox 2893 4776 3243 4831; x_wconf 88' lang='lat' dir='ltr'><strong>contumelia</strong></span> <span class='ocrx_word' id='word_1_778' title='bbox 3298 4777 3461 4831; x_wconf 75' lang='lat' dir='ltr'><strong>bonae</strong></span> <span class='ocrx_word' id='word_1_779' title='bbox 3510 4792 3646 4831; x_wconf 89' lang='lat' dir='ltr'><strong>con-</strong></span> 
     </span>
    </p>
   </div>
   <div class='ocr_carea' id='block_1_111' title="bbox 2001 4863 3644 4938">
    <p class='ocr_par' dir='ltr' id='par_1_111' title="bbox 2001 4863 3644 4938">
     <span class='ocr_line' id='line_1_112' title="bbox 2001 4863 3644 4938; baseline -0.004 -12"><span class='ocrx_word' id='word_1_780' title='bbox 2001 4869 2275 4938; x_wconf 67' lang='lat' dir='ltr'><strong>scientiae,</strong></span> <span class='ocrx_word' id='word_1_781' title='bbox 2300 4864 2434 4921; x_wconf 92' lang='lat' dir='ltr'><strong>audi</strong></span> <span class='ocrx_word' id='word_1_782' title='bbox 2456 4869 2726 4919; x_wconf 90' lang='lat' dir='ltr'><strong>sanctum</strong></span> <span class='ocrx_word' id='word_1_783' title='bbox 2747 4863 2856 4919; x_wconf 87' lang='lat' dir='ltr'><strong>Job</strong></span> <span class='ocrx_word' id='word_1_784' title='bbox 2873 4864 3183 4929; x_wconf 90' lang='lat' dir='ltr'><strong>dicentem,</strong></span> <span class='ocrx_word' id='word_1_785' title='bbox 3206 4863 3644 4935; x_wconf 88' lang='lat' dir='ltr'><strong>locupletiorem</strong></span> 
     </span>
    </p>
   </div>
   <div class='ocr_carea' id='block_1_112' title="bbox 1999 4952 3647 5031">
    <p class='ocr_par' dir='ltr' id='par_1_112' title="bbox 1999 4952 3647 5031">
     <span class='ocr_line' id='line_1_113' title="bbox 1999 4952 3647 5031; baseline -0.004 -18"><span class='ocrx_word' id='word_1_786' title='bbox 1999 4958 2201 5031; x_wconf 89' lang='lat' dir='ltr'><strong>utique</strong></span> <span class='ocrx_word' id='word_1_787' title='bbox 2230 4960 2436 5012; x_wconf 87' lang='lat' dir='ltr'><strong>testem</strong></span> <span class='ocrx_word' id='word_1_788' title='bbox 2478 4970 2654 5026; x_wconf 87' lang='lat' dir='ltr'><strong>quam</strong></span> <span class='ocrx_word' id='word_1_789' title='bbox 2689 4954 2738 5009; x_wconf 91' lang='lat' dir='ltr'><strong>si</strong></span> <span class='ocrx_word' id='word_1_790' title='bbox 2772 4953 3017 5026; x_wconf 90' lang='lat' dir='ltr'><strong>imperio</strong></span> <span class='ocrx_word' id='word_1_791' title='bbox 3047 4953 3204 5007; x_wconf 89' lang='lat' dir='ltr'><strong>orbis</strong></span> <span class='ocrx_word' id='word_1_792' title='bbox 3228 4952 3469 5006; x_wconf 85' lang='lat' dir='ltr'><strong>Romani</strong></span> <span class='ocrx_word' id='word_1_793' title='bbox 3503 4952 3647 5024; x_wconf 86' lang='lat' dir='ltr'><strong>poti-</strong></span> 
     </span>
    </p>
   </div>
   <div class='ocr_carea' id='block_1_113' title="bbox 1999 5033 3638 5111">
    <p class='ocr_par' dir='ltr' id='par_1_113' title="bbox 1999 5033 3638 5111">
     <span class='ocr_line' id='line_1_114' title="bbox 1999 5033 3638 5111; baseline -0.004 -7"><span class='ocrx_word' id='word_1_794' title='bbox 1999 5053 2095 5104; x_wconf 91' lang='lat' dir='ltr'><strong>tus</strong></span> <span class='ocrx_word' id='word_1_795' title='bbox 2124 5052 2314 5104; x_wconf 88' lang='lat' dir='ltr'><strong>esset:</strong></span> <span class='ocrx_word' id='word_1_796' title='bbox 2349 5068 2377 5097; x_wconf 86' lang='lat'><strong>«</strong></span> <span class='ocrx_word' id='word_1_797' title='bbox 2427 5033 2592 5100; x_wconf 81' lang='lat' dir='ltr'><strong>Nunc</strong></span> <span class='ocrx_word' id='word_1_798' title='bbox 2646 5044 3048 5099; x_wconf 89' lang='lat' dir='ltr'><strong>obmutescam</strong></span> <span class='ocrx_word' id='word_1_799' title='bbox 3102 5044 3159 5095; x_wconf 88' lang='lat' dir='ltr'><strong>et</strong></span> <span class='ocrx_word' id='word_1_800' title='bbox 3206 5039 3638 5111; x_wconf 90' lang='lat' dir='ltr'><strong>derelinquam:</strong></span> 
     </span>
    </p>
   </div>
   <div class='ocr_carea' id='block_1_114' title="bbox 1998 5191 3645 5269">
    <p class='ocr_par' dir='ltr' id='par_1_114' title="bbox 1998 5191 3645 5269">
     <span class='ocr_line' id='line_1_115' title="bbox 1998 5191 3645 5269; baseline -0.004 -14"><span class='ocrx_word' id='word_1_801' title='bbox 1998 5199 2066 5255; x_wconf 90' lang='lat' dir='ltr'><strong>Et</strong></span> <span class='ocrx_word' id='word_1_802' title='bbox 2088 5198 2212 5254; x_wconf 66' lang='lat' dir='ltr'><strong>haec</strong></span> <span class='ocrx_word' id='word_1_803' title='bbox 2240 5197 2780 5269; x_wconf 81' lang='lat' dir='ltr'><strong>quidemgermana</strong></span> <span class='ocrx_word' id='word_1_804' title='bbox 2809 5191 3116 5269; x_wconf 67' lang='lat' dir='ltr'><strong>lectioest,</strong></span> <span class='ocrx_word' id='word_1_805' title='bbox 3144 5207 3278 5269; x_wconf 83' lang='lat' dir='ltr'><strong>cum</strong></span> <span class='ocrx_word' id='word_1_806' title='bbox 3317 5197 3645 5269; x_wconf 78' lang='lat' dir='ltr'><strong>opponatur</strong></span> 
     </span>
    </p>
   </div>
   <div class='ocr_carea' id='block_1_115' title="bbox 1998 5262 3642 5336">
    <p class='ocr_par' dir='ltr' id='par_1_115' title="bbox 1998 5262 3642 5336">
     <span class='ocr_line' id='line_1_116' title="bbox 1998 5262 3642 5336; baseline -0.004 -10"><span class='ocrx_word' id='word_1_807' title='bbox 1998 5271 2157 5327; x_wconf 88' lang='lat' dir='ltr'><strong>hisce</strong></span> <span class='ocrx_word' id='word_1_808' title='bbox 2185 5262 2377 5325; x_wconf 70' lang='lat' dir='ltr'><strong>verbis</strong></span> <span class='ocrx_word' id='word_1_809' title='bbox 2418 5284 2432 5322; x_wconf 93' lang='lat'><strong>:</strong></span> <span class='ocrx_word' id='word_1_810' title='bbox 2464 5262 2568 5323; x_wconf 71' lang='lat' dir='ltr'><strong>SEd</strong></span> <span class='ocrx_word' id='word_1_811' title='bbox 2596 5267 2757 5336; x_wconf 74' lang='lat' dir='ltr'><strong>quasi</strong></span> <span class='ocrx_word' id='word_1_812' title='bbox 2797 5281 2832 5336; x_wconf 77' lang='grc' dir='ltr'><em>α</em></span> <span class='ocrx_word' id='word_1_813' title='bbox 2859 5280 2919 5319; x_wconf 82' lang='lat' dir='ltr'><strong>se</strong></span> <span class='ocrx_word' id='word_1_814' title='bbox 2946 5263 3134 5336; x_wconf 74' lang='lat' dir='ltr'><strong>aliena</strong></span> <span class='ocrx_word' id='word_1_815' title='bbox 3161 5262 3471 5336; x_wconf 57' lang='grc' dir='ltr'><strong>νιίἰειζεῐξῐε</strong></span> <span class='ocrx_word' id='word_1_816' title='bbox 3526 5264 3642 5320; x_wconf 87' lang='lat' dir='ltr'><strong>ita-</strong></span> 
     </span>
    </p>
   </div>
   <div class='ocr_carea' id='block_1_116' title="bbox 1998 5333 3639 5418">
    <p class='ocr_par' dir='ltr' id='par_1_116' title="bbox 1998 5333 3639 5418">
     <span class='ocr_line' id='line_1_117' title="bbox 1998 5333 3639 5418; baseline -0.004 -20"><span class='ocrx_word' id='word_1_817' title='bbox 1998 5359 2112 5414; x_wconf 90' lang='lat' dir='ltr'><strong>que</strong></span> <span class='ocrx_word' id='word_1_818' title='bbox 2144 5341 2251 5396; x_wconf 93' lang='lat' dir='ltr'><strong>loci</strong></span> <span class='ocrx_word' id='word_1_819' title='bbox 2284 5355 2493 5418; x_wconf 75' lang='lat' dir='ltr'><strong>sensus</strong></span> <span class='ocrx_word' id='word_1_820' title='bbox 2515 5333 2636 5393; x_wconf 75' lang='lat' dir='ltr'><strong>est:</strong></span> <span class='ocrx_word' id='word_1_821' title='bbox 2660 5336 2767 5391; x_wconf 89' lang='lat' dir='ltr'><strong>Job</strong></span> <span class='ocrx_word' id='word_1_822' title='bbox 2790 5335 2847 5388; x_wconf 90' lang='lat' dir='ltr'><strong>in</strong></span> <span class='ocrx_word' id='word_1_823' title='bbox 2870 5351 2931 5389; x_wconf 87' lang='lat' dir='ltr'><strong>se</strong></span> <span class='ocrx_word' id='word_1_824' title='bbox 2952 5334 3129 5418; x_wconf 64' lang='lat' dir='ltr'><strong>dicta,</strong></span> <span class='ocrx_word' id='word_1_825' title='bbox 3148 5334 3316 5418; x_wconf 85' lang='lat' dir='ltr'><strong>quasi</strong></span> <span class='ocrx_word' id='word_1_826' title='bbox 3342 5333 3471 5392; x_wconf 89' lang='lat' dir='ltr'><strong>aliis</strong></span> <span class='ocrx_word' id='word_1_827' title='bbox 3493 5336 3639 5418; x_wconf 53' lang='lat' dir='ltr'><strong>obji:</strong></span> 
     </span>
    </p>
   </div>
   <div class='ocr_carea' id='block_1_117' title="bbox 1998 5408 3641 5479">
    <p class='ocr_par' dir='ltr' id='par_1_117' title="bbox 1998 5408 3641 5479">
     <span class='ocr_line' id='line_1_118' title="bbox 1998 5408 3641 5479; baseline -0.003 -9"><span class='ocrx_word' id='word_1_828' title='bbox 1998 5408 2287 5475; x_wconf 55' lang='lat' dir='ltr'><strong>c&#39;erentur,</strong></span> <span class='ocrx_word' id='word_1_829' title='bbox 2339 5409 2563 5475; x_wconf 90' lang='lat' dir='ltr'><strong>ridere;</strong></span> <span class='ocrx_word' id='word_1_830' title='bbox 2621 5422 2910 5479; x_wconf 7' lang='lat' dir='ltr'><strong>nosgvero</strong></span> <span class='ocrx_word' id='word_1_831' title='bbox 2967 5408 3245 5471; x_wconf 87' lang='lat' dir='ltr'><strong>convicia,</strong></span> <span class='ocrx_word' id='word_1_832' title='bbox 3299 5424 3409 5462; x_wconf 89' lang='lat' dir='ltr'><strong>non</strong></span> <span class='ocrx_word' id='word_1_833' title='bbox 3473 5409 3641 5479; x_wconf 88' lang='lat' dir='ltr'><strong>quasi</strong></span> 
     </span>
    </p>
   </div>
   <div class='ocr_carea' id='block_1_118' title="bbox 1996 5477 3565 5553">
    <p class='ocr_par' dir='ltr' id='par_1_118' title="bbox 1996 5477 3565 5553">
     <span class='ocr_line' id='line_1_119' title="bbox 1996 5477 3565 5553; baseline -0.004 -11"><span class='ocrx_word' id='word_1_834' title='bbox 1996 5486 2148 5553; x_wconf 87' lang='lat' dir='ltr'><strong>aliis,</strong></span> <span class='ocrx_word' id='word_1_835' title='bbox 2181 5484 2283 5540; x_wconf 90' lang='lat' dir='ltr'><strong>sed</strong></span> <span class='ocrx_word' id='word_1_836' title='bbox 2312 5479 2677 5553; x_wconf 84' lang='lat' dir='ltr'><strong>quasi_nobi_s</strong></span> <span class='ocrx_word' id='word_1_837' title='bbox 2707 5477 3077 5553; x_wconf 78' lang='lat' dir='ltr'><strong>objicientur,</strong></span> <span class='ocrx_word' id='word_1_838' title='bbox 3102 5479 3370 5553; x_wconf 19' lang='lat' dir='ltr'><strong>imoleste</strong></span> <span class='ocrx_word' id='word_1_839' title='bbox 3399 5477 3565 5553; x_wconf 78' lang='lat' dir='ltr'><strong>ferre.</strong></span> 
     </span>
    </p>
   </div>
   <div class='ocr_carea' id='block_1_119' title="bbox 2068 5548 3641 5628">
    <p class='ocr_par' dir='ltr' id='par_1_119' title="bbox 2068 5548 3641 5628">
     <span class='ocr_line' id='line_1_120' title="bbox 2068 5548 3641 5628; baseline -0.012 -14"><span class='ocrx_word' id='word_1_840' title='bbox 2068 5548 2181 5628; x_wconf 77' lang='lat'><strong>(13)</strong></span> <span class='ocrx_word' id='word_1_841' title='bbox 2214 5548 2379 5628; x_wconf 76' lang='lat' dir='ltr'><strong>Rom.</strong></span> <span class='ocrx_word' id='word_1_842' title='bbox 2407 5549 2545 5628; x_wconf 80' lang='lat' dir='ltr'><strong>edit.</strong></span> <span class='ocrx_word' id='word_1_843' title='bbox 2578 5549 2725 5628; x_wconf 76' lang='lat' dir='ltr'><strong>sola,</strong></span> <span class='ocrx_word' id='word_1_844' title='bbox 2746 5548 3062 5628; x_wconf 43' lang='lat' dir='ltr'><strong>judicium;</strong></span> <span class='ocrx_word' id='word_1_845' title='bbox 3090 5552 3226 5628; x_wconf 70' lang='lat' dir='ltr'><strong>Ipse,</strong></span> <span class='ocrx_word' id='word_1_846' title='bbox 3288 5552 3484 5628; x_wconf 63' lang='lat' dir='ltr'><strong>inquit,</strong></span> <span class='ocrx_word' id='word_1_847' title='bbox 3543 5553 3641 5608; x_wconf 77' lang='grc' dir='ltr'><strong>ῃο.</strong></span> 
     </span>
    </p>
   </div>
   <div class='ocr_carea' id='block_1_120' title="bbox 1993 5622 3635 5694">
    <p class='ocr_par' dir='ltr' id='par_1_120' title="bbox 1993 5622 3635 5694">
     <span class='ocr_line' id='line_1_121' title="bbox 1993 5622 3635 5694; baseline -0.001 -8"><span class='ocrx_word' id='word_1_848' title='bbox 1993 5622 2179 5686; x_wconf 60' lang='lat' dir='ltr'><strong>minus</strong></span> <span class='ocrx_word' id='word_1_849' title='bbox 2208 5624 2447 5683; x_wconf 77' lang='lat' dir='ltr'><strong>turbavit</strong></span> <span class='ocrx_word' id='word_1_850' title='bbox 2473 5636 2594 5678; x_wconf 83' lang='lat' dir='ltr'><strong>me:</strong></span> <span class='ocrx_word' id='word_1_851' title='bbox 2628 5622 2726 5681; x_wconf 81' lang='lat' dir='ltr'><strong>hoc</strong></span> <span class='ocrx_word' id='word_1_852' title='bbox 2751 5628 2847 5689; x_wconf 75' lang='lat' dir='ltr'><strong>est,</strong></span> <span class='ocrx_word' id='word_1_853' title='bbox 2881 5622 2998 5693; x_wconf 84' lang='lat' dir='ltr'><strong>ipse</strong></span> <span class='ocrx_word' id='word_1_854' title='bbox 3026 5622 3286 5681; x_wconf 70' lang='lat' dir='ltr'><strong>Domi/tus</strong></span> <span class='ocrx_word' id='word_1_855' title='bbox 3318 5622 3503 5694; x_wconf 77' lang='lat' dir='ltr'><strong>voluit,</strong></span> <span class='ocrx_word' id='word_1_856' title='bbox 3527 5633 3635 5683; x_wconf 85' lang='lat' dir='ltr'><strong>etc.</strong></span> 
     </span>
    </p>
   </div>
  </div>
