4104 6156
500 298 615 365 871
630 320 633 325 ·

1960 301 2022 363 S.
2070 298 2446 367 AMBROSII

3723 310 3827 377 δίη

498 438 549 493 si
579 452 734 493 nunc
763 432 907 489 mibi
938 432 1344 505 prmjudicium
1375 435 1484 499 est,
1517 434 1658 489 tunc
1678 449 1712 488 a
1740 433 1884 489 facie
1904 438 2004 490 tua
2035 450 2148 490 non
2176 436 2234 502 Α
2264 435 2415 492 rium
2439 453 2615 492 suum
2646 452 2716 491 ex
2745 435 2859 503 bis,
2891 452 3008 492 non
3036 434 3425 495 confundetur
3606 439 3823 514 loquetur

497 524 825 583 abscondar
853 521 988 592 (Job.
1022 538 1149 589 xm,
1184 521 1268 590 19,
1303 522 1420 590 20).
1462 541 1490 571 ››
1964 563 1973 573 .

570 615 655 670 10.
709 613 836 671 Haec
875 626 1013 683 ergo
1048 608 1280 683 parcius
1327 610 1388 665 in
1438 609 1673 667 exordio
1703 611 2026 683 respondit,
2080 615 2147 667 ut

493 703 836 759 admoneret
863 700 998 756 illos
1044 699 1251 772 judicii
1284 699 1409 763 Dei,
1440 704 1616 771 atque
1645 700 1719 755 ab
1749 700 2063 757 insolentia
2090 703 2149 756 et

493 792 689 849 furore
758 793 1056 848 revocatos
1117 788 1283 861 quasi
1352 789 1544 844 bonus
1599 788 1859 844 medicus
1935 791 2147 845 faceret

493 881 858 954 resipiscere,
890 877 1003 934 Sed
1033 882 1413 950 posteaquam
1443 894 1542 934 eos
1598 878 1849 933 advertit
1879 894 2145 950 perseve—

493 986 621 1027 rare
668 970 727 1024 in
754 966 1152 1033 contumeliis,
1185 966 1359 1039 plura
1389 967 1591 1022 fortior
1620 967 1887 1040 repetivit
1934 970 1991 1022 et
2018 970 2144 1022 tan-

492 1074 669 1132 quam
701 1073 895 1130 pugno
927 1073 1026 1111 eos
1056 1055 1333 1111 validiore
1364 1056 1671 1127 percussit,
1710 1056 1812 1128 qui
1833 1056 2143 1111 verborum

490 1163 733 1207 suorum
791 1145 949 1201 saxis
1003 1144 1348 1217 lapidabant
1403 1144 1731 1200 innoxium.
1805 1166 1833 1193 «
1910 1144 2143 1211 Audite,

488 1235 700 1308 inquit,
733 1235 930 1291 audite
978 1234 1151 1290 verba
1198 1249 1348 1297 mea,
1408 1250 1526 1288 non
1560 1233 1638 1288 sit
1695 1233 1837 1289 mihi
1889 1251 1925 1287 a
1979 1232 2143 1289 vobis

488 1323 943 1382 consolationem
977 1323 1090 1394 (lli)
1121 1338 1412 1395 quaerere;
1455 1327 1678 1394 portate
1707 1339 1799 1378 me
1829 1322 1963 1392 (Job.
2021 1340 2140 1390 xxx,

484 1418 539 1481 2,
568 1415 670 1483 3,),
699 1434 726 1462 »
745 1411 886 1485 quia
912 1412 1153 1467 fortiora
1176 1411 1408 1483 loquar:
1434 1428 1606 1484 grave
1628 1410 1738 1466 erit
1763 1411 1991 1483 pondus
2017 1427 2141 1466 ver-

484 1504 695 1559 borum
728 1517 1013 1557 meorum.
1035 1500 1235 1555 Dicam
1257 1505 1310 1555 et
1333 1518 1436 1572 ego
1459 1501 1783 1556 secundum
1807 1499 2140 1572 Opinionem

481 1597 735 1649 vestram
763 1607 776 1659 ;
808 1606 874 1644 eo
906 1588 1063 1660 quod
1096 1587 1262 1644 multi
1291 1589 1595 1644 abundant
1646 1588 1706 1642 in
1763 1588 1875 1643 hoc
1929 1587 2142 1643 saeculo

484 1694 681 1737 rerum
714 1679 1105 1736 secundarum
1140 1677 1533 1745 successibus,
1566 1682 1623 1732 et
1652 1676 1754 1731 alii
1803 1681 2137 1749 gravantur.

2258 523 2514 584 inimicis
2543 524 2669 581 suis
2694 524 2756 580 in
2789 529 2958 597 porta
2980 524 3147 598 (θεαί.
3208 542 3390 593 cum,
3413 527 3489 595 5).
3522 549 3548 577 »
3573 527 3665 585 Cui
3685 529 3827 590 heret

2255 612 2409 671 ditas
2436 613 2723 673 Dominus
2759 618 2869 682 est,
2901 619 2959 670 et
3012 630 3236 673 merces
3291 631 3356 670 ex
3407 615 3586 673 Maria:
3624 617 3827 691 Virginis

2254 705 2425 773 partu
2453 719 2466 758 :
2487 702 2580 758 hic
2604 702 2681 761 in.
2704 704 2865 759 exitu
2882 702 3190 776 sapientiae
3238 703 3503 765 laudibus
3522 705 3825 777 praedicatur,

2254 790 2537 862 quoniam,
2564 808 2679 853 non
2711 790 2919 849 habuit
2960 791 3121 863 quod
3154 792 3526 861 erubesceret,
3577 795 3665 867 qui
3707 795 3823 853 nihil

2253 895 2457 939 eorum
2487 897 2616 951 qum
2662 884 2803 937 sunt
2835 879 3034 937 seaculi
3063 881 3430 953 concupivit:
3479 882 3573 941 sed
3611 882 3827 945 adversa-

2254 968 2429 1034 rium,
2458 969 2743 1041 depositis
2768 969 2979 1026 veteris
3008 969 3267 1026 hominis
3297 970 3531 1037 exuviis,
3582 970 3683 1027 telo
3722 988 3840 1029 eam

2252 1057 2510 1116 tiae/otia:
2534 1057 2819 1119 vulnerati
2850 1076 2863 1126 ;
2908 1062 2971 1113 ut
2997 1060 3330 1131 obstrepere
3357 1060 3405 1114 ei
3435 1058 3492 1115 in
3522 1058 3682 1131 huius
3728 1060 3829 1121 vita

2254 1147 2369 1203 ﬁne
2398 1164 2512 1204 non
2545 1152 2762 1218 posset,
2786 1146 3026 1204 vulnere
3046 1146 3309 1211 claudus,
3330 1152 3390 1203 et
3406 1147 3665 1211 virtutum
3686 1149 3831 1205 admi-

2253 1234 2477 1291 ratione
2503 1236 2807 1296 confusus.
2840 1236 3030 1294 Habes
3058 1252 3195 1312 ergo
3218 1253 3329 1292 non
3362 1252 3485 1295 esse
3513 1234 3826 1305 laudabilem,

2253 1324 2352 1396 qui
2387 1325 2744 1383 inveteratus
2777 1325 2834 1381 in
2867 1326 3122 1397 pecuniae
3155 1324 3468 1398 cupiditate
3497 1324 3587 1393 sit,
3622 1342 3721 1382 non
3761 1343 3829 1383 re-

2253 1418 2498 1471 novatus
2528 1412 2585 1469 in
2618 1414 2987 1486 perceptione
3007 1414 3224 1486 gratiae.

2327 1511 2410 1565 13.
2440 1510 2765 1566 Videamus
2808 1509 3005 1566 aliud:
3053 1533 3082 1559 ‹‹
3129 1511 3338 1567 Semen
3397 1526 3611 1571 eorum.
3663 1509 3831 1581 inquit.

2251 1601 2578 1656 secundum
2595 1601 2855 1656 animam
2887 1600 3025 1671 (Job.
3066 1617 3182 1665 xxx,
3212 1601 3287 1669 8).
3318 1621 3338 1649 ι
3375 1600 3434 1655 id
3464 1605 3568 1667 est,
3596 1615 3697 1656 non
3721 1599 3834 1657 inter

2241 1690 2439 1757 justos
2471 1689 2781 1769 habentur.
2814 1689 2972 1745 Justi
3001 1689 3157 1744 enim
3188 1688 3401 1761 spiritu
3418 1687 3839 1756 Maenade

484 1773 546 1825 Ῐῐι
576 1785 837 1825 mrum“
868 1767 1042 1865 Poen}
1076 1771 1233 1871 sui“:
1276 1771 1335 1866 ⁰¹ξ
1383 1766 1613 1871 νίάξδιυν
1654 1765 1760 1871 [1‘30
1809 1766 2135 1864 εθουιξάαω
2165 1805 2214 1871 Β
2247 1778 2461 1851 spiritu
2508 1765 2729 1833 metant
2763 1779 2939 1832 vitam
2964 1782 3273 1833 aeternam:
3300 1776 3385 1831 illi
3414 1794 3543 1833 vero
3563 1777 3653 1850 qui
3675 1792 3831 1833 secun-

482 1862 854 1932 pecoatorum
882 1856 1094 1910 merito
1126 1854 1337 1910 deferri
1389 1855 1522 1925 (15).
1557 1855 1718 1921 Quod
1750 1860 1808 1910 et
1837 1856 1887 1910 si
1917 1854 2131 1921 dicam,

481 1945 660 2003 nolite
691 1945 881 2000 ridere
909 1943 1078 2015 quasi
1112 1943 1276 1998 vobis
1307 1944 1651 2016 acquievero
1686 1947 1775 2009 ;et
1796 1942 1845 1998 si
1869 1947 2136 2014 peccator

481 2052 637 2103 sum,
674 2051 787 2090 non
818 2050 950 2089 sum
982 2033 1205 2088 homini
1237 2049 1395 2097 reus,
1426 2032 1567 2103 quia
1597 2033 1707 2087 sub
1749 2037 1985 2104 peccato
2042 2036 2134 2088 est

480 2130 537 2182 et
563 2125 690 2198 ipse
718 2122 818 2195 qui
841 2121 1090 2194 judicat,
1123 2125 1179 2176 et
1208 2121 1319 2177 sibi
1352 2123 1410 2175 in
1443 2136 1535 2176 me
1566 2124 1911 2193 potestatem
1951 2120 2134 2175 vindi-

481 2219 592 2271 cat.
625 2215 740 2269 Aut
767 2211 817 2268 si
839 2210 1076 2283 judicor
1095 2209 1263 2281 quasi
1285 2210 1487 2271 homo,
1509 2225 1824 2265 commune
1845 2208 2128 2275 estistud,

482 2300 770 2369 increpari
804 2316 919 2355 non
978 2298 1200 2354 debeo:
1262 2297 1574 2354 inﬁrmitas
1618 2296 1971 2353 conditionis
2018 2302 2129 2366 cst,

482 2406 599 2453 non
628 2388 901 2462 specialis
930 2386 1300 2460 improbitas.

1042 2475 1189 2533 051
1225 2475 1457 2532 CAPUT
1484 2476 1575 2531 IV.

478 2570 691 2626 Amicos
713 2569 863 2623 maia
888 2582 1101 2637 semper
1125 2566 1453 2622 delictorum
1503 2582 1672 2637 causa
1711 2566 1939 2637 evenire,
1984 2579 2127 2618 usse-

546 2648 720 2699 rentes
740 2639 985 2697 retundit
1004 2636 1130 2703 Job,
1165 2636 1555 2708 interrogando
1583 2653 1683 2692 cur
1713 2638 1874 2708 impii
1921 2636 2022 2691 hac
2070 2637 2128 2690 in

544 2714 658 2771 vita
704 2711 858 2771 bonis
905 2712 1183 2781 (tl/luant;
1232 2724 1359 2779 quae
1406 2712 1590 2764 tamen
1637 2708 1967 2781 verapma‘la
2017 2723 2129 2781 esse

545 2778 1164 2840 ostenduntur.‘lbidem
1192 2778 1315 2850 quis
1342 2795 1462 2834 vere
1494 2782 1677 2836 beatus
1702 2778 1982 2834 habendus
2018 2779 2127 2833 sit:

547 2864 659 2911 tum
691 2855 812 2925 quis
844 2855 972 2908 bene
1005 2853 1084 2907 vel
1114 2849 1258 2906 male
1284 2852 1552 2925 seminet:
1594 2855 1710 2925 tum
1756 2851 1936 2925 quoh}
1984 2849 2131 2925 inju-

544 2921 754 2981 storuin
799 2926 1087 2996 posteritas
1108 2941 1144 2996 ;_
1172 2937 1346 2996 quove
1390 2921 1844 2996 discremine__hi
1888 2921 2127 2996 ﬂagellis

546 2992 834 3062 immunes,
861 2996 1004 3066 justi
1031 2992 1231 3049 eisdem
1261 2993 1519 3066 dicantur
1545 2992 1775 3066 obnoxii
1797 2995 1823 3045 .9
1882 2994 2127 3066 Denique

484 3123 509 3140 ρ
545 3070 741 3140 impios
762 3064 873 3125 non
893 3066 1194 3127 aeternitate
1246 3064 1338 3121 sed
1390 3064 1537 3135 falsa
1590 3064 1707 3137 ejus
1765 3065 2008 3132 imagine
2028 3080 2127 3136 po-

547 3141 647 3195 tiri
668 3140 1091 3195 demonstratur.

548 3230 632 3286 11.
664 3228 776 3285 Sed
798 3227 972 3282 dicite
1003 3224 1145 3281 mihi
1173 3240 1186 3278 :
1221 3223 1275 3279 Si
1309 3227 1542 3296 propter
1573 3228 1875 3295 peccatum
1928 3239 2125 3279 meum

476 3320 586 3376 hoc
618 3317 826 3391 patior,
861 3317 1013 3371 sicut
1031 3312 1307 3384 objicitis,
1337 3312 1701 3384 quareimpii
1735 3313 1986 3367 vivunt?
2012 3312 2127 3368 Nec

476 3407 667 3465 solum
720 3406 946 3469 vivunt,
979 3402 1075 3459 sed
1112 3402 1288 3458 etiam
1332 3401 1535 3475 repleti
1586 3405 1726 3456 sunt
1774 3401 2016 3469 divitiis,
2072 3405 2129 3457 et

477 3497 704 3552 fructus
744 3490 1176 3563 multiplicant:
1211 3491 1309 3547 sed
1370 3489 1543 3545 etiam
1606 3489 1743 3546 {iliis
1803 3490 2126 3562 potiuntur,

477 3584 779 3641 abundant
808 3582 1020 3637 domus
1050 3597 1250 3636 eorum
1274 3579 1302 3635 ?
1334 3579 1460 3635 Haec
1490 3577 1785 3635 evidenter
1806 3579 1997 3651 specie
2025 3580 2128 3635 bo-
2174 3626 2183 3632 .

476 3690 580 3730 na:
616 3673 717 3728 sed
767 3670 957 3726 altiori
1000 3669 1274 3742 mysterio
1326 3666 1604 3736 invenies,
1664 3669 1938 3741 quoniam
1999 3685 2130 3742 quae

477 3766 760 3837 putantur
789 3761 964 3826 bona,
997 3776 1112 3814 non
1146 3763 1281 3814 sunt
1330 3758 1521 3825 bona;
1573 3762 1627 3812 et
1678 3774 1803 3830 quae
1847 3762 2130 3829 putantur

475 3850 650 3919 mala,
683 3850 911 3923 potiora
931 3847 1049 3905 illis
1080 3847 1466 3904 aestimantur.

546 3943 632 3996 12.
692 3963 720 3991 ‹‹
781 3939 1269 4004 Inveteraverunt,
1324 3936 1537 4008 inquit,
1586 3935 1646 3990 in
1704 3935 1922 3991 divitiis
1989 3936 2124 4007 (Job.

474 4048 591 4098 XXI,
620 4031 676 4102 7)
727 4052 755 4079 ››
785 4035 1157 4094 πεπαλαίονται,
1191 4024 1371 4093 dixit;
1407 4030 1470 4079 ut
1524 4042 1638 4080 non
1696 4030 1816 4080 tam
1848 4026 2130 4081 diuturna

476 4118 810 4187 divitiarum
842 4115 1157 4191 possessio,
1217 4132 1396 4186 quam
1446 4113 1767 4169 inveterata
1823 4114 2124 4187 cepiarum

477 4206 745 4263 molestia
775 4206 1106 4279 significata
1135 4203 1437 4271 videatur;
1467 4202 1617 4258 sicut
1644 4202 1785 4258 vivit
1815 4202 2127 4259 Ecclesias-

476 4302 564 4352 tes
594 4296 829 4351 divitias
859 4292 1140 4350 custodiri
1173 4294 1231 4347 in
1265 4291 1486 4348 malum
1510 4291 1831 4364 possidenti
1863 4309 1982 4361 eas,
2002 4308 2129 4363 quae

476 4389 721 4456 pereunt
766 4383 824 4438 in
878 4400 1114 4438 summa
1171 4381 1534 4438 districtione
1591 4397 1657 4436 ac
1738 4380 2131 4437 sollicitudine

476 4472 669 4545 (Ecete.
704 4489 757 4540 ν,
791 4472 902 4543 l2).
936 4472 1185 4526 Pereunt
1222 4472 1379 4526 enim
1404 4487 1530 4541 quis
1562 4469 1657 4525 hic
1698 4469 2127 4542 relinquuntur,

2247 1870 2388 1925 dum
2411 1867 2672 1923 animam
2707 1867 3020 1931 seminant,
3054 1865 3341 1939 spiritalia
3372 1872 3581 1922 metere
3611 1881 3708 1921 non
3731 1880 3830 1936 pos-

2244 1961 2384 2014 sunt
2408 1974 2421 2012 :
2457 1956 2597 2028 quia
2628 1954 3089 2012 animalisbomo
3120 1970 3233 2009 non
3258 1954 3504 2027 percipit
3525 1971 3588 2011 ea
3608 1958 3834 2028 quaesout

2242 2046 2488 2119 spiritus
2520 2043 2618 2099 Dei
2647 2061 2660 2099 :
2694 2042 2946 2099 stultitia
2975 2043 3132 2099 enim
3183 2043 3265 2098 illi
3298 2048 3410 2113 est,
3439 2048 3495 2100 et
3548 2060 3653 2100 non
3691 2044 3834 2116 potest

2241 2136 2389 2191 scire
2418 2150 2544 2206 quae
2576 2136 2716 2188 sunt
2764 2131 3008 2204 spiritus
3038 2137 3098 2188 et
3128 2132 3259 2189 ideo
3299 2148 3418 2188 non
3467 2132 3703 2209 repletur
3745 2130 3831 2204 spi-

2240 2222 2532 2290 ritalibus,
2558 2221 2659 2277 sed
2684 2220 3006 2293 judicatur.

2313 2321 2404 2377 14.
2436 2342 2464 2371 ‹‹
2511 2317 2640 2374 Filii
2670 2335 2874 2374 eorum
2907 2318 2968 2373 in
2999 2317 3186 2375 oculis
3220 2312 3432 2390 (Ibid.),
3459 2340 3487 2369 ι)
3519 2318 3573 2373 id
3607 2321 3703 2384 est,
3741 2332 3833 2387 que

2240 2407 2479 2469 faciunt,
2512 2406 2643 2462 ideo
2675 2406 2916 2477 faciunt,
2967 2410 3031 2461 ut
3078 2406 3393 2462 videantur
3432 2407 3502 2462 ab
3532 2404 3835 2473 hominibus,

2238 2514 2355 2553 non
2387 2496 2526 2568 quia
2538 2494 2671 2551 boni
2694 2493 3002 2550 consulant
3023 2499 3088 2550 ut
3116 2494 3227 2550 hoc
3247 2495 3489 2567 eligant,
3513 2494 3656 2567 quod
3683 2493 3833 2548 futuro

2228 2586 2455 2657 judicio
2512 2584 2945 2655 comprobatur.
3000 2582 3180 2639 Filios
3242 2600 3383 2656 ergo
3440 2582 3715 2655 Scriptura
3758 2597 3833 2652 pro

2238 2675 2516 2748 operibus
2576 2675 2908 2746 frequenter
2991 2671 3268 2741 declarat,
3354 2689 3424 2728 eo
3508 2671 3650 2745 quod
3719 2669 3837 2725 locu.

2238 2764 2448 2837 pletior
2478 2764 2536 2818 in
2569 2762 2740 2819 bonis
2788 2761 2957 2818 factis
3014 2777 3195 2834 quam
3251 2762 3310 2816 in
3377 2761 3513 2817 ﬁliis
3567 2761 3637 2815 sit
3679 2762 3835 2813 nostra

2238 2853 2568 2925 posteritas.
2601 2851 2765 2907 Unde
2797 2856 2854 2906 et
2882 2850 3157 2906 Ezechias
3204 2850 3275 2904 de
3323 2852 3488 2924 gravi
3546 2846 3835 2922 egritudine

2237 2941 2539 3003 liberatus,
2596 2962 2625 2991 ‹‹
2695 2956 2764 2996 ex
2820 2939 3122 3006 hodierno,
3184 2939 3403 3011 inquit,
3455 2939 3599 2994 filios
3669 2935 3835 2991 faciam

2238 3031 2338 3104 qui
2369 3030 2728 3086 nuntiabunt
2749 3028 3043 3099 justitiam
3066 3033 3253 3096 tuam,
3284 3028 3533 3084 Domine
3562 3028 3701 3084 Deus
3716 3022 3836 3081 salu-

2238 3120 2315 3177 tis
2344 3136 2506 3183 meae,
2540 3124 2596 3173 et
2628 3135 2742 3174 non
2778 3116 3017 3172 cessabo
3052 3122 3106 3173 te
3161 3118 3515 3173 benedicens
3552 3132 3674 3173 cum
3713 3110 3835 3186 psalo'

2238 3209 2383 3266 terio
2415 3224 2619 3264 omnes
2648 3208 2769 3262 dies
2825 3206 2951 3261 vitae
2985 3223 3123 3261 meae
3162 3207 3291 3275 (Isa.
3322 3224 3554 3277 xxxviii,
3587 3205 3664 3272 19,
3700 3202 3789 3273 20).
3814 3222 3834 3249 π

2236 3300 2395 3355 Bona
2441 3296 2596 3354 enim
2666 3295 2973 3367 posteritas
3032 3296 3355 3351 devotionis
3422 3303 3482 3352 et
3541 3293 3681 3359 ﬁdei,
3739 3306 3834 3362 que

2235 3386 2556 3460 captivitati
2583 3385 2826 3441 nescivit
2847 3385 3248 3451 succumbere,
3283 3402 3465 3456 quam
3496 3384 3595 3439 ﬁlii
3633 3378 3832 3438 Ezecbie

2239 3475 2624 3549 pertulerunt.

2308 3583 2461 3639 658
2492 3583 2577 3636 15.
2613 3582 2680 3636 Et
2709 3580 2935 3637 addidit
2966 3580 3202 3636 dicens:
3254 3605 3281 3631 «
3318 3582 3467 3649 Quia
3497 3597 3605 3636 non
3646 3583 3726 3634 est
3748 3573 3837 3631 illis

2235 3672 2429 3740 timor,
2473 3690 2587 3728 non
2620 3676 2709 3727 est
2741 3670 3034 3744 ﬂagellum
3064 3689 3098 3726 a
3126 3671 3377 3728 Domino
3410 3673 3548 3743 (Job.
3598 3685 3703 3735 χχι,
3729 3667 3790 3733 9).
3818 3684 3837 3711 n

2234 3762 2441 3819 Justus
2467 3766 2659 3817 autem
2693 3759 2833 3815 dicit
2857 3776 2870 3815 :
2906 3759 3243 3825 «Quoniam
3266 3760 3598 3831 ﬂagellatus
3616 3757 3838 3811 sumtota

2235 3849 2326 3905 die
2358 3849 2532 3921 (Psal.
2584 3864 2754 3915 Lxxu,
2818 3847 2928 3915 Μ),
2960 3869 2987 3896 ››
3018 3852 3075 3902 et
3103 3853 3265 3920 optat
3296 3847 3598 3921 ﬂagellari,
3646 3849 3702 3901 ut
3730 3838 3837 3900 reei-

2237 3939 2484 4010 piatura
2515 3938 2761 3992 Domino
2788 3953 2801 3991 :
2852 3940 2911 3992 et
2940 3935 3065 3992 vult
3094 3937 3301 3992 timere
3362 3937 3685 3999 Dominum,
3734 3928 3839 4002 quia

2236 4027 2413 4083 timor
2443 4024 2672 4081 Domini
2707 4025 2942 4080 initium
2975 4025 3274 4099 sapientiae
3304 4031 3415 4082 est.
3479 4026 3591 4081 Nec
3635 4020 3838 4078 beatitu-

2237 4115 2434 4171 dinem
2465 4118 2650 4187 putat,
2683 4114 2731 4169 si
2765 4130 2878 4169 non
2912 4114 3127 4170 abortit
3181 4114 3398 4171 bucula
3447 4130 3554 4170 sua
3599 4111 3724 4185 (Job.
3751 4122 3834 4169 χχι,

2239 4206 2348 4276 10).
2384 4204 2546 4260 Sicut
2575 4208 2783 4277 putant
2811 4202 2995 4259 stulti.
3031 4203 3137 4260 Per
3168 4205 3371 4259 bovem
3405 4204 3561 4260 enim
3615 4198 3737 4273 quid
3781 4192 3837 4250 si-

2236 4294 2568 4366 gniﬁcatur,
2600 4292 2711 4348 nisi
2746 4292 2959 4347 ruralis
3000 4291 3240 4348 cultui-aa
3289 4292 3478 4359 labor,
3527 4291 3624 4364 qui
3651 4296 3837 4357 semper

2240 4382 2391 4438 redit
2433 4382 2493 4436 in
2543 4382 2768 4446 orbem,
2828 4384 2885 4436 et
2943 4397 3247 4453 nunquam
3302 4380 3544 4446 desinit,
3595 4377 3687 4435 sed
3734 4385 3836 4429 cum

2242 4471 2455 4544 expleri
2487 4471 2735 4535 videtur,
2770 4474 3069 4525 revocatur
3114 4470 3173 4525 in
3206 4470 3508 4526 exordium
3535 4469 3562 4524 ‘I
3616 4465 3707 4522 Isti
3732 4462 3839 4517 sunt

475 4567 531 4617 et
572 4565 803 4617 mortuo
836 4560 1109 4632 prodesse
1140 4577 1256 4615 non
1290 4562 1556 4632 possunt.
1587 4558 1804 4614 Habuit
1834 4559 2013 4631 igitur
2032 4558 2127 4614 de-
2155 4547 2202 4611 D
2234 4562 2336 4633 qui
2368 4559 2569 4615 colunt
2597 4559 2909 4615 Sodomam
2943 4563 3000 4613 et
3029 4558 3438 4615 Gomorrham.
3470 4559 3616 4631 Ergo
3655 4551 3740 4626 qui
3766 4563 3839 4605 σο-

477 4651 715 4707 functus
737 4668 805 4705 ex
825 4650 941 4706 illis
963 4648 1708 4721 sollicitudinem,requiem
1732 4647 1989 4703 invenire
2012 4664 2125 4703 non

475 4740 684 4815 potuit,
717 4739 820 4812 qui
853 4738 1089 4811 reliquit
1116 4736 1269 4808 quod
1324 4737 1711 4803 erubesceret,
1764 4752 1867 4792 nec
1926 4753 2126 4792 secum

475 4829 722 4887 abstulit
751 4828 906 4902 quod
936 4830 1178 4893 teneret,
1207 4825 1376 4898 longe
1409 4826 1609 4898 dispar
1655 4826 1727 4881 ab
1756 4842 1823 4880 eo
1881 4826 1952 4880 de
2011 4843 2125 4898 quo

476 4920 762 4993 scriptum
793 4922 917 4974 est:
954 4940 980 4967 «
1020 4920 1227 4971 Beatus
1260 4914 1432 4970 homo
1463 4914 1563 4985 qui
1609 4913 1851 4987 replevit
1907 4914 2128 4971 deside-

548 5064 663 5188 (142
695 5062 863 5118 Rom.
897 5059 1060 5123 edit.,
1090 5066 1152 5113 ut
1179 5059 1249 5113 sit
1269 5056 1412 5112 mihi
1438 5073 1472 5111 a
1500 5058 1647 5112 vobis
1704 5056 1823 5114 hac
1875 5058 2125 5113 consola-

548 5152 580 5188 ιε
610 5152 643 5188 a
670 5134 736 5188 iis
769 5136 827 5188 et
857 5149 997 5187 mss.
1033 5146 1259 5188 omnes.
1290 5147 1399 5184 non
1430 5133 1502 5183 sit
1533 5128 1675 5183 mihi
1701 5146 1735 5183 a
1762 5129 1908 5183 vobis
1937 5145 2124 5185 conso-

476 5128 580 5200 tio';
610 5128 736 5190 aliis
769 5136 827 5188 et
857 5149 997 5187 mss.
1033 5146 1259 5195 omnes,
1290 5147 1399 5184 non
1430 5133 1502 5183 sit
1533 5128 1675 5183 mihi
1701 5146 1735 5183 a
1762 5129 1908 5183 vobis
1937 5145 2124 5185 conso-

477 5207 735 5277 lationem
754 5201 1216 5277 qvmrere._LXX
1255 5207 1472 5277 autem,
1526 5208 1609 5255 ἵνα
1666 5206 1796 5277 pth-ﬁ
1854 5224 1934 5269 μοι
1990 5213 2125 5273 παρὰ

478 5276 612 5339 ὑμῶν
640 5272 774 5336 αὐτῆ
795 5274 829 5335 ἠ
876 5273 1203 5340 παράκλησις.
1260 5276 1529 5328 Attamen
1603 5272 1897 5343 quaedam,
1938 5272 2121 5343 exem-

480 5347 663 5474 pliail-Jia
691 5347 1059 5472 negationem
1091 5344 1563 5420 praetermittunt,
1590 5342 1654 5399 ut
1672 5343 1841 5398 docet
1856 5342 2123 5400 Nobilius

480 5435 511 5473 a
624 5435 740 5474 unc
792 5434 983 5474 ocum.

478 5434 550 5474 an
583 5434 740 5474 nunc
770 5434 983 5474 locum.

548 5488 597 5560 (1
615 5490 660 5562 Δὁ)
690 5489 839 5545 Edit.
873 5496 981 5546 vet.
1018 5505 1083 5544 ac
1116 5505 1258 5545 mss.
1292 5489 1453 5562 duo,
1479 5490 1531 5542 et
1560 5486 1773 5562 videtur
1801 5486 1899 5542 hoc
1955 5502 2125 5562 saecu-

478 5557 595 5634 tuin
634 5557 1229 5634 peceatorumHmerito
1541 5557 1640 5615 alii
1692 5563 1877 5634 tres._..
1927 5560 2125 5615 merito

476 5628 704 5707 deferri.
739 5630 905 5689 Rom.
940 5632 1102 5701 edit.,
1155 5640 1205 5691 et
1233 5632 1490 5690 videntur
1515 5630 1811 5690 secundum
1827 5628 1925 5689 hoc
1945 5647 2120 5690 strau-

2234 4649 2363 4704 lunt
2391 4649 2724 4721 Egyptum,
2756 4646 3077 4720 glebasque
3108 4652 3399 4703 terrarum
3422 4652 3612 4703 aratro
3628 4639 3835 4715 quodam

2236 4738 2433 4793 solidae
2466 4737 2681 4792 mentis
2712 4736 3029 4803 invertunt,
3061 4736 3317 4792 laborem
3350 4736 3468 4793 sibi
3528 4733 3759 4808 pariunt,
3795 4725 3839 4779 ei

2235 4827 2463 4883 dolores
2487 4830 2731 4880 metunt.
2785 4825 2915 4880 Idco
2957 4824 3171 4880 bucula
3224 4842 3430 4881 eorum
3490 4841 3600 4879 non
3648 4812 3833 4877 abortit,

2236 4917 2337 4972 sed
2369 4915 2541 4989 parit,
2578 4919 2641 4969 ut
2673 4919 2959 4986 augeatur
2986 4913 3148 4971 labor
3177 4931 3377 4971 eorum
3410 4919 3468 4971 et
3498 4929 3621 4986 quae
3670 4916 3834 4965 conce-

2234 5060 2351 5113 lum
2379 5060 2724 5130 peccatorum
2753 5058 2946 5130 merito
2976 5057 3167 5112 deseri.
3201 5057 3336 5114 Cod.
3362 5056 3509 5111 Vict.
3539 5070 3605 5130 ac
3623 5048 3833 5130 Tllet!!!)

2233 5134 2286 5186 et
2318 5120 2533 5201 videtur
2558 5129 2658 5184 hoc
2684 5128 2979 5201 secundum
3012 5137 3355 5201 peecatorum
3630 5120 3832 5201 item;

2233 5199 2902 5273 Commode:_superiori
2952 5187 3109 5273 enim
3158 5200 3357 5273 pbrasi
3414 5187 3834 5273 institute'sugf

2234 5274 2349 5329 duo
2366 5271 2647 5329 orationis
2668 5267 2951 5344 membra,
2978 5267 3234 5344 primum
3247 5287 3450 5328 eorum
3468 5269 3568 5342 qui
3584 5267 3832 5344 prosperi!

2234 5345 2537 5400 abundant
2566 5343 2938 5399 successibus
2960 5342 2996 5399 τ’
3029 5345 3354 5400 secundum
3384 5356 3588 5399 eorum
3615 5342 3832 5409 (ιω-ειν

2230 5420 2443 5472 vantur
2467 5418 2526 5471 et
2553 5414 2613 5468 in
2672 5430 2930 5470 aerumna
2972 5421 3111 5471 sunt
3138 5415 3247 5472 hoc
3287 5419 3485 5470 autem
3528 5404 3831 5481 secundum.

2232 5505 2441 5561 nempe
2489 5485 2738 5561 gravari,
2768 5490 2825 5543 et
2850 5485 2912 5543 in
2933 5503 3194 5545 erumna
3212 5503 3361 5555 esse,
3401 5484 3625 5541 videtur
3662 5473 3829 5532 merito

2232 5559 2443 5618 deferri
2476 5559 2871 5633 peccatorum.
