  <div class='ocr_page' id='page_1' title='image "/cluster/home/n/w/nwhite01/storage/ocr_20150623/14/hvd.32044048207138/442.png"; bbox 0 0 4052 6196; ppageno 0'>
   <div class='ocr_carea' id='block_1_1' title="bbox 213 345 340 415">
    <p class='ocr_par' dir='ltr' id='par_1_1' title="bbox 213 345 340 415">
     <span class='ocr_line' id='line_1_1' title="bbox 213 345 340 415; baseline -0.055 0"><span class='ocrx_word' id='word_1_1' title='bbox 213 345 340 415; x_wconf 65' lang='lat'>373</span> 
     </span>
    </p>
   </div>
   <div class='ocr_carea' id='block_1_2' title="bbox 1024 344 2823 412">
    <p class='ocr_par' dir='ltr' id='par_1_2' title="bbox 1024 344 2823 412">
     <span class='ocr_line' id='line_1_2' title="bbox 1024 344 2823 412; baseline 0.001 -5"><span class='ocrx_word' id='word_1_2' title='bbox 1024 346 1127 407; x_wconf 85' lang='lat' dir='ltr'><strong>DE</strong></span> <span class='ocrx_word' id='word_1_3' title='bbox 1169 344 1902 408; x_wconf 80' lang='lat' dir='ltr'><strong>INTERPELLATIONE</strong></span> <span class='ocrx_word' id='word_1_4' title='bbox 1944 345 2080 408; x_wconf 75' lang='grc' dir='ltr'>1οΒ</span> <span class='ocrx_word' id='word_1_5' title='bbox 2125 348 2225 409; x_wconf 78' lang='lat' dir='ltr'><strong>ET</strong></span> <span class='ocrx_word' id='word_1_6' title='bbox 2267 348 2508 410; x_wconf 82' lang='lat' dir='ltr'><strong>DAVID</strong></span> <span class='ocrx_word' id='word_1_7' title='bbox 2550 349 2700 412; x_wconf 87' lang='lat' dir='ltr'><strong>LIB.</strong></span> <span class='ocrx_word' id='word_1_8' title='bbox 2744 350 2823 411; x_wconf 90' lang='lat' dir='ltr'><strong>II.</strong></span> 
     </span>
    </p>
   </div>
   <div class='ocr_carea' id='block_1_3' title="bbox 3506 348 3637 415">
    <p class='ocr_par' dir='ltr' id='par_1_3' title="bbox 3506 348 3637 415">
     <span class='ocr_line' id='line_1_3' title="bbox 3506 348 3637 415; baseline 0.046 -7"><span class='ocrx_word' id='word_1_9' title='bbox 3506 348 3637 415; x_wconf 65' lang='lat' dir='ltr'><strong>871l-</strong></span> 
     </span>
    </p>
   </div>
   <div class='ocr_carea' id='block_1_4' title="bbox 213 478 3616 553">
    <p class='ocr_par' dir='ltr' id='par_1_4' title="bbox 213 478 3616 553">
     <span class='ocr_line' id='line_1_4' title="bbox 213 478 3616 553; baseline 0 -16"><span class='ocrx_word' id='word_1_10' title='bbox 213 483 439 552; x_wconf 74' lang='lat' dir='ltr'><strong>perunt</strong></span> <span class='ocrx_word' id='word_1_11' title='bbox 467 478 687 544; x_wconf 88' lang='lat' dir='ltr'><strong>omnia,</strong></span> <span class='ocrx_word' id='word_1_12' title='bbox 717 483 994 553; x_wconf 73' lang='lat' dir='ltr'><strong>generant</strong></span> <span class='ocrx_word' id='word_1_13' title='bbox 1024 479 1148 536; x_wconf 90' lang='lat' dir='ltr'><strong>sine</strong></span> <span class='ocrx_word' id='word_1_14' title='bbox 1179 478 1389 535; x_wconf 83' lang='lat' dir='ltr'><strong>timore</strong></span> <span class='ocrx_word' id='word_1_15' title='bbox 1418 478 1541 543; x_wconf 87' lang='lat' dir='ltr'><strong>Dei.</strong></span> <span class='ocrx_word' id='word_1_16' title='bbox 1572 478 1727 534; x_wconf 84' lang='lat' dir='ltr'><strong>Justi</strong></span> <span class='ocrx_word' id='word_1_17' title='bbox 1758 494 1865 534; x_wconf 84' lang='lat' dir='ltr'><strong>au-</strong></span> <span class='ocrx_word' id='word_1_18' title='bbox 1893 478 1948 545; x_wconf 72' lang='grc' dir='ltr'><strong>Α</strong></span> <span class='ocrx_word' id='word_1_19' title='bbox 1979 480 2177 551; x_wconf 82' lang='lat' dir='ltr'><strong>requie</strong></span> <span class='ocrx_word' id='word_1_20' title='bbox 2206 480 2445 538; x_wconf 82' lang='lat' dir='ltr'><strong>caelesti.</strong></span> <span class='ocrx_word' id='word_1_21' title='bbox 2480 483 2595 539; x_wconf 78' lang='lat' dir='ltr'><strong>Nos</strong></span> <span class='ocrx_word' id='word_1_22' title='bbox 2622 486 2827 539; x_wconf 88' lang='lat' dir='ltr'><strong>autem</strong></span> <span class='ocrx_word' id='word_1_23' title='bbox 2851 497 3086 538; x_wconf 87' lang='lat' dir='ltr'><strong>oremus</strong></span> <span class='ocrx_word' id='word_1_24' title='bbox 3117 480 3214 536; x_wconf 90' lang='lat' dir='ltr'><strong>hic</strong></span> <span class='ocrx_word' id='word_1_25' title='bbox 3244 480 3439 552; x_wconf 87' lang='lat' dir='ltr'><strong>potius</strong></span> <span class='ocrx_word' id='word_1_26' title='bbox 3456 480 3616 539; x_wconf 86' lang='lat' dir='ltr'><strong>labo-</strong></span> 
     </span>
    </p>
   </div>
   <div class='ocr_carea' id='block_1_5' title="bbox 215 566 1866 641">
    <p class='ocr_par' dir='ltr' id='par_1_5' title="bbox 215 566 1866 641">
     <span class='ocr_line' id='line_1_5' title="bbox 215 566 1866 641; baseline -0.002 -17"><span class='ocrx_word' id='word_1_27' title='bbox 215 572 342 624; x_wconf 90' lang='lat' dir='ltr'><strong>tem</strong></span> <span class='ocrx_word' id='word_1_28' title='bbox 375 567 546 640; x_wconf 88' lang='lat' dir='ltr'><strong>longe</strong></span> <span class='ocrx_word' id='word_1_29' title='bbox 578 567 746 625; x_wconf 81' lang='lat' dir='ltr'><strong>aliter</strong></span> <span class='ocrx_word' id='word_1_30' title='bbox 772 567 1119 641; x_wconf 78' lang='lat' dir='ltr'><strong>gloriantur.</strong></span> <span class='ocrx_word' id='word_1_31' title='bbox 1154 569 1278 623; x_wconf 74' lang='lat' dir='ltr'><strong>Non</strong></span> <span class='ocrx_word' id='word_1_32' title='bbox 1301 568 1458 623; x_wconf 90' lang='lat' dir='ltr'><strong>enim</strong></span> <span class='ocrx_word' id='word_1_33' title='bbox 1482 566 1542 622; x_wconf 90' lang='lat' dir='ltr'><strong>in</strong></span> <span class='ocrx_word' id='word_1_34' title='bbox 1562 566 1866 623; x_wconf 90' lang='lat' dir='ltr'><strong>abundan-</strong></span> 
     </span>
    </p>
   </div>
   <div class='ocr_carea' id='block_1_6' title="bbox 215 655 1869 729">
    <p class='ocr_par' dir='ltr' id='par_1_6' title="bbox 215 655 1869 729">
     <span class='ocr_line' id='line_1_6' title="bbox 215 655 1869 729; baseline -0.001 -16"><span class='ocrx_word' id='word_1_35' title='bbox 215 656 305 727; x_wconf 68' lang='lat' dir='ltr'><strong>tia</strong></span> <span class='ocrx_word' id='word_1_36' title='bbox 322 656 805 725; x_wconf 86' lang='lat' dir='ltr'><strong>divitiarum,nec</strong></span> <span class='ocrx_word' id='word_1_37' title='bbox 825 656 884 713; x_wconf 92' lang='lat' dir='ltr'><strong>in</strong></span> <span class='ocrx_word' id='word_1_38' title='bbox 908 661 1077 729; x_wconf 89' lang='lat' dir='ltr'><strong>partu</strong></span> <span class='ocrx_word' id='word_1_39' title='bbox 1106 673 1384 729; x_wconf 83' lang='lat' dir='ltr'><strong>pecorum</strong></span> <span class='ocrx_word' id='word_1_40' title='bbox 1411 674 1425 725; x_wconf 91' lang='lat'><strong>;</strong></span> <span class='ocrx_word' id='word_1_41' title='bbox 1449 656 1551 712; x_wconf 88' lang='lat' dir='ltr'><strong>sed</strong></span> <span class='ocrx_word' id='word_1_42' title='bbox 1576 656 1635 711; x_wconf 93' lang='lat' dir='ltr'><strong>in</strong></span> <span class='ocrx_word' id='word_1_43' title='bbox 1672 655 1869 723; x_wconf 79' lang='lat' dir='ltr'><strong>Domi-</strong></span> 
     </span>
    </p>
   </div>
   <div class='ocr_carea' id='block_1_7' title="bbox 215 744 1869 819">
    <p class='ocr_par' dir='ltr' id='par_1_7' title="bbox 215 744 1869 819">
     <span class='ocr_line' id='line_1_7' title="bbox 215 744 1869 819; baseline -0.001 -16"><span class='ocrx_word' id='word_1_44' title='bbox 215 763 296 815; x_wconf 82' lang='lat' dir='ltr'><strong>no</strong></span> <span class='ocrx_word' id='word_1_45' title='bbox 315 745 668 819; x_wconf 80' lang='lat' dir='ltr'><strong>gloriantur,</strong></span> <span class='ocrx_word' id='word_1_46' title='bbox 685 746 943 805; x_wconf 75' lang='lat' dir='ltr'><strong>dicentes</strong></span> <span class='ocrx_word' id='word_1_47' title='bbox 967 763 980 803; x_wconf 88' lang='lat'><strong>:</strong></span> <span class='ocrx_word' id='word_1_48' title='bbox 1010 770 1039 798; x_wconf 69' lang='grc' dir='ltr'>(ε</span> <span class='ocrx_word' id='word_1_49' title='bbox 1063 752 1139 803; x_wconf 85' lang='lat' dir='ltr'><strong>De</strong></span> <span class='ocrx_word' id='word_1_50' title='bbox 1160 745 1372 802; x_wconf 81' lang='lat' dir='ltr'><strong>timore</strong></span> <span class='ocrx_word' id='word_1_51' title='bbox 1392 749 1493 801; x_wconf 88' lang='lat' dir='ltr'><strong>tuo</strong></span> <span class='ocrx_word' id='word_1_52' title='bbox 1510 744 1570 811; x_wconf 87' lang='lat' dir='ltr'><strong>in</strong></span> <span class='ocrx_word' id='word_1_53' title='bbox 1593 749 1755 801; x_wconf 85' lang='lat' dir='ltr'><strong>utero</strong></span> <span class='ocrx_word' id='word_1_54' title='bbox 1776 762 1869 801; x_wconf 86' lang='lat' dir='ltr'><strong>ac-</strong></span> 
     </span>
    </p>
   </div>
   <div class='ocr_carea' id='block_1_8' title="bbox 212 833 1867 908">
    <p class='ocr_par' dir='ltr' id='par_1_8' title="bbox 212 833 1867 908">
     <span class='ocr_line' id='line_1_8' title="bbox 212 833 1867 908; baseline -0.004 -14"><span class='ocrx_word' id='word_1_55' title='bbox 212 836 509 908; x_wconf 80' lang='lat' dir='ltr'><strong>cepimus,</strong></span> <span class='ocrx_word' id='word_1_56' title='bbox 533 840 591 892; x_wconf 88' lang='lat' dir='ltr'><strong>et</strong></span> <span class='ocrx_word' id='word_1_57' title='bbox 612 835 1034 908; x_wconf 89' lang='lat' dir='ltr'><strong>parturivimus</strong></span> <span class='ocrx_word' id='word_1_58' title='bbox 1059 834 1334 907; x_wconf 75' lang='lat' dir='ltr'><strong>spiritum</strong></span> <span class='ocrx_word' id='word_1_59' title='bbox 1359 833 1568 890; x_wconf 85' lang='lat' dir='ltr'><strong>salutis</strong></span> <span class='ocrx_word' id='word_1_60' title='bbox 1590 834 1698 906; x_wconf 87' lang='lat' dir='ltr'><strong>(Isa</strong></span> <span class='ocrx_word' id='word_1_61' title='bbox 1716 850 1867 899; x_wconf 77' lang='lat' dir='ltr'><strong>xxvr,</strong></span> 
     </span>
    </p>
   </div>
   <div class='ocr_carea' id='block_1_9' title="bbox 218 922 1871 998">
    <p class='ocr_par' dir='ltr' id='par_1_9' title="bbox 218 922 1871 998">
     <span class='ocr_line' id='line_1_9' title="bbox 218 922 1871 998; baseline -0.002 -16"><span class='ocrx_word' id='word_1_62' title='bbox 218 927 333 998; x_wconf 88' lang='grc'>18).</span> <span class='ocrx_word' id='word_1_63' title='bbox 360 947 389 976; x_wconf 84' lang='grc'><strong>››</strong></span> <span class='ocrx_word' id='word_1_64' title='bbox 413 924 687 997; x_wconf 86' lang='lat' dir='ltr'><strong>Dejustis</strong></span> <span class='ocrx_word' id='word_1_65' title='bbox 711 941 848 997; x_wconf 90' lang='lat' dir='ltr'><strong>ergo</strong></span> <span class='ocrx_word' id='word_1_66' title='bbox 868 925 1102 990; x_wconf 88' lang='lat' dir='ltr'><strong>dicitur,</strong></span> <span class='ocrx_word' id='word_1_67' title='bbox 1144 924 1288 996; x_wconf 90' lang='lat' dir='ltr'><strong>quia</strong></span> <span class='ocrx_word' id='word_1_68' title='bbox 1337 924 1612 995; x_wconf 82' lang='lat' dir='ltr'><strong>spiritum</strong></span> <span class='ocrx_word' id='word_1_69' title='bbox 1661 922 1871 979; x_wconf 89' lang='lat' dir='ltr'><strong>salutis</strong></span> 
     </span>
    </p>
   </div>
   <div class='ocr_carea' id='block_1_10' title="bbox 215 1011 1870 1087">
    <p class='ocr_par' dir='ltr' id='par_1_10' title="bbox 215 1011 1870 1087">
     <span class='ocr_line' id='line_1_10' title="bbox 215 1011 1870 1087; baseline -0.003 -16"><span class='ocrx_word' id='word_1_70' title='bbox 215 1018 665 1087; x_wconf 83' lang='lat' dir='ltr'><strong>generaverunt,</strong></span> <span class='ocrx_word' id='word_1_71' title='bbox 688 1030 862 1084; x_wconf 84' lang='lat' dir='ltr'><strong>quem</strong></span> <span class='ocrx_word' id='word_1_72' title='bbox 895 1017 1251 1085; x_wconf 88' lang='lat' dir='ltr'><strong>acceperunt</strong></span> <span class='ocrx_word' id='word_1_73' title='bbox 1280 1012 1351 1068; x_wconf 91' lang='lat' dir='ltr'><strong>de</strong></span> <span class='ocrx_word' id='word_1_74' title='bbox 1372 1012 1580 1067; x_wconf 89' lang='lat' dir='ltr'><strong>timore</strong></span> <span class='ocrx_word' id='word_1_75' title='bbox 1606 1011 1727 1081; x_wconf 85' lang='lat' dir='ltr'><strong>Dei,</strong></span> <span class='ocrx_word' id='word_1_76' title='bbox 1753 1027 1870 1067; x_wconf 90' lang='lat' dir='ltr'><strong>non</strong></span> 
     </span>
    </p>
   </div>
   <div class='ocr_carea' id='block_1_11' title="bbox 218 1099 1872 1173">
    <p class='ocr_par' dir='ltr' id='par_1_11' title="bbox 218 1099 1872 1173">
     <span class='ocr_line' id='line_1_11' title="bbox 218 1099 1872 1173; baseline -0.003 -12"><span class='ocrx_word' id='word_1_77' title='bbox 218 1105 292 1173; x_wconf 82' lang='lat' dir='ltr'><strong>de</strong></span> <span class='ocrx_word' id='word_1_78' title='bbox 325 1102 553 1159; x_wconf 87' lang='lat' dir='ltr'><strong>malitia</strong></span> <span class='ocrx_word' id='word_1_79' title='bbox 582 1101 762 1173; x_wconf 82' lang='lat' dir='ltr'><strong>hujus</strong></span> <span class='ocrx_word' id='word_1_80' title='bbox 782 1102 1003 1165; x_wconf 61' lang='lat' dir='ltr'><strong>seaculi,</strong></span> <span class='ocrx_word' id='word_1_81' title='bbox 1034 1102 1107 1157; x_wconf 89' lang='lat' dir='ltr'><strong>de</strong></span> <span class='ocrx_word' id='word_1_82' title='bbox 1152 1117 1269 1173; x_wconf 89' lang='lat' dir='ltr'><strong>qua</strong></span> <span class='ocrx_word' id='word_1_83' title='bbox 1320 1099 1573 1172; x_wconf 81' lang='lat' dir='ltr'><strong>legimus</strong></span> <span class='ocrx_word' id='word_1_84' title='bbox 1602 1117 1616 1155; x_wconf 89' lang='lat'><strong>:</strong></span> <span class='ocrx_word' id='word_1_85' title='bbox 1668 1124 1695 1152; x_wconf 87' lang='grc'><em>‹‹</em></span> <span class='ocrx_word' id='word_1_86' title='bbox 1728 1101 1872 1156; x_wconf 87' lang='lat' dir='ltr'><strong>Ecce</strong></span> 
     </span>
    </p>
   </div>
   <div class='ocr_carea' id='block_1_12' title="bbox 217 1188 1869 1266">
    <p class='ocr_par' dir='ltr' id='par_1_12' title="bbox 217 1188 1869 1266">
     <span class='ocr_line' id='line_1_12' title="bbox 217 1188 1869 1266; baseline -0.005 -13"><span class='ocrx_word' id='word_1_87' title='bbox 217 1192 930 1266; x_wconf 72' lang='lat' dir='ltr'><strong>parturivitinjustitiam,</strong></span> <span class='ocrx_word' id='word_1_88' title='bbox 977 1192 1247 1264; x_wconf 85' lang='lat' dir='ltr'><strong>concepit</strong></span> <span class='ocrx_word' id='word_1_89' title='bbox 1293 1188 1572 1252; x_wconf 82' lang='lat' dir='ltr'><strong>laborem.</strong></span> <span class='ocrx_word' id='word_1_90' title='bbox 1603 1196 1661 1245; x_wconf 92' lang='lat' dir='ltr'><strong>et</strong></span> <span class='ocrx_word' id='word_1_91' title='bbox 1692 1206 1869 1262; x_wconf 87' lang='lat' dir='ltr'><strong>pepe-</strong></span> 
     </span>
    </p>
   </div>
   <div class='ocr_carea' id='block_1_13' title="bbox 218 1278 1870 1353">
    <p class='ocr_par' dir='ltr' id='par_1_13' title="bbox 218 1278 1870 1353">
     <span class='ocr_line' id='line_1_13' title="bbox 218 1278 1870 1353; baseline -0.004 -14"><span class='ocrx_word' id='word_1_92' title='bbox 218 1282 686 1353; x_wconf 88' lang='lat' dir='ltr'><strong>ritiniquitatem</strong></span> <span class='ocrx_word' id='word_1_93' title='bbox 708 1282 884 1351; x_wconf 84' lang='lat' dir='ltr'><strong>(Psal.</strong></span> <span class='ocrx_word' id='word_1_94' title='bbox 914 1297 1013 1347; x_wconf 84' lang='lat' dir='ltr'><strong>vn,</strong></span> <span class='ocrx_word' id='word_1_95' title='bbox 1039 1280 1149 1351; x_wconf 83' lang='grc'>15).</span> <span class='ocrx_word' id='word_1_96' title='bbox 1176 1301 1203 1329; x_wconf 84' lang='grc'>››</span> <span class='ocrx_word' id='word_1_97' title='bbox 1227 1278 1432 1335; x_wconf 82' lang='lat' dir='ltr'><strong>Melior</strong></span> <span class='ocrx_word' id='word_1_98' title='bbox 1449 1295 1586 1351; x_wconf 86' lang='lat' dir='ltr'><strong>ergo</strong></span> <span class='ocrx_word' id='word_1_99' title='bbox 1629 1278 1870 1334; x_wconf 88' lang='lat' dir='ltr'><strong>abortus</strong></span> 
     </span>
    </p>
   </div>
   <div class='ocr_carea' id='block_1_14' title="bbox 220 1366 1868 1444">
    <p class='ocr_par' dir='ltr' id='par_1_14' title="bbox 220 1366 1868 1444">
     <span class='ocr_line' id='line_1_14' title="bbox 220 1366 1868 1444; baseline -0.004 -17"><span class='ocrx_word' id='word_1_100' title='bbox 220 1387 399 1444; x_wconf 79' lang='lat' dir='ltr'><strong>quam</strong></span> <span class='ocrx_word' id='word_1_101' title='bbox 433 1374 638 1442; x_wconf 84' lang='lat' dir='ltr'><strong>partus</strong></span> <span class='ocrx_word' id='word_1_102' title='bbox 669 1370 1061 1437; x_wconf 67' lang='lat' dir='ltr'><strong>saecularium.</strong></span> <span class='ocrx_word' id='word_1_103' title='bbox 1095 1368 1358 1439; x_wconf 87' lang='lat' dir='ltr'><strong>Denique</strong></span> <span class='ocrx_word' id='word_1_104' title='bbox 1389 1367 1461 1423; x_wconf 90' lang='lat' dir='ltr'><strong>de</strong></span> <span class='ocrx_word' id='word_1_105' title='bbox 1492 1366 1732 1422; x_wconf 88' lang='lat' dir='ltr'><strong>homine</strong></span> <span class='ocrx_word' id='word_1_106' title='bbox 1766 1366 1868 1439; x_wconf 86' lang='lat' dir='ltr'><strong>qui</strong></span> 
     </span>
    </p>
   </div>
   <div class='ocr_carea' id='block_1_15' title="bbox 218 1454 1870 1525">
    <p class='ocr_par' dir='ltr' id='par_1_15' title="bbox 218 1454 1870 1525">
     <span class='ocr_line' id='line_1_15' title="bbox 218 1454 1870 1525; baseline -0.004 -9"><span class='ocrx_word' id='word_1_107' title='bbox 218 1461 279 1516; x_wconf 89' lang='lat' dir='ltr'><strong>in</strong></span> <span class='ocrx_word' id='word_1_108' title='bbox 311 1459 423 1515; x_wconf 86' lang='lat' dir='ltr'><strong>hoc</strong></span> <span class='ocrx_word' id='word_1_109' title='bbox 454 1457 735 1514; x_wconf 69' lang='lat' dir='ltr'><strong>saeculum</strong></span> <span class='ocrx_word' id='word_1_110' title='bbox 764 1458 941 1521; x_wconf 84' lang='lat' dir='ltr'><strong>venit.</strong></span> <span class='ocrx_word' id='word_1_111' title='bbox 974 1464 1030 1512; x_wconf 89' lang='lat' dir='ltr'><strong>et</strong></span> <span class='ocrx_word' id='word_1_112' title='bbox 1059 1456 1372 1512; x_wconf 80' lang='lat' dir='ltr'><strong>vanitatem</strong></span> <span class='ocrx_word' id='word_1_113' title='bbox 1434 1456 1638 1511; x_wconf 88' lang='lat' dir='ltr'><strong>mundi</strong></span> <span class='ocrx_word' id='word_1_114' title='bbox 1688 1454 1870 1525; x_wconf 89' lang='lat' dir='ltr'><strong>hujus</strong></span> 
     </span>
    </p>
   </div>
   <div class='ocr_carea' id='block_1_16' title="bbox 218 1542 1869 1619">
    <p class='ocr_par' dir='ltr' id='par_1_16' title="bbox 218 1542 1869 1619">
     <span class='ocr_line' id='line_1_16' title="bbox 218 1542 1869 1619; baseline -0.003 -15"><span class='ocrx_word' id='word_1_115' title='bbox 218 1554 275 1619; x_wconf 79' lang='lat' dir='ltr'><strong>et</strong></span> <span class='ocrx_word' id='word_1_116' title='bbox 303 1548 574 1603; x_wconf 80' lang='lat' dir='ltr'><strong>tenebras</strong></span> <span class='ocrx_word' id='word_1_117' title='bbox 605 1544 847 1618; x_wconf 88' lang='lat' dir='ltr'><strong>pertulit</strong></span> <span class='ocrx_word' id='word_1_118' title='bbox 900 1545 1269 1616; x_wconf 63' lang='lat' dir='ltr'><strong>longaevitate</strong></span> <span class='ocrx_word' id='word_1_119' title='bbox 1322 1544 1625 1600; x_wconf 89' lang='lat' dir='ltr'><strong>diuturna.</strong></span> <span class='ocrx_word' id='word_1_120' title='bbox 1684 1542 1869 1599; x_wconf 86' lang='lat' dir='ltr'><strong>Eccle-</strong></span> 
     </span>
    </p>
   </div>
   <div class='ocr_carea' id='block_1_17' title="bbox 218 1631 1866 1707">
    <p class='ocr_par' dir='ltr' id='par_1_17' title="bbox 218 1631 1866 1707">
     <span class='ocr_line' id='line_1_17' title="bbox 218 1631 1866 1707; baseline -0.005 -11"><span class='ocrx_word' id='word_1_121' title='bbox 218 1639 435 1697; x_wconf 78' lang='lat' dir='ltr'><strong>siastes</strong></span> <span class='ocrx_word' id='word_1_122' title='bbox 453 1635 852 1707; x_wconf 77' lang='lat' dir='ltr'><strong>pronuntiavit</strong></span> <span class='ocrx_word' id='word_1_123' title='bbox 873 1632 1231 1704; x_wconf 83' lang='lat' dir='ltr'><strong>quiamelior</strong></span> <span class='ocrx_word' id='word_1_124' title='bbox 1246 1631 1342 1688; x_wconf 90' lang='lat' dir='ltr'><strong>illo</strong></span> <span class='ocrx_word' id='word_1_125' title='bbox 1355 1632 1652 1688; x_wconf 80' lang='lat' dir='ltr'><strong>abortivus</strong></span> <span class='ocrx_word' id='word_1_126' title='bbox 1663 1632 1866 1700; x_wconf 79' lang='lat' dir='ltr'><strong>(Eccle.</strong></span> 
     </span>
    </p>
   </div>
   <div class='ocr_carea' id='block_1_18' title="bbox 219 1720 1870 1793">
    <p class='ocr_par' dir='ltr' id='par_1_18' title="bbox 219 1720 1870 1793">
     <span class='ocr_line' id='line_1_18' title="bbox 219 1720 1870 1793; baseline -0.004 -10"><span class='ocrx_word' id='word_1_127' title='bbox 219 1744 294 1791; x_wconf 71' lang='lat' dir='ltr'><strong>vi,</strong></span> <span class='ocrx_word' id='word_1_128' title='bbox 323 1726 402 1781; x_wconf 77' lang='grc'>3).</span> <span class='ocrx_word' id='word_1_129' title='bbox 429 1724 577 1780; x_wconf 83' lang='lat' dir='ltr'><strong>Huic</strong></span> <span class='ocrx_word' id='word_1_130' title='bbox 625 1725 789 1778; x_wconf 80' lang='lat' dir='ltr'><strong>enim</strong></span> <span class='ocrx_word' id='word_1_131' title='bbox 822 1723 1052 1793; x_wconf 77' lang='lat' dir='ltr'><strong>requies</strong></span> <span class='ocrx_word' id='word_1_132' title='bbox 1103 1721 1293 1793; x_wconf 85' lang='lat' dir='ltr'><strong>magis</strong></span> <span class='ocrx_word' id='word_1_133' title='bbox 1327 1738 1506 1791; x_wconf 89' lang='lat' dir='ltr'><strong>quam</strong></span> <span class='ocrx_word' id='word_1_134' title='bbox 1540 1720 1623 1775; x_wconf 84' lang='lat' dir='ltr'><strong>illi</strong></span> <span class='ocrx_word' id='word_1_135' title='bbox 1658 1739 1670 1787; x_wconf 92' lang='lat'><strong>;</strong></span> <span class='ocrx_word' id='word_1_136' title='bbox 1730 1720 1870 1793; x_wconf 89' lang='lat' dir='ltr'><strong>quia</strong></span> 
     </span>
    </p>
   </div>
   <div class='ocr_carea' id='block_1_19' title="bbox 217 1809 1949 1910">
    <p class='ocr_par' dir='ltr' id='par_1_19' title="bbox 217 1809 1949 1910">
     <span class='ocr_line' id='line_1_19' title="bbox 217 1809 1949 1910; baseline -0.004 -38"><span class='ocrx_word' id='word_1_137' title='bbox 217 1832 332 1872; x_wconf 88' lang='lat' dir='ltr'><strong>non</strong></span> <span class='ocrx_word' id='word_1_138' title='bbox 365 1819 641 1885; x_wconf 82' lang='lat' dir='ltr'><strong>expertus</strong></span> <span class='ocrx_word' id='word_1_139' title='bbox 668 1818 759 1869; x_wconf 89' lang='lat' dir='ltr'><strong>est</strong></span> <span class='ocrx_word' id='word_1_140' title='bbox 789 1812 1124 1868; x_wconf 77' lang='lat' dir='ltr'><strong>varietatem</strong></span> <span class='ocrx_word' id='word_1_141' title='bbox 1164 1809 1388 1891; x_wconf 72' lang='lat' dir='ltr'><strong>saeculi,</strong></span> <span class='ocrx_word' id='word_1_142' title='bbox 1429 1810 1487 1864; x_wconf 91' lang='lat' dir='ltr'><strong>in</strong></span> <span class='ocrx_word' id='word_1_143' title='bbox 1544 1828 1661 1881; x_wconf 91' lang='lat' dir='ltr'><strong>qua</strong></span> <span class='ocrx_word' id='word_1_144' title='bbox 1712 1815 1772 1910; x_wconf 78' lang='lat' dir='ltr'><strong>et</strong></span> <span class='ocrx_word' id='word_1_145' title='bbox 1818 1809 1869 1865; x_wconf 91' lang='lat' dir='ltr'><strong>si</strong></span> <span class='ocrx_word' id='word_1_146' title='bbox 1902 1844 1949 1910; x_wconf 79' lang='grc' dir='ltr'><strong>Β</strong></span> 
     </span>
    </p>
   </div>
   <div class='ocr_carea' id='block_1_20' title="bbox 216 1898 1867 1974">
    <p class='ocr_par' dir='ltr' id='par_1_20' title="bbox 216 1898 1867 1974">
     <span class='ocr_line' id='line_1_20' title="bbox 216 1898 1867 1974; baseline -0.005 -12"><span class='ocrx_word' id='word_1_147' title='bbox 216 1903 381 1962; x_wconf 84' lang='lat' dir='ltr'><strong>mille</strong></span> <span class='ocrx_word' id='word_1_148' title='bbox 412 1919 599 1959; x_wconf 89' lang='lat' dir='ltr'><strong>annos</strong></span> <span class='ocrx_word' id='word_1_149' title='bbox 623 1901 758 1974; x_wconf 84' lang='lat' dir='ltr'><strong>quis</strong></span> <span class='ocrx_word' id='word_1_150' title='bbox 786 1900 1011 1965; x_wconf 83' lang='lat' dir='ltr'><strong>vixerit,</strong></span> <span class='ocrx_word' id='word_1_151' title='bbox 1038 1900 1198 1972; x_wconf 85' lang='lat' dir='ltr'><strong>quod</strong></span> <span class='ocrx_word' id='word_1_152' title='bbox 1256 1900 1478 1955; x_wconf 88' lang='lat' dir='ltr'><strong>bonum</strong></span> <span class='ocrx_word' id='word_1_153' title='bbox 1534 1907 1622 1956; x_wconf 89' lang='lat' dir='ltr'><strong>est</strong></span> <span class='ocrx_word' id='word_1_154' title='bbox 1674 1898 1867 1954; x_wconf 88' lang='lat' dir='ltr'><strong>videre</strong></span> 
     </span>
    </p>
   </div>
   <div class='ocr_carea' id='block_1_21' title="bbox 217 1988 1865 2067">
    <p class='ocr_par' dir='ltr' id='par_1_21' title="bbox 217 1988 1865 2067">
     <span class='ocr_line' id='line_1_21' title="bbox 217 1988 1865 2067; baseline -0.004 -17"><span class='ocrx_word' id='word_1_155' title='bbox 217 2009 334 2050; x_wconf 77' lang='lat' dir='ltr'><strong>non</strong></span> <span class='ocrx_word' id='word_1_156' title='bbox 365 1990 579 2067; x_wconf 87' lang='lat' dir='ltr'><strong>potuit.</strong></span> <span class='ocrx_word' id='word_1_157' title='bbox 613 1990 857 2063; x_wconf 84' lang='lat' dir='ltr'><strong>Fugisse</strong></span> <span class='ocrx_word' id='word_1_158' title='bbox 907 2005 1043 2063; x_wconf 91' lang='lat' dir='ltr'><strong>ergo</strong></span> <span class='ocrx_word' id='word_1_159' title='bbox 1074 1988 1197 2044; x_wconf 72' lang='lat' dir='ltr'><strong>haec</strong></span> <span class='ocrx_word' id='word_1_160' title='bbox 1254 1989 1443 2061; x_wconf 87' lang='lat' dir='ltr'><strong>magis</strong></span> <span class='ocrx_word' id='word_1_161' title='bbox 1496 1992 1586 2044; x_wconf 91' lang='lat' dir='ltr'><strong>est</strong></span> <span class='ocrx_word' id='word_1_162' title='bbox 1641 1988 1865 2060; x_wconf 65' lang='lat' dir='ltr'><strong>gratias,</strong></span> 
     </span>
    </p>
   </div>
   <div class='ocr_carea' id='block_1_22' title="bbox 218 2079 701 2156">
    <p class='ocr_par' dir='ltr' id='par_1_22' title="bbox 218 2079 701 2156">
     <span class='ocr_line' id='line_1_22' title="bbox 218 2079 701 2156; baseline -0.008 -18"><span class='ocrx_word' id='word_1_163' title='bbox 218 2097 396 2156; x_wconf 89' lang='lat' dir='ltr'><strong>quam</strong></span> <span class='ocrx_word' id='word_1_164' title='bbox 428 2079 701 2136; x_wconf 84' lang='lat' dir='ltr'><strong>subiisse.</strong></span> 
     </span>
    </p>
   </div>
   <div class='ocr_carea' id='block_1_23' title="bbox 287 2165 1863 2238">
    <p class='ocr_par' dir='ltr' id='par_1_23' title="bbox 287 2165 1863 2238">
     <span class='ocr_line' id='line_1_23' title="bbox 287 2165 1863 2238; baseline -0.006 -10"><span class='ocrx_word' id='word_1_165' title='bbox 287 2172 378 2228; x_wconf 80' lang='grc'><strong>46.</strong></span> <span class='ocrx_word' id='word_1_166' title='bbox 411 2169 522 2225; x_wconf 86' lang='lat' dir='ltr'><strong>Sed</strong></span> <span class='ocrx_word' id='word_1_167' title='bbox 556 2171 803 2225; x_wconf 78' lang='lat' dir='ltr'><strong>fortasse</strong></span> <span class='ocrx_word' id='word_1_168' title='bbox 846 2165 994 2222; x_wconf 91' lang='lat' dir='ltr'><strong>illud</strong></span> <span class='ocrx_word' id='word_1_169' title='bbox 1052 2172 1281 2223; x_wconf 86' lang='lat' dir='ltr'><strong>moveat</strong></span> <span class='ocrx_word' id='word_1_170' title='bbox 1337 2166 1492 2238; x_wconf 86' lang='lat' dir='ltr'><strong>quod</strong></span> <span class='ocrx_word' id='word_1_171' title='bbox 1549 2165 1863 2237; x_wconf 85' lang='lat' dir='ltr'><strong>adjunxit:</strong></span> 
     </span>
    </p>
   </div>
   <div class='ocr_carea' id='block_1_24' title="bbox 218 2255 1863 2328">
    <p class='ocr_par' dir='ltr' id='par_1_24' title="bbox 218 2255 1863 2328">
     <span class='ocr_line' id='line_1_24' title="bbox 218 2255 1863 2328; baseline -0.001 -17"><span class='ocrx_word' id='word_1_172' title='bbox 218 2285 246 2311; x_wconf 80' lang='grc' dir='ltr'><strong>α</strong></span> <span class='ocrx_word' id='word_1_173' title='bbox 275 2260 423 2328; x_wconf 84' lang='lat' dir='ltr'><strong>Quia</strong></span> <span class='ocrx_word' id='word_1_174' title='bbox 453 2260 696 2315; x_wconf 89' lang='lat' dir='ltr'><strong>manent</strong></span> <span class='ocrx_word' id='word_1_175' title='bbox 724 2256 879 2312; x_wconf 84' lang='lat' dir='ltr'><strong>sicut</strong></span> <span class='ocrx_word' id='word_1_176' title='bbox 906 2270 1040 2310; x_wconf 89' lang='lat' dir='ltr'><strong>oves</strong></span> <span class='ocrx_word' id='word_1_177' title='bbox 1098 2259 1323 2309; x_wconf 64' lang='lat' dir='ltr'><strong>aeternae</strong></span> <span class='ocrx_word' id='word_1_178' title='bbox 1357 2272 1371 2320; x_wconf 90' lang='lat'><strong>;</strong></span> <span class='ocrx_word' id='word_1_179' title='bbox 1435 2255 1601 2326; x_wconf 88' lang='lat' dir='ltr'><strong>pueri</strong></span> <span class='ocrx_word' id='word_1_180' title='bbox 1667 2259 1863 2310; x_wconf 91' lang='lat' dir='ltr'><strong>autem</strong></span> 
     </span>
    </p>
   </div>
   <div class='ocr_carea' id='block_1_25' title="bbox 217 2342 1864 2417">
    <p class='ocr_par' dir='ltr' id='par_1_25' title="bbox 217 2342 1864 2417">
     <span class='ocr_line' id='line_1_25' title="bbox 217 2342 1864 2417; baseline -0.005 -10"><span class='ocrx_word' id='word_1_181' title='bbox 217 2365 421 2407; x_wconf 88' lang='lat' dir='ltr'><strong>eorum</strong></span> <span class='ocrx_word' id='word_1_182' title='bbox 453 2346 671 2402; x_wconf 91' lang='lat' dir='ltr'><strong>ludunt</strong></span> <span class='ocrx_word' id='word_1_183' title='bbox 695 2344 1049 2417; x_wconf 84' lang='lat' dir='ltr'><strong>accipientes</strong></span> <span class='ocrx_word' id='word_1_184' title='bbox 1073 2343 1420 2416; x_wconf 82' lang='lat' dir='ltr'><strong>psalterium</strong></span> <span class='ocrx_word' id='word_1_185' title='bbox 1451 2347 1510 2398; x_wconf 89' lang='lat' dir='ltr'><strong>et</strong></span> <span class='ocrx_word' id='word_1_186' title='bbox 1556 2342 1864 2413; x_wconf 80' lang='lat' dir='ltr'><strong>citharam,</strong></span> 
     </span>
    </p>
   </div>
   <div class='ocr_carea' id='block_1_26' title="bbox 216 2431 1863 2506">
    <p class='ocr_par' dir='ltr' id='par_1_26' title="bbox 216 2431 1863 2506">
     <span class='ocr_line' id='line_1_26' title="bbox 216 2431 1863 2506; baseline -0.004 -10"><span class='ocrx_word' id='word_1_187' title='bbox 216 2444 272 2497; x_wconf 90' lang='lat' dir='ltr'><strong>et</strong></span> <span class='ocrx_word' id='word_1_188' title='bbox 299 2436 666 2494; x_wconf 86' lang='lat' dir='ltr'><strong>delectantur</strong></span> <span class='ocrx_word' id='word_1_189' title='bbox 678 2450 812 2490; x_wconf 87' lang='lat' dir='ltr'><strong>voce</strong></span> <span class='ocrx_word' id='word_1_190' title='bbox 829 2431 1063 2506; x_wconf 81' lang='lat' dir='ltr'><strong>psalmi.</strong></span> <span class='ocrx_word' id='word_1_191' title='bbox 1088 2432 1863 2489; x_wconf 86' lang='lat' dir='ltr'><strong>Consummaveruntautem</strong></span> 
     </span>
    </p>
   </div>
   <div class='ocr_carea' id='block_1_27' title="bbox 216 2519 1867 2591">
    <p class='ocr_par' dir='ltr' id='par_1_27' title="bbox 216 2519 1867 2591">
     <span class='ocr_line' id='line_1_27' title="bbox 216 2519 1867 2591; baseline -0.005 -7"><span class='ocrx_word' id='word_1_192' title='bbox 216 2528 277 2584; x_wconf 92' lang='lat' dir='ltr'><strong>in</strong></span> <span class='ocrx_word' id='word_1_193' title='bbox 308 2525 481 2584; x_wconf 88' lang='lat' dir='ltr'><strong>bonis</strong></span> <span class='ocrx_word' id='word_1_194' title='bbox 510 2524 690 2580; x_wconf 87' lang='lat' dir='ltr'><strong>vitam</strong></span> <span class='ocrx_word' id='word_1_195' title='bbox 720 2538 915 2588; x_wconf 84' lang='lat' dir='ltr'><strong>suam,</strong></span> <span class='ocrx_word' id='word_1_196' title='bbox 948 2522 1006 2577; x_wconf 90' lang='lat' dir='ltr'><strong>in</strong></span> <span class='ocrx_word' id='word_1_197' title='bbox 1039 2521 1239 2591; x_wconf 88' lang='lat' dir='ltr'><strong>requie</strong></span> <span class='ocrx_word' id='word_1_198' title='bbox 1269 2525 1466 2576; x_wconf 89' lang='lat' dir='ltr'><strong>autem</strong></span> <span class='ocrx_word' id='word_1_199' title='bbox 1499 2519 1708 2576; x_wconf 86' lang='lat' dir='ltr'><strong>inferni</strong></span> <span class='ocrx_word' id='word_1_200' title='bbox 1738 2520 1867 2576; x_wconf 89' lang='lat' dir='ltr'><strong>dor-</strong></span> 
     </span>
    </p>
   </div>
   <div class='ocr_carea' id='block_1_28' title="bbox 220 2607 1867 2685">
    <p class='ocr_par' dir='ltr' id='par_1_28' title="bbox 220 2607 1867 2685">
     <span class='ocr_line' id='line_1_28' title="bbox 220 2607 1867 2685; baseline -0.005 -12"><span class='ocrx_word' id='word_1_201' title='bbox 220 2617 482 2673; x_wconf 87' lang='lat' dir='ltr'><strong>mierunt</strong></span> <span class='ocrx_word' id='word_1_202' title='bbox 509 2612 625 2685; x_wconf 83' lang='lat' dir='ltr'><strong>(Job</strong></span> <span class='ocrx_word' id='word_1_203' title='bbox 653 2627 772 2678; x_wconf 74' lang='lat' dir='ltr'><strong>xxx,</strong></span> <span class='ocrx_word' id='word_1_204' title='bbox 804 2611 865 2683; x_wconf 71' lang='lat' dir='ltr'><strong>il</strong></span> <span class='ocrx_word' id='word_1_205' title='bbox 905 2610 1012 2681; x_wconf 87' lang='grc'>13).</span> <span class='ocrx_word' id='word_1_206' title='bbox 1052 2631 1079 2657; x_wconf 85' lang='grc'><strong>››</strong></span> <span class='ocrx_word' id='word_1_207' title='bbox 1113 2607 1417 2681; x_wconf 83' lang='lat' dir='ltr'><strong>Distingue</strong></span> <span class='ocrx_word' id='word_1_208' title='bbox 1445 2607 1588 2673; x_wconf 72' lang='lat' dir='ltr'><strong>haec,</strong></span> <span class='ocrx_word' id='word_1_209' title='bbox 1617 2611 1674 2662; x_wconf 90' lang='lat' dir='ltr'><strong>et</strong></span> <span class='ocrx_word' id='word_1_210' title='bbox 1728 2607 1867 2679; x_wconf 84' lang='lat' dir='ltr'><strong>quia</strong></span> 
     </span>
    </p>
   </div>
   <div class='ocr_carea' id='block_1_29' title="bbox 217 2696 1862 2779">
    <p class='ocr_par' dir='ltr' id='par_1_29' title="bbox 217 2696 1862 2779">
     <span class='ocr_line' id='line_1_29' title="bbox 217 2696 1862 2779; baseline -0.006 -17"><span class='ocrx_word' id='word_1_211' title='bbox 217 2703 501 2779; x_wconf 87' lang='lat' dir='ltr'><strong>spiritalis</strong></span> <span class='ocrx_word' id='word_1_212' title='bbox 526 2718 612 2768; x_wconf 89' lang='lat' dir='ltr'><strong>es,</strong></span> <span class='ocrx_word' id='word_1_213' title='bbox 643 2699 921 2772; x_wconf 90' lang='lat' dir='ltr'><strong>dijudica.</strong></span> <span class='ocrx_word' id='word_1_214' title='bbox 957 2697 1130 2771; x_wconf 89' lang='lat' dir='ltr'><strong>lmpii</strong></span> <span class='ocrx_word' id='word_1_215' title='bbox 1160 2696 1314 2752; x_wconf 88' lang='lat' dir='ltr'><strong>sicut</strong></span> <span class='ocrx_word' id='word_1_216' title='bbox 1333 2696 1532 2751; x_wconf 65' lang='lat' dir='ltr'><strong>aterni</strong></span> <span class='ocrx_word' id='word_1_217' title='bbox 1562 2700 1720 2764; x_wconf 90' lang='lat' dir='ltr'><strong>sunt,</strong></span> <span class='ocrx_word' id='word_1_218' title='bbox 1748 2712 1862 2752; x_wconf 90' lang='lat' dir='ltr'><strong>non</strong></span> 
     </span>
    </p>
   </div>
   <div class='ocr_carea' id='block_1_30' title="bbox 217 2785 1866 2863">
    <p class='ocr_par' dir='ltr' id='par_1_30' title="bbox 217 2785 1866 2863">
     <span class='ocr_line' id='line_1_30' title="bbox 217 2785 1866 2863; baseline -0.005 -14"><span class='ocrx_word' id='word_1_219' title='bbox 217 2792 419 2850; x_wconf 68' lang='lat' dir='ltr'><strong>aeterni</strong></span> <span class='ocrx_word' id='word_1_220' title='bbox 453 2809 467 2859; x_wconf 92' lang='lat'><strong>;</strong></span> <span class='ocrx_word' id='word_1_221' title='bbox 493 2790 631 2863; x_wconf 89' lang='lat' dir='ltr'><strong>quia</strong></span> <span class='ocrx_word' id='word_1_222' title='bbox 660 2806 773 2844; x_wconf 89' lang='lat' dir='ltr'><strong>non</strong></span> <span class='ocrx_word' id='word_1_223' title='bbox 808 2792 1059 2860; x_wconf 91' lang='lat' dir='ltr'><strong>possunt</strong></span> <span class='ocrx_word' id='word_1_224' title='bbox 1090 2786 1467 2841; x_wconf 67' lang='lat' dir='ltr'><strong>aeternitatem</strong></span> <span class='ocrx_word' id='word_1_225' title='bbox 1498 2786 1761 2857; x_wconf 87' lang='lat' dir='ltr'><strong>accipere</strong></span> <span class='ocrx_word' id='word_1_226' title='bbox 1792 2785 1866 2841; x_wconf 88' lang='lat' dir='ltr'><strong>ab</strong></span> 
     </span>
    </p>
   </div>
   <div class='ocr_carea' id='block_1_31' title="bbox 220 2874 1865 2954">
    <p class='ocr_par' dir='ltr' id='par_1_31' title="bbox 220 2874 1865 2954">
     <span class='ocr_line' id='line_1_31' title="bbox 220 2874 1865 2954; baseline -0.006 -15"><span class='ocrx_word' id='word_1_227' title='bbox 220 2900 284 2940; x_wconf 88' lang='lat' dir='ltr'><strong>eo</strong></span> <span class='ocrx_word' id='word_1_228' title='bbox 314 2880 420 2954; x_wconf 79' lang='lat' dir='ltr'><strong>qui</strong></span> <span class='ocrx_word' id='word_1_229' title='bbox 449 2896 567 2936; x_wconf 89' lang='lat' dir='ltr'><strong>non</strong></span> <span class='ocrx_word' id='word_1_230' title='bbox 593 2879 669 2934; x_wconf 91' lang='lat' dir='ltr'><strong>sit</strong></span> <span class='ocrx_word' id='word_1_231' title='bbox 696 2882 968 2932; x_wconf 70' lang='lat' dir='ltr'><strong>aeternus.</strong></span> <span class='ocrx_word' id='word_1_232' title='bbox 1003 2875 1128 2930; x_wconf 81' lang='lat' dir='ltr'><strong>Non</strong></span> <span class='ocrx_word' id='word_1_233' title='bbox 1159 2891 1295 2947; x_wconf 84' lang='lat' dir='ltr'><strong>ergo</strong></span> <span class='ocrx_word' id='word_1_234' title='bbox 1329 2878 1518 2947; x_wconf 88' lang='lat' dir='ltr'><strong>potest</strong></span> <span class='ocrx_word' id='word_1_235' title='bbox 1539 2874 1679 2929; x_wconf 89' lang='lat' dir='ltr'><strong>dare</strong></span> <span class='ocrx_word' id='word_1_236' title='bbox 1707 2874 1865 2945; x_wconf 75' lang='lat' dir='ltr'><strong>quod</strong></span> 
     </span>
    </p>
   </div>
   <div class='ocr_carea' id='block_1_32' title="bbox 221 2961 1867 3041">
    <p class='ocr_par' dir='ltr' id='par_1_32' title="bbox 221 2961 1867 3041">
     <span class='ocr_line' id='line_1_32' title="bbox 221 2961 1867 3041; baseline -0.007 -11"><span class='ocrx_word' id='word_1_237' title='bbox 221 2988 337 3031; x_wconf 81' lang='lat' dir='ltr'><strong>non</strong></span> <span class='ocrx_word' id='word_1_238' title='bbox 367 2969 564 3041; x_wconf 70' lang='lat' dir='ltr'><strong>habet,</strong></span> <span class='ocrx_word' id='word_1_239' title='bbox 597 2982 704 3023; x_wconf 88' lang='lat' dir='ltr'><strong>nec</strong></span> <span class='ocrx_word' id='word_1_240' title='bbox 730 2968 923 3037; x_wconf 86' lang='lat' dir='ltr'><strong>potest</strong></span> <span class='ocrx_word' id='word_1_241' title='bbox 950 2963 1287 3019; x_wconf 88' lang='lat' dir='ltr'><strong>illuminare</strong></span> <span class='ocrx_word' id='word_1_242' title='bbox 1317 2961 1418 3034; x_wconf 90' lang='lat' dir='ltr'><strong>qui</strong></span> <span class='ocrx_word' id='word_1_243' title='bbox 1452 2978 1565 3018; x_wconf 92' lang='lat' dir='ltr'><strong>non</strong></span> <span class='ocrx_word' id='word_1_244' title='bbox 1608 2963 1867 3033; x_wconf 90' lang='lat' dir='ltr'><strong>possidet</strong></span> 
     </span>
    </p>
   </div>
   <div class='ocr_carea' id='block_1_33' title="bbox 218 3049 1867 3126">
    <p class='ocr_par' dir='ltr' id='par_1_33' title="bbox 218 3049 1867 3126">
     <span class='ocr_line' id='line_1_33' title="bbox 218 3049 1867 3126; baseline -0.006 -10"><span class='ocrx_word' id='word_1_245' title='bbox 218 3060 409 3116; x_wconf 86' lang='lat' dir='ltr'><strong>lucem</strong></span> <span class='ocrx_word' id='word_1_246' title='bbox 444 3076 457 3113; x_wconf 90' lang='lat'>:</span> <span class='ocrx_word' id='word_1_247' title='bbox 490 3057 592 3112; x_wconf 88' lang='lat' dir='ltr'><strong>sed</strong></span> <span class='ocrx_word' id='word_1_248' title='bbox 625 3053 1011 3126; x_wconf 81' lang='lat' dir='ltr'><strong>transfigurat</strong></span> <span class='ocrx_word' id='word_1_249' title='bbox 1040 3068 1102 3108; x_wconf 91' lang='lat' dir='ltr'><strong>se</strong></span> <span class='ocrx_word' id='word_1_250' title='bbox 1133 3051 1193 3106; x_wconf 89' lang='lat' dir='ltr'><strong>in</strong></span> <span class='ocrx_word' id='word_1_251' title='bbox 1245 3049 1517 3124; x_wconf 83' lang='lat' dir='ltr'><strong>angelum</strong></span> <span class='ocrx_word' id='word_1_252' title='bbox 1579 3049 1748 3117; x_wconf 91' lang='lat' dir='ltr'><strong>lucis,</strong></span> <span class='ocrx_word' id='word_1_253' title='bbox 1801 3053 1867 3106; x_wconf 86' lang='lat' dir='ltr'><strong>ut</strong></span> 
     </span>
    </p>
   </div>
   <div class='ocr_carea' id='block_1_34' title="bbox 218 3138 1863 3221">
    <p class='ocr_par' dir='ltr' id='par_1_34' title="bbox 218 3138 1863 3221">
     <span class='ocr_line' id='line_1_34' title="bbox 218 3138 1863 3221; baseline -0.007 -15"><span class='ocrx_word' id='word_1_254' title='bbox 218 3146 468 3221; x_wconf 86' lang='lat' dir='ltr'><strong>decipiat</strong></span> <span class='ocrx_word' id='word_1_255' title='bbox 494 3142 845 3201; x_wconf 81' lang='lat' dir='ltr'><strong>incredulos.</strong></span> <span class='ocrx_word' id='word_1_256' title='bbox 877 3140 1281 3212; x_wconf 81' lang='lat' dir='ltr'><strong>Transfigurat</strong></span> <span class='ocrx_word' id='word_1_257' title='bbox 1308 3144 1504 3195; x_wconf 89' lang='lat' dir='ltr'><strong>autem</strong></span> <span class='ocrx_word' id='word_1_258' title='bbox 1527 3155 1589 3194; x_wconf 90' lang='lat' dir='ltr'><strong>se</strong></span> <span class='ocrx_word' id='word_1_259' title='bbox 1620 3138 1863 3195; x_wconf 86' lang='lat' dir='ltr'><strong>simula-</strong></span> 
     </span>
    </p>
   </div>
   <div class='ocr_carea' id='block_1_35' title="bbox 1979 567 3618 645">
    <p class='ocr_par' dir='ltr' id='par_1_35' title="bbox 1979 567 3618 645">
     <span class='ocr_line' id='line_1_35' title="bbox 1979 567 3618 645; baseline 0.005 -22"><span class='ocrx_word' id='word_1_260' title='bbox 1979 583 2101 623; x_wconf 90' lang='lat' dir='ltr'><strong>rem</strong></span> <span class='ocrx_word' id='word_1_261' title='bbox 2134 567 2355 637; x_wconf 89' lang='lat' dir='ltr'><strong>subire,</strong></span> <span class='ocrx_word' id='word_1_262' title='bbox 2386 575 2450 626; x_wconf 92' lang='lat' dir='ltr'><strong>ut</strong></span> <span class='ocrx_word' id='word_1_263' title='bbox 2479 571 2539 626; x_wconf 92' lang='lat' dir='ltr'><strong>in</strong></span> <span class='ocrx_word' id='word_1_264' title='bbox 2585 588 2761 645; x_wconf 83' lang='lat' dir='ltr'><strong>regno</strong></span> <span class='ocrx_word' id='word_1_265' title='bbox 2819 568 3100 627; x_wconf 73' lang='lat' dir='ltr'><strong>cmlorum</strong></span> <span class='ocrx_word' id='word_1_266' title='bbox 3157 568 3618 631; x_wconf 83' lang='lat' dir='ltr'><strong>consolationem</strong></span> 
     </span>
    </p>
   </div>
   <div class='ocr_carea' id='block_1_36' title="bbox 1980 655 3626 732">
    <p class='ocr_par' dir='ltr' id='par_1_36' title="bbox 1980 655 3626 732">
     <span class='ocr_line' id='line_1_36' title="bbox 1980 655 3626 732; baseline 0.001 -21"><span class='ocrx_word' id='word_1_267' title='bbox 1980 655 2195 727; x_wconf 89' lang='lat' dir='ltr'><strong>quietis</strong></span> <span class='ocrx_word' id='word_1_268' title='bbox 2223 660 2449 716; x_wconf 61' lang='lat' dir='ltr'><strong>eterna</strong></span> <span class='ocrx_word' id='word_1_269' title='bbox 2470 675 2803 717; x_wconf 89' lang='lat' dir='ltr'><strong>mereamur</strong></span> <span class='ocrx_word' id='word_1_270' title='bbox 2831 657 3097 732; x_wconf 89' lang='lat' dir='ltr'><strong>adipisci.</strong></span> <span class='ocrx_word' id='word_1_271' title='bbox 3133 657 3345 731; x_wconf 78' lang='lat' dir='ltr'><strong>Magna</strong></span> <span class='ocrx_word' id='word_1_272' title='bbox 3372 657 3530 715; x_wconf 87' lang='lat' dir='ltr'><strong>enim</strong></span> <span class='ocrx_word' id='word_1_273' title='bbox 3560 657 3626 713; x_wconf 93' lang='lat' dir='ltr'><strong>il-</strong></span> 
     </span>
    </p>
   </div>
   <div class='ocr_carea' id='block_1_37' title="bbox 1982 743 3623 820">
    <p class='ocr_par' dir='ltr' id='par_1_37' title="bbox 1982 743 3623 820">
     <span class='ocr_line' id='line_1_37' title="bbox 1982 743 3623 820; baseline 0.003 -22"><span class='ocrx_word' id='word_1_274' title='bbox 1982 743 2212 802; x_wconf 88' lang='lat' dir='ltr'><strong>lecebra</strong></span> <span class='ocrx_word' id='word_1_275' title='bbox 2242 746 2621 820; x_wconf 87' lang='lat' dir='ltr'><strong>delinquendi</strong></span> <span class='ocrx_word' id='word_1_276' title='bbox 2650 751 2741 805; x_wconf 88' lang='lat' dir='ltr'><strong>est</strong></span> <span class='ocrx_word' id='word_1_277' title='bbox 2777 764 2973 804; x_wconf 87' lang='lat' dir='ltr'><strong>rerum</strong></span> <span class='ocrx_word' id='word_1_278' title='bbox 3004 746 3310 805; x_wconf 86' lang='lat' dir='ltr'><strong>afﬂuentia</strong></span> <span class='ocrx_word' id='word_1_279' title='bbox 3334 746 3623 805; x_wconf 86' lang='lat' dir='ltr'><strong>secunda-</strong></span> 
     </span>
    </p>
   </div>
   <div class='ocr_carea' id='block_1_38' title="bbox 1980 834 3625 908">
    <p class='ocr_par' dir='ltr' id='par_1_38' title="bbox 1980 834 3625 908">
     <span class='ocr_line' id='line_1_38' title="bbox 1980 834 3625 908; baseline 0.003 -20"><span class='ocrx_word' id='word_1_280' title='bbox 1980 851 2112 889; x_wconf 87' lang='lat' dir='ltr'><strong>rum</strong></span> <span class='ocrx_word' id='word_1_281' title='bbox 2145 860 2160 899; x_wconf 81' lang='lat'><strong>;</strong></span> <span class='ocrx_word' id='word_1_282' title='bbox 2201 834 2261 890; x_wconf 92' lang='lat' dir='ltr'><strong>in</strong></span> <span class='ocrx_word' id='word_1_283' title='bbox 2292 837 2627 908; x_wconf 89' lang='lat' dir='ltr'><strong>superbiam</strong></span> <span class='ocrx_word' id='word_1_284' title='bbox 2657 836 2900 903; x_wconf 83' lang='lat' dir='ltr'><strong>extollit,</strong></span> <span class='ocrx_word' id='word_1_285' title='bbox 2951 834 3302 893; x_wconf 86' lang='lat' dir='ltr'><strong>oblivionem</strong></span> <span class='ocrx_word' id='word_1_286' title='bbox 3368 836 3625 893; x_wconf 82' lang='lat' dir='ltr'><strong>auctoris</strong></span> 
     </span>
    </p>
   </div>
   <div class='ocr_carea' id='block_1_39' title="bbox 1980 922 3622 998">
    <p class='ocr_par' dir='ltr' id='par_1_39' title="bbox 1980 922 3622 998">
     <span class='ocr_line' id='line_1_39' title="bbox 1980 922 3622 998; baseline 0.002 -21"><span class='ocrx_word' id='word_1_287' title='bbox 1980 922 2256 979; x_wconf 82' lang='lat' dir='ltr'><strong>infundit.</strong></span> <span class='ocrx_word' id='word_1_288' title='bbox 2284 924 2601 981; x_wconf 85' lang='lat' dir='ltr'><strong>Considera</strong></span> <span class='ocrx_word' id='word_1_289' title='bbox 2628 925 2790 981; x_wconf 89' lang='lat' dir='ltr'><strong>illam</strong></span> <span class='ocrx_word' id='word_1_290' title='bbox 2821 923 3059 980; x_wconf 88' lang='lat' dir='ltr'><strong>divitem</strong></span> <span class='ocrx_word' id='word_1_291' title='bbox 3090 924 3150 979; x_wconf 91' lang='lat' dir='ltr'><strong>in</strong></span> <span class='ocrx_word' id='word_1_292' title='bbox 3183 924 3490 998; x_wconf 82' lang='lat' dir='ltr'><strong>Evangelia</strong></span> <span class='ocrx_word' id='word_1_293' title='bbox 3521 942 3622 981; x_wconf 86' lang='lat' dir='ltr'><strong>su-</strong></span> 
     </span>
    </p>
   </div>
   <div class='ocr_carea' id='block_1_40' title="bbox 1980 1014 3622 1086">
    <p class='ocr_par' dir='ltr' id='par_1_40' title="bbox 1980 1014 3622 1086">
     <span class='ocr_line' id='line_1_40' title="bbox 1980 1014 3622 1086; baseline 0.001 -18"><span class='ocrx_word' id='word_1_294' title='bbox 1980 1027 2085 1083; x_wconf 89' lang='lat' dir='ltr'><strong>per</strong></span> <span class='ocrx_word' id='word_1_295' title='bbox 2112 1019 2336 1069; x_wconf 87' lang='lat' dir='ltr'><strong>ostrum</strong></span> <span class='ocrx_word' id='word_1_296' title='bbox 2367 1019 2425 1069; x_wconf 89' lang='lat' dir='ltr'><strong>et</strong></span> <span class='ocrx_word' id='word_1_297' title='bbox 2456 1031 2775 1086; x_wconf 90' lang='lat' dir='ltr'><strong>purpuram</strong></span> <span class='ocrx_word' id='word_1_298' title='bbox 2807 1014 3267 1081; x_wconf 86' lang='lat' dir='ltr'><strong>recumbentem,</strong></span> <span class='ocrx_word' id='word_1_299' title='bbox 3322 1015 3492 1085; x_wconf 85' lang='lat' dir='ltr'><strong>cujus</strong></span> <span class='ocrx_word' id='word_1_300' title='bbox 3549 1014 3622 1069; x_wconf 88' lang='lat' dir='ltr'><strong>de</strong></span> 
     </span>
    </p>
   </div>
   <div class='ocr_carea' id='block_1_41' title="bbox 1980 1100 3627 1176">
    <p class='ocr_par' dir='ltr' id='par_1_41' title="bbox 1980 1100 3627 1176">
     <span class='ocr_line' id='line_1_41' title="bbox 1980 1100 3627 1176; baseline 0.003 -22"><span class='ocrx_word' id='word_1_301' title='bbox 1980 1117 2185 1156; x_wconf 84' lang='lat' dir='ltr'><strong>mensa</strong></span> <span class='ocrx_word' id='word_1_302' title='bbox 2217 1103 2398 1158; x_wconf 89' lang='lat' dir='ltr'><strong>micas</strong></span> <span class='ocrx_word' id='word_1_303' title='bbox 2422 1104 2625 1172; x_wconf 85' lang='lat' dir='ltr'><strong>justus</strong></span> <span class='ocrx_word' id='word_1_304' title='bbox 2656 1102 2753 1159; x_wconf 91' lang='lat' dir='ltr'><strong>ille</strong></span> <span class='ocrx_word' id='word_1_305' title='bbox 2785 1120 3006 1176; x_wconf 89' lang='lat' dir='ltr'><strong>pauper</strong></span> <span class='ocrx_word' id='word_1_306' title='bbox 3033 1103 3286 1158; x_wconf 86' lang='lat' dir='ltr'><strong>Lazarus</strong></span> <span class='ocrx_word' id='word_1_307' title='bbox 3315 1100 3627 1175; x_wconf 85' lang='lat' dir='ltr'><strong>colligebat</strong></span> 
     </span>
    </p>
   </div>
   <div class='ocr_carea' id='block_1_42' title="bbox 1981 1189 3626 1263">
    <p class='ocr_par' dir='ltr' id='par_1_42' title="bbox 1981 1189 3626 1263">
     <span class='ocr_line' id='line_1_42' title="bbox 1981 1189 3626 1263; baseline 0.003 -19"><span class='ocrx_word' id='word_1_308' title='bbox 1981 1189 2135 1255; x_wconf 85' lang='lat' dir='ltr'><strong>(Luc.</strong></span> <span class='ocrx_word' id='word_1_309' title='bbox 2158 1208 2273 1258; x_wconf 75' lang='lat' dir='ltr'><strong>xvr,</strong></span> <span class='ocrx_word' id='word_1_310' title='bbox 2298 1192 2517 1263; x_wconf 79' lang='grc'>19-21.)</span> <span class='ocrx_word' id='word_1_311' title='bbox 2547 1193 2750 1248; x_wconf 87' lang='lat' dir='ltr'><strong>Nonne</strong></span> <span class='ocrx_word' id='word_1_312' title='bbox 2779 1192 2883 1247; x_wconf 87' lang='lat' dir='ltr'><strong>tibi</strong></span> <span class='ocrx_word' id='word_1_313' title='bbox 2918 1191 3148 1248; x_wconf 90' lang='lat' dir='ltr'><strong>videtur</strong></span> <span class='ocrx_word' id='word_1_314' title='bbox 3176 1191 3340 1248; x_wconf 87' lang='lat' dir='ltr'><strong>dives</strong></span> <span class='ocrx_word' id='word_1_315' title='bbox 3396 1190 3494 1247; x_wconf 90' lang='lat' dir='ltr'><strong>ille</strong></span> <span class='ocrx_word' id='word_1_316' title='bbox 3552 1192 3626 1249; x_wconf 90' lang='lat' dir='ltr'><strong>ad</strong></span> 
     </span>
    </p>
   </div>
   <div class='ocr_carea' id='block_1_43' title="bbox 1980 1277 3624 1338">
    <p class='ocr_par' dir='ltr' id='par_1_43' title="bbox 1980 1277 3624 1338">
     <span class='ocr_line' id='line_1_43' title="bbox 1980 1277 3624 1338; baseline 0.002 -5"><span class='ocrx_word' id='word_1_317' title='bbox 1980 1277 2163 1334; x_wconf 87' lang='lat' dir='ltr'><strong>Deum</strong></span> <span class='ocrx_word' id='word_1_318' title='bbox 2195 1281 2386 1337; x_wconf 88' lang='lat' dir='ltr'><strong>dicere</strong></span> <span class='ocrx_word' id='word_1_319' title='bbox 2417 1297 2429 1334; x_wconf 90' lang='lat'><strong>:</strong></span> <span class='ocrx_word' id='word_1_320' title='bbox 2464 1304 2491 1330; x_wconf 87' lang='grc'><strong>‹‹</strong></span> <span class='ocrx_word' id='word_1_321' title='bbox 2522 1281 2763 1338; x_wconf 86' lang='lat' dir='ltr'><strong>Discede</strong></span> <span class='ocrx_word' id='word_1_322' title='bbox 2791 1298 2827 1337; x_wconf 91' lang='lat' dir='ltr'><strong>a</strong></span> <span class='ocrx_word' id='word_1_323' title='bbox 2856 1298 2952 1338; x_wconf 89' lang='lat' dir='ltr'><strong>me</strong></span> <span class='ocrx_word' id='word_1_324' title='bbox 2982 1298 2994 1336; x_wconf 90' lang='lat'><strong>:</strong></span> <span class='ocrx_word' id='word_1_325' title='bbox 3028 1282 3153 1336; x_wconf 89' lang='lat' dir='ltr'><strong>vias</strong></span> <span class='ocrx_word' id='word_1_326' title='bbox 3181 1285 3314 1337; x_wconf 88' lang='lat' dir='ltr'><strong>tuas</strong></span> <span class='ocrx_word' id='word_1_327' title='bbox 3343 1279 3493 1338; x_wconf 88' lang='lat' dir='ltr'><strong>scire</strong></span> <span class='ocrx_word' id='word_1_328' title='bbox 3512 1297 3624 1337; x_wconf 85' lang='lat' dir='ltr'><strong>no-</strong></span> 
     </span>
    </p>
   </div>
   <div class='ocr_carea' id='block_1_44' title="bbox 1978 1366 3622 1441">
    <p class='ocr_par' dir='ltr' id='par_1_44' title="bbox 1978 1366 3622 1441">
     <span class='ocr_line' id='line_1_44' title="bbox 1978 1366 3622 1441; baseline 0.002 -18"><span class='ocrx_word' id='word_1_329' title='bbox 1978 1366 2033 1423; x_wconf 93' lang='lat' dir='ltr'><strong>lo</strong></span> <span class='ocrx_word' id='word_1_330' title='bbox 2065 1370 2180 1439; x_wconf 80' lang='lat' dir='ltr'><strong>(Job</strong></span> <span class='ocrx_word' id='word_1_331' title='bbox 2213 1386 2329 1439; x_wconf 73' lang='lat' dir='ltr'><strong>xxx,</strong></span> <span class='ocrx_word' id='word_1_332' title='bbox 2361 1370 2471 1439; x_wconf 74' lang='lat' dir='ltr'><strong>l4).</strong></span> <span class='ocrx_word' id='word_1_333' title='bbox 2509 1392 2536 1419; x_wconf 88' lang='grc'><strong>››</strong></span> <span class='ocrx_word' id='word_1_334' title='bbox 2568 1371 2635 1426; x_wconf 89' lang='lat' dir='ltr'><strong>Et</strong></span> <span class='ocrx_word' id='word_1_335' title='bbox 2664 1386 2793 1427; x_wconf 90' lang='lat' dir='ltr'><strong>vere</strong></span> <span class='ocrx_word' id='word_1_336' title='bbox 2834 1369 3043 1425; x_wconf 90' lang='lat' dir='ltr'><strong>nolunt</strong></span> <span class='ocrx_word' id='word_1_337' title='bbox 3072 1368 3222 1425; x_wconf 91' lang='lat' dir='ltr'><strong>scire</strong></span> <span class='ocrx_word' id='word_1_338' title='bbox 3278 1368 3622 1441; x_wconf 82' lang='lat' dir='ltr'><strong>hujusmodi</strong></span> 
     </span>
    </p>
   </div>
   <div class='ocr_carea' id='block_1_45' title="bbox 1977 1457 3620 1531">
    <p class='ocr_par' dir='ltr' id='par_1_45' title="bbox 1977 1457 3620 1531">
     <span class='ocr_line' id='line_1_45' title="bbox 1977 1457 3620 1531; baseline 0.001 -18"><span class='ocrx_word' id='word_1_339' title='bbox 1977 1457 2102 1513; x_wconf 90' lang='lat' dir='ltr'><strong>vias</strong></span> <span class='ocrx_word' id='word_1_340' title='bbox 2129 1457 2358 1513; x_wconf 90' lang='lat' dir='ltr'><strong>Domini</strong></span> <span class='ocrx_word' id='word_1_341' title='bbox 2394 1476 2407 1525; x_wconf 91' lang='lat'><strong>;</strong></span> <span class='ocrx_word' id='word_1_342' title='bbox 2442 1459 2492 1514; x_wconf 89' lang='lat' dir='ltr'><strong>si</strong></span> <span class='ocrx_word' id='word_1_343' title='bbox 2530 1458 2686 1515; x_wconf 90' lang='lat' dir='ltr'><strong>enim</strong></span> <span class='ocrx_word' id='word_1_344' title='bbox 2716 1457 2951 1527; x_wconf 86' lang='lat' dir='ltr'><strong>vellent,</strong></span> <span class='ocrx_word' id='word_1_345' title='bbox 3008 1463 3445 1531; x_wconf 83' lang='lat' dir='ltr'><strong>cognoscerent.</strong></span> <span class='ocrx_word' id='word_1_346' title='bbox 3506 1458 3620 1515; x_wconf 87' lang='lat' dir='ltr'><strong>Sed</strong></span> 
     </span>
    </p>
   </div>
   <div class='ocr_carea' id='block_1_46' title="bbox 1980 1546 3618 1620">
    <p class='ocr_par' dir='ltr' id='par_1_46' title="bbox 1980 1546 3618 1620">
     <span class='ocr_line' id='line_1_46' title="bbox 1980 1546 3618 1620; baseline 0.001 -18"><span class='ocrx_word' id='word_1_347' title='bbox 1980 1546 2118 1619; x_wconf 90' lang='lat' dir='ltr'><strong>quia</strong></span> <span class='ocrx_word' id='word_1_348' title='bbox 2147 1546 2330 1618; x_wconf 63' lang='lat' dir='ltr'><strong>plenae</strong></span> <span class='ocrx_word' id='word_1_349' title='bbox 2360 1553 2499 1602; x_wconf 90' lang='lat' dir='ltr'><strong>sunt</strong></span> <span class='ocrx_word' id='word_1_350' title='bbox 2528 1547 2765 1614; x_wconf 88' lang='lat' dir='ltr'><strong>laboris,</strong></span> <span class='ocrx_word' id='word_1_351' title='bbox 2798 1547 3105 1620; x_wconf 85' lang='lat' dir='ltr'><strong>fugiuntur</strong></span> <span class='ocrx_word' id='word_1_352' title='bbox 3134 1553 3193 1603; x_wconf 89' lang='lat' dir='ltr'><strong>et</strong></span> <span class='ocrx_word' id='word_1_353' title='bbox 3247 1546 3618 1605; x_wconf 87' lang='lat' dir='ltr'><strong>declinantur</strong></span> 
     </span>
    </p>
   </div>
   <div class='ocr_carea' id='block_1_47' title="bbox 1979 1635 3623 1711">
    <p class='ocr_par' dir='ltr' id='par_1_47' title="bbox 1979 1635 3623 1711">
     <span class='ocr_line' id='line_1_47' title="bbox 1979 1635 3623 1711; baseline 0.001 -19"><span class='ocrx_word' id='word_1_354' title='bbox 1979 1653 2013 1692; x_wconf 85' lang='lat' dir='ltr'><strong>a</strong></span> <span class='ocrx_word' id='word_1_355' title='bbox 2042 1636 2305 1707; x_wconf 84' lang='lat' dir='ltr'><strong>perditis.</strong></span> <span class='ocrx_word' id='word_1_356' title='bbox 2339 1635 2513 1699; x_wconf 84' lang='lat' dir='ltr'><strong>Quasi</strong></span> <span class='ocrx_word' id='word_1_357' title='bbox 2543 1636 2741 1693; x_wconf 88' lang='lat' dir='ltr'><strong>ebrius</strong></span> <span class='ocrx_word' id='word_1_358' title='bbox 2771 1636 2966 1708; x_wconf 85' lang='lat' dir='ltr'><strong>itaque</strong></span> <span class='ocrx_word' id='word_1_359' title='bbox 3004 1653 3118 1692; x_wconf 90' lang='lat' dir='ltr'><strong>non</strong></span> <span class='ocrx_word' id='word_1_360' title='bbox 3152 1637 3515 1711; x_wconf 85' lang='lat' dir='ltr'><strong>recognoscit</strong></span> <span class='ocrx_word' id='word_1_361' title='bbox 3534 1654 3623 1695; x_wconf 82' lang='lat' dir='ltr'><strong>sa-</strong></span> 
     </span>
    </p>
   </div>
   <div class='ocr_carea' id='block_1_48' title="bbox 1979 1723 3621 1797">
    <p class='ocr_par' dir='ltr' id='par_1_48' title="bbox 1979 1723 3621 1797">
     <span class='ocr_line' id='line_1_48' title="bbox 1979 1723 3621 1797; baseline 0.002 -19"><span class='ocrx_word' id='word_1_362' title='bbox 1979 1723 2119 1779; x_wconf 90' lang='lat' dir='ltr'><strong>lutis</strong></span> <span class='ocrx_word' id='word_1_363' title='bbox 2150 1730 2464 1780; x_wconf 86' lang='lat' dir='ltr'><strong>auctorem.</strong></span> <span class='ocrx_word' id='word_1_364' title='bbox 2499 1725 2759 1796; x_wconf 86' lang='lat' dir='ltr'><strong>Denique</strong></span> <span class='ocrx_word' id='word_1_365' title='bbox 2790 1740 3103 1780; x_wconf 89' lang='lat' dir='ltr'><strong>conversus</strong></span> <span class='ocrx_word' id='word_1_366' title='bbox 3132 1725 3205 1780; x_wconf 91' lang='lat' dir='ltr'><strong>ad</strong></span> <span class='ocrx_word' id='word_1_367' title='bbox 3262 1730 3621 1797; x_wconf 83' lang='lat' dir='ltr'><strong>compotato-</strong></span> 
     </span>
    </p>
   </div>
   <div class='ocr_carea' id='block_1_49' title="bbox 1979 1812 3621 1885">
    <p class='ocr_par' dir='ltr' id='par_1_49' title="bbox 1979 1812 3621 1885">
     <span class='ocr_line' id='line_1_49' title="bbox 1979 1812 3621 1885; baseline 0.001 -17"><span class='ocrx_word' id='word_1_368' title='bbox 1979 1829 2071 1868; x_wconf 91' lang='lat' dir='ltr'><strong>res</strong></span> <span class='ocrx_word' id='word_1_369' title='bbox 2100 1829 2240 1868; x_wconf 90' lang='lat' dir='ltr'><strong>suos</strong></span> <span class='ocrx_word' id='word_1_370' title='bbox 2274 1830 2287 1868; x_wconf 90' lang='lat'><strong>:</strong></span> <span class='ocrx_word' id='word_1_371' title='bbox 2322 1835 2350 1862; x_wconf 84' lang='lat'><strong>«</strong></span> <span class='ocrx_word' id='word_1_372' title='bbox 2385 1813 2824 1880; x_wconf 90' lang='lat' dir='ltr'><strong>Manducemus,</strong></span> <span class='ocrx_word' id='word_1_373' title='bbox 2857 1812 3070 1884; x_wconf 87' lang='lat' dir='ltr'><strong>inquit,</strong></span> <span class='ocrx_word' id='word_1_374' title='bbox 3101 1817 3160 1870; x_wconf 91' lang='lat' dir='ltr'><strong>et</strong></span> <span class='ocrx_word' id='word_1_375' title='bbox 3186 1812 3460 1869; x_wconf 90' lang='lat' dir='ltr'><strong>bibamus</strong></span> <span class='ocrx_word' id='word_1_376' title='bbox 3490 1814 3621 1885; x_wconf 85' lang='lat' dir='ltr'><strong>(Isa.</strong></span> 
     </span>
    </p>
   </div>
   <div class='ocr_carea' id='block_1_50' title="bbox 1976 1899 3627 1971">
    <p class='ocr_par' dir='ltr' id='par_1_50' title="bbox 1976 1899 3627 1971">
     <span class='ocr_line' id='line_1_50' title="bbox 1976 1899 3627 1971; baseline 0.001 -16"><span class='ocrx_word' id='word_1_377' title='bbox 1976 1916 2115 1968; x_wconf 66' lang='grc' dir='ltr'>χχιι,</span> <span class='ocrx_word' id='word_1_378' title='bbox 2147 1900 2260 1967; x_wconf 84' lang='grc'>13).</span> <span class='ocrx_word' id='word_1_379' title='bbox 2293 1900 2433 1971; x_wconf 92' lang='lat' dir='ltr'><strong>quid</strong></span> <span class='ocrx_word' id='word_1_380' title='bbox 2465 1900 2621 1956; x_wconf 89' lang='lat' dir='ltr'><strong>enim</strong></span> <span class='ocrx_word' id='word_1_381' title='bbox 2652 1901 2889 1971; x_wconf 88' lang='lat' dir='ltr'><strong>prodest</strong></span> <span class='ocrx_word' id='word_1_382' title='bbox 2908 1899 2956 1954; x_wconf 89' lang='lat' dir='ltr'><strong>si</strong></span> <span class='ocrx_word' id='word_1_383' title='bbox 2987 1899 3314 1956; x_wconf 88' lang='lat' dir='ltr'><strong>serviamus</strong></span> <span class='ocrx_word' id='word_1_384' title='bbox 3343 1899 3456 1970; x_wconf 64' lang='lat' dir='ltr'><strong>e1?</strong></span> <span class='ocrx_word' id='word_1_385' title='bbox 3508 1901 3627 1957; x_wconf 87' lang='lat' dir='ltr'><strong>Aut</strong></span> 
     </span>
    </p>
   </div>
   <div class='ocr_carea' id='block_1_51' title="bbox 1977 1987 3621 2061">
    <p class='ocr_par' dir='ltr' id='par_1_51' title="bbox 1977 1987 3621 2061">
     <span class='ocr_line' id='line_1_51' title="bbox 1977 1987 3621 2061; baseline -0.003 -18"><span class='ocrx_word' id='word_1_386' title='bbox 1977 2005 2105 2061; x_wconf 81' lang='lat' dir='ltr'><strong>quae</strong></span> <span class='ocrx_word' id='word_1_387' title='bbox 2136 1988 2362 2045; x_wconf 84' lang='lat' dir='ltr'><strong>utilitas</strong></span> <span class='ocrx_word' id='word_1_388' title='bbox 2382 1987 2431 2043; x_wconf 89' lang='lat' dir='ltr'><strong>si</strong></span> <span class='ocrx_word' id='word_1_389' title='bbox 2453 1988 2831 2045; x_wconf 86' lang='lat' dir='ltr'><strong>observemus</strong></span> <span class='ocrx_word' id='word_1_390' title='bbox 2849 2004 2983 2044; x_wconf 86' lang='lat' dir='ltr'><strong>eum</strong></span> <span class='ocrx_word' id='word_1_391' title='bbox 3015 1988 3126 2061; x_wconf 87' lang='grc'>(16)</span> <span class='ocrx_word' id='word_1_392' title='bbox 3148 1989 3266 2060; x_wconf 78' lang='lat' dir='ltr'><strong>(Job</strong></span> <span class='ocrx_word' id='word_1_393' title='bbox 3296 2004 3412 2057; x_wconf 69' lang='lat' dir='ltr'><strong>xxx,</strong></span> <span class='ocrx_word' id='word_1_394' title='bbox 3448 1987 3621 2058; x_wconf 73' lang='lat'><strong>15)?»</strong></span> 
     </span>
    </p>
   </div>
   <div class='ocr_carea' id='block_1_52' title="bbox 1976 2075 3619 2147">
    <p class='ocr_par' dir='ltr' id='par_1_52' title="bbox 1976 2075 3619 2147">
     <span class='ocr_line' id='line_1_52' title="bbox 1976 2075 3619 2147; baseline 0.001 -15"><span class='ocrx_word' id='word_1_395' title='bbox 1976 2076 2104 2132; x_wconf 69' lang='lat' dir='ltr'><strong>Haec</strong></span> <span class='ocrx_word' id='word_1_396' title='bbox 2135 2076 2332 2147; x_wconf 88' lang='lat' dir='ltr'><strong>itaque</strong></span> <span class='ocrx_word' id='word_1_397' title='bbox 2361 2075 2505 2131; x_wconf 87' lang='lat' dir='ltr'><strong>dicit</strong></span> <span class='ocrx_word' id='word_1_398' title='bbox 2531 2076 2897 2132; x_wconf 67' lang='lat' dir='ltr'><strong>sacularium</strong></span> <span class='ocrx_word' id='word_1_399' title='bbox 2930 2076 3294 2132; x_wconf 88' lang='lat' dir='ltr'><strong>abundantia</strong></span> <span class='ocrx_word' id='word_1_400' title='bbox 3323 2092 3519 2133; x_wconf 89' lang='lat' dir='ltr'><strong>rerum</strong></span> <span class='ocrx_word' id='word_1_401' title='bbox 3537 2082 3619 2134; x_wconf 84' lang='lat' dir='ltr'><strong>te-</strong></span> 
     </span>
    </p>
   </div>
   <div class='ocr_carea' id='block_1_53' title="bbox 1977 2163 3620 2236">
    <p class='ocr_par' dir='ltr' id='par_1_53' title="bbox 1977 2163 3620 2236">
     <span class='ocr_line' id='line_1_53' title="bbox 1977 2163 3620 2236; baseline 0.001 -15"><span class='ocrx_word' id='word_1_402' title='bbox 1977 2164 2277 2221; x_wconf 88' lang='lat' dir='ltr'><strong>mulentus</strong></span> <span class='ocrx_word' id='word_1_403' title='bbox 2310 2183 2323 2232; x_wconf 92' lang='lat'><strong>;</strong></span> <span class='ocrx_word' id='word_1_404' title='bbox 2355 2164 2496 2236; x_wconf 86' lang='lat' dir='ltr'><strong>quia</strong></span> <span class='ocrx_word' id='word_1_405' title='bbox 2525 2182 2641 2220; x_wconf 92' lang='lat' dir='ltr'><strong>non</strong></span> <span class='ocrx_word' id='word_1_406' title='bbox 2671 2165 2948 2220; x_wconf 89' lang='lat' dir='ltr'><strong>continuo</strong></span> <span class='ocrx_word' id='word_1_407' title='bbox 2980 2166 3040 2220; x_wconf 92' lang='lat' dir='ltr'><strong>in</strong></span> <span class='ocrx_word' id='word_1_408' title='bbox 3069 2163 3283 2221; x_wconf 66' lang='lat' dir='ltr'><strong>saeculo</strong></span> <span class='ocrx_word' id='word_1_409' title='bbox 3331 2164 3620 2223; x_wconf 89' lang='lat' dir='ltr'><strong>scelerum</strong></span> 
     </span>
    </p>
   </div>
   <div class='ocr_carea' id='block_1_54' title="bbox 1977 2253 3621 2327">
    <p class='ocr_par' dir='ltr' id='par_1_54' title="bbox 1977 2253 3621 2327">
     <span class='ocr_line' id='line_1_54' title="bbox 1977 2253 3621 2327; baseline 0.002 -19"><span class='ocrx_word' id='word_1_410' title='bbox 1977 2253 2183 2309; x_wconf 89' lang='lat' dir='ltr'><strong>merita</strong></span> <span class='ocrx_word' id='word_1_411' title='bbox 2206 2253 2624 2324; x_wconf 83' lang='lat' dir='ltr'><strong>rependuntur.</strong></span> <span class='ocrx_word' id='word_1_412' title='bbox 2679 2253 3078 2325; x_wconf 86' lang='lat' dir='ltr'><strong>Supinabatur</strong></span> <span class='ocrx_word' id='word_1_413' title='bbox 3131 2253 3311 2320; x_wconf 87' lang='lat' dir='ltr'><strong>enim,</strong></span> <span class='ocrx_word' id='word_1_414' title='bbox 3364 2254 3504 2327; x_wconf 81' lang='lat' dir='ltr'><strong>quia</strong></span> <span class='ocrx_word' id='word_1_415' title='bbox 3560 2256 3621 2311; x_wconf 89' lang='lat' dir='ltr'><strong>in</strong></span> 
     </span>
    </p>
   </div>
   <div class='ocr_carea' id='block_1_55' title="bbox 1975 2342 3625 2417">
    <p class='ocr_par' dir='ltr' id='par_1_55' title="bbox 1975 2342 3625 2417">
     <span class='ocr_line' id='line_1_55' title="bbox 1975 2342 3625 2417; baseline 0.001 -18"><span class='ocrx_word' id='word_1_416' title='bbox 1975 2344 2251 2399; x_wconf 84' lang='lat' dir='ltr'><strong>manibus</strong></span> <span class='ocrx_word' id='word_1_417' title='bbox 2280 2343 2328 2397; x_wconf 91' lang='lat' dir='ltr'><strong>ei</strong></span> <span class='ocrx_word' id='word_1_418' title='bbox 2363 2344 2435 2397; x_wconf 86' lang='lat' dir='ltr'><strong>ad</strong></span> <span class='ocrx_word' id='word_1_419' title='bbox 2466 2342 2821 2414; x_wconf 89' lang='lat' dir='ltr'><strong>voluptatem</strong></span> <span class='ocrx_word' id='word_1_420' title='bbox 2853 2343 3052 2399; x_wconf 91' lang='lat' dir='ltr'><strong>omnia</strong></span> <span class='ocrx_word' id='word_1_421' title='bbox 3094 2343 3523 2417; x_wconf 88' lang='lat' dir='ltr'><strong>suppetebant:</strong></span> <span class='ocrx_word' id='word_1_422' title='bbox 3565 2346 3625 2401; x_wconf 86' lang='lat' dir='ltr'><strong>et</strong></span> 
     </span>
    </p>
   </div>
   <div class='ocr_carea' id='block_1_56' title="bbox 1975 2430 3619 2505">
    <p class='ocr_par' dir='ltr' id='par_1_56' title="bbox 1975 2430 3619 2505">
     <span class='ocr_line' id='line_1_56' title="bbox 1975 2430 3619 2505; baseline 0.002 -19"><span class='ocrx_word' id='word_1_423' title='bbox 1975 2431 2246 2486; x_wconf 88' lang='lat' dir='ltr'><strong>conscius</strong></span> <span class='ocrx_word' id='word_1_424' title='bbox 2278 2430 2595 2503; x_wconf 89' lang='lat' dir='ltr'><strong>impietatis</strong></span> <span class='ocrx_word' id='word_1_425' title='bbox 2627 2447 2745 2486; x_wconf 85' lang='lat' dir='ltr'><strong>suae</strong></span> <span class='ocrx_word' id='word_1_426' title='bbox 2775 2433 2948 2497; x_wconf 83' lang='lat' dir='ltr'><strong>cujus</strong></span> <span class='ocrx_word' id='word_1_427' title='bbox 2977 2448 3149 2503; x_wconf 86' lang='lat' dir='ltr'><strong>poena</strong></span> <span class='ocrx_word' id='word_1_428' title='bbox 3205 2432 3619 2505; x_wconf 66' lang='lat' dir='ltr'><strong>sequestram-</strong></span> 
     </span>
    </p>
   </div>
   <div class='ocr_carea' id='block_1_57' title="bbox 1974 2518 3619 2591">
    <p class='ocr_par' dir='ltr' id='par_1_57' title="bbox 1974 2518 3619 2591">
     <span class='ocr_line' id='line_1_57' title="bbox 1974 2518 3619 2591; baseline 0.002 -18"><span class='ocrx_word' id='word_1_429' title='bbox 1974 2523 2092 2585; x_wconf 88' lang='lat' dir='ltr'><strong>tur,</strong></span> <span class='ocrx_word' id='word_1_430' title='bbox 2125 2519 2369 2589; x_wconf 89' lang='lat' dir='ltr'><strong>putabat</strong></span> <span class='ocrx_word' id='word_1_431' title='bbox 2397 2519 2551 2589; x_wconf 88' lang='lat' dir='ltr'><strong>quod</strong></span> <span class='ocrx_word' id='word_1_432' title='bbox 2586 2518 2739 2573; x_wconf 77' lang='lat' dir='ltr'><strong>Deus</strong></span> <span class='ocrx_word' id='word_1_433' title='bbox 2769 2520 3086 2591; x_wconf 89' lang='lat' dir='ltr'><strong>impiorum</strong></span> <span class='ocrx_word' id='word_1_434' title='bbox 3118 2520 3341 2577; x_wconf 89' lang='lat' dir='ltr'><strong>scelera</strong></span> <span class='ocrx_word' id='word_1_435' title='bbox 3370 2538 3485 2577; x_wconf 91' lang='lat' dir='ltr'><strong>non</strong></span> <span class='ocrx_word' id='word_1_436' title='bbox 3533 2523 3619 2578; x_wconf 89' lang='lat' dir='ltr'><strong>vi-</strong></span> 
     </span>
    </p>
   </div>
   <div class='ocr_carea' id='block_1_58' title="bbox 1974 2608 2151 2663">
    <p class='ocr_par' dir='ltr' id='par_1_58' title="bbox 1974 2608 2151 2663">
     <span class='ocr_line' id='line_1_58' title="bbox 1974 2608 2151 2663; baseline 0 -1"><span class='ocrx_word' id='word_1_437' title='bbox 1974 2608 2151 2663; x_wconf 90' lang='lat' dir='ltr'><strong>deret.</strong></span> 
     </span>
    </p>
   </div>
   <div class='ocr_carea' id='block_1_59' title="bbox 2047 2695 3615 2770">
    <p class='ocr_par' dir='ltr' id='par_1_59' title="bbox 2047 2695 3615 2770">
     <span class='ocr_line' id='line_1_59' title="bbox 2047 2695 3615 2770; baseline 0.003 -19"><span class='ocrx_word' id='word_1_438' title='bbox 2047 2699 2134 2752; x_wconf 86' lang='grc'><strong>18.</strong></span> <span class='ocrx_word' id='word_1_439' title='bbox 2168 2696 2312 2752; x_wconf 85' lang='lat' dir='ltr'><strong>Huic</strong></span> <span class='ocrx_word' id='word_1_440' title='bbox 2343 2712 2478 2767; x_wconf 88' lang='lat' dir='ltr'><strong>ergo</strong></span> <span class='ocrx_word' id='word_1_441' title='bbox 2507 2695 2769 2767; x_wconf 84' lang='lat' dir='ltr'><strong>Opinioni</strong></span> <span class='ocrx_word' id='word_1_442' title='bbox 2801 2697 2930 2767; x_wconf 88' lang='lat' dir='ltr'><strong>ejus</strong></span> <span class='ocrx_word' id='word_1_443' title='bbox 2962 2697 3262 2769; x_wconf 88' lang='lat' dir='ltr'><strong>respondit</strong></span> <span class='ocrx_word' id='word_1_444' title='bbox 3282 2698 3396 2770; x_wconf 90' lang='grc'>(17)</span> <span class='ocrx_word' id='word_1_445' title='bbox 3446 2714 3615 2755; x_wconf 85' lang='lat' dir='ltr'><strong>sane-</strong></span> 
     </span>
    </p>
   </div>
   <div class='ocr_carea' id='block_1_60' title="bbox 1973 2784 3623 2849">
    <p class='ocr_par' dir='ltr' id='par_1_60' title="bbox 1973 2784 3623 2849">
     <span class='ocr_line' id='line_1_60' title="bbox 1973 2784 3623 2849; baseline 0.003 -9"><span class='ocrx_word' id='word_1_446' title='bbox 1973 2789 2070 2841; x_wconf 88' lang='lat' dir='ltr'><strong>tus</strong></span> <span class='ocrx_word' id='word_1_447' title='bbox 2098 2785 2209 2840; x_wconf 85' lang='lat' dir='ltr'><strong>Jub</strong></span> <span class='ocrx_word' id='word_1_448' title='bbox 2233 2803 2245 2840; x_wconf 91' lang='lat'>:</span> <span class='ocrx_word' id='word_1_449' title='bbox 2278 2785 2402 2840; x_wconf 86' lang='lat' dir='ltr'><strong>Noli</strong></span> <span class='ocrx_word' id='word_1_450' title='bbox 2436 2801 2563 2839; x_wconf 89' lang='lat' dir='ltr'><strong>esse</strong></span> <span class='ocrx_word' id='word_1_451' title='bbox 2592 2800 2834 2840; x_wconf 89' lang='lat' dir='ltr'><strong>securus</strong></span> <span class='ocrx_word' id='word_1_452' title='bbox 2866 2800 2933 2841; x_wconf 88' lang='lat' dir='ltr'><strong>ac</strong></span> <span class='ocrx_word' id='word_1_453' title='bbox 2952 2784 3299 2849; x_wconf 85' lang='lat' dir='ltr'><strong>dissolutus,</strong></span> <span class='ocrx_word' id='word_1_454' title='bbox 3321 2787 3623 2845; x_wconf 69' lang='lat' dir='ltr'><strong>aestimans</strong></span> 
     </span>
    </p>
   </div>
   <div class='ocr_carea' id='block_1_61' title="bbox 1975 2872 3615 2948">
    <p class='ocr_par' dir='ltr' id='par_1_61' title="bbox 1975 2872 3615 2948">
     <span class='ocr_line' id='line_1_61' title="bbox 1975 2872 3615 2948; baseline 0.002 -20"><span class='ocrx_word' id='word_1_455' title='bbox 1975 2874 2130 2946; x_wconf 89' lang='lat' dir='ltr'><strong>quod</strong></span> <span class='ocrx_word' id='word_1_456' title='bbox 2164 2873 2235 2928; x_wconf 88' lang='lat' dir='ltr'><strong>ad</strong></span> <span class='ocrx_word' id='word_1_457' title='bbox 2268 2878 2324 2929; x_wconf 90' lang='lat' dir='ltr'><strong>te</strong></span> <span class='ocrx_word' id='word_1_458' title='bbox 2346 2873 2405 2927; x_wconf 92' lang='lat' dir='ltr'><strong>in</strong></span> <span class='ocrx_word' id='word_1_459' title='bbox 2434 2873 2543 2928; x_wconf 91' lang='lat' dir='ltr'><strong>hoc</strong></span> <span class='ocrx_word' id='word_1_460' title='bbox 2574 2873 2701 2945; x_wconf 80' lang='lat' dir='ltr'><strong>ipso</strong></span> <span class='ocrx_word' id='word_1_461' title='bbox 2732 2872 2944 2929; x_wconf 71' lang='lat' dir='ltr'><strong>saeculo</strong></span> <span class='ocrx_word' id='word_1_462' title='bbox 2975 2873 3206 2929; x_wconf 85' lang='lat' dir='ltr'><strong>Domini</strong></span> <span class='ocrx_word' id='word_1_463' title='bbox 3238 2874 3469 2948; x_wconf 84' lang='lat' dir='ltr'><strong>ﬂagella</strong></span> <span class='ocrx_word' id='word_1_464' title='bbox 3499 2890 3615 2932; x_wconf 91' lang='lat' dir='ltr'><strong>non</strong></span> 
     </span>
    </p>
   </div>
   <div class='ocr_carea' id='block_1_62' title="bbox 1972 2961 3621 3035">
    <p class='ocr_par' dir='ltr' id='par_1_62' title="bbox 1972 2961 3621 3035">
     <span class='ocr_line' id='line_1_62' title="bbox 1972 2961 3621 3035; baseline 0.002 -18"><span class='ocrx_word' id='word_1_465' title='bbox 1972 2963 2227 3017; x_wconf 86' lang='lat' dir='ltr'><strong>veniant.</strong></span> <span class='ocrx_word' id='word_1_466' title='bbox 2262 2985 2290 3011; x_wconf 85' lang='grc'><strong>‹‹</strong></span> <span class='ocrx_word' id='word_1_467' title='bbox 2323 2961 2737 3018; x_wconf 83' lang='lat' dir='ltr'><strong>Verumtamen</strong></span> <span class='ocrx_word' id='word_1_468' title='bbox 2776 2962 2952 3017; x_wconf 88' lang='lat' dir='ltr'><strong>etiam</strong></span> <span class='ocrx_word' id='word_1_469' title='bbox 3013 2962 3333 3035; x_wconf 89' lang='lat' dir='ltr'><strong>impiorum</strong></span> <span class='ocrx_word' id='word_1_470' title='bbox 3381 2964 3621 3021; x_wconf 84' lang='lat' dir='ltr'><strong>lucerna</strong></span> 
     </span>
    </p>
   </div>
   <div class='ocr_carea' id='block_1_63' title="bbox 1975 3050 3617 3123">
    <p class='ocr_par' dir='ltr' id='par_1_63' title="bbox 1975 3050 3617 3123">
     <span class='ocr_line' id='line_1_63' title="bbox 1975 3050 3617 3123; baseline 0.002 -17"><span class='ocrx_word' id='word_1_471' title='bbox 1975 3050 2370 3123; x_wconf 82' lang='lat' dir='ltr'><strong>exstinguitur</strong></span> <span class='ocrx_word' id='word_1_472' title='bbox 2399 3051 2514 3117; x_wconf 83' lang='lat' dir='ltr'><strong>(Job</strong></span> <span class='ocrx_word' id='word_1_473' title='bbox 2545 3067 2659 3115; x_wconf 84' lang='lat' dir='ltr'><strong>xxI,</strong></span> <span class='ocrx_word' id='word_1_474' title='bbox 2693 3051 2818 3121; x_wconf 86' lang='lat'><strong>17):</strong></span> <span class='ocrx_word' id='word_1_475' title='bbox 2847 3074 2874 3100; x_wconf 87' lang='grc'><strong>››</strong></span> <span class='ocrx_word' id='word_1_476' title='bbox 2895 3052 2967 3106; x_wconf 83' lang='lat' dir='ltr'><strong>ad</strong></span> <span class='ocrx_word' id='word_1_477' title='bbox 3003 3055 3238 3123; x_wconf 87' lang='lat' dir='ltr'><strong>tempus</strong></span> <span class='ocrx_word' id='word_1_478' title='bbox 3266 3052 3442 3121; x_wconf 84' lang='lat' dir='ltr'><strong>lueet,</strong></span> <span class='ocrx_word' id='word_1_479' title='bbox 3502 3070 3617 3110; x_wconf 84' lang='lat' dir='ltr'><strong>non</strong></span> 
     </span>
    </p>
   </div>
   <div class='ocr_carea' id='block_1_64' title="bbox 1975 3138 3614 3212">
    <p class='ocr_par' dir='ltr' id='par_1_64' title="bbox 1975 3138 3614 3212">
     <span class='ocr_line' id='line_1_64' title="bbox 1975 3138 3614 3212; baseline 0.002 -18"><span class='ocrx_word' id='word_1_480' title='bbox 1975 3140 2155 3196; x_wconf 87' lang='lat' dir='ltr'><strong>habet</strong></span> <span class='ocrx_word' id='word_1_481' title='bbox 2182 3139 2379 3194; x_wconf 88' lang='lat' dir='ltr'><strong>lumen</strong></span> <span class='ocrx_word' id='word_1_482' title='bbox 2413 3142 2693 3194; x_wconf 63' lang='lat' dir='ltr'><strong>aeternum</strong></span> <span class='ocrx_word' id='word_1_483' title='bbox 2728 3156 2741 3204; x_wconf 88' lang='lat'><strong>;</strong></span> <span class='ocrx_word' id='word_1_484' title='bbox 2774 3144 2832 3193; x_wconf 90' lang='lat' dir='ltr'><strong>et</strong></span> <span class='ocrx_word' id='word_1_485' title='bbox 2862 3138 3007 3209; x_wconf 88' lang='lat' dir='ltr'><strong>ipsis</strong></span> <span class='ocrx_word' id='word_1_486' title='bbox 3039 3140 3308 3212; x_wconf 89' lang='lat' dir='ltr'><strong>quamvis</strong></span> <span class='ocrx_word' id='word_1_487' title='bbox 3334 3141 3614 3199; x_wconf 67' lang='lat' dir='ltr'><strong>saeculum</strong></span> 
     </span>
    </p>
   </div>
   <div class='ocr_carea' id='block_1_65' title="bbox 218 3205 3616 3301">
    <p class='ocr_par' dir='ltr' id='par_1_65' title="bbox 218 3205 3616 3301">
     <span class='ocr_line' id='line_1_65' title="bbox 218 3205 3616 3301; baseline -0.001 -8"><span class='ocrx_word' id='word_1_488' title='bbox 218 3205 374 3293; x_wconf 74' lang='lat' dir='ltr'><strong>tione</strong></span> <span class='ocrx_word' id='word_1_489' title='bbox 400 3234 558 3291; x_wconf 68' lang='lat' dir='ltr'><strong>falsis</strong></span> <span class='ocrx_word' id='word_1_490' title='bbox 587 3232 759 3295; x_wconf 86' lang='lat' dir='ltr'><strong>lucis.</strong></span> <span class='ocrx_word' id='word_1_491' title='bbox 795 3248 907 3286; x_wconf 91' lang='lat' dir='ltr'><strong>non</strong></span> <span class='ocrx_word' id='word_1_492' title='bbox 948 3205 1255 3301; x_wconf 69' lang='lat' dir='ltr'><strong>splendore</strong></span> <span class='ocrx_word' id='word_1_493' title='bbox 1286 3234 1572 3301; x_wconf 77' lang='lat' dir='ltr'><strong>perpetuae</strong></span> <span class='ocrx_word' id='word_1_494' title='bbox 1630 3227 1860 3283; x_wconf 87' lang='lat' dir='ltr'><strong>clarita-</strong></span> <span class='ocrx_word' id='word_1_495' title='bbox 1892 3205 1934 3275; x_wconf 71' lang='lat' dir='ltr'><strong>CI</strong></span> <span class='ocrx_word' id='word_1_496' title='bbox 1973 3229 2181 3297; x_wconf 90' lang='lat' dir='ltr'><strong>faveat,</strong></span> <span class='ocrx_word' id='word_1_497' title='bbox 2213 3228 2353 3300; x_wconf 86' lang='lat' dir='ltr'><strong>quia</strong></span> <span class='ocrx_word' id='word_1_498' title='bbox 2381 3228 2509 3299; x_wconf 85' lang='lat' dir='ltr'><strong>ejus</strong></span> <span class='ocrx_word' id='word_1_499' title='bbox 2540 3228 2637 3300; x_wconf 90' lang='lat' dir='ltr'><strong>qui</strong></span> <span class='ocrx_word' id='word_1_500' title='bbox 2668 3205 3072 3298; x_wconf 73' lang='lat' dir='ltr'><strong>principatum</strong></span> <span class='ocrx_word' id='word_1_501' title='bbox 3092 3229 3268 3285; x_wconf 86' lang='lat' dir='ltr'><strong>habet</strong></span> <span class='ocrx_word' id='word_1_502' title='bbox 3296 3230 3353 3285; x_wconf 89' lang='lat' dir='ltr'><strong>in</strong></span> <span class='ocrx_word' id='word_1_503' title='bbox 3376 3229 3484 3287; x_wconf 90' lang='lat' dir='ltr'><strong>hoc</strong></span> <span class='ocrx_word' id='word_1_504' title='bbox 3515 3249 3616 3288; x_wconf 68' lang='lat' dir='ltr'><strong>sae-</strong></span> 
     </span>
    </p>
   </div>
   <div class='ocr_carea' id='block_1_66' title="bbox 218 3314 1864 3382">
    <p class='ocr_par' dir='ltr' id='par_1_66' title="bbox 218 3314 1864 3382">
     <span class='ocr_line' id='line_1_66' title="bbox 218 3314 1864 3382; baseline -0.007 0"><span class='ocrx_word' id='word_1_505' title='bbox 218 3327 314 3382; x_wconf 88' lang='lat' dir='ltr'><strong>tis.</strong></span> <span class='ocrx_word' id='word_1_506' title='bbox 336 3324 500 3380; x_wconf 90' lang='lat' dir='ltr'><strong>Unde</strong></span> <span class='ocrx_word' id='word_1_507' title='bbox 519 3329 576 3379; x_wconf 88' lang='lat' dir='ltr'><strong>et</strong></span> <span class='ocrx_word' id='word_1_508' title='bbox 596 3320 861 3377; x_wconf 84' lang='lat' dir='ltr'><strong>Salvator</strong></span> <span class='ocrx_word' id='word_1_509' title='bbox 877 3317 959 3373; x_wconf 91' lang='lat' dir='ltr'><strong>ait</strong></span> <span class='ocrx_word' id='word_1_510' title='bbox 981 3335 994 3372; x_wconf 88' lang='lat'><strong>:</strong></span> <span class='ocrx_word' id='word_1_511' title='bbox 1021 3341 1047 3367; x_wconf 83' lang='lat'><strong><em>«</em></strong></span> <span class='ocrx_word' id='word_1_512' title='bbox 1070 3316 1350 3372; x_wconf 88' lang='lat' dir='ltr'><strong>Videbam</strong></span> <span class='ocrx_word' id='word_1_513' title='bbox 1389 3317 1665 3372; x_wconf 87' lang='lat' dir='ltr'><strong>Satanam</strong></span> <span class='ocrx_word' id='word_1_514' title='bbox 1710 3314 1864 3372; x_wconf 87' lang='lat' dir='ltr'><strong>sicut</strong></span> 
     </span>
    </p>
   </div>
   <div class='ocr_carea' id='block_1_67' title="bbox 1971 3316 3613 3383">
    <p class='ocr_par' dir='ltr' id='par_1_67' title="bbox 1971 3316 3613 3383">
     <span class='ocr_line' id='line_1_67' title="bbox 1971 3316 3613 3383; baseline 0.002 -11"><span class='ocrx_word' id='word_1_515' title='bbox 1971 3316 2123 3383; x_wconf 87' lang='lat' dir='ltr'><strong>culo,</strong></span> <span class='ocrx_word' id='word_1_516' title='bbox 2154 3316 2373 3371; x_wconf 90' lang='lat' dir='ltr'><strong>faciunt</strong></span> <span class='ocrx_word' id='word_1_517' title='bbox 2401 3316 2778 3381; x_wconf 80' lang='lat' dir='ltr'><strong>voluntatem,</strong></span> <span class='ocrx_word' id='word_1_518' title='bbox 2807 3316 2953 3371; x_wconf 86' lang='lat' dir='ltr'><strong>solet</strong></span> <span class='ocrx_word' id='word_1_519' title='bbox 2982 3318 3176 3373; x_wconf 86' lang='lat' dir='ltr'><strong>venire</strong></span> <span class='ocrx_word' id='word_1_520' title='bbox 3222 3334 3419 3375; x_wconf 89' lang='lat' dir='ltr'><strong>rerum</strong></span> <span class='ocrx_word' id='word_1_521' title='bbox 3478 3336 3613 3376; x_wconf 89' lang='lat' dir='ltr'><strong>con-</strong></span> 
     </span>
    </p>
   </div>
   <div class='ocr_carea' id='block_1_68' title="bbox 217 3403 3620 3486">
    <p class='ocr_par' dir='ltr' id='par_1_68' title="bbox 217 3403 3620 3486">
     <span class='ocr_line' id='line_1_68' title="bbox 217 3403 3620 3486; baseline -0.002 -17"><span class='ocrx_word' id='word_1_522' title='bbox 217 3412 418 3486; x_wconf 87' lang='lat' dir='ltr'><strong>fulgur</strong></span> <span class='ocrx_word' id='word_1_523' title='bbox 440 3410 744 3468; x_wconf 88' lang='lat' dir='ltr'><strong>cadentem</strong></span> <span class='ocrx_word' id='word_1_524' title='bbox 770 3408 841 3463; x_wconf 88' lang='lat' dir='ltr'><strong>de</strong></span> <span class='ocrx_word' id='word_1_525' title='bbox 860 3404 1003 3462; x_wconf 81' lang='lat' dir='ltr'><strong>ccelo</strong></span> <span class='ocrx_word' id='word_1_526' title='bbox 1024 3405 1173 3476; x_wconf 85' lang='lat' dir='ltr'><strong>(Luc.</strong></span> <span class='ocrx_word' id='word_1_527' title='bbox 1197 3421 1251 3471; x_wconf 84' lang='lat' dir='ltr'><strong>x,</strong></span> <span class='ocrx_word' id='word_1_528' title='bbox 1279 3405 1384 3471; x_wconf 89' lang='grc'>18).</span> <span class='ocrx_word' id='word_1_529' title='bbox 1437 3424 1465 3452; x_wconf 86' lang='grc'><strong>››</strong></span> <span class='ocrx_word' id='word_1_530' title='bbox 1517 3403 1633 3459; x_wconf 90' lang='lat' dir='ltr'><strong>Nec</strong></span> <span class='ocrx_word' id='word_1_531' title='bbox 1666 3403 1863 3476; x_wconf 85' lang='lat' dir='ltr'><strong>fulgur</strong></span> <span class='ocrx_word' id='word_1_532' title='bbox 1970 3404 2180 3470; x_wconf 90' lang='lat' dir='ltr'><strong>versio,</strong></span> <span class='ocrx_word' id='word_1_533' title='bbox 2215 3410 2272 3461; x_wconf 83' lang='lat' dir='ltr'><strong>et</strong></span> <span class='ocrx_word' id='word_1_534' title='bbox 2300 3405 2530 3460; x_wconf 88' lang='lat' dir='ltr'><strong>dolores</strong></span> <span class='ocrx_word' id='word_1_535' title='bbox 2560 3405 2632 3460; x_wconf 91' lang='lat' dir='ltr'><strong>ab</strong></span> <span class='ocrx_word' id='word_1_536' title='bbox 2668 3406 2754 3459; x_wconf 92' lang='lat' dir='ltr'><strong>ira</strong></span> <span class='ocrx_word' id='word_1_537' title='bbox 2772 3411 2830 3460; x_wconf 88' lang='lat' dir='ltr'><strong>et</strong></span> <span class='ocrx_word' id='word_1_538' title='bbox 2862 3406 3260 3478; x_wconf 87' lang='lat' dir='ltr'><strong>indignatione</strong></span> <span class='ocrx_word' id='word_1_539' title='bbox 3289 3406 3528 3477; x_wconf 72' lang='lat' dir='ltr'><strong>caelesti,</strong></span> <span class='ocrx_word' id='word_1_540' title='bbox 3551 3413 3620 3463; x_wconf 93' lang='lat' dir='ltr'><strong>ut</strong></span> 
     </span>
    </p>
   </div>
   <div class='ocr_carea' id='block_1_69' title="bbox 216 3489 1863 3567">
    <p class='ocr_par' dir='ltr' id='par_1_69' title="bbox 216 3489 1863 3567">
     <span class='ocr_line' id='line_1_69' title="bbox 216 3489 1863 3567; baseline -0.007 -10"><span class='ocrx_word' id='word_1_541' title='bbox 216 3504 323 3566; x_wconf 89' lang='lat' dir='ltr'><strong>est,</strong></span> <span class='ocrx_word' id='word_1_542' title='bbox 353 3497 455 3555; x_wconf 90' lang='lat' dir='ltr'><strong>sed</strong></span> <span class='ocrx_word' id='word_1_543' title='bbox 479 3497 634 3553; x_wconf 87' lang='lat' dir='ltr'><strong>sicut</strong></span> <span class='ocrx_word' id='word_1_544' title='bbox 655 3494 870 3567; x_wconf 84' lang='lat' dir='ltr'><strong>fulgur.</strong></span> <span class='ocrx_word' id='word_1_545' title='bbox 898 3491 1216 3547; x_wconf 87' lang='lat' dir='ltr'><strong>Considera</strong></span> <span class='ocrx_word' id='word_1_546' title='bbox 1244 3489 1583 3547; x_wconf 71' lang='lat' dir='ltr'><strong>hmrcticum</strong></span> <span class='ocrx_word' id='word_1_547' title='bbox 1608 3489 1863 3562; x_wconf 87' lang='lat' dir='ltr'><strong>aliquem</strong></span> 
     </span>
    </p>
   </div>
   <div class='ocr_carea' id='block_1_70' title="bbox 218 3578 1862 3653">
    <p class='ocr_par' dir='ltr' id='par_1_70' title="bbox 218 3578 1862 3653">
     <span class='ocr_line' id='line_1_70' title="bbox 218 3578 1862 3653; baseline -0.005 -10"><span class='ocrx_word' id='word_1_548' title='bbox 218 3590 510 3645; x_wconf 88' lang='lat' dir='ltr'><strong>intentum</strong></span> <span class='ocrx_word' id='word_1_549' title='bbox 534 3581 900 3640; x_wconf 76' lang='lat' dir='ltr'><strong>abstinentiae</strong></span> <span class='ocrx_word' id='word_1_550' title='bbox 922 3580 1203 3653; x_wconf 90' lang='lat' dir='ltr'><strong>corporis,</strong></span> <span class='ocrx_word' id='word_1_551' title='bbox 1225 3583 1284 3635; x_wconf 93' lang='lat' dir='ltr'><strong>et</strong></span> <span class='ocrx_word' id='word_1_552' title='bbox 1302 3578 1624 3652; x_wconf 87' lang='lat' dir='ltr'><strong>cognitioni</strong></span> <span class='ocrx_word' id='word_1_553' title='bbox 1663 3578 1862 3635; x_wconf 65' lang='lat' dir='ltr'><strong>coales-</strong></span> 
     </span>
    </p>
   </div>
   <div class='ocr_carea' id='block_1_71' title="bbox 216 3670 1864 3739">
    <p class='ocr_par' dir='ltr' id='par_1_71' title="bbox 216 3670 1864 3739">
     <span class='ocr_line' id='line_1_71' title="bbox 216 3670 1864 3739; baseline -0.005 -7"><span class='ocrx_word' id='word_1_554' title='bbox 216 3677 365 3732; x_wconf 88' lang='lat' dir='ltr'><strong>tium</strong></span> <span class='ocrx_word' id='word_1_555' title='bbox 398 3677 925 3738; x_wconf 84' lang='lat' dir='ltr'><strong>sacramentorum,</strong></span> <span class='ocrx_word' id='word_1_556' title='bbox 949 3670 1102 3726; x_wconf 86' lang='lat' dir='ltr'><strong>sicut</strong></span> <span class='ocrx_word' id='word_1_557' title='bbox 1147 3673 1400 3723; x_wconf 73' lang='lat' dir='ltr'><strong>aeternus</strong></span> <span class='ocrx_word' id='word_1_558' title='bbox 1453 3671 1714 3739; x_wconf 87' lang='lat' dir='ltr'><strong>putatur,</strong></span> <span class='ocrx_word' id='word_1_559' title='bbox 1750 3684 1864 3723; x_wconf 88' lang='lat' dir='ltr'><strong>non</strong></span> 
     </span>
    </p>
   </div>
   <div class='ocr_carea' id='block_1_72' title="bbox 219 3755 1867 3830">
    <p class='ocr_par' dir='ltr' id='par_1_72' title="bbox 219 3755 1867 3830">
     <span class='ocr_line' id='line_1_72' title="bbox 219 3755 1867 3830; baseline -0.006 -9"><span class='ocrx_word' id='word_1_560' title='bbox 219 3765 396 3821; x_wconf 86' lang='lat' dir='ltr'><strong>habet</strong></span> <span class='ocrx_word' id='word_1_561' title='bbox 425 3768 651 3818; x_wconf 67' lang='lat' dir='ltr'><strong>aeternas</strong></span> <span class='ocrx_word' id='word_1_562' title='bbox 684 3760 815 3817; x_wconf 65' lang='lat' dir='ltr'><strong>vitae</strong></span> <span class='ocrx_word' id='word_1_563' title='bbox 855 3756 1212 3830; x_wconf 88' lang='lat' dir='ltr'><strong>stipendium</strong></span> <span class='ocrx_word' id='word_1_564' title='bbox 1248 3775 1260 3824; x_wconf 94' lang='lat'><strong>;</strong></span> <span class='ocrx_word' id='word_1_565' title='bbox 1295 3756 1433 3827; x_wconf 86' lang='lat' dir='ltr'><strong>quia</strong></span> <span class='ocrx_word' id='word_1_566' title='bbox 1464 3755 1672 3812; x_wconf 87' lang='lat' dir='ltr'><strong>falsam</strong></span> <span class='ocrx_word' id='word_1_567' title='bbox 1690 3756 1867 3811; x_wconf 84' lang='lat' dir='ltr'><strong>habet</strong></span> 
     </span>
    </p>
   </div>
   <div class='ocr_carea' id='block_1_73' title="bbox 220 3844 1867 3921">
    <p class='ocr_par' dir='ltr' id='par_1_73' title="bbox 220 3844 1867 3921">
     <span class='ocr_line' id='line_1_73' title="bbox 220 3844 1867 3921; baseline -0.007 -12"><span class='ocrx_word' id='word_1_568' title='bbox 220 3852 634 3917; x_wconf 84' lang='lat' dir='ltr'><strong>imitationem,</strong></span> <span class='ocrx_word' id='word_1_569' title='bbox 669 3847 770 3921; x_wconf 89' lang='lat' dir='ltr'><strong>qui</strong></span> <span class='ocrx_word' id='word_1_570' title='bbox 803 3847 934 3902; x_wconf 82' lang='lat' dir='ltr'><strong>fidei</strong></span> <span class='ocrx_word' id='word_1_571' title='bbox 967 3862 1082 3901; x_wconf 90' lang='lat' dir='ltr'><strong>non</strong></span> <span class='ocrx_word' id='word_1_572' title='bbox 1116 3844 1289 3900; x_wconf 88' lang='lat' dir='ltr'><strong>habet</strong></span> <span class='ocrx_word' id='word_1_573' title='bbox 1319 3844 1641 3900; x_wconf 86' lang='lat' dir='ltr'><strong>veritatem.</strong></span> <span class='ocrx_word' id='word_1_574' title='bbox 1677 3844 1867 3915; x_wconf 88' lang='lat' dir='ltr'><strong>Hujus</strong></span> 
     </span>
    </p>
   </div>
   <div class='ocr_carea' id='block_1_74' title="bbox 219 3931 1864 4015">
    <p class='ocr_par' dir='ltr' id='par_1_74' title="bbox 219 3931 1864 4015">
     <span class='ocr_line' id='line_1_74' title="bbox 219 3931 1864 4015; baseline -0.007 -18"><span class='ocrx_word' id='word_1_575' title='bbox 219 3940 447 4015; x_wconf 88' lang='lat' dir='ltr'><strong>parvuli</strong></span> <span class='ocrx_word' id='word_1_576' title='bbox 477 3939 709 4004; x_wconf 87' lang='lat' dir='ltr'><strong>ludunt,</strong></span> <span class='ocrx_word' id='word_1_577' title='bbox 729 3936 883 3992; x_wconf 90' lang='lat' dir='ltr'><strong>sicut</strong></span> <span class='ocrx_word' id='word_1_578' title='bbox 912 3933 1010 3990; x_wconf 89' lang='lat' dir='ltr'><strong>illa</strong></span> <span class='ocrx_word' id='word_1_579' title='bbox 1035 3949 1161 4005; x_wconf 73' lang='lat' dir='ltr'><strong>quae</strong></span> <span class='ocrx_word' id='word_1_580' title='bbox 1182 3949 1316 3989; x_wconf 92' lang='lat' dir='ltr'><strong>cum</strong></span> <span class='ocrx_word' id='word_1_581' title='bbox 1336 3931 1628 3989; x_wconf 78' lang='lat' dir='ltr'><strong>luxuriata</strong></span> <span class='ocrx_word' id='word_1_582' title='bbox 1670 3932 1864 4001; x_wconf 81' lang='lat' dir='ltr'><strong>fuerit,</strong></span> 
     </span>
    </p>
   </div>
   <div class='ocr_carea' id='block_1_75' title="bbox 216 4021 1866 4093">
    <p class='ocr_par' dir='ltr' id='par_1_75' title="bbox 216 4021 1866 4093">
     <span class='ocr_line' id='line_1_75' title="bbox 216 4021 1866 4093; baseline -0.006 -6"><span class='ocrx_word' id='word_1_583' title='bbox 216 4030 439 4087; x_wconf 87' lang='lat' dir='ltr'><strong>nubere</strong></span> <span class='ocrx_word' id='word_1_584' title='bbox 469 4026 611 4082; x_wconf 92' lang='lat' dir='ltr'><strong>vult.</strong></span> <span class='ocrx_word' id='word_1_585' title='bbox 646 4023 966 4081; x_wconf 79' lang='lat' dir='ltr'><strong>Luxuriata</strong></span> <span class='ocrx_word' id='word_1_586' title='bbox 994 4025 1083 4079; x_wconf 89' lang='lat' dir='ltr'><strong>est</strong></span> <span class='ocrx_word' id='word_1_587' title='bbox 1110 4022 1170 4077; x_wconf 89' lang='lat' dir='ltr'><strong>in</strong></span> <span class='ocrx_word' id='word_1_588' title='bbox 1204 4021 1480 4093; x_wconf 81' lang='lat' dir='ltr'><strong>psalterio</strong></span> <span class='ocrx_word' id='word_1_589' title='bbox 1509 4030 1568 4077; x_wconf 88' lang='lat' dir='ltr'><strong>et</strong></span> <span class='ocrx_word' id='word_1_590' title='bbox 1619 4021 1866 4086; x_wconf 88' lang='lat' dir='ltr'><strong>cithara,</strong></span> 
     </span>
    </p>
   </div>
   <div class='ocr_carea' id='block_1_76' title="bbox 211 4102 1867 4183">
    <p class='ocr_par' dir='ltr' id='par_1_76' title="bbox 211 4102 1867 4183">
     <span class='ocr_line' id='line_1_76' title="bbox 211 4102 1867 4183; baseline -0.006 -8"><span class='ocrx_word' id='word_1_591' title='bbox 211 4120 272 4175; x_wconf 92' lang='lat' dir='ltr'><strong>id</strong></span> <span class='ocrx_word' id='word_1_592' title='bbox 308 4122 421 4183; x_wconf 89' lang='lat' dir='ltr'><strong>est,</strong></span> <span class='ocrx_word' id='word_1_593' title='bbox 454 4117 512 4171; x_wconf 92' lang='lat' dir='ltr'><strong>in</strong></span> <span class='ocrx_word' id='word_1_594' title='bbox 545 4131 689 4171; x_wconf 90' lang='lat' dir='ltr'><strong>sono</strong></span> <span class='ocrx_word' id='word_1_595' title='bbox 721 4112 898 4177; x_wconf 88' lang='lat' dir='ltr'><strong>vocis,</strong></span> <span class='ocrx_word' id='word_1_596' title='bbox 926 4128 1042 4167; x_wconf 91' lang='lat' dir='ltr'><strong>non</strong></span> <span class='ocrx_word' id='word_1_597' title='bbox 1075 4102 1575 4166; x_wconf 65' lang='lat' dir='ltr'><strong>saciamentorum</strong></span> <span class='ocrx_word' id='word_1_598' title='bbox 1629 4110 1867 4183; x_wconf 84' lang='lat' dir='ltr'><strong>profun-</strong></span> 
     </span>
    </p>
   </div>
   <div class='ocr_carea' id='block_1_77' title="bbox 212 4198 1789 4275">
    <p class='ocr_par' dir='ltr' id='par_1_77' title="bbox 212 4198 1789 4275">
     <span class='ocr_line' id='line_1_77' title="bbox 212 4198 1789 4275; baseline -0.006 -11"><span class='ocrx_word' id='word_1_599' title='bbox 212 4210 290 4265; x_wconf 92' lang='lat' dir='ltr'><strong>do</strong></span> <span class='ocrx_word' id='word_1_600' title='bbox 328 4226 340 4275; x_wconf 92' lang='lat'>;</span> <span class='ocrx_word' id='word_1_601' title='bbox 376 4210 441 4261; x_wconf 90' lang='lat' dir='ltr'><strong>ut</strong></span> <span class='ocrx_word' id='word_1_602' title='bbox 470 4204 645 4260; x_wconf 89' lang='lat' dir='ltr'><strong>labiis</strong></span> <span class='ocrx_word' id='word_1_603' title='bbox 676 4200 1005 4267; x_wconf 88' lang='lat' dir='ltr'><strong>resultaret,</strong></span> <span class='ocrx_word' id='word_1_604' title='bbox 1039 4216 1156 4254; x_wconf 89' lang='lat' dir='ltr'><strong>non</strong></span> <span class='ocrx_word' id='word_1_605' title='bbox 1189 4199 1246 4253; x_wconf 83' lang='lat' dir='ltr'><strong>in</strong></span> <span class='ocrx_word' id='word_1_606' title='bbox 1278 4198 1455 4254; x_wconf 87' lang='lat' dir='ltr'><strong>corda</strong></span> <span class='ocrx_word' id='word_1_607' title='bbox 1485 4199 1789 4255; x_wconf 90' lang='lat' dir='ltr'><strong>conferret.</strong></span> 
     </span>
    </p>
   </div>
   <div class='ocr_carea' id='block_1_78' title="bbox 792 4285 1321 4345">
    <p class='ocr_par' dir='ltr' id='par_1_78' title="bbox 792 4285 1321 4345">
     <span class='ocr_line' id='line_1_78' title="bbox 792 4285 1321 4345; baseline -0.011 0"><span class='ocrx_word' id='word_1_608' title='bbox 792 4287 946 4345; x_wconf 73' lang='lat'><strong>059</strong></span> <span class='ocrx_word' id='word_1_609' title='bbox 997 4285 1230 4342; x_wconf 89' lang='lat' dir='ltr'><strong>CAPUT</strong></span> <span class='ocrx_word' id='word_1_610' title='bbox 1254 4285 1321 4339; x_wconf 89' lang='lat' dir='ltr'><strong>V.</strong></span> 
     </span>
    </p>
   </div>
   <div class='ocr_carea' id='block_1_79' title="bbox 216 4358 1873 4438">
    <p class='ocr_par' dir='ltr' id='par_1_79' title="bbox 216 4358 1873 4438">
     <span class='ocr_line' id='line_1_79' title="bbox 216 4358 1873 4438; baseline -0.006 -15"><span class='ocrx_word' id='word_1_611' title='bbox 216 4369 422 4438; x_wconf 79' lang='lat' dir='ltr'><strong>Impias</strong></span> <span class='ocrx_word' id='word_1_612' title='bbox 455 4366 515 4419; x_wconf 86' lang='lat' dir='ltr'><strong>in</strong></span> <span class='ocrx_word' id='word_1_613' title='bbox 548 4362 700 4418; x_wconf 85' lang='lat' dir='ltr'><strong>bonis</strong></span> <span class='ocrx_word' id='word_1_614' title='bbox 729 4358 1336 4438; x_wconf 30' lang='lat' dir='ltr'><strong>swwli‘ﬁnirevitam,</strong></span> <span class='ocrx_word' id='word_1_615' title='bbox 1369 4359 1435 4438; x_wconf 43' lang='lat' dir='ltr'><strong>at.</strong></span> <span class='ocrx_word' id='word_1_616' title='bbox 1464 4365 1651 4438; x_wconf 59' lang='lat' dir='ltr'><strong>postea</strong></span> <span class='ocrx_word' id='word_1_617' title='bbox 1684 4359 1873 4438; x_wconf 68' lang='lat' dir='ltr'><strong>requie</strong></span> 
     </span>
    </p>
   </div>
   <div class='ocr_carea' id='block_1_80' title="bbox 290 4428 1871 4499">
    <p class='ocr_par' dir='ltr' id='par_1_80' title="bbox 290 4428 1871 4499">
     <span class='ocr_line' id='line_1_80' title="bbox 290 4428 1871 4499; baseline -0.006 -7"><span class='ocrx_word' id='word_1_618' title='bbox 290 4428 497 4492; x_wconf 64' lang='lat' dir='ltr'><strong>coalein</strong></span> <span class='ocrx_word' id='word_1_619' title='bbox 553 4448 745 4488; x_wconf 65' lang='lat' dir='ltr'><strong>carere</strong></span> <span class='ocrx_word' id='word_1_620' title='bbox 776 4449 793 4485; x_wconf 92' lang='lat'><em>:</em></span> <span class='ocrx_word' id='word_1_621' title='bbox 822 4431 1164 4499; x_wconf 78' lang='lat' dir='ltr'><strong>contrarium</strong></span> <span class='ocrx_word' id='word_1_622' title='bbox 1193 4444 1316 4483; x_wconf 82' lang='lat' dir='ltr'><strong>vero</strong></span> <span class='ocrx_word' id='word_1_623' title='bbox 1344 4428 1497 4483; x_wconf 83' lang='lat' dir='ltr'><strong>nobis</strong></span> <span class='ocrx_word' id='word_1_624' title='bbox 1526 4428 1821 4499; x_wconf 83' lang='lat' dir='ltr'><strong>optandum</strong></span> <span class='ocrx_word' id='word_1_625' title='bbox 1850 4446 1871 4491; x_wconf 74' lang='lat'><strong>,-</strong></span> 
     </span>
    </p>
   </div>
   <div class='ocr_carea' id='block_1_81' title="bbox 290 4498 1870 4579">
    <p class='ocr_par' dir='ltr' id='par_1_81' title="bbox 290 4498 1870 4579">
     <span class='ocr_line' id='line_1_81' title="bbox 290 4498 1870 4579; baseline -0.006 -16"><span class='ocrx_word' id='word_1_626' title='bbox 290 4508 435 4579; x_wconf 82' lang='lat' dir='ltr'><strong>quod</strong></span> <span class='ocrx_word' id='word_1_627' title='bbox 464 4508 524 4561; x_wconf 87' lang='lat' dir='ltr'><strong>in</strong></span> <span class='ocrx_word' id='word_1_628' title='bbox 548 4505 922 4579; x_wconf 9' lang='lat' dir='ltr'><strong>prosperitate,</strong></span> <span class='ocrx_word' id='word_1_629' title='bbox 940 4504 1013 4579; x_wconf 76' lang='lat' dir='ltr'><strong>sit</strong></span> <span class='ocrx_word' id='word_1_630' title='bbox 1043 4498 1308 4579; x_wconf 62' lang='lat' dir='ltr'><strong>illecebris</strong></span> <span class='ocrx_word' id='word_1_631' title='bbox 1352 4498 1615 4579; x_wconf 68' lang='lat' dir='ltr'><strong>vitiorum</strong></span> <span class='ocrx_word' id='word_1_632' title='bbox 1668 4502 1870 4579; x_wconf 43' lang='lat' dir='ltr'><strong>acim:</strong></span> 
     </span>
    </p>
   </div>
   <div class='ocr_carea' id='block_1_82' title="bbox 1972 3492 3619 3570">
    <p class='ocr_par' dir='ltr' id='par_1_82' title="bbox 1972 3492 3619 3570">
     <span class='ocr_line' id='line_1_82' title="bbox 1972 3492 3619 3570; baseline 0.002 -21"><span class='ocrx_word' id='word_1_633' title='bbox 1972 3493 2345 3557; x_wconf 85' lang='lat' dir='ltr'><strong>ventilentur,</strong></span> <span class='ocrx_word' id='word_1_634' title='bbox 2378 3493 2532 3547; x_wconf 87' lang='lat' dir='ltr'><strong>sicut</strong></span> <span class='ocrx_word' id='word_1_635' title='bbox 2564 3492 2739 3563; x_wconf 84' lang='lat' dir='ltr'><strong>paleae</strong></span> <span class='ocrx_word' id='word_1_636' title='bbox 2773 3510 2805 3548; x_wconf 88' lang='lat' dir='ltr'><strong>a</strong></span> <span class='ocrx_word' id='word_1_637' title='bbox 2835 3499 3022 3550; x_wconf 88' lang='lat' dir='ltr'><strong>vento.</strong></span> <span class='ocrx_word' id='word_1_638' title='bbox 3058 3492 3266 3566; x_wconf 67' lang='lat' dir='ltr'><strong>Iqjusti</strong></span> <span class='ocrx_word' id='word_1_639' title='bbox 3298 3497 3451 3553; x_wconf 89' lang='lat' dir='ltr'><strong>sicut</strong></span> <span class='ocrx_word' id='word_1_640' title='bbox 3494 3496 3619 3570; x_wconf 83' lang='lat' dir='ltr'><strong>pal-</strong></span> 
     </span>
    </p>
   </div>
   <div class='ocr_carea' id='block_1_83' title="bbox 1975 3580 3622 3657">
    <p class='ocr_par' dir='ltr' id='par_1_83' title="bbox 1975 3580 3622 3657">
     <span class='ocr_line' id='line_1_83' title="bbox 1975 3580 3622 3657; baseline 0.002 -19"><span class='ocrx_word' id='word_1_641' title='bbox 1975 3599 2052 3638; x_wconf 62' lang='lat' dir='ltr'><strong>eas</strong></span> <span class='ocrx_word' id='word_1_642' title='bbox 2081 3580 2458 3649; x_wconf 79' lang='lat' dir='ltr'><strong>ventilentur,</strong></span> <span class='ocrx_word' id='word_1_643' title='bbox 2483 3581 2631 3649; x_wconf 86' lang='lat' dir='ltr'><strong>justi</strong></span> <span class='ocrx_word' id='word_1_644' title='bbox 2665 3581 2819 3635; x_wconf 91' lang='lat' dir='ltr'><strong>sicut</strong></span> <span class='ocrx_word' id='word_1_645' title='bbox 2848 3582 3129 3638; x_wconf 89' lang='lat' dir='ltr'><strong>triticum.</strong></span> <span class='ocrx_word' id='word_1_646' title='bbox 3160 3584 3424 3657; x_wconf 88' lang='lat' dir='ltr'><strong>Denique</strong></span> <span class='ocrx_word' id='word_1_647' title='bbox 3480 3580 3622 3643; x_wconf 85' lang='lat' dir='ltr'><strong>audi</strong></span> 
     </span>
    </p>
   </div>
   <div class='ocr_carea' id='block_1_84' title="bbox 1974 3669 3626 3746">
    <p class='ocr_par' dir='ltr' id='par_1_84' title="bbox 1974 3669 3626 3746">
     <span class='ocr_line' id='line_1_84' title="bbox 1974 3669 3626 3746; baseline 0.002 -19"><span class='ocrx_word' id='word_1_648' title='bbox 1974 3673 2263 3729; x_wconf 89' lang='lat' dir='ltr'><strong>dicentem</strong></span> <span class='ocrx_word' id='word_1_649' title='bbox 2288 3670 2452 3725; x_wconf 87' lang='lat' dir='ltr'><strong>Petro</strong></span> <span class='ocrx_word' id='word_1_650' title='bbox 2475 3669 2789 3726; x_wconf 86' lang='lat' dir='ltr'><strong>Dominum</strong></span> <span class='ocrx_word' id='word_1_651' title='bbox 2816 3689 2827 3725; x_wconf 93' lang='lat'>:</span> <span class='ocrx_word' id='word_1_652' title='bbox 2856 3694 2883 3721; x_wconf 78' lang='grc' dir='ltr'><strong>ιι</strong></span> <span class='ocrx_word' id='word_1_653' title='bbox 2902 3672 3043 3727; x_wconf 84' lang='lat' dir='ltr'><strong>Ecce</strong></span> <span class='ocrx_word' id='word_1_654' title='bbox 3058 3676 3304 3730; x_wconf 86' lang='lat' dir='ltr'><strong>Satanas</strong></span> <span class='ocrx_word' id='word_1_655' title='bbox 3350 3672 3626 3746; x_wconf 87' lang='lat' dir='ltr'><strong>expetivit</strong></span> 
     </span>
    </p>
   </div>
   <div class='ocr_carea' id='block_1_85' title="bbox 1975 3757 3625 3836">
    <p class='ocr_par' dir='ltr' id='par_1_85' title="bbox 1975 3757 3625 3836">
     <span class='ocr_line' id='line_1_85' title="bbox 1975 3757 3625 3836; baseline 0.002 -21"><span class='ocrx_word' id='word_1_656' title='bbox 1975 3776 2096 3828; x_wconf 91' lang='lat' dir='ltr'><strong>vos,</strong></span> <span class='ocrx_word' id='word_1_657' title='bbox 2129 3765 2195 3815; x_wconf 92' lang='lat' dir='ltr'><strong>ut</strong></span> <span class='ocrx_word' id='word_1_658' title='bbox 2231 3757 2469 3814; x_wconf 84' lang='lat' dir='ltr'><strong>ventilet</strong></span> <span class='ocrx_word' id='word_1_659' title='bbox 2500 3759 2653 3814; x_wconf 88' lang='lat' dir='ltr'><strong>sicut</strong></span> <span class='ocrx_word' id='word_1_660' title='bbox 2680 3757 2938 3814; x_wconf 88' lang='lat' dir='ltr'><strong>triticum</strong></span> <span class='ocrx_word' id='word_1_661' title='bbox 2975 3777 2988 3813; x_wconf 90' lang='lat'><strong>:</strong></span> <span class='ocrx_word' id='word_1_662' title='bbox 3035 3776 3141 3832; x_wconf 90' lang='lat' dir='ltr'><strong>ego</strong></span> <span class='ocrx_word' id='word_1_663' title='bbox 3173 3766 3370 3817; x_wconf 88' lang='lat' dir='ltr'><strong>autem</strong></span> <span class='ocrx_word' id='word_1_664' title='bbox 3427 3762 3625 3836; x_wconf 88' lang='lat' dir='ltr'><strong>regavi</strong></span> 
     </span>
    </p>
   </div>
   <div class='ocr_carea' id='block_1_86' title="bbox 1976 3845 3621 3923">
    <p class='ocr_par' dir='ltr' id='par_1_86' title="bbox 1976 3845 3621 3923">
     <span class='ocr_line' id='line_1_86' title="bbox 1976 3845 3621 3923; baseline -0.002 -19"><span class='ocrx_word' id='word_1_665' title='bbox 1976 3865 2081 3921; x_wconf 90' lang='lat' dir='ltr'><strong>pro</strong></span> <span class='ocrx_word' id='word_1_666' title='bbox 2109 3855 2187 3914; x_wconf 90' lang='lat' dir='ltr'><strong>te,</strong></span> <span class='ocrx_word' id='word_1_667' title='bbox 2223 3853 2289 3904; x_wconf 91' lang='lat' dir='ltr'><strong>ut</strong></span> <span class='ocrx_word' id='word_1_668' title='bbox 2319 3864 2433 3903; x_wconf 91' lang='lat' dir='ltr'><strong>non</strong></span> <span class='ocrx_word' id='word_1_669' title='bbox 2466 3845 2699 3902; x_wconf 83' lang='lat' dir='ltr'><strong>deﬁciat</strong></span> <span class='ocrx_word' id='word_1_670' title='bbox 2729 3846 2873 3903; x_wconf 80' lang='lat' dir='ltr'><strong>fides</strong></span> <span class='ocrx_word' id='word_1_671' title='bbox 2899 3852 3171 3915; x_wconf 84' lang='lat' dir='ltr'><strong>tua(l.uc.</strong></span> <span class='ocrx_word' id='word_1_672' title='bbox 3204 3852 3449 3917; x_wconf 79' lang='lat' dir='ltr'><strong>xxu,3t,</strong></span> <span class='ocrx_word' id='word_1_673' title='bbox 3473 3848 3621 3923; x_wconf 78' lang='lat'><strong>32).»</strong></span> 
     </span>
    </p>
   </div>
   <div class='ocr_carea' id='block_1_87' title="bbox 1982 3932 3622 4007">
    <p class='ocr_par' dir='ltr' id='par_1_87' title="bbox 1982 3932 3622 4007">
     <span class='ocr_line' id='line_1_87' title="bbox 1982 3932 3622 4007; baseline -0.001 -14"><span class='ocrx_word' id='word_1_674' title='bbox 1982 3936 2266 3993; x_wconf 79' lang='lat' dir='ltr'><strong>Deficiunt</strong></span> <span class='ocrx_word' id='word_1_675' title='bbox 2295 3934 2380 3991; x_wconf 91' lang='lat' dir='ltr'><strong>illi</strong></span> <span class='ocrx_word' id='word_1_676' title='bbox 2411 3933 2511 4006; x_wconf 92' lang='lat' dir='ltr'><strong>qui</strong></span> <span class='ocrx_word' id='word_1_677' title='bbox 2543 3934 2696 3989; x_wconf 89' lang='lat' dir='ltr'><strong>sicut</strong></span> <span class='ocrx_word' id='word_1_678' title='bbox 2723 3932 2901 4007; x_wconf 62' lang='lat' dir='ltr'><strong>paleae</strong></span> <span class='ocrx_word' id='word_1_679' title='bbox 2930 3934 3312 3993; x_wconf 82' lang='lat' dir='ltr'><strong>ventilentur:</strong></span> <span class='ocrx_word' id='word_1_680' title='bbox 3347 3953 3462 3993; x_wconf 92' lang='lat' dir='ltr'><strong>non</strong></span> <span class='ocrx_word' id='word_1_681' title='bbox 3482 3934 3622 3994; x_wconf 80' lang='lat' dir='ltr'><strong>defi-</strong></span> 
     </span>
    </p>
   </div>
   <div class='ocr_carea' id='block_1_88' title="bbox 1977 4022 3624 4098">
    <p class='ocr_par' dir='ltr' id='par_1_88' title="bbox 1977 4022 3624 4098">
     <span class='ocr_line' id='line_1_88' title="bbox 1977 4022 3624 4098; baseline 0.001 -17"><span class='ocrx_word' id='word_1_682' title='bbox 1977 4025 2055 4081; x_wconf 87' lang='lat' dir='ltr'><strong>cit</strong></span> <span class='ocrx_word' id='word_1_683' title='bbox 2083 4024 2184 4098; x_wconf 91' lang='lat' dir='ltr'><strong>qui</strong></span> <span class='ocrx_word' id='word_1_684' title='bbox 2215 4024 2285 4079; x_wconf 88' lang='lat' dir='ltr'><strong>ad</strong></span> <span class='ocrx_word' id='word_1_685' title='bbox 2319 4022 2768 4080; x_wconf 86' lang='lat' dir='ltr'><strong>similitudinem</strong></span> <span class='ocrx_word' id='word_1_686' title='bbox 2799 4022 2954 4079; x_wconf 92' lang='lat' dir='ltr'><strong>illius</strong></span> <span class='ocrx_word' id='word_1_687' title='bbox 2983 4024 3150 4097; x_wconf 88' lang='lat' dir='ltr'><strong>grani</strong></span> <span class='ocrx_word' id='word_1_688' title='bbox 3181 4029 3289 4091; x_wconf 90' lang='lat' dir='ltr'><strong>est,</strong></span> <span class='ocrx_word' id='word_1_689' title='bbox 3325 4025 3480 4097; x_wconf 91' lang='lat' dir='ltr'><strong>quod</strong></span> <span class='ocrx_word' id='word_1_690' title='bbox 3533 4040 3624 4082; x_wconf 87' lang='lat' dir='ltr'><strong>ce-</strong></span> 
     </span>
    </p>
   </div>
   <div class='ocr_carea' id='block_1_89' title="bbox 1976 4111 3626 4186">
    <p class='ocr_par' dir='ltr' id='par_1_89' title="bbox 1976 4111 3626 4186">
     <span class='ocr_line' id='line_1_89' title="bbox 1976 4111 3626 4186; baseline 0.001 -16"><span class='ocrx_word' id='word_1_691' title='bbox 1976 4113 2118 4170; x_wconf 87' lang='lat' dir='ltr'><strong>cidit</strong></span> <span class='ocrx_word' id='word_1_692' title='bbox 2141 4118 2198 4170; x_wconf 92' lang='lat' dir='ltr'><strong>et</strong></span> <span class='ocrx_word' id='word_1_693' title='bbox 2228 4113 2566 4180; x_wconf 85' lang='lat' dir='ltr'><strong>resurrexit,</strong></span> <span class='ocrx_word' id='word_1_694' title='bbox 2598 4111 2989 4186; x_wconf 91' lang='lat' dir='ltr'><strong>plurimorum</strong></span> <span class='ocrx_word' id='word_1_695' title='bbox 3020 4113 3319 4169; x_wconf 88' lang='lat' dir='ltr'><strong>fructuum</strong></span> <span class='ocrx_word' id='word_1_696' title='bbox 3334 4113 3626 4171; x_wconf 88' lang='lat' dir='ltr'><strong>accessio-</strong></span> 
     </span>
    </p>
   </div>
   <div class='ocr_carea' id='block_1_90' title="bbox 1979 4200 3626 4274">
    <p class='ocr_par' dir='ltr' id='par_1_90' title="bbox 1979 4200 3626 4274">
     <span class='ocr_line' id='line_1_90' title="bbox 1979 4200 3626 4274; baseline 0.001 -16"><span class='ocrx_word' id='word_1_697' title='bbox 1979 4220 2052 4258; x_wconf 86' lang='lat' dir='ltr'><strong>ne</strong></span> <span class='ocrx_word' id='word_1_698' title='bbox 2082 4200 2471 4259; x_wconf 90' lang='lat' dir='ltr'><strong>cumulatum.</strong></span> <span class='ocrx_word' id='word_1_699' title='bbox 2506 4201 2638 4257; x_wconf 90' lang='lat' dir='ltr'><strong>Ideo</strong></span> <span class='ocrx_word' id='word_1_700' title='bbox 2683 4200 2823 4256; x_wconf 92' lang='lat' dir='ltr'><strong>dicit</strong></span> <span class='ocrx_word' id='word_1_701' title='bbox 2877 4201 3159 4274; x_wconf 88' lang='lat' dir='ltr'><strong>propheta</strong></span> <span class='ocrx_word' id='word_1_702' title='bbox 3193 4218 3205 4256; x_wconf 91' lang='lat'><strong>:</strong></span> <span class='ocrx_word' id='word_1_703' title='bbox 3241 4224 3269 4251; x_wconf 82' lang='lat'><strong>«</strong></span> <span class='ocrx_word' id='word_1_704' title='bbox 3329 4200 3453 4258; x_wconf 86' lang='lat' dir='ltr'><strong>Heu</strong></span> <span class='ocrx_word' id='word_1_705' title='bbox 3509 4218 3626 4271; x_wconf 87' lang='lat' dir='ltr'><strong>me,</strong></span> 
     </span>
    </p>
   </div>
   <div class='ocr_carea' id='block_1_91' title="bbox 1981 4288 3627 4365">
    <p class='ocr_par' dir='ltr' id='par_1_91' title="bbox 1981 4288 3627 4365">
     <span class='ocr_line' id='line_1_91' title="bbox 1981 4288 3627 4365; baseline 0.001 -18"><span class='ocrx_word' id='word_1_706' title='bbox 1981 4292 2120 4365; x_wconf 87' lang='lat' dir='ltr'><strong>quia</strong></span> <span class='ocrx_word' id='word_1_707' title='bbox 2151 4292 2337 4345; x_wconf 84' lang='lat' dir='ltr'><strong>factus</strong></span> <span class='ocrx_word' id='word_1_708' title='bbox 2369 4307 2500 4347; x_wconf 88' lang='lat' dir='ltr'><strong>sum</strong></span> <span class='ocrx_word' id='word_1_709' title='bbox 2533 4290 2686 4345; x_wconf 89' lang='lat' dir='ltr'><strong>sicut</strong></span> <span class='ocrx_word' id='word_1_710' title='bbox 2715 4288 2813 4360; x_wconf 91' lang='lat' dir='ltr'><strong>qui</strong></span> <span class='ocrx_word' id='word_1_711' title='bbox 2847 4288 3071 4363; x_wconf 88' lang='lat' dir='ltr'><strong>colligit</strong></span> <span class='ocrx_word' id='word_1_712' title='bbox 3100 4289 3451 4363; x_wconf 85' lang='lat' dir='ltr'><strong>stipulamin</strong></span> <span class='ocrx_word' id='word_1_713' title='bbox 3473 4307 3627 4349; x_wconf 88' lang='lat' dir='ltr'><strong>mes-</strong></span> 
     </span>
    </p>
   </div>
   <div class='ocr_carea' id='block_1_92' title="bbox 1982 4378 3626 4451">
    <p class='ocr_par' dir='ltr' id='par_1_92' title="bbox 1982 4378 3626 4451">
     <span class='ocr_line' id='line_1_92' title="bbox 1982 4378 3626 4451; baseline -0.001 -15"><span class='ocrx_word' id='word_1_714' title='bbox 1982 4397 2044 4436; x_wconf 89' lang='lat' dir='ltr'><strong>se</strong></span> <span class='ocrx_word' id='word_1_715' title='bbox 2075 4380 2255 4451; x_wconf 81' lang='lat' dir='ltr'><strong>(Mich‘.</strong></span> <span class='ocrx_word' id='word_1_716' title='bbox 2288 4396 2390 4445; x_wconf 82' lang='lat' dir='ltr'><strong>vn,</strong></span> <span class='ocrx_word' id='word_1_717' title='bbox 2426 4379 2477 4447; x_wconf 90' lang='grc'><strong>1)</strong></span> <span class='ocrx_word' id='word_1_718' title='bbox 2511 4379 2522 4432; x_wconf 87' lang='lat' dir='ltr'><strong>l</strong></span> <span class='ocrx_word' id='word_1_719' title='bbox 2558 4402 2587 4427; x_wconf 87' lang='grc'><strong><em>››</em></strong></span> <span class='ocrx_word' id='word_1_720' title='bbox 2619 4378 2858 4449; x_wconf 81' lang='lat' dir='ltr'><strong>Stipuloe</strong></span> <span class='ocrx_word' id='word_1_721' title='bbox 2890 4378 3072 4449; x_wconf 89' lang='lat' dir='ltr'><strong>igitur</strong></span> <span class='ocrx_word' id='word_1_722' title='bbox 3112 4394 3241 4450; x_wconf 64' lang='lat' dir='ltr'><strong>quas</strong></span> <span class='ocrx_word' id='word_1_723' title='bbox 3272 4378 3387 4435; x_wconf 89' lang='lat' dir='ltr'><strong>cito</strong></span> <span class='ocrx_word' id='word_1_724' title='bbox 3435 4380 3626 4436; x_wconf 78' lang='lat' dir='ltr'><strong>exuri-</strong></span> 
     </span>
    </p>
   </div>
   <div class='ocr_carea' id='block_1_93' title="bbox 1987 4465 3627 4540">
    <p class='ocr_par' dir='ltr' id='par_1_93' title="bbox 1987 4465 3627 4540">
     <span class='ocr_line' id='line_1_93' title="bbox 1987 4465 3627 4540; baseline 0.002 -18"><span class='ocrx_word' id='word_1_725' title='bbox 1987 4474 2099 4535; x_wconf 88' lang='lat' dir='ltr'><strong>tur,</strong></span> <span class='ocrx_word' id='word_1_726' title='bbox 2134 4466 2404 4538; x_wconf 86' lang='lat' dir='ltr'><strong>impietas</strong></span> <span class='ocrx_word' id='word_1_727' title='bbox 2435 4471 2828 4537; x_wconf 86' lang='lat' dir='ltr'><strong>comparatur,</strong></span> <span class='ocrx_word' id='word_1_728' title='bbox 2863 4470 2918 4521; x_wconf 91' lang='lat' dir='ltr'><strong>et</strong></span> <span class='ocrx_word' id='word_1_729' title='bbox 2975 4465 3219 4537; x_wconf 84' lang='lat' dir='ltr'><strong>pulveri.</strong></span> <span class='ocrx_word' id='word_1_730' title='bbox 3280 4467 3412 4523; x_wconf 90' lang='lat' dir='ltr'><strong>Ideo</strong></span> <span class='ocrx_word' id='word_1_731' title='bbox 3468 4471 3627 4540; x_wconf 83' lang='lat' dir='ltr'><strong>post-</strong></span> 
     </span>
    </p>
   </div>
   <div class='ocr_carea' id='block_1_94' title="bbox 287 4553 3627 4651">
    <p class='ocr_par' dir='ltr' id='par_1_94' title="bbox 287 4553 3627 4651">
     <span class='ocr_line' id='line_1_94' title="bbox 287 4553 3627 4651; baseline -0.003 -19"><span class='ocrx_word' id='word_1_732' title='bbox 287 4553 1004 4651; x_wconf 51' lang='lat' dir='ltr'><strong>satiatizigaaapsg</strong></span> <span class='ocrx_word' id='word_1_733' title='bbox 1047 4553 1232 4651; x_wconf 50' lang='lat' dir='ltr'><strong>sane</strong></span> <span class='ocrx_word' id='word_1_734' title='bbox 1285 4573 1586 4651; x_wconf 63' lang='lat' dir='ltr'><strong>amentiam</strong></span> <span class='ocrx_word' id='word_1_735' title='bbox 1643 4572 1875 4651; x_wconf 72' lang='lat' dir='ltr'><strong>revincit</strong></span> <span class='ocrx_word' id='word_1_736' title='bbox 1905 4570 1950 4634; x_wconf 79' lang='grc' dir='ltr'>Ι)</span> <span class='ocrx_word' id='word_1_737' title='bbox 1981 4572 2159 4651; x_wconf 56' lang='lat' dir='ltr'><strong>99am</strong></span> <span class='ocrx_word' id='word_1_738' title='bbox 2190 4555 2335 4651; x_wconf 35' lang='lat' dir='ltr'><strong>diu}</strong></span> <span class='ocrx_word' id='word_1_739' title='bbox 2368 4571 2380 4608; x_wconf 78' lang='grc' dir='ltr'>ε</span> <span class='ocrx_word' id='word_1_740' title='bbox 2418 4553 2663 4651; x_wconf 59' lang='lat' dir='ltr'><strong>Erunt;</strong></span> <span class='ocrx_word' id='word_1_741' title='bbox 2690 4553 2845 4651; x_wconf 51' lang='lat' dir='ltr'><strong>sient</strong></span> <span class='ocrx_word' id='word_1_742' title='bbox 2875 4554 3060 4651; x_wconf 47' lang='lat'><strong>1331383</strong></span> <span class='ocrx_word' id='word_1_743' title='bbox 3080 4571 3116 4611; x_wconf 71' lang='grc' dir='ltr'>α</span> <span class='ocrx_word' id='word_1_744' title='bbox 3144 4559 3314 4651; x_wconf 45' lang='lat' dir='ltr'><strong>vetito</strong></span> <span class='ocrx_word' id='word_1_745' title='bbox 3345 4555 3462 4651; x_wconf 74' lang='lat' dir='ltr'><strong>(ng</strong></span> <span class='ocrx_word' id='word_1_746' title='bbox 3510 4572 3627 4622; x_wconf 70' lang='lat' dir='ltr'><strong>xxx.</strong></span> 
     </span>
    </p>
   </div>
   <div class='ocr_carea' id='block_1_95' title="bbox 294 4644 1875 4716">
    <p class='ocr_par' dir='ltr' id='par_1_95' title="bbox 294 4644 1875 4716">
     <span class='ocr_line' id='line_1_95' title="bbox 294 4644 1875 4716; baseline -0.006 -11"><span class='ocrx_word' id='word_1_747' title='bbox 294 4644 518 4706; x_wconf 65' lang='lat' dir='ltr'><strong>sanctus</strong></span> <span class='ocrx_word' id='word_1_748' title='bbox 549 4644 654 4714; x_wconf 72' lang='lat' dir='ltr'><strong>vir,</strong></span> <span class='ocrx_word' id='word_1_749' title='bbox 714 4644 1048 4716; x_wconf 73' lang='lat' dir='ltr'><strong>supplicium</strong></span> <span class='ocrx_word' id='word_1_750' title='bbox 1102 4647 1154 4697; x_wconf 86' lang='lat' dir='ltr'><strong>et</strong></span> <span class='ocrx_word' id='word_1_751' title='bbox 1192 4656 1441 4716; x_wconf 62' lang='lat' dir='ltr'><strong>praesens</strong></span> <span class='ocrx_word' id='word_1_752' title='bbox 1494 4645 1545 4695; x_wconf 82' lang='lat' dir='ltr'><strong>et</strong></span> <span class='ocrx_word' id='word_1_753' title='bbox 1598 4644 1875 4716; x_wconf 60' lang='lat' dir='ltr'><strong>aeternum</strong></span> 
     </span>
    </p>
   </div>
   <div class='ocr_carea' id='block_1_96' title="bbox 244 4714 1872 4794">
    <p class='ocr_par' dir='ltr' id='par_1_96' title="bbox 244 4714 1872 4794">
     <span class='ocr_line' id='line_1_96' title="bbox 244 4714 1872 4794; baseline -0.004 -20"><span class='ocrx_word' id='word_1_754' title='bbox 244 4778 249 4781; x_wconf 66' lang='grc'><strong><em>,</em></strong></span> <span class='ocrx_word' id='word_1_755' title='bbox 293 4722 672 4794; x_wconf 55' lang='lat' dir='ltr'><strong>preparatus</strong></span> <span class='ocrx_word' id='word_1_756' title='bbox 701 4714 1163 4794; x_wconf 28' lang='lat' dir='ltr'><strong>ess‘e‘declgraris.</strong></span> <span class='ocrx_word' id='word_1_757' title='bbox 1189 4714 1337 4779; x_wconf 84' lang='lat' dir='ltr'><strong>Tum,</strong></span> <span class='ocrx_word' id='word_1_758' title='bbox 1387 4714 1727 4794; x_wconf 76' lang='lat' dir='ltr'><strong>enumeratis</strong></span> <span class='ocrx_word' id='word_1_759' title='bbox 1781 4728 1872 4794; x_wconf 57' lang='lat' dir='ltr'><strong>eo-</strong></span> 
     </span>
    </p>
   </div>
   <div class='ocr_carea' id='block_1_97' title="bbox 264 4784 1872 4856">
    <p class='ocr_par' dir='ltr' id='par_1_97' title="bbox 264 4784 1872 4856">
     <span class='ocr_line' id='line_1_97' title="bbox 264 4784 1872 4856; baseline -0.003 -9"><span class='ocrx_word' id='word_1_760' title='bbox 264 4828 269 4839; x_wconf 71' lang='lat'><strong>.</strong></span> <span class='ocrx_word' id='word_1_761' title='bbox 293 4784 429 4847; x_wconf 62' lang='lat' dir='ltr'><strong>&#39;ma</strong></span> <span class='ocrx_word' id='word_1_762' title='bbox 453 4789 771 4852; x_wconf 72' lang='lat' dir='ltr'><strong>sceleribus,</strong></span> <span class='ocrx_word' id='word_1_763' title='bbox 806 4788 922 4856; x_wconf 84' lang='lat' dir='ltr'><strong>ipsa</strong></span> <span class='ocrx_word' id='word_1_764' title='bbox 952 4786 1059 4841; x_wconf 76' lang='lat' dir='ltr'><strong>Deo</strong></span> <span class='ocrx_word' id='word_1_765' title='bbox 1088 4785 1274 4852; x_wconf 80' lang='lat' dir='ltr'><strong>latere,</strong></span> <span class='ocrx_word' id='word_1_766' title='bbox 1299 4799 1407 4838; x_wconf 77' lang='lat' dir='ltr'><strong>non</strong></span> <span class='ocrx_word' id='word_1_767' title='bbox 1429 4798 1590 4854; x_wconf 80' lang='lat' dir='ltr'><strong>posse</strong></span> <span class='ocrx_word' id='word_1_768' title='bbox 1609 4784 1872 4856; x_wconf 70' lang='lat' dir='ltr'><strong>ostendit:</strong></span> 
     </span>
    </p>
   </div>
   <div class='ocr_carea' id='block_1_98' title="bbox 294 4853 1874 4934">
    <p class='ocr_par' dir='ltr' id='par_1_98' title="bbox 294 4853 1874 4934">
     <span class='ocr_line' id='line_1_98' title="bbox 294 4853 1874 4934; baseline -0.006 -16"><span class='ocrx_word' id='word_1_769' title='bbox 294 4876 427 4934; x_wconf 65' lang='lat' dir='ltr'><strong>quae</strong></span> <span class='ocrx_word' id='word_1_770' title='bbox 452 4863 527 4917; x_wconf 79' lang='lat' dir='ltr'><strong>sit</strong></span> <span class='ocrx_word' id='word_1_771' title='bbox 553 4853 865 4934; x_wconf 14' lang='lat' dir='ltr'><strong>earumdem,</strong></span> <span class='ocrx_word' id='word_1_772' title='bbox 889 4858 1088 4934; x_wconf 81' lang='lat' dir='ltr'><strong>portio,</strong></span> <span class='ocrx_word' id='word_1_773' title='bbox 1119 4856 1405 4927; x_wconf 75' lang='lat' dir='ltr'><strong>descripsit</strong></span> <span class='ocrx_word' id='word_1_774' title='bbox 1429 4853 1450 4915; x_wconf 56' lang='grc' dir='ltr'><strong>ᾖ·</strong></span> <span class='ocrx_word' id='word_1_775' title='bbox 1477 4856 1647 4934; x_wconf 66' lang='lat' dir='ltr'><strong>atque</strong></span> <span class='ocrx_word' id='word_1_776' title='bbox 1684 4853 1755 4909; x_wconf 85' lang='lat' dir='ltr'><strong>ad</strong></span> <span class='ocrx_word' id='word_1_777' title='bbox 1778 4871 1874 4934; x_wconf 47' lang='lat' dir='ltr'><strong>se:</strong></span> 
     </span>
    </p>
   </div>
   <div class='ocr_carea' id='block_1_99' title="bbox 296 4924 1876 5007">
    <p class='ocr_par' dir='ltr' id='par_1_99' title="bbox 296 4924 1876 5007">
     <span class='ocr_line' id='line_1_99' title="bbox 296 4924 1876 5007; baseline -0.006 -17"><span class='ocrx_word' id='word_1_778' title='bbox 296 4924 577 5007; x_wconf 56' lang='lat' dir='ltr'><strong>pientiam</strong></span> <span class='ocrx_word' id='word_1_779' title='bbox 606 4947 773 5003; x_wconf 84' lang='lat' dir='ltr'><strong>quam</strong></span> <span class='ocrx_word' id='word_1_780' title='bbox 800 4924 1630 4992; x_wconf 54' lang='lat' dir='ltr'><strong>ilti&#39;deseruemnt,&#39;sectandom</strong></span> <span class='ocrx_word' id='word_1_781' title='bbox 1658 4942 1757 4981; x_wconf 78' lang='lat' dir='ltr'><strong>nos</strong></span> <span class='ocrx_word' id='word_1_782' title='bbox 1786 4927 1876 4981; x_wconf 85' lang='lat' dir='ltr'><strong>ad-</strong></span> 
     </span>
    </p>
   </div>
   <div class='ocr_carea' id='block_1_100' title="bbox 296 5007 1868 5164">
    <p class='ocr_par' dir='ltr' id='par_1_100' title="bbox 296 5007 1868 5164">
     <span class='ocr_line' id='line_1_100' title="bbox 296 5007 1868 5164; baseline -0.007 -14"><span class='ocrx_word' id='word_1_783' title='bbox 296 5007 770 5164; x_wconf 48' lang='lat' dir='ltr'><strong>x‘l‘ititi’usmodi</strong></span> <span class='ocrx_word' id='word_1_784' title='bbox 802 5088 999 5159; x_wconf 90' lang='lat' dir='ltr'><strong>itaque</strong></span> <span class='ocrx_word' id='word_1_785' title='bbox 1029 5086 1087 5141; x_wconf 91' lang='lat' dir='ltr'><strong>in</strong></span> <span class='ocrx_word' id='word_1_786' title='bbox 1119 5086 1290 5142; x_wconf 83' lang='lat' dir='ltr'><strong>bonis</strong></span> <span class='ocrx_word' id='word_1_787' title='bbox 1335 5085 1534 5141; x_wconf 65' lang='lat' dir='ltr'><strong>saeculi</strong></span> <span class='ocrx_word' id='word_1_788' title='bbox 1593 5100 1868 5141; x_wconf 83' lang='lat' dir='ltr'><strong>consum-</strong></span> 
     </span>
    </p>
   </div>
   <div class='ocr_carea' id='block_1_101' title="bbox 221 5173 1877 5245">
    <p class='ocr_par' dir='ltr' id='par_1_101' title="bbox 221 5173 1877 5245">
     <span class='ocr_line' id='line_1_101' title="bbox 221 5173 1877 5245; baseline -0.006 -5"><span class='ocrx_word' id='word_1_789' title='bbox 221 5186 537 5240; x_wconf 87' lang='lat' dir='ltr'><strong>maverunt</strong></span> <span class='ocrx_word' id='word_1_790' title='bbox 566 5179 742 5235; x_wconf 91' lang='lat' dir='ltr'><strong>vitam</strong></span> <span class='ocrx_word' id='word_1_791' title='bbox 775 5193 943 5234; x_wconf 89' lang='lat' dir='ltr'><strong>suam</strong></span> <span class='ocrx_word' id='word_1_792' title='bbox 976 5176 1102 5245; x_wconf 85' lang='lat' dir='ltr'><strong>(Job</strong></span> <span class='ocrx_word' id='word_1_793' title='bbox 1144 5191 1260 5241; x_wconf 66' lang='grc' dir='ltr'><strong>χχι,</strong></span> <span class='ocrx_word' id='word_1_794' title='bbox 1297 5176 1407 5245; x_wconf 89' lang='grc'>13),</span> <span class='ocrx_word' id='word_1_795' title='bbox 1467 5173 1618 5229; x_wconf 89' lang='lat' dir='ltr'><strong>hanc</strong></span> <span class='ocrx_word' id='word_1_796' title='bbox 1680 5173 1877 5245; x_wconf 86' lang='lat' dir='ltr'><strong>utique</strong></span> 
     </span>
    </p>
   </div>
   <div class='ocr_carea' id='block_1_102' title="bbox 224 5262 1874 5344">
    <p class='ocr_par' dir='ltr' id='par_1_102' title="bbox 224 5262 1874 5344">
     <span class='ocr_line' id='line_1_102' title="bbox 224 5262 1874 5344; baseline -0.007 -17"><span class='ocrx_word' id='word_1_797' title='bbox 224 5285 411 5344; x_wconf 88' lang='lat' dir='ltr'><strong>quam</strong></span> <span class='ocrx_word' id='word_1_798' title='bbox 435 5269 727 5336; x_wconf 89' lang='lat' dir='ltr'><strong>vivebant,</strong></span> <span class='ocrx_word' id='word_1_799' title='bbox 761 5281 876 5321; x_wconf 92' lang='lat' dir='ltr'><strong>non</strong></span> <span class='ocrx_word' id='word_1_800' title='bbox 906 5263 1068 5319; x_wconf 90' lang='lat' dir='ltr'><strong>illam</strong></span> <span class='ocrx_word' id='word_1_801' title='bbox 1100 5263 1271 5334; x_wconf 89' lang='lat' dir='ltr'><strong>cujus</strong></span> <span class='ocrx_word' id='word_1_802' title='bbox 1300 5262 1627 5318; x_wconf 90' lang='lat' dir='ltr'><strong>mercedem</strong></span> <span class='ocrx_word' id='word_1_803' title='bbox 1677 5277 1874 5334; x_wconf 90' lang='lat' dir='ltr'><strong>spera-</strong></span> 
     </span>
    </p>
   </div>
   <div class='ocr_carea' id='block_1_103' title="bbox 223 5350 1877 5426">
    <p class='ocr_par' dir='ltr' id='par_1_103' title="bbox 223 5350 1877 5426">
     <span class='ocr_line' id='line_1_103' title="bbox 223 5350 1877 5426; baseline -0.007 -9"><span class='ocrx_word' id='word_1_804' title='bbox 223 5360 376 5418; x_wconf 89' lang='lat' dir='ltr'><strong>bant</strong></span> <span class='ocrx_word' id='word_1_805' title='bbox 405 5376 420 5426; x_wconf 89' lang='lat'><strong>;</strong></span> <span class='ocrx_word' id='word_1_806' title='bbox 453 5361 509 5414; x_wconf 91' lang='lat' dir='ltr'><strong>et</strong></span> <span class='ocrx_word' id='word_1_807' title='bbox 535 5357 666 5412; x_wconf 92' lang='lat' dir='ltr'><strong>ideo</strong></span> <span class='ocrx_word' id='word_1_808' title='bbox 696 5355 756 5410; x_wconf 92' lang='lat' dir='ltr'><strong>in</strong></span> <span class='ocrx_word' id='word_1_809' title='bbox 788 5352 986 5426; x_wconf 88' lang='lat' dir='ltr'><strong>requie</strong></span> <span class='ocrx_word' id='word_1_810' title='bbox 1015 5351 1230 5409; x_wconf 79' lang='lat' dir='ltr'><strong>inferni</strong></span> <span class='ocrx_word' id='word_1_811' title='bbox 1260 5350 1645 5419; x_wconf 88' lang='lat' dir='ltr'><strong>dormierunt,</strong></span> <span class='ocrx_word' id='word_1_812' title='bbox 1679 5365 1791 5405; x_wconf 93' lang='lat' dir='ltr'><strong>non</strong></span> <span class='ocrx_word' id='word_1_813' title='bbox 1817 5350 1877 5406; x_wconf 89' lang='lat' dir='ltr'><strong>in</strong></span> 
     </span>
    </p>
   </div>
   <div class='ocr_carea' id='block_1_104' title="bbox 302 5510 1873 5589">
    <p class='ocr_par' dir='ltr' id='par_1_104' title="bbox 302 5510 1873 5589">
     <span class='ocr_line' id='line_1_104' title="bbox 302 5510 1873 5589; baseline -0.001 -18"><span class='ocrx_word' id='word_1_814' title='bbox 302 5516 418 5589; x_wconf 88' lang='grc'>(16)</span> <span class='ocrx_word' id='word_1_815' title='bbox 452 5516 614 5572; x_wconf 84' lang='lat' dir='ltr'><strong>Rom.</strong></span> <span class='ocrx_word' id='word_1_816' title='bbox 649 5516 810 5589; x_wconf 85' lang='lat' dir='ltr'><strong>edit.,</strong></span> <span class='ocrx_word' id='word_1_817' title='bbox 842 5516 892 5570; x_wconf 87' lang='lat' dir='ltr'><strong>si</strong></span> <span class='ocrx_word' id='word_1_818' title='bbox 920 5514 1194 5570; x_wconf 82' lang='lat' dir='ltr'><strong>obviemus</strong></span> <span class='ocrx_word' id='word_1_819' title='bbox 1222 5514 1274 5569; x_wconf 71' lang='lat' dir='ltr'><strong>ei</strong></span> <span class='ocrx_word' id='word_1_820' title='bbox 1306 5555 1321 5579; x_wconf 89' lang='lat'><strong>,</strong></span> <span class='ocrx_word' id='word_1_821' title='bbox 1354 5510 1479 5568; x_wconf 73' lang='lat' dir='ltr'><strong>alia:</strong></span> <span class='ocrx_word' id='word_1_822' title='bbox 1539 5530 1672 5568; x_wconf 90' lang='lat' dir='ltr'><strong>cum</strong></span> <span class='ocrx_word' id='word_1_823' title='bbox 1731 5528 1873 5570; x_wconf 83' lang='lat' dir='ltr'><strong>mss.</strong></span> 
     </span>
    </p>
   </div>
   <div class='ocr_carea' id='block_1_105' title="bbox 232 5588 1162 5653">
    <p class='ocr_par' dir='ltr' id='par_1_105' title="bbox 232 5588 1162 5653">
     <span class='ocr_line' id='line_1_105' title="bbox 232 5588 1162 5653; baseline -0.006 -8"><span class='ocrx_word' id='word_1_824' title='bbox 232 5588 537 5653; x_wconf 89' lang='lat' dir='ltr'><strong>omnibus,</strong></span> <span class='ocrx_word' id='word_1_825' title='bbox 566 5591 617 5644; x_wconf 84' lang='lat' dir='ltr'><strong>si</strong></span> <span class='ocrx_word' id='word_1_826' title='bbox 644 5588 989 5643; x_wconf 71' lang='lat' dir='ltr'><strong>observemus</strong></span> <span class='ocrx_word' id='word_1_827' title='bbox 1019 5601 1162 5640; x_wconf 87' lang='lat' dir='ltr'><strong>eum.</strong></span> 
     </span>
    </p>
   </div>
   <div class='ocr_carea' id='block_1_106' title="bbox 304 5654 1878 5739">
    <p class='ocr_par' dir='ltr' id='par_1_106' title="bbox 304 5654 1878 5739">
     <span class='ocr_line' id='line_1_106' title="bbox 304 5654 1878 5739; baseline -0.004 -20"><span class='ocrx_word' id='word_1_828' title='bbox 304 5660 419 5739; x_wconf 88' lang='grc'>(17)</span> <span class='ocrx_word' id='word_1_829' title='bbox 442 5659 608 5716; x_wconf 80' lang='lat' dir='ltr'><strong>item.</strong></span> <span class='ocrx_word' id='word_1_830' title='bbox 631 5660 795 5726; x_wconf 86' lang='lat' dir='ltr'><strong>edit.,</strong></span> <span class='ocrx_word' id='word_1_831' title='bbox 829 5659 1088 5715; x_wconf 68' lang='lat' dir='ltr'><strong>stultitia?</strong></span> <span class='ocrx_word' id='word_1_832' title='bbox 1116 5658 1233 5731; x_wconf 78' lang='lat' dir='ltr'><strong>ejus</strong></span> <span class='ocrx_word' id='word_1_833' title='bbox 1266 5654 1559 5733; x_wconf 72' lang='lat' dir='ltr'><strong>respondit.</strong></span> <span class='ocrx_word' id='word_1_834' title='bbox 1595 5655 1663 5711; x_wconf 87' lang='lat' dir='ltr'><strong>Et</strong></span> <span class='ocrx_word' id='word_1_835' title='bbox 1704 5655 1878 5725; x_wconf 84' lang='lat' dir='ltr'><strong>infra,</strong></span> 
     </span>
    </p>
   </div>
   <div class='ocr_carea' id='block_1_107' title="bbox 553 5784 1022 5857">
    <p class='ocr_par' dir='ltr' id='par_1_107' title="bbox 553 5784 1022 5857">
     <span class='ocr_line' id='line_1_107' title="bbox 553 5784 1022 5857; baseline -0.002 -5"><span class='ocrx_word' id='word_1_836' title='bbox 553 5785 814 5853; x_wconf 62' lang='lat' dir='ltr'><strong>Panos.</strong></span> <span class='ocrx_word' id='word_1_837' title='bbox 864 5784 1022 5857; x_wconf 78' lang='lat' dir='ltr'><strong>XIV.</strong></span> 
     </span>
    </p>
   </div>
   <div class='ocr_carea' id='block_1_108' title="bbox 1982 4640 3628 4713">
    <p class='ocr_par' dir='ltr' id='par_1_108' title="bbox 1982 4640 3628 4713">
     <span class='ocr_line' id='line_1_108' title="bbox 1982 4640 3628 4713; baseline 0.001 -13"><span class='ocrx_word' id='word_1_838' title='bbox 1982 4647 2095 4713; x_wconf 87' lang='grc'>18),</span> <span class='ocrx_word' id='word_1_839' title='bbox 2126 4666 2155 4695; x_wconf 92' lang='grc'><strong>››</strong></span> <span class='ocrx_word' id='word_1_840' title='bbox 2188 4642 2486 4698; x_wconf 83' lang='lat' dir='ltr'><strong>subtexuit</strong></span> <span class='ocrx_word' id='word_1_841' title='bbox 2513 4640 2868 4698; x_wconf 87' lang='lat' dir='ltr'><strong>versiculum</strong></span> <span class='ocrx_word' id='word_1_842' title='bbox 2917 4644 3071 4701; x_wconf 73' lang='grc' dir='ltr'><strong>ϐω</strong></span> <span class='ocrx_word' id='word_1_843' title='bbox 3124 4645 3322 4700; x_wconf 86' lang='lat' dir='ltr'><strong>statim</strong></span> <span class='ocrx_word' id='word_1_844' title='bbox 3380 4645 3583 4701; x_wconf 86' lang='lat' dir='ltr'><strong>dicens</strong></span> <span class='ocrx_word' id='word_1_845' title='bbox 3613 4662 3628 4701; x_wconf 90' lang='lat'><strong>:</strong></span> 
     </span>
    </p>
   </div>
   <div class='ocr_carea' id='block_1_109' title="bbox 1983 4729 3631 4803">
    <p class='ocr_par' dir='ltr' id='par_1_109' title="bbox 1983 4729 3631 4803">
     <span class='ocr_line' id='line_1_109' title="bbox 1983 4729 3631 4803; baseline 0.001 -18"><span class='ocrx_word' id='word_1_846' title='bbox 1983 4755 2011 4785; x_wconf 85' lang='grc'><strong>‹‹</strong></span> <span class='ocrx_word' id='word_1_847' title='bbox 2043 4734 2159 4788; x_wconf 89' lang='lat' dir='ltr'><strong>Aut</strong></span> <span class='ocrx_word' id='word_1_848' title='bbox 2187 4732 2338 4787; x_wconf 89' lang='lat' dir='ltr'><strong>sicut</strong></span> <span class='ocrx_word' id='word_1_849' title='bbox 2368 4729 2558 4801; x_wconf 88' lang='lat' dir='ltr'><strong>pulvis</strong></span> <span class='ocrx_word' id='word_1_850' title='bbox 2590 4747 2763 4802; x_wconf 86' lang='lat' dir='ltr'><strong>quem</strong></span> <span class='ocrx_word' id='word_1_851' title='bbox 2796 4731 3039 4787; x_wconf 87' lang='lat' dir='ltr'><strong>abstulit</strong></span> <span class='ocrx_word' id='word_1_852' title='bbox 3089 4737 3298 4788; x_wconf 91' lang='lat' dir='ltr'><strong>ventus</strong></span> <span class='ocrx_word' id='word_1_853' title='bbox 3356 4732 3560 4803; x_wconf 65' lang='lat' dir='ltr'><strong>(Ibid)</strong></span> <span class='ocrx_word' id='word_1_854' title='bbox 3598 4753 3631 4781; x_wconf 82' lang='lat'><strong>»</strong></span> 
     </span>
    </p>
   </div>
   <div class='ocr_carea' id='block_1_110' title="bbox 1985 4819 3628 4893">
    <p class='ocr_par' dir='ltr' id='par_1_110' title="bbox 1985 4819 3628 4893">
     <span class='ocr_line' id='line_1_110' title="bbox 1985 4819 3628 4893; baseline -0.003 -16"><span class='ocrx_word' id='word_1_855' title='bbox 1985 4821 2246 4892; x_wconf 90' lang='lat' dir='ltr'><strong>Denique</strong></span> <span class='ocrx_word' id='word_1_856' title='bbox 2277 4824 2341 4875; x_wconf 90' lang='lat' dir='ltr'><strong>ut</strong></span> <span class='ocrx_word' id='word_1_857' title='bbox 2370 4834 2688 4890; x_wconf 86' lang='lat' dir='ltr'><strong>cognoscas</strong></span> <span class='ocrx_word' id='word_1_858' title='bbox 2719 4819 2856 4891; x_wconf 86' lang='lat' dir='ltr'><strong>quia</strong></span> <span class='ocrx_word' id='word_1_859' title='bbox 2887 4820 3105 4892; x_wconf 91' lang='lat' dir='ltr'><strong>impius</strong></span> <span class='ocrx_word' id='word_1_860' title='bbox 3134 4822 3287 4877; x_wconf 89' lang='lat' dir='ltr'><strong>sicut</strong></span> <span class='ocrx_word' id='word_1_861' title='bbox 3316 4819 3507 4893; x_wconf 86' lang='lat' dir='ltr'><strong>pulvis</strong></span> <span class='ocrx_word' id='word_1_862' title='bbox 3548 4820 3628 4875; x_wconf 91' lang='lat' dir='ltr'><strong>ci-</strong></span> 
     </span>
    </p>
   </div>
   <div class='ocr_carea' id='block_1_111' title="bbox 1986 4905 3629 4980">
    <p class='ocr_par' dir='ltr' id='par_1_111' title="bbox 1986 4905 3629 4980">
     <span class='ocr_line' id='line_1_111' title="bbox 1986 4905 3629 4980; baseline -0.001 -16"><span class='ocrx_word' id='word_1_863' title='bbox 1986 4915 2042 4966; x_wconf 89' lang='lat' dir='ltr'><strong>to</strong></span> <span class='ocrx_word' id='word_1_864' title='bbox 2072 4908 2292 4966; x_wconf 78' lang='lat' dir='ltr'><strong>fatiscit</strong></span> <span class='ocrx_word' id='word_1_865' title='bbox 2319 4914 2494 4979; x_wconf 90' lang='lat' dir='ltr'><strong>atque</strong></span> <span class='ocrx_word' id='word_1_866' title='bbox 2523 4908 2837 4975; x_wconf 87' lang='lat' dir='ltr'><strong>evanescit,</strong></span> <span class='ocrx_word' id='word_1_867' title='bbox 2870 4908 3051 4964; x_wconf 87' lang='lat' dir='ltr'><strong>habes</strong></span> <span class='ocrx_word' id='word_1_868' title='bbox 3082 4908 3141 4963; x_wconf 91' lang='lat' dir='ltr'><strong>in</strong></span> <span class='ocrx_word' id='word_1_869' title='bbox 3182 4906 3371 4980; x_wconf 91' lang='lat' dir='ltr'><strong>primo</strong></span> <span class='ocrx_word' id='word_1_870' title='bbox 3401 4905 3629 4980; x_wconf 89' lang='lat' dir='ltr'><strong>psalmo</strong></span> 
     </span>
    </p>
   </div>
   <div class='ocr_carea' id='block_1_112' title="bbox 1986 4994 3628 5068">
    <p class='ocr_par' dir='ltr' id='par_1_112' title="bbox 1986 4994 3628 5068">
     <span class='ocr_line' id='line_1_112' title="bbox 1986 4994 3628 5068; baseline -0.001 -15"><span class='ocrx_word' id='word_1_871' title='bbox 1986 4998 2207 5053; x_wconf 89' lang='lat' dir='ltr'><strong>dictum</strong></span> <span class='ocrx_word' id='word_1_872' title='bbox 2242 5014 2254 5052; x_wconf 92' lang='lat'>:</span> <span class='ocrx_word' id='word_1_873' title='bbox 2291 5020 2317 5045; x_wconf 86' lang='grc'><strong>‹‹</strong></span> <span class='ocrx_word' id='word_1_874' title='bbox 2350 4996 2475 5052; x_wconf 92' lang='lat' dir='ltr'><strong>Non</strong></span> <span class='ocrx_word' id='word_1_875' title='bbox 2508 4997 2592 5052; x_wconf 88' lang='lat' dir='ltr'><strong>sic</strong></span> <span class='ocrx_word' id='word_1_876' title='bbox 2623 4996 2810 5068; x_wconf 90' lang='lat' dir='ltr'><strong>impii,</strong></span> <span class='ocrx_word' id='word_1_877' title='bbox 2843 5013 2956 5054; x_wconf 88' lang='lat' dir='ltr'><strong>non</strong></span> <span class='ocrx_word' id='word_1_878' title='bbox 2990 4997 3075 5053; x_wconf 91' lang='lat' dir='ltr'><strong>sic</strong></span> <span class='ocrx_word' id='word_1_879' title='bbox 3115 4996 3287 5067; x_wconf 77' lang='lat' dir='ltr'><strong>(Psal.</strong></span> <span class='ocrx_word' id='word_1_880' title='bbox 3348 4996 3424 5063; x_wconf 81' lang='grc'><strong>4),</strong></span> <span class='ocrx_word' id='word_1_881' title='bbox 3486 5017 3508 5045; x_wconf 75' lang='grc' dir='ltr'><strong>ιι</strong></span> <span class='ocrx_word' id='word_1_882' title='bbox 3568 4994 3628 5052; x_wconf 90' lang='lat' dir='ltr'><strong>id</strong></span> 
     </span>
    </p>
   </div>
   <div class='ocr_carea' id='block_1_113' title="bbox 1986 5082 3624 5157">
    <p class='ocr_par' dir='ltr' id='par_1_113' title="bbox 1986 5082 3624 5157">
     <span class='ocr_line' id='line_1_113' title="bbox 1986 5082 3624 5157; baseline -0.001 -15"><span class='ocrx_word' id='word_1_883' title='bbox 1986 5090 2094 5154; x_wconf 90' lang='lat' dir='ltr'><strong>est,</strong></span> <span class='ocrx_word' id='word_1_884' title='bbox 2128 5101 2244 5141; x_wconf 89' lang='lat' dir='ltr'><strong>non</strong></span> <span class='ocrx_word' id='word_1_885' title='bbox 2278 5084 2430 5141; x_wconf 87' lang='lat' dir='ltr'><strong>sicut</strong></span> <span class='ocrx_word' id='word_1_886' title='bbox 2450 5085 2597 5157; x_wconf 76' lang='lat' dir='ltr'><strong>justi</strong></span> <span class='ocrx_word' id='word_1_887' title='bbox 2633 5086 2745 5156; x_wconf 84' lang='lat' dir='ltr'><strong>(l8)</strong></span> <span class='ocrx_word' id='word_1_888' title='bbox 2780 5102 2792 5139; x_wconf 91' lang='lat'>:</span> <span class='ocrx_word' id='word_1_889' title='bbox 2847 5108 2876 5135; x_wconf 91' lang='grc'><strong><em>‹‹</em></strong></span> <span class='ocrx_word' id='word_1_890' title='bbox 2910 5085 3009 5140; x_wconf 89' lang='lat' dir='ltr'><strong>sed</strong></span> <span class='ocrx_word' id='word_1_891' title='bbox 3062 5087 3343 5155; x_wconf 88' lang='lat' dir='ltr'><strong>tanquam</strong></span> <span class='ocrx_word' id='word_1_892' title='bbox 3410 5082 3624 5155; x_wconf 84' lang='lat' dir='ltr'><strong>pulvis,</strong></span> 
     </span>
    </p>
   </div>
   <div class='ocr_carea' id='block_1_114' title="bbox 1985 5170 3382 5248">
    <p class='ocr_par' dir='ltr' id='par_1_114' title="bbox 1985 5170 3382 5248">
     <span class='ocr_line' id='line_1_114' title="bbox 1985 5170 3382 5248; baseline -0.007 -17"><span class='ocrx_word' id='word_1_893' title='bbox 1985 5191 2161 5248; x_wconf 90' lang='lat' dir='ltr'><strong>quem</strong></span> <span class='ocrx_word' id='word_1_894' title='bbox 2192 5173 2425 5247; x_wconf 89' lang='lat' dir='ltr'><strong>projicit</strong></span> <span class='ocrx_word' id='word_1_895' title='bbox 2450 5180 2658 5229; x_wconf 89' lang='lat' dir='ltr'><strong>ventus</strong></span> <span class='ocrx_word' id='word_1_896' title='bbox 2690 5190 2724 5228; x_wconf 91' lang='lat' dir='ltr'><strong>a</strong></span> <span class='ocrx_word' id='word_1_897' title='bbox 2754 5173 2897 5229; x_wconf 88' lang='lat' dir='ltr'><strong>facie</strong></span> <span class='ocrx_word' id='word_1_898' title='bbox 2927 5178 3088 5227; x_wconf 68' lang='lat' dir='ltr'><strong>terra:</strong></span> <span class='ocrx_word' id='word_1_899' title='bbox 3117 5170 3318 5242; x_wconf 70' lang='lat' dir='ltr'><strong>(Ibid).</strong></span> <span class='ocrx_word' id='word_1_900' title='bbox 3352 5191 3382 5221; x_wconf 82' lang='lat'><strong>»</strong></span> 
     </span>
    </p>
   </div>
   <div class='ocr_carea' id='block_1_115' title="bbox 2059 5259 3621 5333">
    <p class='ocr_par' dir='ltr' id='par_1_115' title="bbox 2059 5259 3621 5333">
     <span class='ocr_line' id='line_1_115' title="bbox 2059 5259 3621 5333; baseline -0.001 -14"><span class='ocrx_word' id='word_1_901' title='bbox 2059 5264 2147 5319; x_wconf 82' lang='grc'>19.</span> <span class='ocrx_word' id='word_1_902' title='bbox 2182 5262 2250 5318; x_wconf 89' lang='lat' dir='ltr'><strong>Et</strong></span> <span class='ocrx_word' id='word_1_903' title='bbox 2269 5262 2405 5318; x_wconf 83' lang='lat' dir='ltr'><strong>facit</strong></span> <span class='ocrx_word' id='word_1_904' title='bbox 2433 5261 2843 5317; x_wconf 89' lang='lat' dir='ltr'><strong>discretionem</strong></span> <span class='ocrx_word' id='word_1_905' title='bbox 2875 5259 3621 5333; x_wconf 85' lang='lat' dir='ltr'><strong>interjustumetimpium.</strong></span> 
     </span>
    </p>
   </div>
   <div class='ocr_carea' id='block_1_116' title="bbox 1988 5346 3628 5423">
    <p class='ocr_par' dir='ltr' id='par_1_116' title="bbox 1988 5346 3628 5423">
     <span class='ocr_line' id='line_1_116' title="bbox 1988 5346 3628 5423; baseline 0.003 -21"><span class='ocrx_word' id='word_1_906' title='bbox 1988 5374 2017 5402; x_wconf 86' lang='lat'><strong>«</strong></span> <span class='ocrx_word' id='word_1_907' title='bbox 2060 5351 2183 5422; x_wconf 87' lang='lat' dir='ltr'><strong>Hie,</strong></span> <span class='ocrx_word' id='word_1_908' title='bbox 2215 5349 2476 5423; x_wconf 82' lang='lat' dir='ltr'><strong>«inquit,</strong></span> <span class='ocrx_word' id='word_1_909' title='bbox 2516 5371 2541 5398; x_wconf 87' lang='grc'><strong>››</strong></span> <span class='ocrx_word' id='word_1_910' title='bbox 2575 5348 2822 5405; x_wconf 92' lang='lat' dir='ltr'><strong>moritur</strong></span> <span class='ocrx_word' id='word_1_911' title='bbox 2852 5347 2910 5402; x_wconf 92' lang='lat' dir='ltr'><strong>in</strong></span> <span class='ocrx_word' id='word_1_912' title='bbox 2941 5346 3340 5420; x_wconf 89' lang='lat' dir='ltr'><strong>simplicitatis</strong></span> <span class='ocrx_word' id='word_1_913' title='bbox 3370 5366 3490 5406; x_wconf 65' lang='lat' dir='ltr'><strong>sum</strong></span> <span class='ocrx_word' id='word_1_914' title='bbox 3524 5367 3628 5423; x_wconf 91' lang='lat' dir='ltr'><strong>po-</strong></span> 
     </span>
    </p>
   </div>
   <div class='ocr_carea' id='block_1_117' title="bbox 1986 5508 2866 5572">
    <p class='ocr_par' dir='ltr' id='par_1_117' title="bbox 1986 5508 2866 5572">
     <span class='ocr_line' id='line_1_117' title="bbox 1986 5508 2866 5572; baseline -0.007 -1"><span class='ocrx_word' id='word_1_915' title='bbox 1986 5510 2120 5572; x_wconf 84' lang='lat' dir='ltr'><strong>solet</strong></span> <span class='ocrx_word' id='word_1_916' title='bbox 2149 5512 2329 5570; x_wconf 82' lang='lat' dir='ltr'><strong>venire</strong></span> <span class='ocrx_word' id='word_1_917' title='bbox 2359 5527 2544 5567; x_wconf 82' lang='lat' dir='ltr'><strong>rerum</strong></span> <span class='ocrx_word' id='word_1_918' title='bbox 2572 5508 2866 5565; x_wconf 82' lang='lat' dir='ltr'><strong>subversio.</strong></span> 
     </span>
    </p>
   </div>
   <div class='ocr_carea' id='block_1_118' title="bbox 2061 5580 3628 5671">
    <p class='ocr_par' dir='ltr' id='par_1_118' title="bbox 2061 5580 3628 5671">
     <span class='ocr_line' id='line_1_118' title="bbox 2061 5580 3628 5671; baseline 0.001 -29"><span class='ocrx_word' id='word_1_919' title='bbox 2061 5587 2172 5671; x_wconf 82' lang='grc'>(18)</span> <span class='ocrx_word' id='word_1_920' title='bbox 2203 5585 2264 5642; x_wconf 87' lang='lat' dir='ltr'><strong>Id</strong></span> <span class='ocrx_word' id='word_1_921' title='bbox 2293 5593 2390 5671; x_wconf 64' lang='lat' dir='ltr'><strong>est,</strong></span> <span class='ocrx_word' id='word_1_922' title='bbox 2424 5583 2698 5671; x_wconf 53' lang='lat' dir='ltr'><strong>rion</strong></span> <span class='ocrx_word' id='word_1_923' title='bbox 2718 5581 2859 5655; x_wconf 83' lang='lat' dir='ltr'><strong>justi</strong></span> <span class='ocrx_word' id='word_1_924' title='bbox 2891 5597 2902 5636; x_wconf 93' lang='lat'><strong>:</strong></span> <span class='ocrx_word' id='word_1_925' title='bbox 2950 5580 3072 5638; x_wconf 79' lang='lat' dir='ltr'><strong>haec</strong></span> <span class='ocrx_word' id='word_1_926' title='bbox 3124 5583 3297 5638; x_wconf 83' lang='lat' dir='ltr'><strong>verba</strong></span> <span class='ocrx_word' id='word_1_927' title='bbox 3352 5583 3411 5640; x_wconf 92' lang='lat' dir='ltr'><strong>in</strong></span> <span class='ocrx_word' id='word_1_928' title='bbox 3458 5584 3628 5643; x_wconf 85' lang='lat' dir='ltr'><strong>Rom.</strong></span> 
     </span>
    </p>
   </div>
   <div class='ocr_carea' id='block_1_119' title="bbox 1988 5653 2700 5717">
    <p class='ocr_par' dir='ltr' id='par_1_119' title="bbox 1988 5653 2700 5717">
     <span class='ocr_line' id='line_1_119' title="bbox 1988 5653 2700 5717; baseline -0.007 -1"><span class='ocrx_word' id='word_1_929' title='bbox 1988 5653 2126 5717; x_wconf 88' lang='lat' dir='ltr'><strong>edit.</strong></span> <span class='ocrx_word' id='word_1_930' title='bbox 2155 5653 2419 5714; x_wconf 80' lang='lat' dir='ltr'><strong>resecato</strong></span> <span class='ocrx_word' id='word_1_931' title='bbox 2449 5653 2700 5711; x_wconf 83' lang='lat' dir='ltr'><strong>fuerant.</strong></span> 
     </span>
    </p>
   </div>
   <div class='ocr_carea' id='block_1_120' title="bbox 3233 5781 3313 5852">
    <p class='ocr_par' dir='ltr' id='par_1_120' title="bbox 3233 5781 3313 5852">
     <span class='ocr_line' id='line_1_120' title="bbox 3233 5781 3313 5852; baseline 0 0"><span class='ocrx_word' id='word_1_932' title='bbox 3233 5781 3313 5852; x_wconf 68' lang='grc'>28</span> 
     </span>
    </p>
   </div>
  </div>
