4052 6196
508 317 636 385 875

521 455 705 512 tentia
732 453 866 526 (19),
898 455 1056 509 totus
1090 452 1149 508 in
1180 452 1543 509 abundantia
1572 457 1631 509 et
1655 451 1841 527 gratia
1879 468 1891 507 :
1926 450 2163 507 interio-

520 562 586 600 ra
611 546 808 599 autem
837 542 964 614 ejus
994 541 1169 614 plena
1193 546 1333 598 sunt
1381 542 1571 615 adipis
1606 559 1618 597 :
1680 541 1917 598 medula
1972 547 2169 597 autem

521 647 726 688 eorum
753 630 1023 705 superefﬂ
1036 631 1136 688 uit.
1174 630 1273 687 Ille
1302 636 1495 687 autem
1526 629 1761 687 conﬁcit
1790 628 1851 685 in
1890 628 2169 685 amaritu-

526 720 664 778 dine
694 720 902 778 animae
933 738 1050 777 sum
1082 737 1324 777 cursum
1352 720 1484 776 vita:
1511 719 1706 787 istius,
1767 716 2036 790 nihilque
2066 717 2168 772 ho-

525 811 587 868 ni
636 810 907 885 epulatus
938 810 1115 867 ﬁnem
1146 810 1358 882 accipit
1415 810 1529 881 (Job
1583 827 1701 880 xxx,
1751 810 1965 877 23-25).
2002 828 2030 856 »
2065 806 2169 862 Cui

528 918 633 975 pro
664 900 890 957 meritis
919 899 1045 957 suis
1074 899 1215 972 quid
1247 903 1438 972 potest
1492 898 1739 972 dignum
1797 899 2168 970 repraesenta-

526 990 575 1046 ri
605 989 724 1045 ?In
758 988 1026 1062 sepulcro
1076 988 1394 1053 inducitur,
1455 992 1512 1044 et
1567 988 1628 1043 in
1686 986 1913 1042 tumulo
1969 984 2172 1058 vigilat

527 1095 656 1135 suo.
688 1078 783 1135 Ne—
801 1078 923 1134 hazc
953 1077 1191 1149 quidem
1223 1095 1393 1150 poena
1423 1077 1734 1133 mediocris
1766 1096 1786 1143 ,-
1816 1075 2022 1131 mortis
2082 1090 2167 1129 re-

529 1167 725 1240 quiem
757 1183 871 1223 non
902 1166 1140 1236 habere,
1192 1167 1401 1222 deferri
1458 1183 1593 1222 eum
1652 1183 1767 1221 non
1824 1166 1896 1221 ad
1956 1169 2169 1219 terram

525 1256 866 1325 viventium,
898 1257 1001 1313 sed
1023 1257 1095 1313 ad
1124 1256 1386 1333 tumulos
1448 1260 1833 1312 mortuorum.
1867 1254 1974 1318 Qui
2033 1253 2171 1308 vivit

528 1346 687 1403 enim
718 1363 834 1402 non
866 1347 1016 1402 inter
1046 1350 1307 1402 mortuos
1338 1346 1640 1417 quaeritur,
1683 1346 1783 1401 sed
1812 1345 1870 1400 in
1930 1342 2171 1401 Abrahae

530 1437 666 1493 sinu
695 1436 875 1492 vitam
900 1435 1083 1507 carpit
1111 1440 1407 1492 aeternam.
1456 1435 1589 1490 Ideo
1641 1433 1747 1489 viri
1799 1434 1883 1488 illi
1942 1434 2057 1489 duo
2113 1433 2169 1487 in

530 1532 686 1581 veste
716 1523 961 1598 fulgenti
992 1524 1262 1581 dicebant
1292 1524 1364 1579 ad
1394 1522 1667 1579 mulieres
1703 1540 1715 1577 :
1751 1545 1777 1571 «
1812 1523 1959 1588 Quid
2014 1539 2170 1593 qus:-

528 1615 662 1673 ritis
690 1614 974 1671 viventem
1007 1631 1139 1670 cum
1180 1612 1482 1669 mortuis?
1542 1612 1667 1667 Non
1726 1616 1813 1667 est
1869 1612 1962 1666 hic
2019 1612 2166 1682 (Luc.

530 1723 683 1772 xxxv,
715 1706 790 1775 5).
826 1728 853 1753 ››

599 1840 690 1891 20.
726 1837 943 1921 Qeinde
973 1837 1088 1907 (Job
1146 1853 1300 1902 xxiv,
1330 1838 1364 1890 2
1420 1840 1559 1906 seq.)
1599 1838 1906 1890 enumerat
1955 1834 2174 1891 scelera

528 1926 867 1999 impiorum,
901 1925 1057 1996 quod
1087 1923 1341 1980 conﬁnia
1382 1923 1889 1991 transcenderunt,
1923 1928 1981 1979 et
2037 1940 2171 1979 cum

534 2016 763 2086 pastore
802 2011 1152 2084 diripuerint
1206 2027 1466 2085 gregem,
1525 2012 1997 2082 subjunctorium
2058 2012 2172 2083 (20)

531 2100 739 2175 pupilli
769 2099 1138 2168 abduxerint,
1198 2099 1632 2173 pigneraverint
1691 2101 1895 2156 bovem
1959 2101 2170 2169 viduaa,

529 2207 737 2265 agrum
766 2190 1197 2246 demessuerint
1223 2206 1339 2244 non
1371 2205 1568 2256 suum,
1609 2188 1827 2244 inﬁrmi
1861 2192 2081 2245 autem'
2113 2188 2173 2245 in

525 2279 711 2336 vineis
742 2294 945 2343 eorum
977 2277 1105 2334 sine
1134 2277 1398 2332 mercede
1456 2281 1512 2333 et
1569 2276 1696 2332 ciho
1754 2278 1973 2350 operati
2032 2278 2170 2347 sint,

534 2367 811 2425 detractis
837 2364 1201 2423 vestimentis
1232 2365 1422 2420 nudos
1446 2365 1683 2420 fecerint
1741 2365 2013 2421 dormire.
2048 2366 2173 2422 Ple-

533 2459 701 2531 rique
728 2473 981 2530 quorum
1001 2456 1208 2511 animae
1228 2455 1653 2527 operimentum
1680 2456 2023 2524 ademerint,
2047 2456 2173 2511 stil-

534 2548 749 2604 licidiis
780 2545 1200 2602 humescebant
1230 2543 1553 2610 montium;
1588 2547 1643 2598 et
1673 2543 1811 2614 quia
1826 2543 2174 2617 integimen-

533 2640 661 2694 tum
690 2636 906 2706 deerat,
946 2639 1111 2707 petra
1168 2649 1296 2688 sese
1362 2633 1720 2704 operiebant.
1780 2633 2179 2705 Rapiebantur

535 2728 746 2808 pupilli
777 2727 849 2782 ab
876 2723 1157 2780 uberibus
1190 2725 1443 2777 matrum
1472 2738 1736 2788 suarum,
1771 2721 1920 2795 lapsi
1982 2727 2172 2799 oppri-

534 2820 868 2882 mebantur,
901 2813 1000 2885 qui
1032 2810 1224 2884 magis
1253 2809 1398 2881 erigi
1429 2810 1790 2867 debuissent.
1837 2812 2173 2874 Esurientes

530 2905 954 2967 fraudabantur
982 2900 1133 2968 cibo,
1158 2904 1218 2955 et
1261 2897 1459 2954 anima
1515 2898 1936 2956 infantulorum
1991 2906 2173 2976 gravi-

529 3002 619 3056 ter
645 2991 1085 3068 ingemiscebat.

595 3132 687 3186 21.
721 3124 1018 3198 Numquid
1048 3123 1169 3179 haec
1199 3122 1468 3194 ignorare
1525 3122 1736 3195 potuit,
1787 3142 1961 3197 quem
2020 3127 2165 3184 nihil

525 3217 781 3295 praeterit
813 3215 843 3270 ?
875 3238 902 3266 ‹‹
933 3213 1103 3268 Nuda
1131 3211 1358 3267 inferna
1387 3211 1448 3266 in
1479 3216 1787 3283 conspectu
1840 3215 2049 3287 ipsius,
2104 3222 2165 3274 et

524 3327 641 3367 non
671 3311 762 3363 est
793 3302 1044 3360 amictus
1075 3299 1455 3373 nequissimis
1486 3300 1601 3371 (Job
1631 3318 1783 3369 xxvr,
1819 3304 1870 3375 6)
1904 3321 1919 3373 ;
1958 3327 1979 3356 ι
2026 3306 2166 3377 quia

523 3398 704 3454 latere
735 3409 849 3449 non
882 3392 1148 3463 possunt.
1183 3411 1209 3439 «
1246 3388 1512 3444 Extendit
1548 3389 1793 3446 Boream
1847 3409 1952 3464 pro
2012 3393 2164 3450 nihi-

522 3485 579 3541 lo
613 3501 626 3540 :
662 3479 971 3554 suspendit
997 3482 1211 3534 terram
1242 3477 1301 3533 in
1325 3477 1528 3544 nihilo,
1560 3477 1808 3552 alligans
1840 3498 2052 3554 aquam
2103 3483 2162 3539 in

525 3572 782 3630 nubibus
811 3570 955 3637 suis,
988 3572 1045 3625 et
1076 3584 1191 3623 non
1219 3570 1310 3623 est
1339 3571 1511 3639 rupta
1542 3568 1727 3625 nubes
1757 3570 1868 3625 sub
1914 3572 2162 3644 pedibus

522 3664 649 3735 ejus
680 3679 694 3716 :
730 3659 1014 3717 columna:
1036 3655 1162 3713 οωΙί
1193 3655 1596 3725 dissiluerunt,
1630 3663 1687 3713 et
1716 3658 2038 3716 timuerunt
2086 3663 2160 3718 ab

522 3749 919 3823 increpatione
949 3748 1096 3819 ejus.
1124 3745 1351 3801 Virtute
1382 3747 1743 3819 compescuit
1768 3765 1946 3816 mare,
1980 3750 2161 3807 disci-

521 3834 685 3916 plina
717 3842 911 3896 autem
938 3835 1314 3893 struitcetum
1333 3836 1512 3890 maris
1534 3835 1670 3908 (21).
1694 3836 1961 3895 Claustra
1984 3839 2159 3896 refor-

516 3929 746 3985 midant
777 3942 912 3983 eum
949 3942 961 3981 :
996 3928 1278 3997 praecepto
1294 3923 1990 3981 mortiﬁcavitdraconem
2022 3944 2161 3999 prae-

514 4019 918 4076 varicatorem.
953 4013 1241 4068 Virtutem
1268 4011 1509 4067 tonitrui
1537 4012 1670 4083 ejus
1700 4012 1834 4083 quis
1884 4013 2160 4087 intelligit

513 4106 673 4180 (Ibid.
703 4106 759 4173 ‘7,
794 4104 881 4176 14)
913 4102 941 4157 ‘I
974 4125 1001 4152 »
1036 4102 1098 4156 In
1130 4099 1310 4156 tantis
1340 4116 1476 4173 ergo
1508 4099 1743 4172 ﬂagitiis
1774 4124 1802 4150 «
1836 4119 1963 4174 quae
2022 4121 2156 4177 spes

510 4196 692 4268 impio
723 4197 812 4251 est
839 4192 867 4247 ?
898 4189 1196 4262 Numquid
1227 4188 1277 4246 si
1309 4189 1547 4245 conﬁdit
1577 4188 1637 4244 in
1669 4190 1915 4246 Domino
1967 4191 2154 4249 salva-

512 4284 727 4341 hitur?
791 4282 1016 4351 Dicam,
1049 4279 1259 4353 inquit,
1290 4277 1456 4334 vobis
1522 4278 1663 4351 quid
1701 4279 1779 4335 sit
1846 4280 1912 4358 in.
1975 4299 2153 4339 manu

610 4461 694 4528 19)
722 4459 888 4515 Rom.
922 4458 1082 4528 edit.,
1116 4461 1175 4514 in
1204 4459 1458 4514 stultitia:
1486 4472 1600 4513 suae
1637 4461 1898 4529 potentia.

604 4531 1188 4603 20)_Subjignc{orium,
1220 4529 1390 4603 id__es_t
1419 4528 1745 4600 subjugale.
1816 4531 1973 4599 LXX,
2035 4531 2152 4581 ὐπο-

511 4598 932 4676 ζύιέιοὶὀρφᾳνῶν
960 4599 1236 4663 ἀπήγαγον.
1269 4600 1438 4672 Vulg.
1474 4598 1690 4671 autem,
1724 4598 2155 4676 Asinum’pupz'l-

510 4677 693 4733 lorum
721 4672 1088 4728 abduxerunt.
1138 4727 1145 4733 ,

581 4747 691 4828 (21)
855 4742 994 4828 edit,
1025 4746 1226 4828 vet'._et
1264 4741 1459 4825 cuncti
1495 4759 1669 4828 .mssiz,
1701 4748 1938 4828 excepto
1980 4744 2148 4828 Dion.

507 4814 608 4875 ubi
646 4814 1400 4889 legitur,_di§ciplz'na__ejus
1445 4816 1653 4889 _stravit
1716 4818 1892 4889 cetum
1955 4821 2147 4873 matis.

506 4890 675 4946 Rom.
705 4883 858 4945 'edit.
902 4885 1040 4940 huic
1068 4883 1319 4950 ’accedit,
1363 4884 1461 4938 sed
1503 4900 1698 4939 vocem
1740 4888 1911 4941 maris
1978 4889 2147 4943 omit-

505 4963 578 5016 tit
615 4976 748 5017 cum
792 4956 1154 5029 LXXLapud
1197 4971 1347 5029 qu_o_s
1380 4954 1635 5029 funeratus
1691 4956 1756 5029 8_t_
1802 4957 2039 5029 ξπρωται
2090 4960 2147 5008 τό

502 5035 669 5092 κῆτος.
699 5023 1107 5101 εγωωαοῇλη
1143 5023 1334 5101 ου’ριλᾷ
1369 5025 1687 5101 ἀλαζονειανί
1708 5026 1879 5101 Vulg.
1913 5031 1985 5085 ab
2033 5030 2143 5087 hoc

501 5120 618 5163 non
650 5098 905 5163 multum
936 5100 1163 5160 distans
1184 5100 1439 5174 praetert,
1469 5103 1521 5155 et
1544 5098 1982 5173 prudentia—ejus
2016 5119 2142 5175 per-

1981 318 2046 380 S.
2093 310 2465 381 AMBROSII

3725 329 3815 392 816

2199 454 2248 517 Α
2277 451 2504 508 Domini
2542 470 2554 520 ;
2593 475 2619 502 ››
2651 456 2709 510 et
2738 454 2985 512 desinite
3014 455 3291 513 inanibus
3320 456 3505 515 inania
3531 459 3703 518 addere
3733 469 3819 535 (Job

2278 560 2454 609 xxvu,
2484 543 2668 614 8,11).

2349 635 2436 686 '22.
2494 633 2561 687 Et
2619 633 2895 689 describit
2951 652 3129 706 quam
3188 635 3527 695 miserabilis
3578 639 3821 715 impiorum

2280 720 2466 792 portio
2497 721 2594 776 sit.
2635 720 2797 786 Quod
2828 721 2938 780 etsi
2999 724 3197 796 plures
3251 725 3495 784 habeant
3545 728 3690 799 ﬁlios,
3737 733 3825 791 sine

2280 810 2617 881 posteritate
2659 816 2818 879 sunt,
2852 812 3069 884 quibus
3125 813 3288 871 deest
3318 816 3605 874 .bonorum
3653 822 3831 879 merito-

2280 914 2411 953 rum
2443 899 2735 956 successio
2764 900 2923 970 (Ibz'd.
2960 903 3047 970 14,
3092 902 3198 970 15).
3228 902 3333 959 Illa
3362 902 3508 961 enim
3559 910 3690 977 vera,
3732 927 3827 982 pos-

2278 986 2501 1057 teritas,
2534 1002 2658 1059 quae
2690 1005 2804 1043 non
2835 990 3029 1057 terris,
3063 992 3167 1047 sed
3200 991 3261 1048 in
3292 992 3428 1050 cmlo
3456 1000 3555 1051 est.
3583 995 3830 1069 Hujusmo-

2280 1074 2337 1129 di
2369 1091 2504 1145 ergo
2534 1076 2673 1131 viris
2702 1076 3011 1135 haereditas
3042 1080 3243 1153 inepia
3300 1087 3402 1151 est,
3457 1088 3510 1139 et
3561 1102 3695 1141 mors
3739 1104 3830 1143 suc-

2280 1165 2487 1219 cessio.
2578 1166 2724 1221 Cum
2779 1167 3013 1223 divitias
3081 1173 3551 1238 coacervaverint,
3599 1176 3831 1232 mendica.

2278 1253 2428 1307 bunt
2461 1271 2473 1319 ;
2508 1255 2648 1325 quia
2675 1271 2807 1310 cum
2850 1257 3068 1313 mortui
3100 1258 3340 1328 fuerint,
3393 1260 3719 1334 indigebunt,
3762 1266 3831 1336 qui

2280 1342 2539 1414 requiem
2564 1343 2674 1414 (22)
2716 1342 2972 1402 invenire
3002 1363 3115 1402 non
3149 1353 3415 1420 possunt.
3444 1350 3645 1407 Viduas
3686 1369 3831 1409 eorum

2282 1447 2452 1485 nemo
2484 1431 2870 1488 miseabitur':
2906 1436 3009 1491 sed
3059 1437 3383 1493 manebunt
3434 1439 3666 1508 desertii,
3711 1447 3832 1512 atque

2282 1520 2474 1591 omnis
2505 1520 2725 1593 copulae
2782 1523 2989 1578 solatio
3047 1524 3305 1582 destitui.
3361 1528 3479 1584 Etsi
3526 1536 3831 1602 congregetur

2282 1610 2527 1679 pecunia
2556 1610 2708 1666 sicut
2736 1615 2909 1679 terra,
2972 1618 3147 1686 atque
3190 1619 3257 1670 ut
3287 1615 3472 1672 lutum
3524 1624 3834 1690 praeparatum

2283 1698 2457 1753 fuerit
2489 1717 2719 1755 aurum.
2753 1702 2901 1757 661
2941 1703 3135 1759 Inanis
3170 1703 3280 1760 erit
3313 1705 3461 1760 sicut
3512 1723 3697 1762 aranea
3737 1707 3834 1763 sub-

2284 1788 2497 1843 stantia
2528 1794 2817 1856 eorum,et
2835 1807 3008 1847 omne
3032 1792 3257 1848 nomini
3280 1809 3478 1850 eorum
3502 1796 3832 1867 patrimonium

2287 1882 2566 1949 tanquam
2600 1896 2632 1933 a
2664 1879 2834 1934 tineis
2864 1883 3369 1938 consumnabitur.
3405 1883 3680 1940 Dormiens
3723 1884 3834 1939 dives

2283 1966 2426 2021 nihil
2459 1966 2685 2037 adjicet,
2722 1969 2949 2041 aperuit
2979 1969 3181 2027 oculos
3220 1988 3380 2041 suos,
3416 1978 3471 2029 et
3490 1974 3605 2044 jam
3642 1990 3733 2028 non
3777 1979 3835 2029 est

2283 2056 2445 2126 (Ibid.
2484 2056 2589 2124 19).
2623 2058 2924 2114 Permanet
2954 2058 3011 2114 in
3042 2058 3371 2116 dolovibus.
3404 2061 3553 2116 Nihil
3582 2078 3695 2134 ergo
3738 2066 3835 2117 sunt

2283 2146 2483 2199 omnia
2513 2163 2638 2216 quae
2670 2147 2726 2201 in
2759 2146 2866 2202 hoc
2900 2148 3118 2204 mundo
3145 2154 3305 2205 sunt.
3340 2150 3553 2206 Aurum
3591 2151 3642 2206 in
3687 2149 3834 2206 metal-

2285 2232 2357 2288 lis
2391 2250 2403 2288 :
2438 2234 2509 2289 de
2540 2235 2772 2291 metallo
2802 2237 3044 2305 eruitur,
3079 2241 3137 2293 et
3167 2237 3225 2292 in
3258 2238 3556 2295 metallum
3605 2238 3836 2295 revertitur

2286 2323 2400 2393 (Job
2432 2340 2632 2393 xxvm,
2662 2326 2714 2392 1,
2766 2326 2840 2396 2).
2875 2326 3023 2390 Quid
3054 2327 3211 2382 enim
3244 2327 3406 2383 aliud
3453 2328 3561 2384 nisi
3610 2326 3837 2385 metallum

2286 2417 2373 2467 est
2405 2429 2569 2468 mens
2614 2414 2825 2470 avari?
2882 2415 3015 2478 Quae
3072 2420 3360 2488 tanquam
3417 2417 3686 2473 defossum
3732 2419 3840 2471 tenet

2288 2501 2573 2573 quidquid
2605 2503 2906 2574 receperit,
2937 2509 2995 2559 et
3022 2503 3083 2559 in
3124 2505 3287 2562 venis
3319 2510 3481 2563 terrae
3535 2523 3595 2562 ac
3644 2503 3838 2562 latibulis

2287 2591 2598 2647 abscundit
2630 2609 2643 2660 ;
2677 2608 2743 2647 eo
2774 2594 2929 2665 quod
2955 2593 3038 2649 uti
3082 2595 3325 2652 nesciat.
3388 2595 3637 2661 Quotidie
3686 2609 3839 2649 aurum

2284 2680 2355 2736 de
2389 2679 2640 2736 metallis
2672 2682 2985 2753 promittur
3016 2702 3029 2750 ;
3062 2683 3134 2738 de
3164 2700 3340 2739 avaro
3369 2684 3610 2756 proferre
3634 2683 3742 2756 quis
3771 2697 3839 2754 po-

2284 2770 2395 2825 tuit
2416 2769 2444 2825 ?

2204 1825 2250 1889 B

2353 2860 2442 2914 23.
2476 2858 2619 2915 Cum
2652 2859 2832 2932 igitur
2862 2859 3006 2915 nihil
3040 2860 3222 2933 prosit
3252 2879 3403 2918 vana
3431 2862 3602 2918 fames
3620 2858 3841 2933 auri,quia

2282 2947 2564 3020 quidquid
2600 2948 3054 3021 congregaverit,
3087 2948 3310 3006 labitur
3342 2970 3357 3020 ;
3414 2950 3702 3008 miserandi
3746 2965 3839 3022 pro-

2281 3036 2429 3092 fecto
2459 3038 2559 3108 qui
2590 3038 2977 3094 deseruerunt
3012 3038 3167 3095 viam
3192 3039 3442 3111 justam,
3472 3049 3527 3096 et
3551 3038 3696 3095 obliti
3740 3040 3841 3093 sunt

2281 3140 2432 3194 eam,
2465 3123 2557 3180 cui
2587 3124 2823 3196 pretiosi
2856 3125 3079 3199 lapides
3108 3127 3565 3201 haudquaquam
3594 3130 3713 3185 sunt
3727 3142 3841 3182 eom-

2198 3186 2240 3253 ί]
2278 3186 2544 3285 parandi,
2576 3186 2834 3271 dilﬁcilis
2865 3186 3239 3289 in‘vestigatu,
3291 3186 3565 3291 impervia
3615 3215 3839 3289 superbis,

2276 3300 2979 3374 interclusajactantibus
3013 3322 3026 3360 ξ
3059 3304 3489 3363 humeliorihus
3518 3307 3691 3379 plana,
3724 3319 3840 3375 aper-

2274 3394 2330 3446 ta
2358 3391 2742 3462 sapientibus.
2777 3392 2843 3447 Et
2873 3392 2998 3449 ideo
3043 3394 3396 3466 sapientiam
3427 3396 3683 3451 debemus
3728 3406 3839 3463 que-

2274 3496 2419 3546 rere,
2454 3484 2519 3535 ut
2537 3478 2909 3536 ambulemus
2940 3481 3000 3538 in
3029 3482 3121 3538 via
3148 3484 3332 3553 justa,
3366 3501 3467 3557 per
3492 3500 3652 3557 quam
3691 3481 3838 3537 adver-

2274 3568 2466 3624 sarius
2495 3567 2590 3623 ille
2620 3570 2774 3625 sicut
2804 3569 2893 3626 leo
2923 3570 3157 3643 rapiens
3208 3577 3265 3628 et
3317 3573 3568 3646 rugiens,
3622 3570 3707 3643 qui
3752 3583 3838 3641 per-

2272 3657 2528 3712 cucurrit
2548 3658 2703 3713 hunc
2734 3658 3046 3725 mundum,
3078 3662 3334 3718 transire
3375 3663 3575 3734 potuit.
3628 3658 3722 3717 Sed
3768 3653 3836 3728 qui

2271 3745 2612 3818 sapientiai:
2648 3746 2770 3802 vult
2801 3746 3170 3821 investigare,
3232 3766 3347 3806 non
3398 3750 3454 3806 in
3508 3751 3697 3821 abysso
3738 3757 3831 3800 eam

2271 3830 2492 3905 quaerat
2522 3834 2696 3907 (sicut
2728 3835 3081 3909 philosophi,
3114 3839 3216 3910 qui
3251 3834 3738 3909 arbitranturquod
3755 3829 3834 3904 ipsi

2270 3939 2377 3979 sua
2408 3929 2633 3995 sponte,
2666 3941 2772 3980 suo
2802 3924 3037 3997 ingenio
3068 3928 3364 3999 profunda
3391 3929 3515 3999 ejus
3544 3925 3741 3999 possint
3772 3935 3836 3976 co-

2265 4015 2586 4085 gnoscere),
2621 4031 2736 4069 non
2766 4015 2827 4070 in
2859 4013 3007 4082 mari
3035 4031 3165 4071 eam
3196 4017 3479 4089 requirat.
3527 4013 3724 4072 Etenim
3764 4005 3833 4065 ubi

2264 4105 2603 4173 tempestas,
2638 4101 2736 4157 ubi
2768 4102 3021 4175 procella
3048 4103 3205 4160 venti
3234 4109 3345 4173 est,
3371 4123 3486 4161 non
3503 4108 3674 4177 potest
3696 4099 3835 4155 ibice-

2266 4208 2326 4245 se
2356 4189 2660 4261 sapientia,
2693 4191 2805 4247 Sed
2836 4190 2914 4246 ibi
2947 4197 3188 4264 quaerat,
3226 4195 3327 4250 ubi
3366 4198 3454 4251 est
3507 4185 3831 4263 tranquillitas

2264 4278 2498 4345 mentis,
2532 4284 2588 4336 et
2618 4297 2728 4353 pax
2759 4297 2885 4353 quin
2921 4298 3096 4354 super
3125 4299 3362 4340 omnem
3393 4281 3720 4339 intellectum
3757 4278 3833 4330 est.

2261 4460 2429 4514 cumth
2455 4461 2770 4527 superbum.
3736 4526 3743 4530 .
3788 4519 3816 4530 ..

2184 4557 2231 4622 D
2332 4531 2446 4656 £22)
2477 4519 2642 4587 Rom.
2675 4531 2816 4615 edit.
2851 4533 2980 4603 quia
3001 4548 3127 4614 cum
3153 4535 3467 4615 superstites
3491 4532 3697 4612 fuerint,
3726 4519 3832 4598 indit

2265 4617 2328 4656 ae
2367 4609 2480 4656 unt.
2511 4611 2562 4656 et
2586 4606 2893 4656 monentur
2919 4619 3012 4656 aut
3043 4619 3306 4656 requiem.
3338 4609 3444 4656 etc.
3502 4604 3564 4656 Et
3588 4600 3720 4656 intra
3762 4590 3832 4648 ubi

2265 4590 2480 4676 geb‘un't,
2511 4611 2562 4658 et
2586 4590 2893 4676 morientur
2919 4604 3016 4675 qui
3043 4590 3306 4676 requiém,
3338 4609 3444 4674 etc,
3491 4590 3564 4659 Ἐἰ
3588 4590 3720 4676 intra
3762 4590 3834 4676 ubi

2267 4664 2477 4729 eadem,
2502 4690 2569 4729 ac
2599 4673 2755 4741 Gill.,
2788 4664 3077 4730 deserta...
3110 4664 3442 4743 'destit'utz,’
3475 4677 3596 4730 Am.
3648 4672 3753 4727 Era.
3782 4664 3834 4743 εἰ

2266 4760 2410 4799 mss.
2441 4731 2990 4811 nobiscum,deserti.
3004 4788 3041 4801 ..
3064 4731 3511 4811 destitutiQuod
3528 4745 3680 4800 etiam
3697 4731 3831 4807 expli'

2265 4815 2382 4890 cari
2405 4832 2517 4890 non
2539 4816 2908 4890 incommode
2931 4822 3137 4890 potest.
3153 4818 3368 4883 Quidni
3387 4816 3538 4890 enim
3557 4815 3705 4890 liceat
3719 4819 3829 4884 mor-

2260 4889 2394 4941 tuos
2415 4886 2603 4942 dicere
2621 4886 2679 4942 in
2699 4887 2890 4943 viduis
2913 4886 3036 4944 suis
3058 4890 3322 4945 desertos
3343 4906 3409 4945 ac
3430 4887 3828 4949 destitutos,qul'

2260 4957 2372 5032 bus
2390 4957 2595 5014 solatio
2617 4959 2825 5032 essein
2850 4959 2975 5031 lege
2993 4961 3169 5015 veteri
3193 4961 3522 5032 putabatur,
3546 4958 3593 5014 si
3612 4953 3725 5032 quis
3740 4960 3826 5032 mg;

2256 5028 2411 5085 xime
2440 5013 3011 5103 consanguineoer
3038 5013 3590 5089 assesasses
3609 5013 3826 5083 duceret?
