4052 6196
190 420 199 423 '
275 403 396 463 877

1058 409 1159 470 DE
1201 408 1942 471 INTERPELLATIONE
1985 409 2124 471 JOB
2169 408 2272 471 ET
2315 408 2557 472 DAVID
2601 408 2753 472 LIB.
2798 409 2902 472 III.

3565 418 3687 480 878

1536 713 1881 801 LIBER
1940 714 2431 802 TERTIUS
2497 671 2501 675 ’

1389 920 1493 981 DE
1536 919 2276 982 INTERPELLATIONE
2320 920 2579 981 DAVlD.

809 1212 1041 1270 CAPUT
1081 1213 1387 1269 PRIMUM.

272 1300 463 1375 David,
498 1300 817 1375 frequenter
870 1301 936 1357 de
966 1303 1161 1358 saeculi
1202 1304 1445 1359 vanitate
1498 1303 1821 1359 disseruisse
1868 1305 1929 1357 in

344 1372 595 1445 psalmis,
626 1372 719 1427 sed
740 1375 987 1428 maxime
1015 1376 1075 1428 in
1106 1391 1274 1438 Lxxn,
1310 1375 1404 1430 ubi
1431 1391 1508 1437 se,
1539 1375 1605 1429 ob
1651 1375 1927 1445 improbo-

348 1462 482 1518 rum,
501 1445 888 1515 prosperitates
914 1453 964 1500 et
991 1446 1330 1501 calamitates
1345 1446 1662 1518 proborum,
1685 1447 1930 1515 graviter

348 1517 514 1571 milia
545 1518 870 1570 commotum
899 1531 1033 1582 esse,
1065 1532 1130 1571 ac
1181 1517 1364 1571 tamen
1408 1520 1591 1587 postea
1629 1525 1928 1571 correctum

346 1588 637 1671 signiﬁcat.
675 1588 798 1643 Uter
842 1587 1081 1711 ejusdem
1129 1588 1335 1671 psalmi
1381 1592 1575 1643 (metor
1618 1589 1789 1643 David
1844 1590 1929 1643 ni-

346 1675 576 1711 mirum.
598 1675 669 1711 an
702 1660 843 1711 Asan
866 1675 883 1711 ι
911 1657 1168 1711 dicendus
1188 1659 1461 1711 videatur.

345 1657 576 1725 mirum,
598 1675 669 1712 an
702 1657 883 1728 Asaph
911 1657 1168 1714 dicendus
1188 1659 1461 1714 videatur.

348 1767 400 1821 1.
466 1769 716 1820 Decursa
764 1768 853 1819 est
908 1763 1295 1836 interpellatio
1344 1764 1530 1820 sancti
1588 1764 1696 1820 Job
1765 1765 1923 1837 (23):

274 1871 436 1910 nunc
467 1851 805 1910 adoriamur
833 1869 957 1908 eam
1000 1852 1524 1926 interpellationem
1556 1870 1732 1926 quam
1763 1871 1924 1927 repe-

274 1946 468 2000 rimus
499 1944 558 1997 in
589 1941 854 2015 psalmis.
887 1942 1010 2013 [pse
1034 1942 1272 2014 quidem
1300 1941 1475 1998 David
1501 1941 1926 2015 pluribuslocis

271 2034 345 2088 de
377 2032 574 2088 saeculi
606 2031 860 2086 vanitate
892 2047 1002 2087 non
1038 2031 1236 2099 tacuit,
1270 2035 1327 2086 et
1355 2031 1554 2088 inania
1621 2048 1748 2087 esse
1798 2049 1923 2104 quae

271 2126 559 2193 putantur
584 2120 737 2175 bona
769 2119 942 2175 istius
972 2120 1201 2188 mundi,
1262 2122 1596 2192 frequenter
1653 2122 1921 2189 asseruit,

270 2218 327 2265 et
389 2209 643 2264 maxime
674 2209 733 2263 in
784 2207 1011 2281 psalmo
1063 2208 1363 2281 trigesimo
1420 2214 1642 2275 octavo,
1691 2210 1748 2265 in
1809 2226 1924 2282 quo

271 2298 453 2354 dicit:
517 2321 545 2347 ‹‹
602 2297 1021 2353 Verumtamen
1080 2297 1351 2353 universa
1407 2298 1651 2365 vanitas,
1730 2299 1924 2354 omnis

272 2387 454 2443 homo
500 2385 699 2441 vivens
747 2386 921 2454 (Psal.
973 2403 1212 2453 xxxvm,
1272 2388 1358 2455 6);
1396 2408 1417 2435 ι
1474 2391 1527 2441 et
1582 2403 1921 2459 quanquam

267 2476 329 2531 in
368 2474 624 2546 imagine
654 2473 757 2529 Dei
789 2473 1053 2529 ambulet
1084 2474 1279 2543 homo,
1312 2478 1502 2531 tamen
1525 2491 1671 2530 vane
1696 2480 1925 2531 contur-

269 2564 531 2630 babitur,
565 2562 941 2632 thesaurizat,
974 2566 1027 2618 et
1056 2562 1287 2634 ignorat
1315 2563 1405 2618 cui
1458 2568 1773 2636 congregat
1823 2580 1910 2620 ea.
1944 2582 1992 2646 Β

267 2655 342 2710 Et
374 2651 541 2708 alibi:
575 2675 603 2702 «
637 2651 952 2724 Usquequo
983 2655 1336 2723 peccatores,
1378 2652 1641 2720 Domine,
1701 2669 1915 2724 usque-

271 2759 392 2816 quo
452 2743 784 2814 peccatores
841 2738 1251 2813 gloriabuntur
1296 2741 1462 2811 (Psal.
1540 2758 1695 2808 xcm,
1771 2741 1915 2807 3)?»

270 2831 434 2897 Quod
469 2830 562 2886 hic
590 2829 842 2886 habeant
871 2828 1244 2885 umbratilem
1275 2828 1543 2902 gloriam,
1575 2830 1675 2886 ubi
1719 2832 1789 2887 de
1813 2849 1916 2887 saa-

269 2920 405 2977 culo
452 2918 823 2985 excesserint,
887 2919 1135 2973 fructum
1197 2917 1609 2975 consolationis
1654 2920 1916 2977 invenire

270 3028 387 3066 non
422 3008 668 3082 possint.
705 3008 861 3063 Idem
885 3011 1080 3063 tamen
1102 3007 1344 3062 inseruit
1368 3007 1666 3083 psalmum
1689 3014 1918 3081 septua-

269 3099 566 3173 gesimum
599 3097 945 3163 secundum,
971 3096 1029 3151 in
1053 3112 1168 3169 quo
1186 3096 1309 3168 ipse
1333 3097 1442 3151 sub
1466 3097 1661 3169 Asaph
1681 3099 1916 3156 nomine

243 3191 626 3262 .protestatur
657 3186 807 3258 quod
843 3186 972 3256 ejus
1012 3184 1187 3240 fuerit
1218 3185 1569 3257 principium
1592 3186 1913 3259 prolapsio-

269 3279 362 3333 nis
389 3319 403 3342 ,
435 3281 496 3331 ut
528 3292 640 3330 non
666 3273 941 3329 mediocri
982 3272 1180 3329 dolore
1233 3274 1578 3345 perstrictus
1625 3277 1722 3342 sit,
1778 3294 1910 3333 cum

264 3367 488 3423 videret
517 3370 849 3437 peccatores
880 3362 937 3417 in
968 3361 1078 3418 hoc
1138 3363 1359 3417 mundo
1406 3363 1645 3419 altluere
1673 3365 1911 3435 divitiis,

266 3455 569 3513 abundare
598 3452 777 3507 rebus
807 3452 1111 3507 secundis:
1148 3468 1211 3506 se
1241 3457 1459 3517 autem,
1493 3452 1592 3523 qui
1621 3454 1915 3524 justiﬁes-

264 3545 416 3602 verit
440 3559 540 3600 cor
578 3558 777 3610 suum,
801 3557 929 3597 esse
951 3541 1009 3595 in
1031 3540 1513 3597 afﬂictationibus
1533 3544 1912 3614 etzerumnis;

267 3650 375 3691 nec
405 3631 756 3688 mediocrem
788 3629 1034 3686 traxisse
1065 3629 1345 3685 offensam
1376 3628 1436 3683 in
1490 3631 1760 3699 exordio;
1812 3634 1912 3689 sed

266 3724 471 3795 postea
500 3737 603 3793 per
631 3717 860 3776 Domini
890 3717 1121 3790 ﬂagella
1150 3722 1496 3784 correctum,
1530 3722 1587 3773 et
1619 3718 1915 3777 illumina-

264 3817 393 3867 tum
426 3809 632 3864 divina:
653 3806 1006 3880 cognitionis
1023 3807 1228 3880 gratia,
1248 3823 1392 3862 vorte
1408 3807 1683 3864 didicisse
1707 3809 1914 3867 seriem

267 3899 625 3956 traditionis.

238 3974 257 3979 ’
339 3989 396 4044 2.
431 3987 735 4058 Nusquam
768 3992 965 4043 autem
1000 3984 1229 4042 invenio
1261 3988 1528 4040 sanctum
1560 3987 1753 4059 Asaph
1809 3987 1914 4043 ali-

270 4078 490 4148 quibus
520 4074 778 4131 adversis
811 4074 989 4130 I'uisse
1050 4079 1351 4131 vexatum:
1386 4082 1444 4129 at
1498 4092 1631 4130 vero
1678 4082 1918 4133 sanctus

270 4165 453 4222 David
485 4163 739 4238 plurima
767 4168 823 4217 et
854 4160 1245 4235 periculorum
1297 4162 1470 4235 plena
1514 4163 1796 4233 toleravit,
1846 4169 1918 4221 de

273 4255 405 4311 suis
425 4254 581 4310 enim
612 4251 913 4308 laboribus
942 4251 1100 4305 dicit.
1135 4250 1297 4306 Unde
1348 4256 1406 4307 et
1459 4239 1725 4326 psalmus
1764 4255 1917 4311 662

271 4361 389 4399 non
422 4342 589 4415 quasi
623 4341 807 4397 sancti
843 4339 1055 4413 Asaph,
1091 4340 1187 4395 sed
1224 4341 1394 4411 quasi
1452 4345 1651 4398 sancto
1699 4342 1916 4416 Asaph,

272 4438 339 4489 ut
387 4432 553 4487 docet
608 4428 835 4496 titulus,
900 4427 1374 4500 superscribitur,
1430 4429 1587 4501 quod
1616 4445 1686 4486 ex
1731 4428 1918 4503 graeco

274 4519 557 4575 Psalterio
588 4518 845 4591 apertius
876 4515 1302 4583 manifestatur,
1340 4522 1402 4571 ut
1431 4517 1698 4574 videatur
1741 4519 1917 4575 David

273 4609 451 4666 etiam
493 4606 628 4662 huic
661 4606 855 4678 Asaph
886 4603 1039 4661 sicut
1068 4609 1124 4659 et
1146 4603 1297 4670 aliis,
1333 4606 1684 4672 canendum,
1744 4625 1919 4680 quem

276 4697 592 4769 scripserat
622 4694 745 4766 ipse
763 4693 1057 4766 psalmum
1071 4692 1321 4749 dedisse.
1347 4693 1458 4749 Sed
1477 4693 1613 4766 quia
1633 4696 1745 4751 seri
1755 4701 1921 4768 ptum

350 4866 461 4936 (23)
499 4864 649 4919 Edit.
684 4863 850 4919 Rom.
876 4863 944 4917 ad
970 4861 1272 4937 calcemin
1289 4861 1417 4917 libri
1442 4862 1729 4937 Interpell.
1747 4880 1922 4937 quem

278 4955 318 4993 ιι
353 4933 754 5007 nuncupabat,
783 4933 1166 5007 transtulerat
1196 4933 1302 4988 has
1330 4950 1520 5007 voces,
1554 4933 1787 4991 θέσαν.ςὰ
1846 4944 1924 4992 est

280 5006 653 5080 interpellatio
706 5009 885 5080 sancti
938 5006 1031 5061 Job
1046 5023 1087 5080 ;_
1123 5011 1180 5060 et
1226 5006 1461 5061 omissis
1501 5075 1514 5080 Α
1542 5008 1925 5080 sequentibus

231 5120 242 5133 .
281 5075 467 5152 usque
498 5078 569 5133 ad
593 5084 766 5152 istas.
800 5079 916 5149 Ipse
957 5076 1194 5152 quidem,
1250 5081 1435 5152 totum
1501 5075 1923 5152 hunclibrum

281 5147 558 5220 rejecerat
588 5148 739 5204 inter
768 5147 1167 5220 enarrationes
1198 5147 1561 5219 psalmorum
1598 5149 1708 5205 sub
1756 5149 1925 5206 titulo

279 5219 665 5299 enarrationis
695 5220 754 5275 in
787 5219 1083 5292 psalmum
1115 5235 1285 5273 Lxxn.

353 5294 463 5382 (213)
495 5292 644 5382 Edit.
679 5290 1031 5382 omnes,ma_c
1082 5306 1248 5358 mss.,
1276 5290 1725 5382 Linsicriptionem
1780 5306 1925 5382 φφ·
1959 5318 2004 5382 D

278 5361 873 5437 prehendituexrtepto
919 5361 1175 5437 Thuan.,
1232 5361 1331 5416 ubi
1393 5362 1617 5437 b_abes,__
1648 5364 1928 5437 inscriptio

283 5431 738 5506 comprehendat;
777 5431 945 5506 'tforte
993 5432 1195 5505 lapsus
1251 5431 1618 5506 estlibrarii
1676 5433 1734 5487 in
1791 5431 1929 5506 voce

286 5503 589 5588 inscriptio,
626 5505 736 5563 nisi
772 5503 1067 5588 'dicamus
1122 5503 1548 5588 suppositionem
1579 5520 1680 5588 seu
1701 5576 1714 5588 ι
1734 5504 1930 5588 potius

287 5574 533 5650 ellipsim
583 5593 739 5650 esse.
772 5577 891 5634 Hoc
922 5582 1115 5650 autem
1146 5574 1289 5650 loco
1325 5574 1553 5629 videtur
1582 5575 1638 5629 id
1685 5574 1928 5650 Ambro-

290 5646 411 5705 sius
444 5649 793 5723 signiﬁcare,
828 5654 958 5723 post
978 5649 1173 5723 decem
1205 5646 1926 5723 sul‘ifequcutespsalmos.

290 5718 535 5797 quorum
596 5718 861 5778 omnium
920 5718 1129 5776 titulus
1160 5724 1275 5775 est:
1311 5718 1421 5793 Ipsi
1476 5718 1676 5793 Asaph,
1725 5736 1931 5779 rursus

1957 1214 2012 1279 Α
2043 1217 2131 1268 est
2157 1212 2215 1267 in
2246 1212 2375 1284 ipso
2403 1213 2595 1281 titulo,
2636 1214 2918 1271 defecisse
2973 1216 3231 1287 psalmos
3287 1218 3487 1291 David,
3538 1238 3684 1294 quo-

2041 1300 2214 1355 modo
2246 1305 2440 1356 autem
2474 1301 2832 1370 defecerunt,
2863 1320 2996 1359 cum
3033 1306 3295 1363 decursis
3332 1308 3426 1365 his
3483 1312 3682 1371 decem

2038 1389 2304 1461 psalmis,
2337 1395 2539 1462 postea
2569 1391 2835 1462 psalmus
2863 1392 3043 1449 David
3076 1393 3383 1453 titulorum
3422 1401 3535 1473 (24)
3591 1401 3682 1459 in-

2039 1479 2414 1549 scriptionem
2446 1479 2904 1551 comprehendat
2954 1497 3144 1555 usque
3174 1485 3231 1539 in
3288 1485 3564 1545 ultimum
3616 1492 3680 1546 ti-

2036 1582 2166 1621 nem
2191 1567 2219 1621 ?
2250 1568 2381 1622 Ideo
2406 1573 2770 1638 sequestrata
2789 1568 2890 1641 huj
2902 1572 3129 1628 usmodi
3159 1572 3514 1645 deﬁnitione,
3553 1595 3681 1652 quae

2036 1653 2112 1710 sit
2137 1654 2344 1725 psalmi
2379 1657 2558 1712 series
2589 1659 3048 1729 consideremus,
3109 1665 3161 1717 et
3195 1679 3228 1718 a
3283 1664 3471 1735 primo
3508 1669 3684 1726 versi-

2034 1743 2165 1799 culo
2224 1744 2709 1816 interpellationis
2773 1747 3123 1820 propheticae
3182 1751 3468 1810 ducamus
3516 1772 3681 1814 exor-

2033 1833 2216 1888 dium.

2682 1942 2916 1999 CAPUT
2958 1943 3026 2000 ll.

2035 2028 2116 2081 Er
2158 2030 2272 2099 ipso
2325 2031 2530 2099 psalmi
2583 2032 2805 2085 exordio
2863 2035 3253 2091 correctionem
3308 2038 3530 2094 Davidis
3584 2040 3677 2099 de-

2101 2100 2393 2179 prehendi:
2456 2102 2619 2156 Deum
2665 2105 2835 2179 justis
2890 2120 3097 2179 semper
3170 2106 3371 2163 bonum
3424 2125 3555 2179 esse,
3614 2130 3676 2171 eo

2103 2170 2242 2246 quod
2294 2173 2344 2226 si
2398 2170 2677 2228 vexentur
2704 2175 2966 2242 adversis,
2998 2170 3233 2246 futurae
3284 2170 3679 2242 remuneratio?

2106 2244 2195 2320 nis
2215 2258 2309 2320 spe
2336 2315 2345 2320 _
2372 2254 2706 2320 recreantur,
2741 2251 2877 2320 etse
2920 2244 3134 2319 semper
3170 2254 3408 2320 peccatis
3450 2256 3673 2313 minora

2102 2315 2230 2399 pali.
2251 2315 2724 2399 existim-aninmo
2752 2318 2885 2399 ullis
2911 2315 3086 2390 pamis
3132 2315 3241 2399 sita
3278 2324 3509 2399 spoliari
3548 2344 3676 2399 pos-

2101 2389 2230 2466 sunt
2260 2388 2565 2466 sapientia:
2600 2388 2796 2466 bonum
2828 2388 3011 2466 tamen
3064 2392 3232 2448 etiam
3263 2388 3677 2466 riinprobis'esse

2103 2456 2295 2531 Deum,
2326 2457 2417 2511 scd
2457 2473 2545 2513 eos
2590 2459 2739 2514 nolle
2784 2465 3041 2531 paratam
3093 2456 3361 2521 omnibus.
3393 2467 3547 2523 illius
3580 2471 3671 2526 bo-

2100 2529 2333 2582 nitatem
2366 2531 2628 2599 experiri.

2099 2649 2151 2703 3.
2187 2673 2213 2697 «
2249 2652 2431 2715 Quam
2466 2651 2653 2706 bonus
2685 2653 2838 2709 Deus
2869 2655 3043 2711 Israel
3075 2658 3248 2713 rectis
3278 2661 3450 2716 corde
3499 2664 3672 2731 (Psal.

2028 2754 2196 2803 ωίχιι,
2233 2736 2311 2806 1)!
2351 2761 2377 2787 »
2409 2738 2605 2795 Elucet
2637 2741 2693 2795 in
2727 2741 3012 2815 principio
3069 2746 3495 2806 emendationis
3539 2768 3673 2824 pro-

2029 2826 2233 2881 fectus.
2269 2826 2447 2882 Nemo
2478 2829 2633 2883 enim
2669 2834 2860 2901 potest
2884 2831 3067 2890 Deum
3083 2834 3300 2890 bonum
3323 2852 3455 2893 vere
3476 2837 3666 2911 fateri,

2026 2915 2138 2969 nisi
2174 2914 2265 2970 hic
2299 2916 2395 2987 qui
2433 2933 2543 2972 non
2577 2934 2643 2973 ex
2666 2920 3037 2977 successibus
3059 2925 3504 2983 commodorum
3538 2946 3670 2986 suo-

2025 3021 2179 3070 rum,
2222 3004 2323 3059 sed
2356 3021 2423 3060 ex
2453 3006 2777 3063 cmlestium
2810 3010 3220 3082 mysteriorum
3254 3014 3565 3087 profundo,
3613 3022 3670 3075 et

2023 3094 2228 3148 divina!
2252 3093 2653 3168 dispositionis
2675 3096 2981 3154 altitudine
3003 3098 3325 3157 bonitatem
3348 3104 3476 3175 ejus
3489 3122 3665 3179 agno-

2023 3183 2160 3239 scit:
2195 3198 2322 3254 qua:
2356 3200 2468 3239 non
2500 3185 2689 3258 specie
2723 3186 3120 3257 przesentium,
3181 3190 3281 3244 sed
3329 3190 3663 3251 futurorum

2023 3270 2272 3331 utilitate
2304 3274 2603 3345 pensanda
2648 3279 2754 3331 est.
2814 3275 2985 3332 Justo
3040 3277 3239 3350 itaque
3287 3296 3521 3354 semper
3561 3284 3667 3341 ho-

2023 3384 2135 3423 nus
2164 3372 2253 3422 est
2290 3367 2480 3423 Deus:
2517 3368 2571 3419 et
2602 3380 2735 3419 cum
2770 3369 3072 3436 torquetur
3099 3366 3399 3425 doloribus
3458 3387 3661 3446 corpo-

2023 3456 2125 3521 ris,
2147 3461 2355 3512 etcum
2392 3452 2674 3525 affligitur
2704 3453 3016 3510 acerbitate
3039 3471 3366 3527 poenarum,
3428 3476 3662 3535 semper

2023 3544 2198 3600 dicit:
2270 3569 2295 3593 ‹‹
2363 3542 2421 3598 Si
2491 3542 2643 3596 bona
2726 3542 3047 3614 accipimus
3132 3546 3202 3601 de
3278 3557 3468 3606 manu
3548 3553 3663 3608 Do-

2025 3632 2190 3700 mini,
2226 3650 2352 3704 quze
2386 3630 2540 3685 mala
2569 3634 2709 3684 sunt
2765 3647 2871 3684 cur
2917 3648 3033 3687 non
3092 3635 3492 3695 sustineamus
3551 3641 3665 3712 (Job

2026 3738 2087 3788 ιι,
2126 3720 2253 3792 10)?
2282 3742 2309 3770 »
2345 3717 2682 3774 Gratulatur
2712 3718 2806 3772 hic
2837 3735 2899 3773 se
2928 3721 3168 3788 conteri,
3201 3728 3265 3777 ut
3295 3725 3352 3778 in
3403 3727 3663 3784 futurum

2026 3808 2484 3865 consolationem
2517 3806 2779 3861 invenire
2810 3808 3020 3878 possit;
3054 3808 3245 3865 sciens
3267 3814 3543 3882 quoniam
3566 3818 3668 3888 qui

2025 3901 2180 3956 bona
2201 3897 2481 3968 receperit
2514 3895 2571 3950 in
2602 3894 2711 3950 hac
2742 3894 2877 3956 vita,
2910 3894 3086 3951 habet
3105 3900 3433 3956 mercedem
3466 3919 3667 3974 suam;

2026 3989 2222 4044 futura
2252 3986 2489 4060 praemia
2517 4000 2750 4055 sperare
2781 3984 2935 4040 003
2966 4001 3080 4040 non
3112 3987 3344 4057 poterit,
3392 3991 3493 4062 qui
3550 4007 3667 4047 non

2026 4077 2304 4141 luctatus,
2339 4090 2451 4129 non
2474 4070 2822 4128 exercitatus
2852 4072 2928 4128 sit
2958 4072 3321 4131 diversorum
3353 4079 3670 4135 certamine

2026 4165 2379 4239 praeliorum.
2408 4162 2513 4227 Qui
2546 4177 2678 4216 vero
2701 4162 2818 4215 sive
2840 4162 3002 4233 juste
3022 4162 3141 4217 sive
3162 4162 3380 4235 injuste
3417 4168 3672 4224 afﬁcitur

2028 4256 2086 4309 in
2122 4255 2227 4308 boc
2259 4252 2492 4321 szeculo,
2522 4248 2850 4322 gratulatur
2878 4249 2965 4305 vel
2998 4251 3151 4321 quod
3185 4250 3279 4307 hic
3326 4253 3509 4312 solvat
3540 4273 3671 4329 pre-

2028 4343 2112 4397 tia
2143 4341 2488 4397 delictorum
2539 4352 2804 4402 suorum,
2838 4335 2924 4391 vel
2964 4338 3105 4408 quia
3159 4339 3318 4396 novit
3365 4359 3495 4399 eam
3543 4361 3673 4403 esse

2031 4431 2185 4503 apud
2235 4429 2418 4483 Deum
2480 4426 2807 4480 uberiorem
2865 4425 3130 4497 gratiam,
3190 4428 3237 4482 si
3296 4429 3518 4501 injuste
3568 4451 3673 4507 pro

2030 4521 2158 4591 ejus
2187 4516 2441 4581 nomine,
2474 4520 2574 4569 aut
2606 4530 2706 4586 pro
2740 4514 2888 4569 bono
2919 4512 3116 4587 aliquo
3147 4532 3319 4589 opere
3342 4522 3553 4577 acerba
3569 4522 3675 4578 ali-

2031 4625 2148 4680 qua
2201 4607 2475 4679 patiatur,
2532 4603 2854 4659 secundum
2891 4603 3042 4675 quod
3072 4604 3356 4678 scriptum
3381 4615 3496 4667 est:
3531 4612 3676 4677 Quia

2032 4696 2194 4752 nulla
2223 4700 2311 4750 est
2367 4691 2551 4765 gloria
2608 4691 2654 4747 si
2710 4696 3016 4763 peccantes
3047 4694 3340 4765 punimini
3390 4703 3446 4754 et
3476 4700 3678 4754 sull‘er-

2036 4882 2222 4945 usque
2245 4864 2316 4918 ad
2349 4860 2613 4945 Rsalterii
2648 4862 2680 4915 li
2692 4878 2822 4945 nem
2855 4862 3105 4945 subinde
3126 4863 3353 4945 aliquos
3378 4880 3678 4945 occurrere

2035 4934 2147 5009 qui
2174 4934 2609 5010 ,inscribantur,
2633 4934 2900 5010 psalmus
2930 4934 3105 5010 David
3133 4934 3246 5010 nisi
3279 4934 3470 5003 malis,
3509 4952 3679 5010 usque

2035 5004 2093 5065 in
2125 5009 2383 5062 ultimum
2398 5006 2562 5075 ﬁnem
2595 5005 2745 5060 idem
2779 5004 2873 5059 hic
2901 5021 3028 5060 esse
3059 5006 3117 5075 in
3138 5006 3321 5074 ﬁnem,
3347 5022 3473 5075 quae
3505 5004 3682 5065 verba

2036 5074 2408 5152 psalmisnon
2430 5076 2632 5152 pauch
2650 5076 3032 5152 praefiguntur
3064 5074 3239 5152 Porro
3253 5074 3405 5152 quod
3420 5077 3680 5136 insoluta

2036 5145 2392 5229 relinquitur
2415 5145 2482 5204 ea
2498 5145 2810 5229 diﬁcultas,
2827 5145 2939 5229 non
2956 5145 3378 5229 mirabitur'qui
3392 5164 3526 5204 cum
3570 5153 3682 5229 All-

2036 5215 2273 5296 gustino
2301 5221 2361 5275 in
2395 5218 2542 5296 psal.
2571 5236 2659 5285 cv,
2704 5215 3336 5296 num._-t,_intellexerit
3382 5224 3681 5296 quamgsit

2039 5286 2286 5349 arduum
2319 5286 2583 5346 omnium
2617 5304 2828 5345 arcana
2855 5286 3158 5360 titulorum
3209 5286 3531 5360 penetrare.
3566 5294 3678 5351 Sed

2037 5366 2146 5421 hoc
2168 5362 2451 5437 imprimis
2472 5360 2902 5437 psalmide‘quo
2924 5358 3155 5430 agimus
3175 5358 3347 5418 titulo
3365 5379 3683 5437 congruam

2039 5437 2192 5509 idem
2226 5431 2426 5509 doctor
2464 5431 2609 5509 satis
2677 5433 2944 5509 testatur,
2997 5445 3135 5509 cum
3190 5438 3330 5509 post
3374 5431 3683 5509 mysticam

2039 5509 2053 5563 i
2065 5508 2227 5582 psius
2250 5500 2784 5582 interpretationem
2800 5500 2911 5582 ista
2924 5499 3233 5582 subjungi't
3250 5520 3264 5559 :
3286 5499 3680 5582 Periculosum,

2041 5572 2255 5652 inquit,
2289 5572 2464 5652 locum
2492 5572 2644 5630 tituli
2691 5572 2895 5652 psalmi
2947 5572 3250 5643 praesen—tis,
3301 5578 3441 5635 sicut
3498 5572 3681 5640 Domi;

2040 5645 2144 5709 nus
2177 5650 2365 5715 voluit,
2394 5645 2728 5719 prwlei'recti
2754 5659 2965 5699 sumus.
