4052 6196
502 309 622 371 879

1954 318 2020 378 8.
2067 316 2441 382 AMBROSII

3700 337 3786 401 880

504 443 596 509 tis,
630 445 730 501 sed
778 443 828 498 si
872 443 1334 535 ibenei‘acientes,
1384 449 1440 501 et
1506 447 1817 519 patientes:
1874 449 1996 504 haec
2051 454 2141 506 est
2169 455 2222 518 Α
2252 452 2405 507 xime
2452 452 2723 508 ﬁdelibus
2754 453 2962 509 divinae
3008 456 3285 514 bonitatis
3339 464 3663 535 praerogativa
3705 485 3788 526 ser-

497 535 686 608 gratia
732 534 887 606 apud
946 539 1150 590 Deum.
1195 559 1221 585 ‹‹
1286 535 1347 589 In
1392 535 1501 591 hoc
1557 537 1713 593 enim
1751 539 1937 594 vocati
1973 540 2136 611 estis,

497 623 638 696 quia
666 627 725 680 et
754 622 1022 680 Christus
1085 640 1189 696 pro
1245 624 1411 681 vobis
1463 630 1734 682 mortuus
1791 630 1901 694 est,
1961 627 2137 683 relin-

499 728 688 785 quens
745 712 1309 799 vobis‘ggemplum,
1372 718 1437 769 ut
1493 715 1820 787 sequamini
1895 716 2140 790 vestigia

497 806 647 878 ejus,
688 805 788 878 qui
818 808 1118 876 peccatum
1176 820 1291 858 non
1354 804 1503 872 fecit,
1564 821 1669 860 nec
1726 805 1999 861 inventus
2050 810 2139 862 est

499 894 669 949 dolus
698 893 756 948 in
791 910 889 948 ore
940 893 1096 963 ejus:
1158 892 1257 963 qui
1314 909 1448 947 cum
1507 892 1970 963 malediceretur,
2021 912 2135 950 non

496 981 885 1038 remaledixit:
939 998 1069 1037 cum
1129 986 1443 1054 pateretur,
1505 999 1620 1038 non
1669 984 2140 1039 comminabatur

496 1073 547 1143 (1
572 1073 715 1126 Pctr.
751 1089 812 1137 ιι,
842 1071 1053 1143 21-23).
1091 1093 1118 1120 »
1151 1072 1299 1143 Ergo
1323 1071 1523 1141 justus
1554 1071 1724 1126 etiam
1759 1072 1807 1127 si
1841 1073 1897 1127 in
1949 1089 2135 1145 equu-

495 1160 583 1217 leo
615 1161 710 1226 sit,
745 1177 975 1232 semper
996 1161 1198 1231 justus
1229 1163 1347 1228 est;
1373 1161 1811 1232 quiajustiticat
1845 1162 2048 1229 Deum,
2083 1167 2140 1216 et

494 1249 723 1305 minora
752 1266 813 1305 se
845 1251 1096 1321 peccatis
1156 1250 1280 1305 suis
1333 1250 1475 1304 dicit
1523 1251 1844 1306 sustinere:
1908 1267 2139 1322 semper

496 1339 730 1412 sapiens
752 1343 871 1395 est:
907 1356 1022 1394 non
1053 1339 1210 1395 enim
1259 1340 1520 1419 aufertur
1565 1339 1799 1411 equulei
1830 1340 2137 1395 tormentis

496 1445 625 1485 vera
658 1428 1026 1502 perfectaque
1057 1428 1368 1500 sapientia:
1414 1445 1526 1484 non
1561 1429 1775 1483 amittit
1802 1430 1951 1501 quod
2004 1434 2091 1484 est
2122 1448 2134 1495 ;

496 1519 632 1591 quia
663 1519 934 1574 timorem
970 1518 1228 1573 excludit
1260 1519 1433 1583 foras,
1496 1518 1689 1572 studio
1733 1523 1790 1572 et
1843 1519 2137 1591 proposito

495 1607 827 1663 charitatis:
861 1608 1018 1663 novit
1049 1612 1111 1662 ut
1143 1607 1378 1678 sapiens
1439 1605 1645 1675 dicere,
1710 1608 1847 1679 quia
1894 1607 2139 1679 indigna

496 1702 634 1752 sunt
665 1714 790 1770 quae
823 1697 878 1751 in
905 1697 1013 1751 hoc
1035 1712 1272 1767 corpore
1293 1696 1655 1752 sustinemus
1674 1698 2139 1752 remuneratione

2246 545 2439 612 vatur,
2465 541 2681 615 quibus
2712 547 2769 598 et
2799 543 3069 601 voluntas
3099 545 3200 602 Dei
3232 546 3527 619 opitulatur
3552 557 3601 608 et
3638 558 3793 627 gratia.

2248 629 2398 687 664
2431 630 2542 686 Sed
2604 633 2658 686 et
2718 630 3034 688 Psalmista
3089 633 3424 692 dicendo:«
3473 641 3631 705 Quam
3667 643 3802 703 bonus

2247 717 2399 772 Deus
2433 717 2611 774 Israel
2643 719 2820 775 rectis
2852 722 3052 777 cordel
3086 745 3105 772 ο
3133 724 3203 779 ad
3235 724 3483 798 ipsorum
3529 733 3798 791 sententiam

2247 806 2465 875 retulit,
2496 807 2593 880 qui
2626 809 2798 863 aliter
2827 810 2897 865 de
2931 811 3044 867 Deo
3076 812 3292 869 sentire
3320 831 3428 870 non
3472 825 3677 889 norunt,
3721 822 3801 878 nisi

2249 895 2385 967 quia
2414 897 2604 951 bonus
2632 897 2704 952 ad
2736 899 2936 954 omnia
2964 904 3019 954 et
3049 900 3108 955 in
3151 903 3421 958 omnibus
3456 909 3550 961 est.

2249 1057 2429 1137 Fateri
2468 1059 2794 1137 [’mphctam
2850 1077 2908 1115 se
2965 1070 3179 1116 tantum
3228 1078 3344 1137 _non
3397 1080 3499 1120 esse
3538 1066 3800 1137 prolapsum,

2319 1129 2459 1183 dum
2484 1133 2832 1207 peccatorum
2855 1135 3458 1207 pacemiaemularetur:
3477 1129 3806 1207 ddpliceinmé

2312 1214 2526 1278 pacem,
2562 1202 2662 1278 sed
2692 1219 2815 1278 eam
2842 1202 2963 1273 quae
2985 1204 3381 1275 offendicula";
3435 1202 3596 1274 habet,
3646 1211 3803 1278 fugies

2316 1270 2472 1337 dam;
2506 1273 2723 1347 uallum
2752 1276 2813 1327 in
2843 1270 3395 1347 mortepeccatorum
3448 1270 3662 1333 [etiam
3696 1270 3800 1344 Esse;

2316 1357 2430 1422 non.
2447 1343 2702 1422 prodesse
2729 1345 2952 1414 ﬂagella
2976 1343 3095 1422 post
3119 1351 3344 1404 mortem
3401 1350 3622 1421 exemplo
3662 1343 3807 1403 Lazari

2318 1422 2373 1491 et
2397 1414 2586 1491 diuitis
2618 1414 3032 1491 demonstrari;
3094 1424 3360 1489 quantum
3412 1414 3733 1491 vero'prosint
3766 1423 3806 1473 in

2321 1487 2455 1550 vita,
2489 1486 2745 1562 Doridem
2773 1504 2837 1562 ac
2881 1490 3075 1562 lotium
3103 1486 3449 1562 patefacere,-
3502 1486 3691 1548 dem
3726 1507 3807 1562 pcr-

2315 1565 2473 1643 pelgio
2493 1572 2603 1637 esse
2622 1559 2998 1643 ﬂagellandoa,
3021 1559 3221 1631 quihic
3240 1559 3503 1643 ﬂageliati
3518 1579 3615 1617 non

2315 1629 2379 1705 ὄλ
2403 1626 2660 1705 Denique
2693 1626 3077 1705 sequentibus
3111 1626 3349 1705 exponit
3394 1633 3513 1705 ipse
3562 1626 3682 1705 quid
3720 1649 3807 1705 sen-

2248 1698 2408 1757 serit.
2440 1698 2713 1756 dicendo:
2752 1698 2791 1749 ‹‹”
2814 1700 2927 1756 Mei
2957 1708 3151 1758 autem
3177 1698 3323 1776 pene
3353 1698 3488 1759 moti
3516 1698 3639 1759 sunt
3661 1704 3808 1777 pedes,

496 1788 704 1841 futurae
734 1785 966 1858 gloriae;
1000 1790 1057 1840 et
1079 1801 1282 1841 omnes
1309 1785 1486 1855 hujus
1516 1785 1796 1858 temporis
1835 1785 2137 1858 passiones
2169 1822 2217 1885 B
2249 1786 2420 1857 paulo
2453 1786 2650 1843 minus
2679 1788 2847 1843 eti‘usi
2884 1794 3022 1844 sunt
3078 1807 3319 1864 gressus
3351 1791 3490 1857 mei;
3522 1792 3643 1864 quia
3684 1789 3812 1846 zelavi

499 1879 981 1947 superventuram
1043 1874 1368 1928 mercedem
1417 1889 1646 1945 azquare
1705 1891 1818 1929 non
1867 1879 2134 1946 possunt.

499 1965 696 2022 Bonus
725 1963 904 2038 igitur
934 1962 1071 2018 huic
1111 1979 1342 2035 semper
1371 1966 1459 2018 est
1487 1963 1661 2032 Deus,
1705 1963 1803 2035 qui
1838 1964 1994 2019 novit
2023 1981 2137 2036 quo

498 2059 757 2126 tempore
779 2057 979 2109 metet.
1014 2054 1081 2108 Et
1112 2052 1241 2108 ideo
1280 2052 1446 2124 quasi
1505 2053 1695 2108 bonus
1742 2051 1999 2125 agricola
2046 2053 2141 2109 hic

500 2147 627 2198 arat
676 2158 883 2216 agrum
913 2158 1089 2197 suum
1122 2142 1376 2214 quodam
1427 2141 1794 2197 abstinentiae
1847 2142 2139 2215 rigidioris

497 2248 759 2288 vomere:
794 2231 888 2286 hic
918 2230 1130 2303 stirpat
1159 2230 1411 2302 quadam
1445 2230 1589 2285 falce
1616 2230 1899 2286 virtutum
1934 2248 2138 2303 ampu-

500 2320 985 2378 tatricevitiorum
1019 2339 1030 2376 :
1055 2320 1151 2374 hic
1177 2323 1457 2375 stercorat
1476 2319 1843 2376 humiliando
1865 2337 1926 2375 se
1952 2336 2141 2391 usque

500 2412 572 2465 ad
604 2415 840 2475 terram,
875 2410 1065 2465 sciens
1097 2409 1236 2481 quia
1267 2410 1421 2466 Deus
1451 2409 1521 2464 de
1552 2414 1707 2464 terra
1738 2409 1984 2465 suscitat
2010 2408 2142 2465 ino—

2254 1877 2308 1928 in
2347 1877 2768 1946 peccatoribus,
2803 1894 3001 1950 pacem
3035 1885 3408 1952 peccatorum
3463 1881 3643 1937 videns
3689 1879 3810 1952 (Psal.

2255 1979 2427 2031 Lxxn,
2461 1968 2514 2030 2,
2546 1967 2621 2026 3).
2652 1989 2678 2015 ››
2710 1966 2836 2022 Non
2868 1968 3074 2040 utique
3123 1969 3304 2042 pedes
3336 1970 3579 2042 corporis
3626 1965 3814 2041 appellat

2251 2070 2513 2127 gressus,
2547 2056 2645 2109 sed
2681 2056 3060 2112 directionem
3116 2059 3331 2113 mentis
3379 2064 3434 2114 et
3477 2072 3726 2130 gressum,
3766 2053 3814 2108 de

2251 2159 2366 2215 quo
2399 2142 2533 2198 alibi
2569 2144 2735 2200 dicit:
2773 2169 2799 2193 α
2833 2146 2956 2201 Non
2990 2148 3182 2202 veniat
3223 2146 3373 2202 mihi
3430 2163 3526 2220 pes
3577 2143 3811 2219 superbia,

2253 2237 2309 2286 et
2368 2249 2579 2288 manus
2636 2239 3003 2306 peccatorum
3065 2252 3178 2291 non
3241 2240 3468 2292 moveat
3549 2251 3630 2289 me
3688 2230 3812 2305 (Psal.

2252 2338 2419 2388 xxxv,
2462 2323 2564 2393 l2).
2601 2343 2629 2372 »
2662 2323 2795 2378 Ideo
2827 2340 3058 2397 semper
3087 2325 3407 2396 petendum
3446 2329 3530 2382 est
3576 2326 3632 2378 ut
3663 2320 3819 2392 dirigat

2259 2410 2541 2466 Dominus
2573 2416 2907 2468 nostrorum
2939 2414 3274 2470 animorum
3307 2412 3562 2486 vestigia,
3592 2427 3653 2467 ne
3678 2409 3818 2465 laban-

499 2515 656 2572 pem,
690 2504 746 2554 et
775 2500 845 2553 de
877 2504 1129 2554 stercore
1159 2497 1329 2569 erigit
1360 2515 1696 2572 pauperem.
1730 2498 1991 2571 Denique
2012 2514 2145 2569 apo-

499 2589 687 2646 stolus
720 2588 934 2645 Paulus
962 2588 1071 2643 nisi
1108 2589 1431 2644 mstimatus
1471 2591 1626 2643 esset
1678 2592 1952 2653 stercora,
2001 2604 2146 2642 nun-

500 2695 677 2754 quam
709 2678 1006 2735 Christum
1041 2679 1150 2733 sibi
1190 2678 1481 2748 potuisset
1512 2677 1829 2749 acquirere.
1884 2676 1985 2732 Hic
2044 2694 2144 2732 cu-

501 2769 685 2825 stodit
735 2766 961 2825 fructus
1016 2759 1178 2833 suos,
1238 2772 1303 2822 ut
1351 2767 1469 2823 illic
1517 2767 1780 2823 securius
1846 2767 2142 2823 recondat.

503 2860 745 2932 Semper
800 2858 996 2931 itaque
1026 2859 1075 2913 ei
1126 2859 1318 2914 bonus
1365 2861 1455 2913 est
1513 2857 1688 2925 Deus,
1730 2856 1870 2929 quia
1917 2872 2148 2929 semper

505 2967 631 3025 quae
661 2949 816 3004 bona
848 2952 1007 3013 sunt,
1038 2949 1109 3003 de
1139 2947 1255 3003 Deo
1282 2951 1495 3019 sperat.

578 3044 629 3096 4.
688 3040 902 3112 Accipe
960 3038 1150 3095 aliud:
1207 3039 1392 3103 Quam
1450 3036 1660 3105 bonus,
1720 3035 1932 3108 inquit,
1992 3036 2146 3092 Deus
2258 3050 2489 3107 semper
2520 3033 2717 3104 (Galat.
2754 3053 2833 3103 ιν,
2866 3036 2974 3106 18).
3003 3058 3030 3085 η

460 3144 467 3151 ’
508 3131 687 3189 Israel
727 3129 900 3186 rectis
944 3127 1151 3185 corde!
1184 3149 1211 3177 »
1272 3127 1396 3181 Non
1455 3141 1590 3198 ergo
1640 3125 1915 3181 omnibus
1957 3126 2148 3182 bonus
2189 3197 2205 3200 _
2328 3126 2381 3179 6.
2414 3124 2529 3179 Nec
2559 3128 2615 3180 te
2653 3129 2883 3181 moveat
2912 3127 3068 3197 quod
3111 3142 3320 3200 pacem
3371 3127 3429 3181 in
3482 3122 3623 3180 malo
3664 3116 3822 3193 posuit.

506 3228 595 3281 est
625 3223 818 3279 Deus?
850 3222 949 3277 Ille
988 3220 1223 3293 quidem
1272 3197 1549 3272 omnibus
1606 3214 1795 3269 bonus
1850 3217 1956 3279 est,
2006 3213 2145 3285 quia
2175 3197 2217 3263 C
2257 3214 2517 3286 Denique
2547 3219 2603 3270 et
2634 3215 2692 3269 in
2722 3214 3035 3286 Evangelio
3064 3197 3247 3272 habes
3277 3232 3405 3273 esse
3451 3228 3656 3288 pacem,
3699 3220 3825 3280 quam

2252 2502 2369 2567 tur,
2404 2503 2461 2554 et
2488 2499 2709 2555 lubrico
2749 2502 3004 2573 quodam
3035 2503 3257 2560 erroris
3287 2504 3470 2559 effusa
3517 2498 3819 2557 stabilitatem

2255 2588 2346 2642 sui
2376 2592 2567 2644 tenere
2589 2605 2701 2643 non
2737 2590 2984 2661 possint.
3029 2591 3427 2665 Prolapsionis
3482 2596 3657 2646 autem
3693 2600 3821 2642 causa

2255 2693 2322 2731 ea
2352 2681 2460 2745 est,
2496 2680 2651 2749 quod
2685 2696 2885 2751 pacem
2921 2679 3231 2737 aemulatus
3263 2684 3354 2738 est
3381 2682 3730 2753 peccatorum.
3755 2672 3822 2728 ιΕ·

2256 2765 2466 2821 mulari
2498 2771 2693 2822 autem
2727 2769 3005 2824 debemus
3032 2786 3160 2842 quae
3192 2770 3350 2825 bona
3371 2772 3523 2835 sunt,
3547 2783 3646 2822 non
3664 2780 3719 2820 ea
3733 2776 3821 2834 qua

2256 2855 2429 2928 plena
2459 2856 2788 2925 dedecoris;
2823 2857 2973 2912 sicut
3003 2864 3059 2913 et
3092 2858 3311 2915 Paulus
3343 2854 3625 2930 apostolus
3650 2866 3824 2926 expres-

2257 2945 2336 3000 sit
2364 2945 2593 3001 dicens:
2629 2968 2657 2996 «
2682 2945 2907 3002 Bonum
2956 2953 3046 3003 est
3083 2951 3285 3004 autem
3344 2945 3592 3003 mmulari
3626 2942 3675 2997 in
3717 2941 3824 2995 bono

504 3314 766 3371 Salvator
793 3317 883 3370 est
911 3311 1196 3375 omnium,
1256 3305 1509 3363 maxime
1560 3302 1858 3371 ﬁdelium;
1912 3306 1968 3357 et
2016 3300 2147 3359 ideo

502 3404 662 3459 venit
716 3401 1001 3459 Dominus
1054 3400 1250 3463 Jcsus,
1311 3402 1375 3451 ut
1430 3394 1656 3451 salvum
1720 3394 1935 3448 faceret
1990 3392 2145 3463 quod

501 3493 779 3566 perierat:
812 3491 965 3548 venit
996 3490 1153 3546 enim
1182 3492 1247 3543 ut
1277 3489 1577 3559 peccatum
1637 3480 1842 3537 mundi
1895 3479 2140 3549 tolleret,

497 3581 738 3639 vulnera
769 3585 968 3638 nostra
998 3581 1243 3636 curaret.
1278 3576 1388 3632 Sed
1430 3574 1566 3647 quia
1615 3588 1730 3627 non
1761 3587 1965 3627 omnes
2019 3586 2142 3625 me-

496 3670 751 3727 dicinam
785 3672 1062 3743 expetunt
1092 3668 1192 3723 sed
1219 3665 1483 3738 plerique
1527 3661 1842 3733 refugiunt,
1884 3676 1957 3714 nc
2013 3673 2140 3713 me-

495 3760 842 3816 dicamentis
873 3760 1303 3830 compungatur
1328 3753 1416 3807 vis
1449 3749 1679 3815 ulceris,
1712 3748 1841 3804 ideo
1879 3746 2138 3803 volentes

492 3854 679 3915 curat,
707 3866 826 3904 non
857 3847 1130 3921 astringit
1158 3843 1390 3900 invitos.
1423 3838 1732 3911 Accipiunt
1761 3837 1942 3909 igitur
1979 3836 2137 3891 sani-

492 3942 671 3994 tatem
703 3937 803 4010 qui
864 3934 1215 3992 medicinam
1273 3934 1582 4004 expetunt:
1643 3926 1725 3981 illi
1781 3931 1975 3981 autem
2036 3925 2137 3996 qui

488 4026 747 4082 refutant
776 4026 1069 4082 medicum
1103 4039 1208 4078 nec
1230 4019 1555 4092 requirunt,
1581 4015 1901 4071 bonitatem
1923 4013 2134 4070 medici

488 4132 667 4189 quam
699 4133 812 4172 non
841 4114 1239 4186 experiuntur,
1273 4108 1487 4166 sentire
1535 4123 1650 4161 non
1708 4108 1973 4177 possunt.
2025 4104 2133 4170 Qui

489 4208 685 4260 autem
712 4208 969 4272 curatur,
1006 4201 1180 4259 etiam
1214 4202 1492 4263 sanatur;
1527 4196 1771 4266 ideoque
1811 4192 1904 4248 his
1944 4193 2132 4248 bonus

488 4296 577 4347 est
605 4293 889 4360 medicus,
931 4308 1078 4364 quos
1134 4288 1377 4346 sanavit.
1412 4285 1512 4340 His
1562 4284 1741 4355 igitur
1796 4282 1986 4338 bonus
2042 4286 2132 4337 est

485 4380 660 4449 Deus,
694 4381 907 4453 quibus
937 4384 1172 4453 peccata
1199 4375 1470 4441 donavit;
1504 4374 1603 4446 qui
1635 4377 1831 4429 autem
1890 4370 2128 4426 insana-

486 4469 598 4524 bile
624 4474 924 4540 peccatum
956 4470 1131 4525 habet
1150 4466 1362 4521 mentis
1420 4481 1536 4519 suae
1592 4461 1804 4528 ulcere,
1832 4461 2123 4533 quomodo

2257 3304 2482 3376 respuit
2509 3303 2798 3372 Christus,
2832 3311 2897 3359 ut
2954 3305 3081 3376 ipse
3110 3304 3219 3361 ait:
3257 3329 3286 3355 ‹‹
3321 3311 3524 3361 Pacem
3575 3314 3734 3358 meam
3771 3310 3826 3347 re

2254 3391 2456 3464 linquo
2488 3392 2672 3461 vobis,
2706 3409 2903 3464 pacem
2939 3409 3131 3449 meam
3190 3394 3268 3450 do
3326 3393 3522 3449 vobis:
3575 3406 3674 3445 non
3717 3382 3826 3440 sicut

2255 3481 2513 3537 mundus
2545 3482 2663 3548 dat,
2697 3498 2802 3554 ego
2847 3482 2920 3536 do
2949 3481 3115 3538 vobis
3171 3484 3355 3552 (Joan.
3406 3499 3519 3550 xw,
3567 3480 3667 3546 27).
3694 3497 3717 3525 η
3757 3471 3827 3526 list

2252 3570 2409 3626 enim
2441 3588 2551 3643 pax
2581 3588 2706 3643 qua:
2739 3588 2850 3625 non
2883 3570 3059 3626 habet
3079 3570 3521 3636 oﬂ‘endiculum,
3541 3571 3737 3636 estque
3753 3558 3825 3613 ha-

2250 3659 2376 3715 bet:
2409 3676 2540 3732 quze
2571 3677 2637 3715 ex
2667 3659 2973 3714 dilectione
3002 3663 3110 3727 est,
3141 3677 3262 3716 non
3288 3661 3466 3716 habet
3484 3648 3825 3713 oﬂ‘endiculum

2250 3765 2376 3821 quae
2407 3766 2476 3804 ex
2508 3748 2901 3818 simulatione,
2934 3748 3131 3805 habet.
3167 3749 3375 3807 Ideoet
3406 3745 3669 3821 prOpheta
3692 3735 3823 3795 dicit:

2249 3861 2274 3888 ‹‹
2310 3838 2443 3905 Pax,
2469 3855 2608 3909 pax;
2645 3843 2700 3893 et
2730 3838 2829 3892 ubi
2858 3842 2947 3893 est
2978 3854 3090 3910 pax
3121 3838 3337 3910 (Bacch.
3382 3854 3507 3904 x111,
3572 3829 3681 3901 10)?
3702 3849 3726 3878 ν
3748 3823 3829 3879 Re‘

2247 3926 2543 3999 fugiamus
2557 3943 2693 3999 ergo
2714 3943 2915 3999 pacem
2936 3931 3347 3998 peccatorum;
3380 3920 3692 3996 conspirant
3713 3910 3826 3969 enim

2244 4016 2524 4071 adversus
2555 4016 2945 4082 innocentem,
2978 4019 3191 4071 coeunt
3217 4016 3525 4088 utjustum
3541 4000 3827 4083 opprimant,

2242 4104 2475 4159 viduam
2510 4104 2899 4161 exterminent
2926 4103 3014 4160 vel
3049 4108 3389 4179 expugnent
3416 4102 3542 4174 ejus
3559 4096 3806 4171 pudorem.

2314 4196 2367 4248 7.
2404 4193 2468 4248 Et
2502 4194 2630 4249 ideo
2691 4216 2719 4244 «
2771 4211 2886 4248 non
2944 4197 3034 4250 est
3089 4192 3410 4248 reclinatio
3469 4184 3632 4246 morti
3673 4185 3825 4237 eorum

2241 4283 2410 4351 (Psal.
2462 4299 2632 4348 va”,
2699 4283 2782 4352 11):
2826 4299 2939 4337 non
2999 4282 3317 4347 declinatio,
3382 4283 3446 4336 ut
3494 4274 3725 4351 plerique
3760 4277 3827 4352 09·

2239 4348 2395 4427 dices
2426 4370 2592 4426 latini
2623 4348 2821 4442 scripti
2856 4374 3014 4438 sunt,
3049 4372 3149 4427 sed
3179 4370 3475 4427 reclinatio
3495 4348 3620 4439 (25).
3641 4348 3826 4442 Ουιωίξο

2236 4460 2395 4515 enim
2427 4459 2785 4526 laboramus,
2818 4464 2872 4514 et
2902 4459 3284 4515 incurvamur
3332 4459 3405 4514 ad
3437 4470 3579 4528 opus
3621 4438 3822 4516 αίίίῖυοδν

481 4563 675 4633 potest
706 4557 996 4614 medicum
1038 4558 1255 4612 bonum
1285 4554 1592 4616 restimare,
1639 4566 1814 4623 quem
1873 4548 2124 4620 refugit?
2154 4574 2200 4639 D
2234 4554 2408 4621 atque
2438 4547 2810 4619 inclinamur,
2846 4565 2952 4603 nos
2984 4547 3271 4604 reclinare
3300 4540 3689 4603 consuevimus
3726 4540 3821 4603 pec'

478 4648 729 4705 Pulchre
762 4648 957 4719 itaque
987 4644 1319 4717 Apostolus,
1344 4647 1404 4698 ut
1426 4637 2123 4714 prmmisimus,explana-

476 4741 577 4810 vit,
612 4737 752 4811 quia
782 4741 839 4793 et
869 4736 1146 4791 omnibus
1202 4733 1388 4789 bonus
1444 4736 1531 4787 est
1579 4730 1755 4795 Deus,
1795 4748 1816 4777 ι
1851 4727 1946 4798 qui
1997 4725 2122 4781 vult

474 4846 680 4905 om'nes
710 4828 979 4884 homines
1009 4825 1201 4883 salvos
1233 4823 1353 4878 ﬁeri
1385 4824 1458 4893 (11
1489 4823 1621 4876 Tim.
1656 4837 1717 4885 II,
1752 4818 1805 4889 4)
1837 4840 1864 4868 »ι
1898 4821 1957 4872 et
1995 4833 2117 4872 ma-

543 4956 659 5026 (25)
691 4955 908 5011 Revera
929 4950 1130 5023 scripti
1160 4949 1401 5026 codices
1420 4946 1609 5026 item"
1644 4942 1899 5026 Mediol”
1921 4942 2115 5009 Carn.,

472 5018 796 5083 secundum
827 5018 1104 5099 greecum,
1136 5027 1193 5099 et
1223 5037 1356 5099 cum
1391 5018 1481 5072 bis
1521 5018 1920 5099 _Aiigiistinus,
1971 5030 2117 5099 pras-

471 5100 686 5162 ferunt,
752 5086 863 5153 ηοῆ
917 5102 995 5152 est
1044 5086 1334 5151 declinatio
1387 5090 1551 5162 morti
1608 5086 1822 5162 eorum;
1856 5159 1862 5162 _
1900 5086 2116 5162 quibus

471 5170 645 5224 etiam
677 5156 1047 5225 annumerari
1084 5170 1272 5238 potest
1300 5156 1903 5238 'l‘beodoretus;_buic
1959 5159 2113 5238 e‘uim

473 5247 729 5306 άνάνευσις
758 5258 884 5311 qum
914 5258 1018 5294 vox
1053 5227 1261 5309 legitur
1316 5234 1470 5306 apud
1742 5229 1906 5311 idem.
1946 5227 2115 5311 plane

471 5299 788 5378 signiﬁcat.
820 5318 995 5380 atque
1024 5299 1386 5382 daavdpeusgg:_
1441 5322 1515 5373 re;
1541 5301 1765 5382 udz’alio,
1788 5370 1833 5382 ῃ
1853 5299 1910 5353 id
2004 5303 2111 5382 est,

470 5369 675 5435 eorum
707 5369 980 5438 interitus
1009 5369 1206 5435 evitari
1248 5369 1727 5452 mininie'pntest.
1786 5370 1930 5452 Non.
1962 5369 2112 5424 male

469 5455 665 5505 autem
721 5453 793 5507 ab
846 5452 1155 5506 Ambrosio
1215 5449 1440 5505 reddita
1495 5442 1585 5501 est
1639 5462 1753 5516 per,
1795 5442 2108 5516 dictionem

464 5524 780 5595 reclinalio;
815 5522 1103 5595 siquidem
1125 5523 1365 5595 verbum
1410 5527 1537 5574 νεύω
1553 5513 1791 5595 proprie
1823 5513 2110 5595 actionem

394 5588 399 5599 ’
466 5594 667 5664 signat
696 5584 813 5663 qua
841 5584 1052 5662 corpus
1072 5584 1429 5664 inﬂectimus
1453 5606 1519 5643 ac
1551 5584 1930 5664 i’nclinamus:
1988 5593 2109 5664 ᾁνα-

464 5656 590 5729 νιξω
622 5656 819 5721 autem
857 5656 1207 5718 contrariam
1261 5660 1547 5717 actionem
1600 5676 1717 5733 qua
1762 5656 2106 5715 inclinatum

2230 4643 2453 4694 catores
2483 4641 2677 4693 autem
2710 4638 2976 4708 gravium
3006 4636 3230 4694 scilicet
3260 4635 3623 4693 delictorum,
3649 4627 3697 4680 et
3731 4631 3825 4708 ω’

2229 4726 2382 4781 xime
2408 4725 2594 4798 impii,
2629 4742 2690 4780 se
2719 4707 3014 4781 reclinare
3045 4743 3159 4782 non
3227 4726 3521 4799 possunt;
3552 4718 3615 4773 de
3655 4707 3821 4783 quibus

2229 4816 2450 4871 dictum
2483 4819 2598 4871 est:
2634 4837 2659 4863 ‹‹
2706 4815 2774 4870 Et
2803 4815 3047 4870 dorsum
3099 4813 3337 4871 illorum
3367 4825 3592 4882 semper
3633 4804 3820 4857 incurva

2231 4958 2439 5013 corpus
2470 4938 2850 5013 reclinanius,
2880 4938 2988 4994 hoc
3006 4943 3127 5013 est,
3167 4938 3490 5013 erigimus;
3540 4945 3603 4986 ea
3644 4926 3816 5013 ειιξξιξξξ

2225 4998 2431 5068 νὶεόεῐ
2460 4998 2891 5084 praepositionis
2914 5026 2974 5084 re
3001 5010 3060 5084 in
3103 4998 3539 5084 compositione
3562 4998 3815 5084 verberLuzlan

2238 5062 2311 5068 ’·-
2346 5062 2427 5067 *⁷η
2461 5062 2882 5084 ιπηιν-Ἢ-πν-ν-
2919 5062 2963 5065 ⁷-
3008 5062 3060 5065 ίν-
3112 5062 3339 5083 "'"r"
3382 5062 3389 5063 ί
3436 5062 3463 5088 ν,
3508 5076 3519 5087 ,
3760 5062 3770 5069 -

2227 5091 2286 5138 ut
2321 5084 2404 5137 eis
2436 5101 2550 5136 non
2584 5100 2712 5137 raro
2745 5081 3229 5153 significationem
3266 5075 3627 5153 simplyucnbus
3644 5062 3811 5153 νεειξξξι

2225 5135 2325 5211 aut
2353 5135 2554 5219 etiam,
2683 5135 3331 5226 praelitiSltloanbllislbum
3352 5135 3411 5226 ei
3426 5152 3490 5226 in
3509 5135 3810 5226 0°!“P°5“_"§'

2224 5215 2577 5284 contrariam
2609 5215 2860 5291 tribuat;
2895 5230 2958 5279 ut
2988 5229 3149 5295 patet
3188 5225 3248 5279 in
3280 5221 3491 5287 verbis,
3511 5292 3518 5296 Δ
3539 5215 3810 5296 signgglff‘

2223 5302 2391 5380 signo
2416 5316 2429 5366 ἱ
2457 5303 2721 5366 contego.
2764 5276 2955 5394 ταδ’ξο
2978 5276 3217 5364 ξίιωιιο,
3244 5309 3451 5355 renuo,
3472 5276 3528 5345 et
3549 5276 3807 5368 similibus-

2233 5371 2375 5394 n.--
2412 5369 2590 5394 L.-:....
2653 5366 2757 5394 1-..:
2813 5367 2867 5394 ,1:
2922 5368 3167 5394 humu..-
3219 5367 3274 5394 :..
3329 5363 3479 5394 ..ηοςα
3530 5350 3713 5394 Nnhiln
3755 5339 3810 5394 ad

2412 5350 2757 5440 hujusvrlo'ci
2793 5350 3482 5441 differentias'inunotis
3508 5350 3783 5441 ﬁebilii-‘a:

2222 5441 2378 5496 hunc
2411 5415 2668 5506 ver'sum,
2703 5443 2759 5495 et
2789 5438 2847 5492 in
2869 5437 3013 5494 locis
3044 5436 3409 5495 variantibus
3465 5429 3663 5506 ultimae

2219 5489 2377 5568 ἰίὃῆἷ
2395 5489 3426 5584 egisseegisse;aggesta
3486 5503 3543 5561 in
3596 5489 3805 5572 psalmOil

2219 5584 2473 5660 praeﬁxis
2504 5582 2783 5641 invenies.
