4104 6156
308 263 408 333 881

1085 261 1189 330 DE
1230 261 1971 330 INTERPELLATIONE
2011 257 2153 330 JOB
2198 264 2299 333 ΕΤ
2341 268 2603 338 DAVlD.
2647 271 2800 339 LIB.
2843 268 2947 337 IlI.

310 398 471 475 (Pul.
503 413 706 470 xxviii,
739 398 853 473 24).
892 421 920 451 ››
950 399 1076 457 Non
1108 400 1266 457 enim
1294 417 1357 456 se
1394 400 1629 474 erigunt
1656 400 1726 455 ad
1761 399 1957 453 creles-
1992 398 2037 464 Α
2073 403 2208 472 quis
2234 403 2480 461 voluerit
2510 406 2568 461 in
2600 407 2772 463 nobis
2799 410 3016 471 tenere,
3048 402 3342 460 remittere
3379 416 3489 459 nos
3547 418 3715 475 opor-

309 491 403 559 tia,
436 487 539 562 qui
571 488 805 546 Christo
836 489 1392 546 nou‘adbazserunt.
1430 490 1495 545 Et
1525 490 1653 544 ideo
1712 506 1813 543 uec
1871 504 1959 542 re-

312 583 555 653 surgunt
584 596 723 635 cum
754 570 844 647 eo,
877 596 1129 653 quorum
1164 596 1321 634 mors
1345 579 1622 651 pessima,
1645 578 1797 633 sicut
1818 576 1959 631 scri-

310 675 471 744 ptum
505 673 629 735 est;
665 691 694 719 «
727 669 883 726 Mors
911 672 1280 742 peccatorum
1313 669 1566 740 pessima
1596 667 1961 737 (Psal.xxxm

303 763 408 831 22).
461 780 488 808 »
544 758 650 823 Qui
713 762 911 814 autem
963 758 1197 814 Christo
1218 758 1623 824 commoritur,
1654 761 1712 813 et
1758 771 1959 811 conse-

310 848 517 922 pelitur
534 864 673 903 eum
696 846 818 915 illo,
845 864 959 903 non
983 848 1175 903 solum
1198 845 1536 910 reclinatur,
1552 847 1651 902 sed
1675 846 1852 901 etiam
1880 861 1964 900 re-

310 937 640 995 suscitatur.
670 941 748 993 De
770 953 888 1008 quo
910 935 1155 1008 pulchre
1177 935 1325 991 illud
1369 937 1636 992 convenit
1684 936 1908 990 dictum
1943 951 1956 989 :

307 1026 709 1082 «Universum
751 1030 1002 1082 stratum
1034 1025 1279 1081 versasti
1325 1024 1385 1080 in
1436 1025 1779 1081 inﬁrmitate
1832 1024 1961 1095 ejus

304 1117 465 1185 (Psal.
492 1131 582 1179 XL,
605 1116 662 1185 4)
701 1132 715 1181 ;
745 1137 773 1163 ››
795 1114 1050 1170 maxime
1073 1114 1121 1170 si
1147 1117 1369 1185 martyr
1391 1114 1484 1180 sit,
1511 1116 1683 1185 cujus
1714 1112 1960 1168 inﬁrmi-

303 1210 387 1262 tas
407 1202 689 1278 passione
710 1203 977 1269 solvitur,
1004 1220 1162 1260 mors
1186 1203 1637 1260 resurrectione.

372 1293 514 1351 665
545 1295 601 1347 8.
642 1293 922 1349 Vidimus
955 1292 1121 1348 illum
1156 1292 1393 1347 divitem
1425 1292 1523 1363 qui
1554 1291 1801 1346 indutus
1824 1308 1958 1364 pur-

309 1399 444 1457 pura
471 1387 524 1439 et
556 1383 746 1454 bysso
774 1381 832 1437 in
867 1382 977 1438 hoc
1004 1381 1217 1438 seculo
1244 1380 1639 1446 recumbebat,
1675 1385 1734 1435 et
1762 1379 1960 1451 epula-

309 1473 469 1529 batur
496 1471 778 1545 quotidie
809 1470 1135 1544 splendide,
1169 1472 1240 1526 de
1271 1471 1441 1540 cujus
1472 1485 1679 1525 mensa
1710 1485 1839 1540 qua:
1870 1486 1963 1525 ca-

308 1561 508 1617 debant
534 1574 778 1632 pauper
811 1560 1064 1615 Lazarus
1096 1558 1425 1632 colligebat,
1457 1557 1966 1631 quemadmodum

305 1651 362 1706 in
391 1648 711 1705 tormentis
746 1647 993 1718 positus,
1027 1647 1087 1703 in
1120 1647 1348 1703 inferno
1390 1663 1451 1703 se
1499 1645 1795 1702 reclinare
1852 1663 1967 1701 non

303 1740 690 1812 poterat;sed
725 1737 821 1791 vix
850 1738 919 1792 ad
954 1736 1273 1799 Abraham,
1305 1754 1419 1792 non
1472 1740 1665 1792 totum
1721 1751 1808 1803 se,
1865 1736 1966 1791 sed

304 1826 454 1884 solos
482 1825 695 1882 oculos
725 1824 1009 1898 erigebat,
1044 1841 1261 1898 rogans
1281 1829 1347 1881 ut
1374 1825 1631 1880 mitteret
1652 1824 1966 1889 Lazarum,

303 1917 401 1990 qui
426 1920 757 1971 extremum
791 1914 960 1986 digiti
994 1914 1084 1969 sui
1120 1914 1179 1968 in
1209 1930 1423 1986 aquam
1459 1913 1728 1985 lingeret.
1766 1917 1824 1969 et
1851 1913 1964 1968 lin-

301 2022 477 2080 guam
507 2006 639 2076 ejus
671 2003 1045 2076 refrigeraret
1067 2005 1219 2074 (Luc.
1252 2021 1371 2071 xvr,
1408 2003 1626 2074 19-24).
1687 2001 1838 2075 Ergo
1897 2002 1966 2056 il-

304 2095 421 2152 lius
450 2093 624 2150 morti
658 2092 960 2149 reclinatio
992 2109 1109 2149 non
1132 2096 1273 2162 erat,
1299 2108 1403 2147 nec
1438 2092 1882 2147 ﬁrmamentum
1906 2091 1966 2144 in

304 2184 478 2259 plaga
506 2183 637 2253 ejus
668 2182 838 2253 (Psal.
874 2198 1048 2247 Lxxn,
1078 2182 1152 2249 4).
1189 2180 1345 2236 Nihil
1377 2181 1538 2237 enim
1566 2183 1819 2253 prosunt
1865 2179 1965 2234 ﬂa-

302 2272 460 2348 gella
488 2276 621 2341 post
650 2275 921 2327 mortem.

373 2364 429 2418 9.
464 2363 529 2417 Et
558 2361 690 2417 ideo
718 2360 895 2415 David
928 2361 1071 2416 dum
1103 2362 1257 2415 esset
1287 2359 1344 2414 in
1375 2358 1554 2415 istius
1583 2356 1851 2430 corporis
1894 2356 1969 2411 vi-

302 2457 386 2521 ta,
408 2451 467 2506 in
494 2449 721 2522 ﬁagella
742 2465 804 2504 se
824 2448 1208 2524 praeparabat,
1232 2451 1297 2501 ut
1313 2463 1449 2503 eum
1490 2447 1788 2505 Dominus
1823 2445 1966 2501 reei-

302 2545 471 2615 peret
489 2540 862 2610 castigatum.
887 2537 1203 2592 Considera
1236 2535 1450 2592 iterum
1502 2536 1655 2593 mihi
1698 2539 1966 2590 sanctum

302 2628 556 2701 Job,qui
582 2627 856 2700 perfusus
876 2628 1003 2682 erat
1040 2623 1353 2691 ulceribus,
1391 2629 1450 2680 et
1519 2623 1969 2682 eoneutiebatur

305 2718 589 2775 omnibus
613 2714 916 2777 membris,
941 2719 998 2770 et
1021 2713 1231 2785 plenus
1254 2717 1374 2767 erat
1395 2714 1575 2769 totius
1601 2711 1965 2784 corporissui

304 2806 637 2870 doloribus,
661 2804 862 2877 glebas
884 2808 1054 2858 terrm-
1080 2801 1388 2857 vulnerum
1432 2819 1679 2859 suorum
1703 2801 1868 2857 sanie
1912 2806 1970 2857 et

305 2898 564 2954 humore
581 2892 933 2958 dissolvens,
958 2891 1457 2964 quemadmadum
1496 2909 1632 2948 cum
1655 2889 1799 2946 sein
1858 2890 1967 2945 hoc

305 3000 558 3058 corpore
574 2982 802 3056 positus
819 2980 1102 3037 reclinare
1124 2996 1238 3034 non
1261 2985 1477 3051 posset,
1526 2980 1789 3053 requiem
1814 2996 1967 3035 mor-

306 3075 394 3133 tis
413 3071 704 3130 invenerit
731 3088 745 3139 ;
772 3071 1017 3144 ideoque
1037 3068 1308 3126 conscius
1331 3070 1423 3125 sui
1444 3071 1592 3126 dixit
1616 3087 1628 3125 :
1659 3090 1685 3121 ιι
1707 3070 1862 3126 Mors
1883 3070 1965 3123 vis

305 3180 377 3221 ro
398 3161 634 3235 requies
655 3161 772 3232 (Job
796 3178 878 3228 ιιι,
900 3140 1019 3227 έ3.)
1044 3181 1071 3207 ››
1093 3159 1148 3214 Is
1168 3157 1417 3229 igiturin
1441 3159 1613 3231 plaga
1628 3176 1746 3214 non
1769 3162 1963 3214 motus
1997 3140 2040 3205 (ἶ

302 3258 421 3322 est,
446 3267 555 3307 nec
575 3249 800 3305 nutavit
815 3246 1105 3304 sermonis
1131 3247 1221 3303 sui
1246 3246 1489 3313 lubrico,
1507 3248 1605 3319 qui
1628 3247 1689 3301 in
1710 3245 1827 3301 illis
1848 3263 1968 3302 om-

304 3342 494 3400 nibus
514 3337 659 3395 nihil
686 3338 944 3410 peccavit
963 3336 1141 3392 labiis
1161 3335 1779 3408 suis.sicutScriptura
1798 3339 1969 3391 testa-

302 3436 410 3488 tur
425 3430 545 3499 (Job
578 3446 641 3496 ιι,
674 3428 765 3498 10)
798 3444 810 3482 :
841 3426 942 3482 sed
967 3424 1161 3498 magis
1184 3423 1367 3496 plagae
1398 3441 1515 3479 suae
1542 3424 1756 3496 reperit
1777 3424 1969 3478 firma-

306 3522 611 3583 mentum,
634 3533 737 3588 per
767 3532 943 3587 quam
977 3514 1361 3571 confirmatus
1388 3513 1445 3568 in
1478 3512 1701 3569 Christo
1726 3515 1834 3567 est.
1869 3513 1970 3567 Er-

303 3625 386 3683 go
417 3612 479 3664 et
508 3606 620 3662 Job
653 3610 713 3661 et
742 3604 943 3668 David,
976 3603 1118 3675 quia
1147 3602 1239 3657 hic
1273 3601 1550 3674 ﬂagellati
1581 3606 1740 3668 sunt,
1773 3601 1968 3656 ﬁrma-

307 3700 587 3755 mentum
614 3694 952 3750 habuerunt
976 3694 1036 3747 in
1061 3692 1231 3765 plaga
1253 3708 1360 3747 sua
1387 3709 1400 3759 ;
1425 3691 1563 3763 quia
1594 3688 1849 3762 flagellat
1872 3706 1971 3762 pa-

305 3792 407 3843 ter
438 3784 627 3840 ﬁlium
653 3800 826 3855 quem
845 3781 1097 3853 suscipit
1122 3797 1135 3834 :
1162 3780 1262 3852 qui
1314 3784 1509 3837 autem
1570 3779 1663 3835 hic
1695 3795 1810 3834 non
1864 3778 1973 3833 fla—

305 3874 636 3948 gellantur,
660 3871 740 3927 ibi
772 3888 888 3926 non
939 3869 1339 3941 suscipiantur
1376 3873 1441 3924 ut
1464 3868 1589 3923 filii.
1632 3868 1885 3939 Ideoque
1914 3867 1973 3921 in

318 3962 634 4020 laboribus
671 3960 980 4015 hominum
1008 3975 1124 4013 non
1166 3962 1322 4027 sunt,
1351 3963 1410 4014 et
1455 3974 1588 4013 cum
1637 3955 1979 4013 hominibus

322 4069 447 4108 non
479 4048 932 4122 ﬂagellabuntur
951 4048 1127 4119 (Psat.
1162 4063 1333 4114 Lxxu,
1358 4049 1413 4111 5)
1449 4065 1462 4113 ;
1489 4070 1516 4095 ιι
1539 4051 1603 4102 ut
1624 4046 1681 4101 in
1704 4049 1978 4119 perpetu-

328 4153 435 4193 um
459 4152 593 4192 eum
615 4134 847 4191 diabolo
878 4133 1250 4207 ﬂagellentur
1275 4134 1433 4204 (Ibid.
1469 4133 1548 4204 6).

967 4221 1203 4277 CAPUT
1245 4222 1335 4277 IV.

326 4317 655 4370 l’eccatores
684 4313 977 4383 iniquitate
1000 4311 1229 4383 propria
1260 4312 1444 4367 vestiri
1469 4329 1492 4375 ;
1519 4310 1663 4383 quod,
1690 4311 1982 4365 vestimen—

409 4389 529 4440 tum
559 4385 761 4439 anobis
780 4382 1173 4451 reﬁciendum,
1200 4386 1260 4436 ut
1281 4384 1588 4437 vestimento
1610 4382 1873 4435 virtutum
1896 4386 1983 4435 in-

409 4455 670 4519 duamur,
691 4471 758 4526 ac
775 4456 1122 4526 potissimum
1132 4454 1340 4525 jejumi
1353 4470 1374 4515 ;
1396 4455 1491 4508 hoc
1510 4468 1566 4507 se
1589 4452 1804 4526 utiliter
1839 4453 1982 4508 Iose-

405 4527 581 4599 phum
606 4521 867 4599 induisse,
892 4521 1159 4599 Manium
1180 4521 1394 4599 eruisse
1411 4521 1935 4599 cumgravidamno
1964 4541 1983 4585 ;

411 4594 647 4668 denique
666 4597 983 4652 Juda’orum
1009 4596 1359 4668 iniquitatem
1380 4595 1539 4665 quasi
1556 4610 1633 4668 me
1655 4594 1814 4664 adipe
1858 4610 1959 4667 pro
1980 4627 1992 4636 ο

413 4667 673 4724 deuntem
692 4684 951 4737 magnam
972 4683 1036 4722 ac
1054 4667 1412 4721 deliberatam
1444 4667 1738 4721 mstitisse.

414 4758 502 4811 10.
537 4778 565 4843 (ς
599 4756 730 4812 Ideo
761 4755 1037 4823 obtinuit,
1072 4755 1285 4828 inquit,
1318 4772 1415 4811 eos
1447 4755 1722 4827 superbia
1768 4772 1993 4819 eorum,

333 4846 599 4918 cooperti
643 4850 783 4901 sunt
849 4844 1158 4917 iniquitate
1216 4849 1273 4899 et
1330 4844 1626 4916 impietate
1675 4862 1783 4901 sua
1820 4847 1993 4915 (Psal.

336 4951 521 5002 LXXII,
552 4935 626 5005 6).
665 4956 691 4983 ι)
723 4933 941 4989 Malum
971 4933 1389 4990 vestimentum
1419 4932 1725 5005 iniquitas,
1756 4936 1909 5007 quod
1948 4934 1996 4990 si

424 5093 663 5167 (26)ASie
697 5110 838 5167 mss.
871 5093 1124 5167 Thuan.,
1155 5093 1336 5167 _Laud.
1371 5098 1428 5148 et
1456 5092 1618 5167 Colb.
1665 5092 1999 5167 Aliiiautem

252 5232 255 5237 ,
344 5167 497 5235 duo,
520 5164 666 5221 loco
704 5165 858 5221 vocis
889 5165 1121 5237 adipsal,
1155 5165 1423 5237 lacunam
1448 5164 1688 5237 habent.
1722 5165 1872 5221 Edit.
1907 5183 1999 5221 ve-

345 5256 419 5295 ro
444 5237 857 5294 tantummodo
884 5235 1213 5309 praeferunt,
1246 5235 1859 5309 adepsdiciturpingue.
1887 5237 2005 5293 Cla-

349 5326 493 5367 rum
526 5313 615 5363 est
639 5305 941 5363 inductam
971 5323 1099 5363 esse
1128 5305 1281 5362 hanc

352 5399 477 5439 non
510 5379 807 5435 intellecta
836 5380 1149 5434 evitaretur
1181 5378 1318 5443 ;sed
1350 5394 1458 5449 nos
1508 5379 1801 5449 potiorum
1859 5397 2001 5435 mss.

354 5451 1213 5524 lectionemgreprissentamus,
1249 5448 1665 5524 maximeeum
1722 5449 1847 5505 ﬁeri
1906 5470 2004 5524 po-

348 5523 540 5580 tuerit
574 5525 639 5577 ut
667 5519 843 5596 dictio
873 5521 1107 5596 adipsal,
1147 5524 1337 5596 astate
1360 5519 1675 5589 Ambrosii,
1704 5538 1737 5577 a
1795 5519 2006 5596 populo

352 5612 466 5670 per
490 5593 923 5665 corruptionem
953 5593 1438 5665 frequentaretur.

1363 5307 1738 5373 iversitatem,
1768 5312 1834 5362 ut
1898 5325 2005 5364 vox

2074 498 2179 557 tet,
2203 511 2273 550 ue
2307 495 2545 567 incipiat
2575 495 2932 567 injudicium
2958 493 3154 549 venire
3184 491 3488 547 nobiscum
3530 508 3547 556 ς
3578 500 3634 547 et
3662 492 3712 547 si

2073 582 2205 653 quis
2236 583 2494 640 tunicam
2524 590 2785 641 nostram
2815 600 2989 655 quam
3026 580 3359 653 accepimus
3391 579 3714 653 spiritalem

2073 673 2301 729 auferre
2332 678 2592 739 conetur,
2618 673 2850 731 remitte
2881 671 3127 744 pallium
3161 670 3511 742 iniquitatis,
3546 683 3716 725 sume

2072 761 2499 834 operimentum
2529 764 2659 819 fidei
2695 766 2867 834 atque
2899 760 3207 833 patientiae,
3259 776 3373 831 quo
3405 773 3468 814 se
3534 758 3713 814 David

2073 851 2368 923 operiebat
2388 852 2445 906 in
2470 852 2717 923 jejunio,
2739 868 2812 907 ne
2842 850 3136 906 amitteret
3167 848 3549 921 integimenta
3601 847 3716 903 vir-

2072 940 2236 996 tutis.
2270 942 2467 1014 Ipsum
2494 942 2789 1014 jejunium
2823 940 3251 1012 operimentum
3285 941 3393 993 est.
3454 937 3720 1008 Denique

2073 1029 2187 1085 nisi
2220 1034 2487 1085 sanctum
2518 1030 2735 1103 Joseph
2772 1029 3008 1084 texisset.
3019 1029 3225 1100 jejuna
3240 1025 3721 1096 sobrietas,adul-

2073 1123 2208 1175 tersa
2244 1120 2582 1192 protervitas
2613 1119 2889 1175 exuisset.
2922 1120 3044 1184 Quo
3068 1117 3296 1189 jejunio
3327 1116 3375 1172 si
3407 1133 3470 1172 se
3522 1119 3719 1188 tegere

2072 1208 2352 1265 voluisset
2375 1210 2579 1275 Adam,
2613 1210 2810 1264 nudus
2842 1224 2955 1263 non
3016 1208 3223 1262 fuisset
3279 1206 3539 1261 eil‘ectus.
3601 1204 3716 1261 Sed

2075 1297 2214 1370 quia
2244 1299 2314 1352 de
2346 1297 2504 1369 ligno
2536 1298 2792 1353 scientiae
2824 1297 2961 1352 boni
2999 1300 3056 1352 et
3086 1295 3223 1351 mali
3283 1298 3485 1350 contra
3540 1294 3720 1349 inter-

2074 1376 2559 1443 dictum'cceleste
2598 1385 2874 1459 gustavit,
2907 1390 2962 1440 et
3017 1386 3371 1457 imperatum
3419 1383 3717 1456 jejunium

2076 1475 2488 1548 praevaricatus
2518 1480 2606 1531 est
2634 1473 3069 1530 incontinentiae
3101 1474 3251 1541 cibo,
3286 1473 3509 1528 nudum
3541 1489 3604 1529 se
3633 1488 3723 1527 es-

2077 1581 2139 1619 se
2170 1562 2456 1636 cognovit.
2490 1564 2651 1628 Quod
2684 1562 2735 1618 si
2756 1563 3105 1633 jejunasset,
3158 1566 3214 1618 et
3246 1562 3377 1617 ﬁdei
3434 1564 3727 1618 servasset

2078 1652 2338 1723 exuvias,
2369 1668 2475 1707 nec
2505 1668 2565 1707 se
2598 1651 2924 1722 aspexisset
2952 1652 3255 1706 intectum.
3292 1651 3417 1706 Non
3449 1667 3584 1723 ergo
3616 1666 3725 1705 nos

2076 1740 2394 1796 induamus
2426 1739 2737 1813 iniquitate
2786 1743 2841 1793 et
2897 1739 3218 1811 impietate,
3278 1756 3347 1794 ne
3402 1740 3474 1794 de
3529 1739 3727 1810 aliquo

2081 1830 2234 1886 666
2265 1834 2531 1884 nostrum
2563 1828 2793 1883 dicatur
2825 1844 2836 1882 :
2876 1850 2903 1876 ‹‹
2932 1830 2997 1883 Et
3028 1828 3220 1883 induit
3250 1845 3310 1883 se
3366 1826 3727 1883 maledictio-

2060 1936 2214 1974 'nem
2245 1919 2398 1989 (Psal
2452 1935 2609 1983 cvm,
2646 1918 2757 1985 13).
2799 1940 2825 1965 ››
2861 1916 3007 1972 Male
3038 1934 3100 1973 se
3154 1916 3346 1971 induit
3400 1921 3457 1973 et
3510 1917 3721 1983 Adam,

2078 2008 2201 2081 qui,
2234 2008 2376 2062 dum
2408 2012 2689 2078 qumreret
2717 2006 3102 2079 integimenta
3131 2006 3421 2072 foliorum,
3482 2005 3726 2063 maledi-

2078 2096 2290 2154 ctionis
2324 2096 2548 2169 excepit
2576 2096 2951 2152 sententiam.

2152 2187 2239 2241 11.
2276 2186 2595 2240 lnduerunt
2626 2202 2687 2239 se
2718 2183 3127 2241 maledictione
3154 2184 3360 2252 Judaei,
3402 2185 3473 2240 de
3509 2179 3730 2256 quibus

2078 2274 2364 2346 scriptum
2396 2278 2485 2329 est
2518 2290 2531 2328 :
2566 2296 2594 2323 «
2642 2273 2864 2329 Prodiit
2894 2273 3064 2346 quasi
3095 2290 3164 2330 ex
3218 2273 3387 2346 adipe
3442 2272 3727 2345 iniquitas

2079 2379 2306 2428 eorum,
2336 2362 2700 2417 transierunt
2727 2361 2789 2416 in
2821 2361 3264 2433 dispositionem
3299 2361 3497 2418 cordis
3553 2362 3724 2430 (Psal.

2080 2468 2253 2513 Lxxn,
2285 2452 2383 2521 7.).
2421 2473 2449 2498 ν»
2483 2452 2569 2504 Ah
2599 2450 2770 2521 adipe
2800 2450 3025 2522 adipsal
3061 2451 3174 2521 (26)
3201 2450 3359 2506 enim
3389 2450 3626 2519 dicitur,
3666 2451 3727 2506 id

2078 2544 2187 2597 est.
2220 2539 2453 2611 pingue.
2488 2538 2653 2594 Sicut
2679 2538 2837 2593 enim
2870 2538 3065 2593 anima
3096 2538 3265 2593 bonis
3295 2542 3519 2609 pastea,
3550 2542 3610 2594 et
3636 2554 3729 2594 re-

2078 2630 2227 2685 ferta
2257 2628 2594 2687 virtutibus.
2626 2631 2909 2698 tanquam
2943 2627 3115 2699 adipe
3145 2630 3202 2682 et
3232 2625 3589 2699 pinguedine
3635 2643 3726 2683 re-

2079 2717 2289 2791 pletur,
2323 2720 2388 2771 ut
2418 2716 2698 2787 scriptum
2733 2719 2822 2771 est
2853 2716 3027 2787 (Psal.
3063 2732 3197 2781 Lxu,
3231 2716 3284 2787 6)
3321 2732 3335 2783 ;
3371 2715 3457 2770 sic
3502 2714 3726 2788 iniqui-

2076 2811 2169 2863 tas
2201 2823 2328 2878 quaa
2360 2804 2529 2877 quasi
2559 2821 2625 2859 ex
2656 2804 2829 2877 adipe
2858 2805 3142 2876 procedit,
3174 2821 3288 2859 non
3314 2803 3505 2860 tenuis
3533 2807 3592 2859 et
3612 2803 3727 2860 exi-

2078 2893 2153 2948 lis
2184 2891 2566 2964 significatur,
2600 2890 2698 2946 sed
2731 2890 2903 2961 plena
2932 2890 3229 2946 vitiorum.
3286 2889 3552 2962 Denique
3608 2904 3725 2946 non

2076 2980 2314 3038 fortuito
2335 2981 2588 3053 quodam
2612 2979 2778 3051 lapsu
2802 2980 2861 3035 in
2883 2996 3137 3037 errorem
3159 2978 3441 3034 incidere:
3459 2978 3561 3034 sed
3584 2995 3723 3035 con-

2078 3071 2208 3128 silio
2239 3075 2296 3125 et
2317 3069 2702 3140 dispositione
2732 3071 2791 3123 in
2823 3068 3196 3143 sacrilegium
3230 3068 3611 3124 transierunt.

2712 3175 2943 3231 CAPUT
2998 3175 3066 3232 V.

2077 3268 2183 3337 Qui
2211 3283 2267 3321 os
2296 3281 2458 3321 suum
2490 3267 2547 3318 in
2578 3265 2773 3320 mlum
2800 3270 3031 3337 ponunt.
3063 3281 3150 3320 eos
3176 3265 3554 3337 prlecaeteris
3611 3280 3724 3321 esse

2148 3340 2245 3408 qui
2267 3338 2456 3391 omnia
2487 3337 2769 3391 stellarum
2801 3335 3119 3393 necessitati
3172 3335 3481 3391 attribuunt
3513 3351 3526 3389 :
3588 3337 3726 3405 ipsis

2149 3414 2333 3464 tamen
2362 3408 2505 3461 hanc
2527 3424 2562 3461 α
2590 3409 2696 3462 Deo
2722 3411 2965 3475 gratiam
3015 3408 3304 3473 reservari,
3326 3414 3388 3462 ut
3443 3411 3726 3464 revertan-

2148 3484 2241 3534 tur
2268 3495 2391 3535 cum
2421 3479 2587 3549 Israel
2618 3496 2637 3539 ;
2666 3480 2824 3547 cujus
2853 3479 3060 3535 reditus
3097 3479 3420 3549 mysterium
3476 3477 3724 3536 declara-

2150 3556 2240 3606 tur
2270 3567 2283 3604 :
2317 3548 2525 3604 eosdem
2559 3557 2615 3604 ut
2646 3566 2678 3603 α
2714 3550 2815 3605 Deo
2846 3553 3037 3620 negent
3066 3548 3275 3605 occulta
3303 3551 3575 3619 cognosci,
3606 3568 3723 3605 ma-

2150 3625 2300 3677 xime
2332 3620 2520 3674 induci
2544 3628 2889 3691 peccatorum
2908 3621 3119 3675 divitiis
3150 3637 3168 3673 :
3191 3622 3463 3690 postremo
3494 3621 3637 3677 idem
3664 3621 3729 3676 de

2157 3693 2368 3747 Christo
2395 3693 2623 3746 sensisse
2653 3692 2930 3747 Simonem
2960 3692 3329 3747 Pharisaeum.

2156 3781 2243 3836 12.
2279 3802 2307 3831 ‹‹
2338 3781 2663 3835 Posuerunt
2690 3780 2747 3834 in
2781 3779 2990 3835 coelum
3035 3796 3099 3834 os
3157 3793 3353 3844 suum,
3412 3782 3471 3834 et
3517 3779 3733 3851 lingua

2085 3886 2288 3926 eorum
2319 3868 2595 3925 transivit
2624 3885 2801 3941 super
2827 3872 3045 3939 terram
3077 3868 3250 3938 (Psat.
3275 3882 3447 3936 Lxxu,
3465 3868 3543 3938 9).
3580 3888 3608 3916 ››
3632 3867 3734 3921 Po-

2089 3959 2301 4013 nerein
2336 3956 2551 4012 coelum
2574 3973 2639 4012 os
2665 3974 2837 4011 suum
2863 3956 3003 4028 quid
3034 3957 3128 4023 sit,
3154 3955 3320 4010 docet
3367 3970 3474 4010 nos
3520 3952 3620 4009 ille
3665 3969 3736 4008 ex

2087 4046 2366 4103 fratribus
2389 4045 2832 4111 adolescentior,
2858 4046 2958 4117 qui
2984 4060 3282 4118 regressus
3307 4043 3378 4099 ad
3400 4047 3624 4116 patrem
3647 4041 3735 4098 di-

2089 4134 2173 4192 xit
2198 4154 2211 4203 ;
2247 4159 2274 4186 ‹‹
2298 4136 2481 4202 Pater,
2508 4136 2737 4207 peccavi
2761 4137 2819 4190 in
2845 4135 3055 4191 cmlum
3079 4138 3135 4190 et
3156 4148 3351 4188 coram
3370 4136 3429 4188 te
3466 4132 3619 4203 (Luc.
3642 4149 3735 4196 xv,

2093 4226 2201 4296 18).
2223 4245 2250 4274 ››
2278 4228 2500 4279 Ponunt
2523 4227 2716 4279 autem
2736 4224 2795 4277 in
2818 4222 3029 4278 cmlum
3057 4239 3122 4278 os
3146 4236 3321 4276 suum
3344 4220 3445 4291 qui
3471 4219 3584 4276 sibi
3625 4219 3739 4275 eri-

2092 4314 2318 4368 minum
2351 4312 2724 4368 auctoritates
2745 4314 2879 4384 (27),
2916 4310 3238 4368 nativitatis
3260 4310 3741 4382 putantquadam

2093 4402 2441 4458 necessitate
2469 4400 2700 4455 deferri.
2735 4401 2803 4455 Hi
2837 4416 2944 4455 nec
2973 4401 3116 4456 caelo
3146 4413 3251 4455 nec
3278 4398 3453 4455 terris
3509 4413 3747 4470 parcere

2020 4510 2060 4574 ι)
2094 4490 2303 4554 solent,
2338 4496 2401 4544 ut
2432 4506 2608 4544 cursu
2639 4490 2892 4559 quodam
2925 4490 3231 4545 stellarum
3260 4488 3631 4544 arbitrantur
3659 4487 3744 4540 vi-

2102 4583 2223 4634 tam
2255 4577 2512 4633 hominis
2541 4577 2875 4648 gubernari.
2927 4577 3083 4633 Nihil
3142 4576 3539 4649 providentiae,
3600 4572 3785 4654 nihil‘

2105 4667 2275 4722 bonis
2309 4666 2573 4721 moribus
2604 4666 3037 4736 derelinquunt.
3072 4669 3256 4738 Atque
3286 4666 3510 4720 utinam
3543 4666 3597 4718 et
3626 4661 3745 4724 isti,

2107 4757 2261 4811 sicut
2290 4754 2388 4809 ille
2419 4771 2577 4810 unus
2606 4755 2676 4809 de
2705 4755 2939 4810 duobus
2967 4753 3458 4818 adolescentibus,
3490 4747 3753 4806 revertis-

2109 4848 2274 4900 sent:
2302 4845 2492 4899 bonus
2515 4843 2801 4899 Dominus
2825 4845 3148 4899 remedium
3172 4858 3284 4897 non
3315 4842 3587 4911 negasset
3615 4838 3748 4909 (28),

2109 4938 2166 4989 et
2182 4936 2375 4988 tamen
2400 4932 2627 4989 etiamsi
2643 4932 2751 5005 ipsi
2778 4933 2965 4988 nolint
2977 4929 3457 4999 sanari,reservat
3469 4927 3629 4983 Domi
3638 4942 3750 4982 nus

2184 5097 2295 5165 (27)
2325 5095 2479 5150 Edit.
2513 5095 2666 5160 Era.,
2700 5095 2796 5163 qui
2823 5094 2933 5147 sibi
2958 5092 3257 5165 criminum
3269 5092 3556 5165 auctores,
3605 5088 3753 5142 nati-

2113 5156 2310 5222 vitates
2342 5187 2361 5233 ;
2394 5165 2526 5221 Gill.
2577 5156 2775 5220 et'duo
2833 5180 3071 5229 mss....,
3128 5162 3432 5223 vanitates;
3489 5156 3751 5233 Κόων...

2114 5229 2516 5293 nativitalibus.
2554 5236 2661 5290 Ms.
2692 5250 2824 5290 vero
2856 5238 3124 5299 Vat......,
3173 5233 3496 5288 auctoritate
3548 5229 3756 5287 nativi-

2114 5311 2268 5367 tates,
2295 5307 2387 5360 alii
2449 5306 2814 5378 denique....,
2865 5306 3230 5378 arcetqritates,
3288 5303 3595 5378 nativitatis
3646 5304 3756 5356 etc.

2116 5380 2300 5460 Cujus
2332 5372 2830 5433 lectionis‘sensus
2847 5376 3112 5430 omnium
3135 5375 3362 5430 videtur
3384 5372 3633 5429 maxime
3660 5384 3761 5427 na-

2116 5451 2765 5595 ωἷὲἓῗὲάέὶ-..Ηρωη-ρι
2786 5519 3159 5595 ιανηθῃρείανη
3181 5520 3333 5590 ipsis,
3363 5517 3649 5595 siyotunt:
3671 5530 3758 5595 sa-

2118 5584 2889 5663 nari,étc.Edit.Am.Era.ac
2910 5589 3043 5646 Gill.
3062 5584 3217 5647 eum:
3233 5606 3376 5649 mss.
3396 5589 3525 5646 Vat.
3540 5592 3596 5644 et
3613 5584 3763 5642 Gal].
