4104 6156
455 293 595 367 883
1913 302 1977 366 8.
2022 301 2074 366 Α

2198 299 2401 367 ROSII
3694 309 3786 377 88¢
3806 326 3819 343 *

458 433 841 509 regressionis
868 434 1118 508 gratiam
1154 454 1167 505 ;
1201 441 1266 493 ut
1294 436 1392 510 qui
1426 436 1482 492 in
1518 435 1925 513 Israelcxpnlsi
1959 438 2097 491 sunt
2131 436 2175 501 Α
2207 435 2391 493 rimis.
2427 436 2667 493 Frustra
2695 452 2833 510 ergo
2866 434 3000 493 dedi
3032 452 3126 493 me
3156 433 3517 508 innocentiae,
3546 442 3695 513 atque
3732 446 3787 502 ad

458 542 564 598 per
592 526 783 581 cordis
839 526 1061 598 proprii
1119 526 1458 596 caecitatem,
1524 545 1624 600 per
1680 525 2101 599 plenitudinem
2212 526 2476 581 studium
2508 526 2716 581 sobriae
2745 524 3203 582 conversationis
3234 525 3476 582 intendi.
3510 527 3571 582 Et
3598 530 3794 601 pulchre

456 613 725 671 Ecclesia)
756 619 1121 672 revertantur
1152 634 1165 684 ;
1198 620 1255 672 et
1281 633 1395 672 non
1425 634 1640 673 vacuos
1687 615 1811 672 dies
1860 615 1987 671 vitae
2030 613 2105 669 is-
2213 614 2296 670 ait
2328 631 2341 669 :
2375 636 2404 665 «
2441 615 2573 671 Lavi
2605 614 2758 671 inter
2789 615 3130 671 innocentes
3161 631 3373 671 manus
3394 631 3547 672 meas
3572 618 3731 693 (Ibid)
3756 640 3797 689 ;›.

456 701 579 759 tius
598 704 838 772 ducant,
859 705 959 760 sed
982 704 1189 777 plenos
1208 704 1462 761 habeant
1481 705 1644 761 bonae
1667 703 2021 777 operationis
2049 706 2105 758 et
2214 708 2278 758 ut
2315 721 2430 760 non
2452 720 2722 776 arrogare
2753 703 2865 769 sibi
2897 720 3193 759 summam
3226 703 3576 773 innocentiae,
3615 708 3702 764 sed
3727 727 3796 766 sc-

458 790 618 861 ﬂdei,
651 810 788 851 cum
810 793 1115 866 repleverit
1131 811 1230 850 eos
1258 794 1541 850 Dominus
1592 793 1782 867 gratia
1829 791 2101 866 spiritali.
2212 791 2419 848 dulum
2450 793 2675 849 deferre
2705 792 2966 849 studium
2996 792 3308 849 videretur.

460 882 967 948 Quomodoautem
996 884 1603 956 revertantur,accipe.
1630 883 1822 950 «Quia
1852 882 2101 948 caecitas,
2286 882 2371 936 16.
2410 882 2633 937 Interea
2687 899 2802 937 non
2836 882 3074 953 impune
3105 881 3447 953 hujusmedi
3477 900 3509 939 a
3536 900 3594 939 sc
3619 901 3802 943 sermo-

460 968 676 1043 inquit,
710 988 779 1027 ex
806 976 968 1043 parte
1000 971 1177 1028 Israel
1233 971 1496 1045 contigit,
1556 972 1740 1027 donec
1802 969 2104 1042 plenitudo
2214 985 2348 1026 nem
2382 970 2568 1026 exisse
2599 975 2862 1027 testatur.
2897 971 3043 1026 Nam
3076 975 3201 1026 tota
3227 972 3322 1027 die
3348 971 3683 1045 ﬂagellatum
3701 991 3805 1032 esse

460 1060 728 1132 gentium
758 1060 1018 1128 intraret,
1051 1065 1108 1117 et
1135 1062 1218 1117 sic
1240 1060 1432 1117 omnis
1465 1060 1640 1117 Israel
1690 1060 1885 1116 salvus
1942 1059 2105 1114 ﬂeret
2214 1075 2277 1115 se
2307 1062 2593 1114 memorat
2629 1076 2641 1126 ;
2675 1057 2812 1130 quia
2845 1059 3439 1131 frustrajustiﬁcasse
3493 1078 3553 1117 se
3600 1065 3805 1120 Domino

462 1148 636 1216 (Rom.
669 1166 747 1215 XI,
778 1150 868 1216 ‘25,
900 1150 1009 1219 36).
1048 1173 1076 1199 ››
1107 1151 1213 1206 Sed
1246 1150 1384 1222 quia
1414 1150 1758 1222 mysterium
1802 1148 2107 1221 oportebat
2212 1163 2311 1203 cor
2341 1164 2517 1203 suum
2548 1147 2813 1204 dixerat:
2850 1151 2981 1219 post
3040 1148 3271 1221 ﬂagella
3325 1154 3518 1205 autem
3567 1151 3805 1209 continuo

459 1236 713 1311 impleri,
747 1262 775 1289 «
809 1242 872 1294 ut
900 1239 1271 1295 concluderet
1299 1239 1452 1295 Deus
1482 1238 1682 1294 omnia
1711 1238 1769 1293 in
1800 1235 2107 1294 increduli-
2214 1241 2415 1292 secuta
2444 1241 2533 1292 est
2563 1253 2751 1308 prava:
2782 1235 3075 1309 opinionis
3103 1237 3404 1294 correctio.
3438 1239 3638 1296 Statim
3679 1242 3807 1297 enim

459 1330 579 1384 tate
608 1327 923 1400 (Ibid.32),»
957 1329 1011 1383 id
1045 1333 1155 1395 est,
1182 1329 1556 1401 redargueret
1586 1332 1763 1400 atque
1793 1325 2104 1383 convince-
2214 1348 2241 1376 ‹‹
2275 1326 2483 1381 vindex
2515 1342 2699 1392 meus,
2732 1324 2942 1397 inquit,
2977 1326 3035 1382 in
3068 1326 3373 1383 matutinis
3402 1328 3554 1397 (Ibid.
3586 1330 3736 1401 14),»
3763 1331 3811 1387 id

459 1421 548 1474 ret
577 1420 735 1487 (cum
764 1417 921 1472 enim
954 1417 1069 1473 duo
1100 1418 1479 1485 contendunt,
1527 1416 1572 1472 si
1632 1432 1786 1471 unus
1842 1411 2107 1485 superior
2212 1417 2303 1471 est
2334 1414 2391 1469 in
2424 1418 2623 1486 aperto
2654 1417 2711 1469 et
2740 1414 3047 1487 perspicuo
3074 1440 3087 1483 ;
3116 1414 3216 1471 lux
3234 1416 3388 1473 enim
3412 1416 3659 1473 veritatis
3681 1435 3810 1475 com-

462 1506 559 1575 sit,
591 1506 806 1562 dicitur
831 1524 842 1562 :
866 1505 1163 1563 Couclusit
1182 1504 1349 1560 illum
1378 1504 1674 1577 alterum),
1716 1504 1961 1575 ideoque
2005 1516 2107 1572 per
2215 1502 2587 1575 prehendens
2616 1520 2776 1573 eum,
2808 1520 2922 1559 non
2955 1503 3088 1561 sivit
3120 1504 3241 1561 haec
3271 1505 3487 1561 sentire
3516 1523 3635 1579 qua:
3674 1507 3811 1564 dixit.

460 1611 631 1652 suam
662 1594 1120 1651 misericordiam
1155 1597 1220 1649 ut
1247 1594 1521 1650 subditus
1569 1594 1730 1648 ﬂeret
1786 1592 1901 1648 Deo
1932 1607 2104 1645 mun-
2216 1591 2569 1649 Revincebat
2598 1592 2795 1665 itaque
2825 1597 2881 1649 et
2912 1593 3297 1667 redarguebat
3327 1611 3419 1651 me
3465 1595 3706 1653 veritatis
3752 1596 3816 1652 lu-

461 1686 597 1751 dus,
618 1699 924 1757 regressus
949 1683 1184 1755 quidem
1216 1688 1303 1739 est
1334 1681 1589 1755 populus
1620 1681 1678 1737 in
1723 1679 2054 1736 heredibus
2087 1696 2100 1746 ;
2215 1697 2349 1737 men
2373 1681 2624 1737 oﬂ‘usum
2649 1680 2844 1737 animo
2875 1698 3026 1751 meo,
3056 1699 3123 1739 eo
3153 1683 3308 1754 quod
3343 1700 3462 1739 non
3494 1688 3637 1740 recte
3687 1684 3812 1740 dixe-

462 1774 564 1831 sed
594 1773 646 1829 is
675 1771 849 1829 celeri
906 1789 1098 1829 errore
1125 1772 1431 1828 traductus
1456 1776 1562 1838 est,
1626 1775 1688 1827 ut
1744 1770 1927 1825 Deum
1985 1783 2101 1823 non
2137 1805 2186 1871 Β
2214 1770 2328 1826 rim
2362 1786 2375 1825 :
2413 1792 2433 1820 ιι
2467 1770 2603 1826 Sine
2632 1787 2810 1827 causa
2830 1770 3147 1843 justificavi
3205 1788 3304 1827 cor
3332 1788 3551 1829 meum.
3585 1795 3611 1823 »
3667 1775 3816 1831 Locu-

463 1863 725 1919 crederet
752 1860 1116 1918 occultorum
1148 1877 1276 1917 esse
1308 1859 1638 1934 praescium.
1674 1859 1784 1915 Sed
1822 1857 2105 1914 Dominus
2137 1857 2185 1871 "
2215 1861 2390 1915 cutus
2422 1876 2554 1915 sum
2585 1859 2743 1917 enim
2778 1857 2876 1915 illa
2901 1862 3185 1932 tanquam
3215 1860 3274 1916 in
3308 1862 3815 1920 tenebrisconstitu-

463 1950 604 2021 illis,
664 1954 729 2007 ut
784 1949 1138 2022 quandoque
1196 1949 1581 2017 redimantur,
1643 1947 1851 2003 salutis
1897 1946 2106 2001 futuras
2216 1953 2335 2016 tus,
2360 1951 2416 2004 et
2437 1948 2763 2004 recordanti
2810 1947 2911 2004 illa
2961 1948 3106 2004 mihi
3157 1966 3259 2006 cor
3309 1952 3817 2025 compungebatur:

463 2040 714 2115 gratiam
746 2038 1061 2096 reservavit
1090 2039 1289 2095 dicens
1322 2055 1334 2094 ε
1371 2062 1397 2088 ‹‹
1432 2038 1566 2094 Ideo
1620 2039 1940 2093 revertetur
1991 2034 2107 2090 huc
2215 2041 2564 2109 compuncto
2586 2041 2778 2093 autem
2809 2038 3000 2104 corde,
3026 2037 3472 2096 illuminabatur
3491 2041 3746 2107 affectus;
3769 2045 3818 2095 ut

462 2128 720 2203 populus
751 2144 917 2184 meus
950 2128 1121 2199 (Psal.
1151 2146 1324 2193 Lxxu,
1357 2127 1467 2199 40).
1504 2149 1531 2177 ››
1567 2125 1713 2191 Quid
1745 2129 1833 2182 est
1862 2126 1967 2180 huc
1995 2128 2021 2178 .9
2044 2123 2102 2178 Id
2219 2126 2380 2181 ﬁeret
2402 2125 2459 2181 in
2482 2125 2652 2183 corde
2675 2142 2803 2182 meo
2826 2126 2980 2199 ignis
2999 2127 3462 2201 ﬂammigerans,
3491 2129 3589 2202 qui
3611 2130 3820 2186 faciebat

465 2222 575 2287 est,
608 2218 680 2274 ad
712 2234 823 2286 me,
856 2217 929 2273 ad
958 2217 1291 2289 aequitatem
1323 2219 1380 2272 et
1401 2214 1698 2287 justitiam
1760 2230 1974 2279 meam,
2035 2212 2107 2267 ad
2217 2214 2278 2270 in
2297 2232 2389 2271 me
2410 2215 2523 2271 diei
2548 2214 2810 2287 spiritale
2845 2214 3223 2288 principium.
3281 2216 3614 2275 Illuminata
3656 2218 3819 2289 itaque

466 2306 690 2363 cultum
713 2322 930 2362 meum.
2219 2304 2441 2360 oriente
2462 2303 2604 2359 mihi
2628 2303 2722 2360 die
2745 2308 2802 2360 et
2822 2304 2993 2376 quasi
3013 2304 3072 2359 in
3099 2303 3301 2361 multis
3350 2305 3655 2363 matutinis
3696 2305 3823 2379 posi-

540 2397 626 2452 13.
666 2418 687 2445 ιι
714 2397 783 2452 Et
810 2394 1076 2469 implebit
1106 2394 1231 2451 dies
1263 2393 1389 2450 vitae
1432 2411 1551 2451 suis
1584 2393 1796 2466 (Ibid.).
1858 2415 1885 2441 ››
1947 2393 2106 2457 Quod
2218 2399 2336 2461 tus,
2357 2392 2754 2465 intelligebam
2778 2388 2917 2465 quia
2936 2398 3096 2449 extra
3116 2394 3601 2452 constitutionem
3619 2411 3821 2469 genera-

467 2485 671 2558 utique
695 2484 781 2541 sic
810 2485 1080 2557 accipies,
1112 2485 1261 2541 667
1300 2487 1365 2539 ut
1393 2482 1649 2556 populus
1680 2482 1919 2554 quidem
1959 2481 2112 2537 redi-
2219 2481 2398 2537 tionis
2421 2480 2676 2537 ﬁliorum
2702 2482 2795 2537 Dei
2823 2481 3009 2537 factus
3034 2499 3189 2538 sum.
3215 2483 3321 2548 Qui
3345 2500 3484 2540 cum
3506 2483 3688 2558 primo
3727 2500 3826 2539 cre-

466 2579 682 2643 matur,
714 2575 816 2647 qui
846 2573 1156 2631 crediderit
1184 2573 1243 2628 in
1275 2589 1342 2629 eo
1373 2591 1385 2628 :
1421 2571 1479 2627 in
1512 2588 1629 2645 quo
1682 2572 1794 2627 etsi
1848 2587 1965 2626 non
2024 2587 2111 2627 re-
2218 2570 2522 2637 didissem,
2545 2586 2611 2626 eo
2628 2571 2782 2642 quod
2802 2574 3073 2643 operator
3094 2572 3298 2628 mundi
3335 2574 3646 2646 providens
3686 2589 3827 2646 gene-

468 2665 769 2721 dimantur
798 2664 899 2737 qui
938 2680 1056 2719 non
1115 2662 1513 2729 crediderunt,
1576 2665 1773 2717 tamen
1828 2659 2112 2732 redempti
2220 2658 2428 2715 rationi
2451 2658 2745 2729 humanae,
2778 2658 2974 2715 omnia
3000 2661 3073 2717 ad
3094 2659 3408 2718 utilitatem
3429 2661 3612 2719 nostri
3628 2660 3827 2718 veltris-

466 2752 667 2827 populi
695 2753 798 2810 Dei
831 2752 1209 2826 praerogativa
1238 2752 1519 2807 defertur.
1932 2743 1950 2761 ⁸
2221 2748 2324 2815 tia,
2343 2747 2431 2805 vel
2454 2765 2522 2805 ea
2541 2766 2667 2821 quae
2691 2766 2896 2821 parum
2922 2747 3227 2820 delectent,
3256 2750 3492 2821 fecerit;
3511 2755 3626 2807 tam
3646 2750 3827 2806 bonam

540 2844 626 2898 14.
661 2841 759 2898 Isti
792 2856 930 2913 ergo
960 2839 1021 2895 in
1052 2855 1243 2896 errore
1257 2840 1433 2912 positi
1460 2839 1734 2894 dixerunt
1757 2855 1769 2893 :
1796 2860 1824 2888 ‹‹
1858 2840 2112 2905 Quomo-
2222 2838 2576 2894 sententiam
2608 2842 2810 2909 postea
2821 2837 3015 2911 pravis
3031 2838 3410 2912 opinionibus
3430 2841 3694 2896 turbatus
3719 2836 3835 2895 ami-

468 2931 543 2987 do
560 2929 728 2987 scivit
754 2933 906 2985 Deus
931 2946 946 2995 ;
968 2933 1027 2984 et
1049 2927 1099 2984 si
1123 2932 1211 2984 est
1234 2928 1481 2983 scientia
1499 2926 1695 2983 omnis
1714 2927 1773 2982 in
1811 2926 2112 2982 Altissimo
2220 2926 2418 2984 serim.

469 3017 625 3093 (Ibid.
667 3016 803 3087 ll)?
838 3040 859 3067 ι
893 3016 1109 3072 Putant
1136 3015 1293 3073 enim
1326 3032 1441 3071 non
1472 3031 1599 3072 esse
1630 3015 1691 3071 in
1749 3015 1864 3071 Deo
1920 3014 2112 3071 scien-
2294 3017 2381 3071 17.
2414 3015 2790 3071 Conferebam
2823 3014 3020 3089 itaque
3050 3033 3184 3073 cum
3216 3018 3392 3075 corde
3415 3035 3566 3087 meo,
3602 3023 3656 3074 et
3705 3015 3832 3072 dice-

468 3108 610 3165 tiam
646 3124 660 3175 ;
692 3106 834 3178 quia
863 3108 1193 3177 peccatores
1225 3104 1840 3177 abundantprosperis
1871 3103 2111 3160 saecula-
2220 3106 2358 3160 bam
2390 3104 2544 3161 668
2578 3103 2720 3160 mihi
2753 3121 2769 3157 :
2805 3128 2831 3153 ‹‹
2866 3104 2922 3159 Si
2953 3105 3198 3161 narrabo
3228 3106 3332 3176 sic,
3361 3107 3507 3180 quia
3536 3107 3660 3164 sine
3686 3120 3837 3162 causa

468 3197 653 3253 ribus.
687 3197 756 3251 Et
787 3195 976 3250 adhuc
1006 3192 1233 3248 inducit
1262 3210 1361 3249 eos
1386 3192 1692 3265 loquentes
1724 3210 1736 3248 :
1767 3216 1795 3245 «
1827 3194 1971 3249 Ecce
2000 3193 2112 3265 ipsi
2142 3180 2535 3266 C.justiﬁcavi
2567 3210 2666 3250 cor
2696 3209 2916 3262 meum,
2973 3218 2993 3243 ο
3029 3196 3374 3252 occurrebat
3432 3196 3578 3252 mihi
3635 3194 3726 3251 Dei
3752 3208 3838 3247 vox

466 3288 799 3359 peccatores
830 3287 888 3339 et
915 3281 1280 3338 abundantes
1327 3280 1385 3336 in
1441 3282 1672 3349 saeculo,
1733 3283 2114 3338 obtinuerunt
2222 3283 2463 3339 dicens:
2500 3282 2700 3338 «Ecce
2748 3282 3108 3354 generationi
3166 3282 3429 3341 ﬁliorum
3483 3291 3713 3342 tuorum
3763 3280 3839 3338 cui

464 3374 700 3431 divitias
730 3372 887 3444 (Ibid.
925 3372 1031 3441 12).
1062 3393 1089 3419 ››
1121 3370 1307 3426 Habes
1364 3370 1472 3426 hoc
1501 3370 1559 3425 in
1618 3371 1927 3444 Evangelia
1983 3371 2112 3444 pla-
2221 3371 2483 3445 disposui
2508 3371 2618 3443 (29)
2647 3371 2803 3444 (Ibid.
2833 3371 2954 3443 15):
2999 3395 3025 3420 ››
3056 3371 3111 3427 id
3146 3378 3253 3440 est,
3287 3389 3424 3431 ecce
3454 3374 3517 3431 in
3558 3369 3838 3445 Scripturis

464 3462 600 3518 nius
628 3476 993 3533 expressum,
1030 3458 1127 3514 ubi
1159 3458 1360 3515 Simon
1393 3458 1487 3514 ille
1517 3459 1845 3516 Pharisaeus
1901 3460 2104 3516 videns
2221 3458 2469 3527 invenis,
2502 3477 2535 3516 o
2568 3463 2628 3515 tu
2662 3459 2871 3530 Adam,
2904 3460 3043 3533 quia
3073 3460 3337 3534 disposui
3386 3461 3741 3536 generationi
3785 3457 3840 3513 fi-

465 3551 620 3623 quod
652 3548 863 3605 mulier
891 3547 991 3603 illa
1022 3549 1309 3619 peccatrix
1339 3548 1492 3603 venit
1524 3548 1583 3603 in
1615 3550 1857 3605 domum
1888 3551 2036 3621 ejus,
2056 3553 2112 3606 et
2220 3548 2432 3605 liorum
2462 3553 2719 3617 tuorum,
2744 3548 2885 3621 quia
2906 3549 3141 3607 fortuito
3163 3550 3381 3609 divitia
3411 3552 3488 3609 ad
3514 3550 3838 3624 impios,non

465 3655 642 3712 super
672 3638 849 3711 pedes
878 3636 1071 3693 Cbrsti
1103 3637 1307 3693 etl'udit
1335 3645 1725 3709 unguentum,
1757 3639 1990 3695 dicebat
2020 3639 2109 3693 in-
2220 3637 2414 3710 alique
2445 3637 2650 3694 merito
2683 3638 3039 3705 deferantur,
3066 3655 3169 3696 nec
3191 3642 3442 3712 praemia
3473 3638 3701 3696 virtutis
3728 3639 3843 3694 sunt

460 3733 554 3785 tra
582 3744 643 3784 se
672 3746 685 3784 :
725 3750 747 3777 α
780 3727 882 3782 Hic
912 3726 962 3782 si
988 3730 1143 3783 esset
1176 3726 1475 3799 propheta,
1510 3726 1683 3782 sciret
1724 3727 1929 3799 utique
1981 3744 2108 3799 quae
2219 3726 2615 3783 emolumenta
2647 3726 2942 3782 thesauri:
2966 3744 3071 3784 nec
3103 3744 3133 3784 e
3157 3730 3457 3786 contrario
3486 3729 3683 3801 inepia
3700 3739 3842 3799 pcena

461 3821 519 3875 et
546 3815 739 3889 qualis
766 3819 857 3872 est
884 3814 1096 3870 mulier
1126 3831 1253 3886 qua:
1281 3814 1469 3887 tangit
1498 3831 1630 3871 eum
1664 3834 1676 3880 ;
1710 3816 1848 3887 quia
1906 3833 2105 3889 pecca-
2218 3817 2438 3887 peccati
2473 3820 2581 3881 est,
2614 3816 2714 3871 sed
2747 3815 3058 3872 indiscrete
3089 3816 3483 3884 veniuntista,
3517 3834 3643 3890 quae
3696 3813 3840 3871 modo

458 3904 572 3962 trix
599 3908 688 3960 est
719 3905 868 3975 (Luc.
903 3918 1002 3970 vn,
1029 3903 1141 3971 39).
1177 3926 1204 3952 ››
1238 3902 1349 3958 Sed
1382 3902 1664 3974 patientia
1695 3903 1790 3958 Dei
1825 3920 1935 3959 non
1971 3920 2108 3976 prae-
2218 3904 2481 3960 ﬂuminis
2511 3904 2765 3976 quodam
2794 3905 2989 3959 seaculi
3021 3906 3303 3977 proﬂuvio
3324 3906 3687 3962 volutantur.

450 3993 680 4067 judicat
702 3992 954 4056 veritati,
986 3996 1041 4047 et
1072 3990 1436 4062 praescientia
1464 3992 1593 4061 ejus
1623 4007 1687 4046 ao
1746 3992 2106 4063 providentia
2290 3995 2375 4047 18.
2412 3995 2477 4048 Et
2509 3992 2939 4063 existimabam,
2974 3997 3030 4048 et
3058 3994 3296 4051 videbar
3333 3994 3483 4051 mihi
3520 4003 3837 4067 cognoscere

458 4082 718 4155 hocipso
747 4080 1004 4154 amplius
1033 4082 1329 4150 probatur,
1364 4080 1517 4151 quod
1561 4080 1619 4135 in
1653 4086 1890 4153 peccato
1950 4083 2105 4154 posi-
2215 4082 2321 4137 hoc
2354 4099 2479 4137 esse
2513 4098 2710 4136 verum
2746 4081 2901 4152 (Ibid.
2950 4083 3058 4154 16),
3112 4081 3222 4139 hoc
3277 4099 3607 4156 congruere
3661 4078 3839 4137 divina

459 4175 559 4228 tus
588 4186 865 4235 successu
895 4168 1087 4224 affluit
1109 4165 1476 4224 saecularium
1502 4171 2106 4240 prosperorum.0uool
2213 4171 2586 4243 providentiae
2625 4176 2682 4225 et
2710 4171 3055 4238 convenire;
3091 4187 3185 4228 me
3214 4176 3414 4228 autem
3451 4172 3669 4228 frustra
3695 4168 3748 4225 in
3780 4165 3838 4221 iis

460 4257 877 4317 fortiorvidens
900 4255 1070 4323 ridet,
1092 4255 1367 4312 incautus
1382 4256 1710 4313 traducitur
1734 4262 1791 4314 et
1815 4264 2100 4315 movetur.
2212 4260 2512 4315 turbatum
2544 4275 2692 4326 esse,
2727 4259 2785 4315 in
2816 4259 3033 4331 quibus
3062 4259 3341 4318 inhaerere
3371 4277 3495 4317 non
3528 4259 3718 4317 debui.

1088 4389 1320 4446 CAPUT
1376 4388 1471 4445 VI.
2838 4383 3072 4441 CAPUT
3112 4385 3235 4441 VII.

458 4479 788 4552 Pi'0phetani
815 4494 938 4534 cum
954 4480 1135 4552 primo
1165 4480 1350 4534 animo
1379 4478 1767 4552 despondisset,
1777 4486 1963 4552 postea
1983 4498 2101 4538 σας·
2141 4549 2167 4552 _
2212 4473 2509 4552 Ετηεηάαφ
2541 4490 2731 4529 errore
2761 4473 2937 4529 David
2962 4473 3604 4552 _hun0_l_muIn_lab01jem
3645 4474 3839 4552 sibiW-

528 4543 791 4623 tigutioue
818 4543 1170 4623 emendatum
1197 4543 1506 4621 cognovisse
1533 4554 1716 4607 omnia
1751 4543 1966 4623 quidem
1993 4570 2109 4609 eve-
2140 4549 2149 4614 1

2283 4547 2491 4623 gzwsoit
2518 4552 2911 4623 su_peressc,__ut
2948 4545 3405 4623 ingrediaturﬁiri
3440 4546 3613 4623 adyta
3663 4543 3841 4623 divin}?

528 4614 652 4696 nire
680 4619 1031 4696 dispositione
1058 4614 1276 4688 divina,
1305 4637 1427 4692 opes
1456 4626 1640 4696 autem
1667 4614 1776 4678 nou
1805 4640 1919 4680 esse
1940 4643 2103 4696 .praz-
2285 4614 2629 4696 cognition?-
2664 4614 2862 4696 δαηειί,
2898 4614 3189 4696 Ρνίῖὰνῖξὲδη
3212 4690 3221 4696 _
3242 4620 3432 4696 ϐαΐαιξδ
3491 4614 3658 4688 ﬁnem
3706 4620 3844 4670 ³³⁸⁸⁷³⁸

528 4686 645 4747 mia
674 4686 914 4758 virtutis,
947 4708 1045 4747 nec
1070 4686 1288 4763 paviunt
1312 4686 1523 4763 peccati
1551 4695 1812 4766 inepiam.
1963 4686 1979 4696 ’
2286 4686 2427 4766 seire
2453 4687 2785 4766 desiderant,
2815 4689 2865 4742 et
2894 4686 3018 4756 quis
3048 4689 3142 4744 ille
3169 4690 3261 4766 sit.
3292 4686 3555 4745 Primam
3586 4697 3840 4766 coramco-

779 4806 911 4833 τη,
937 4758 1239 4833 “Mida,”
1269 4758 1399 4833 ,gm
1444 4758 1654 4833 Am“:
1678 4825 1736 4833 υ
1763 4825 1775 4833 _
1812 4831 1827 4833 _
1856 4811 1997 4833 mm
2026 4811 2071 4833 ᾖ,
2285 4760 2588 4833 gnitionem
2619 4758 2759 4812 hanc
2786 4773 2918 4817 esse.
2953 4775 3060 4830 qua
3087 4760 3359 4815 credimus
3384 4776 3653 4833 prospera
3672 4759 3842 4833 impro-

529 4809 616 4864 ιδ.
650 4806 913 4881 Denique
934 4804 1246 4863 Ρεαιωίειει
1266 4806 1657 4873 ἀίοίιοάίκίεεε
1806 4831 1828 4860 ι
1856 4811 2002 4883 Ergo
2024 4811 2103 4867 εί-
2285 4804 2593 4885 ῖλεςῖλῐλδέ
2619 4804 3841 4893 ea.;.;";+.;..2;;.;,'a';;.:;;.'2;2;.:.;eag.

457 4914 528 4954 ne
549 4914 729 4954 causa
739 4895 1062 4969 justiﬁcavi
1086 4912 1186 4951 cor
1208 4899 1493 4950 meum:et
1512 4896 1624 4951 lavi
1651 4898 1803 4953 inter
1824 4898 2101 4955 innocen-
2284 4900 2663 4961 exeluduntur.
2697 4900 2919 4972 Eosdem
2948 4901 3078 4956 dum
3102 4902 3201 4957 Dei
3228 4902 3516 4972 beneﬁcii:
3535 4902 3837 4957 allevantur.

455 4989 770 5042 tesmanus
786 5001 945 5041 meas
962 4984 1135 5055 (Psal,
1156 5000 1327 5047 Lxxn,
1353 4984 1459 5054 l3),
1486 5006 1512 5033 »
1551 4985 1666 5040 Hoc
1689 4990 1799 5051 est,
1826 4988 1992 5044 video
2035 4989 2071 5043 il

1777 5026 1799 5051 ,,
1826 4988 1992 5044 video
2035 4989 2104 5043 il-
2284 4972 2452 5043 (Ivjl'cz'
2480 4990 2543 5027 ac
2569 4988 2787 5042 prorsus
2816 4971 2995 5043 redigi
3019 4972 3089 5027 ad
3134 4971 3398 5029 nihilum.

454 5073 544 5130 los
563 5073 1056 5137 abundarc,video
1080 5071 1195 5127 illis
1210 5072 1518 5128 commoda
1539 5073 2095 5144 omniasecundarc,
2287 5078 2374 5131 49.
2411 5078 2607 5148 Itaque
2629 5077 2767 5149 quia
2792 5077 3028 5133 videbar
3058 5078 3202 5133 mihi
3253 5096 3453 5135 veram
3518 5075 3836 5135 sententiam

456 5178 549 5219 me
569 5167 766 5219 autem
795 5161 1014 5219 conteri
1040 5165 1215 5233 atque
1237 5161 1517 5232 exagitari
1570 5163 1927 5222 tentionibus
1966 5166 2103 5238 plu-
2214 5166 2748 5239 comprehendisse,
2774 5169 2830 5221 ct
2860 5166 3251 5240 cognitionem
3282 5169 3366 5223 rei
3402 5168 3596 5242 ipsius
3617 5183 3737 5225 esse
3761 5180 3837 5219 as-

456 5341 816 5417 praeferun_t_:
853 5343 913 5396 Et
953 5350 1134 5417 tamen
1160 5343 1342 5417 etiam_
1375 5341 1486 5417 ipsi
1512 5343 1564 5417 si
1604 5342 1814 5417 Δηοιιιηι
1862 5349 2055 5417 sanari
2087 5365 2100 5413 ;
2216 5363 2340 5401 rum
2367 5346 2444 5400 sic
2470 5347 2734 5417 disparati.
2765 5346 2904 5417 Mss.
2939 5346 3210 5417 denique,
3243 5349 3389 5402 Ecce
3416 5341 3755 5417 generationi
3786 5338 3837 5405 ﬁ-

454 5410 689 5487 excepto
719 5413 973 5487 Thuan.,
1000 5412 1101 5487 qui
1131 5420 1197 5468 ut
1226 5410 1679 5487 antiquitateﬁta
1706 5417 1764 5468 et
1790 5410 2107 5487 perspicui-
2217 5419 2419 5471 liorum
2450 5410 2667 5471 tuorum
2694 5418 2785 5471 cui
2811 5416 3069 5487 disposui.
3096 5410 3442 5487 Hellenisus
3468 5424 3561 5475 est
3605 5416 3719 5487 sive
3765 5418 3834 5487 at:

455 5479 1577 5561 tate}:id.e_t_ur__hocl'ocoprzefcrendus.
1650 5557 1657 5561 Α
1930 5479 1948 5487 ’

2215 5489 2421 5561 tractio
2453 5487 2774 5561 regiminis.
2811 5479 2970 5553 LXX,
3003 5486 3107 5536 Ιδοὺ
3137 5486 3199 5551 τῇ
3227 5488 3370 5551 γενεᾷ
3419 5488 3523 5537 τῶν
3579 5485 3686 5535 νιῶν
3712 5497 3784 5531 seu
3810 5479 3833 5540 ᾖ

526 5553 640 5623 (29)
666 5553 813 5625 Edit.
842 5554 968 5610 Era.
995 5572 1060 5610 ac
1084 5553 1241 5621 Gill.,
1266 5557 1395 5610 Ecce
1414 5557 1688 5625 generatio
1711 5557 1954 5625 ﬁliorum
1983 5564 2101 5615 tuos

890 5573 968 5610 ra.
995 5572 1060 5610 ac
1084 5553 1241 5621 Gill.,
1266 5557 1395 5610 Ecce
1414 5557 1688 5625 generatio
1711 5557 1954 5625 ﬁliorum
1983 5564 2101 5615 tuo.
2215 5560 2507 5619 συντέθτρια,

453 5640 581 5681 rum
600 5626 693 5681 cui
712 5624 975 5698 disposui.
1004 5626 1193 5696 Rom.,
1216 5628 1345 5681 Ecce
1365 5624 1966 5699 generationiﬁliorum
1984 5639 2103 5689 tuo-
