4052 6196
1056 353 1158 421 DE
1204 354 1943 423 INTERPELLATIONE
1982 340 2121 423 JOB
2168 356 2268 423 ET
2309 356 2551 425 mmo
2594 356 2745 424 LIB.
2790 352 2898 424 Ill.

3565 351 3686 418 886

253 488 525 555 secutus,
588 486 853 546 dicebam
909 488 1056 548 mihi
1095 509 1109 548 :
1160 516 1187 543 ‹‹
1236 494 1349 550 Hoc
1404 492 1568 550 labor
1641 498 1729 548 est
1782 496 1917 548 ante
1953 493 1995 558 Α
2031 496 2085 547 et
2117 492 2253 548 alibi
2285 492 2466 550 habes
2498 496 2816 567 scriptum:
2853 517 2880 546 «
2913 491 3044 550 Vidi
3070 491 3321 568 impium
3353 492 3687 568 superexal-

259 591 385 643 me,
426 576 609 634 donec
670 577 957 637 introeam
1005 580 1064 637 in
1112 581 1510 639 sanctuarium
1570 581 1692 648 Dei,
1723 588 1780 638 et
1822 582 1911 638 in-

258 663 529 738 telligam
578 665 639 721 in
705 668 1020 727 novissimo
1069 672 1239 739 (Psal.
1303 688 1472 739 Lxxu,
1506 672 1594 740 46,
1649 672 1755 742 17).
1792 693 1818 720 ››
1852 671 1912 726 Id

256 758 376 821 est,
409 754 570 812 solus
591 756 735 812 mihi
767 762 1035 831 superest
1064 758 1247 825 labor,
1282 765 1348 815 ut
1375 760 1667 833 ingrediar
1689 760 1748 815 in
1781 776 1914 815 san-

261 844 563 900 ctuarium
594 845 715 913 Dei,
751 847 850 902 ubi
879 853 970 903 est
1000 848 1336 915 Cherubim,
1362 850 1420 905 id
1458 853 1548 905 est
1567 849 1917 921 cognitiom's

259 933 652 1005 profundum,
685 940 742 990 et
770 952 885 991 non
922 935 1179 993 laborem
1211 938 1270 993 in
1303 938 1540 994 incertis
1578 940 1690 1010 (30)
1732 943 1790 993 et
1821 955 1916 992 va-

260 1020 363 1078 nis
394 1022 771 1094 opinionibus
803 1026 1099 1094 ;narratio
1128 1027 1284 1082 enim
1316 1026 1458 1082 fatui
1507 1026 1659 1083 sicut
1688 1026 1919 1083 sarcina

261 1109 326 1165 in
352 1109 464 1167 via.
500 1111 635 1166 Ideo
666 1100 1067 1185 ingrediamur
1094 1115 1334 1187 adytum
1367 1115 1764 1188 cognitionum
1825 1131 1916 1169 sa-

259 1216 524 1269 crarum,
557 1204 732 1273 atque
752 1202 1028 1270 interiora
1059 1203 1381 1276 penetralia
1409 1204 1689 1268 veritatis,
1712 1207 1776 1258 ut
1801 1220 1915 1259 non

262 1288 347 1345 sit
377 1289 437 1344 in
469 1290 638 1345 nobis
666 1289 867 1359 labor;
901 1292 1191 1364 sapientia
1220 1292 1375 1348 enim
1408 1309 1514 1348 nos
1544 1310 1579 1348 a
1598 1308 1775 1348 sensu
1834 1291 1917 1346 la-

261 1377 428 1434 boris
459 1379 717 1436 abducit.
758 1380 1018 1453 Denique
1077 1398 1193 1438 non
1249 1384 1339 1437 est
1390 1381 1555 1437 labor
1608 1384 1667 1435 in
1716 1380 1915 1436 Jacob.

262 1465 458 1522 Causa
488 1472 683 1524 autem
712 1468 932 1525 laboris
958 1469 1287 1542 ignorantia
1334 1474 1458 1526 est:
1486 1469 1772 1542 quoniam,
1819 1468 1918 1540 qui

261 1556 459 1613 nescit
479 1557 660 1627 justis
692 1558 949 1630 reposita
1005 1575 1132 1615 esse
1163 1560 1417 1632 praemia,
1452 1576 1567 1615 non
1600 1558 1859 1614 reficitur
1887 1575 1921 1612 a

265 1644 592 1715 laboribus,
614 1646 716 1702 sed
738 1647 926 1720 magis
941 1646 1348 1719 imprudentiae
1369 1665 1488 1704 suae
1507 1647 1703 1704 labore
1715 1663 1918 1703 curva-

263 1737 367 1788 tur
396 1740 453 1789 et
484 1733 788 1806 frangitur.
825 1735 1227 1808 Ingrediamur
1282 1736 1464 1809 igitur
1517 1736 1916 1792 sanctuarium

260 1821 393 1890 Dei,
426 1820 527 1878 ubi
557 1828 697 1879 sunt
720 1823 1056 1892 Cherubim,
1098 1824 1157 1880 in
1192 1825 1407 1897 quibus
1437 1830 1527 1882 est
1554 1825 1918 1881 recordantia

262 1927 451 1968 sacrae
471 1911 822 1984 cognitionis
851 1917 908 1968 et
921 1912 1039 1968 veri
1063 1911 1223 1970 illius
1237 1918 1414 1986 atque
1435 1913 1634 1969 aeterni
1654 1912 1919 1968 luminis.

335 2000 427 2055 20.
466 2000 531 2055 In
586 1998 687 2056 illo
734 2000 1085 2058 candelabro
1136 2003 1330 2074 imago
1385 2002 1744 2074 resplendet,
1806 2018 1923 2074 quo

258 2088 561 2161 possimus
592 2088 913 2163 intelligere
943 2091 1003 2146 in
1036 2091 1374 2148 novissimo.
1409 2092 1660 2147 Sanctus
1702 2092 1919 2148 etenim

258 2177 323 2232 in
346 2175 555 2233 ultimo
575 2178 892 2251 cognoscit,
933 2183 990 2235 et
1012 2180 1327 2251 perfectam
1383 2180 1730 2253 sapientiam
1787 2196 1920 2252 pro-

261 2281 435 2322 cessu
466 2267 652 2322 {etatis
672 2266 1017 2338 adipiscitur
1045 2268 1282 2324 dicens:
1315 2292 1339 2317 ‹‹
1377 2269 1591 2324 Notum
1630 2269 1720 2324 fac
1750 2267 1915 2336 mihi,

260 2354 535 2422 Domine,
564 2354 743 2413 ﬁnem
776 2372 994 2421 meum,
1023 2360 1081 2412 et
1102 2371 1416 2411 numerum
1471 2356 1698 2412 dierum
1759 2372 1916 2412 meo-

261 2458 401 2499 rum
422 2442 556 2515 quis
573 2449 679 2509 est,
707 2448 769 2499 ut
790 2444 971 2500 sciam
992 2444 1132 2516 quid
1155 2445 1309 2500 desit
1331 2444 1473 2500 mihi
1495 2445 1662 2516 (Psal.
1684 2462 1910 2512 xxxvm,

257 2532 339 2602 5).
376 2553 406 2581 »
435 2532 578 2597 Quis
605 2537 695 2588 est
725 2532 879 2597 linis,
914 2532 1025 2589 nisi
1056 2533 1177 2598 ille,
1213 2550 1346 2588 cum
1376 2534 1628 2589 traditur
1669 2550 1912 2605 regnum

261 2620 384 2677 Deo
412 2620 593 2687 Patri,
627 2622 859 2693 quando
901 2620 1231 2677 revelantur
1281 2622 1507 2677 occulta
1563 2622 1859 2695 sapientia:
1886 2622 1914 2677 Τ

259 2709 431 2765 Hunc
463 2709 638 2765 finem
661 2710 845 2766 nostri
878 2710 1217 2766 certaminis
1242 2711 1573 2783 requirebat
1600 2712 1911 2783 Propheta,

261 2798 509 2871 cupiens
539 2815 886 2872 cognoscere
926 2800 1067 2871 quid
1118 2817 1237 2855 suae
1292 2799 1485 2856 desset
1534 2800 1908 2872 perfectioni;

258 2886 398 2943 ﬁnis
418 2887 574 2942 enim
603 2887 925 2960 disciplinae
949 2893 1160 2945 1108th
1191 2894 1248 2945 et
1285 2889 1612 2944 studiorum
1638 2888 1912 2961 perfectio

258 2979 368 3040 est.

329 3064 421 3121 24.
454 3065 583 3122 llaec
603 3081 739 3138 ergo
770 3066 963 3138 prima
991 3082 1134 3122 vera:
1156 3066 1303 3122 ratio
1329 3067 1677 3140 cognitionis
1701 3086 1714 3135 ;
1776 3068 1915 3139 quia

258 3153 501 3211 fortuito
531 3154 800 3211 accidant
825 3172 952 3226 quae
984 3156 1044 3211 in
1075 3155 1285 3211 saeculo
1307 3162 1476 3210 sunt:
1506 3157 1763 3212 secunda
1785 3155 1906 3212 illa:

2031 583 2221 634 tatum
2252 584 2310 636 et
2340 581 2625 639 elevatum
2657 598 2834 654 super
2862 582 3065 639 cedros
3096 581 3338 650 Libani;
3369 586 3427 639 et
3468 586 3683 641 transi-

2022 666 2100 738 vi,
2122 673 2181 724 et
2208 685 2340 725 ecce
2370 686 2483 727 non
2529 676 2679 727 erat:
2709 676 2765 727 et
2820 671 3054 743 quaesivi
3103 688 3262 740 eum,
3315 676 3373 728 et
3428 690 3544 729 non
3594 675 3685 731 est

2024 754 2296 812 inventus
2325 756 2485 814 locus
2513 760 2641 831 ejus
2672 760 2843 832 (Psal.
2875 777 3066 827 xxxvr,
3122 760 3214 826 35,
3246 761 3338 833 36)
3366 760 3395 816 ?
3425 782 3455 812 »
3486 766 3679 819 Incre-

2026 844 2225 901 dibilis
2274 847 2539 903 celeritas
2613 847 2983 904 extinctionis
3027 849 3175 918 ejus.
3229 848 3408 906 Vides
3483 850 3676 907 subito

2028 933 2277 1006 impium
2313 935 2371 989 in
2403 934 2511 992 hec
2542 936 2750 992 saeculo
2781 940 3110 1008 potentem:
3145 938 3286 994 dum
3329 946 3395 994 tu
3433 940 3674 1008 transis,

2027 1022 2122 1099 ille
2146 1025 2272 1093 jam
2305 1041 2421 1079 non
2453 1029 2561 1081 est.
2594 1025 2820 1089 Quanta
2851 1025 3112 1081 estenim
3146 1027 3357 1083 umbra
3383 1028 3444 1083 in
3483 1027 3674 1086 terra!

2029 1128 2206 1183 quam
2239 1129 2353 1168 non
2371 1113 2648 1169 diuturna
2667 1114 2678 1169 Ξ
2696 1115 3384 1189 Transponevestigium,
3400 1118 3679 1174 etumbra

2028 1201 2297 1271 prieterit.
2332 1203 2447 1256 Aut
2477 1202 2527 1256 si
2557 1201 2650 1257 hic
2679 1201 2898 1275 aliquid
2930 1206 3139 1269 movet,
3175 1203 3246 1258 ad
3290 1220 3359 1259 ea
3402 1220 3530 1275 quis
3586 1204 3679 1260 fu-

2028 1293 2160 1344 tura
2190 1294 2347 1359 sunt,
2381 1289 2578 1345 attolle
2609 1291 2821 1347 mentis
2852 1291 3187 1363 vestigium,
3211 1292 3539 1348 etinvcnies
3559 1291 3680 1348 illic

2029 1376 2278 1448 impium
2329 1395 2444 1433 non
2478 1380 2764 1448 futurum,
2816 1397 2989 1451 quem
3038 1379 3133 1435 hic
3172 1396 3301 1436 esse
3356 1380 3674 1449 credebas;

2028 1481 2143 1520 non
2180 1466 2336 1520 enim
2367 1471 2473 1533 est,
2502 1466 2601 1539 qui
2635 1466 2781 1522 nihil
2811 1473 2917 1524 est.
2956 1469 3215 1540 Denique
3246 1469 3528 1525 Dominus
3577 1486 3676 1526 eos

2027 1555 2295 1625 cognovit
2324 1554 2423 1627 qui
2454 1560 2592 1611 sunt
2622 1556 2846 1628 ipsius:
2879 1556 2979 1629 qui
3012 1562 3207 1614 autem
3241 1574 3355 1613 non
3387 1562 3543 1626 sunt,
3577 1575 3677 1615 eos

2027 1658 2142 1697 non
2173 1643 2473 1715 agnoscit;
2508 1644 2649 1717 quia
2674 1645 2786 1717 ipsi
2816 1662 2948 1701 eum
2982 1647 3083 1718 qui
3114 1650 3221 1715 est,
3256 1664 3370 1703 non
3428 1663 3677 1719 agnove-

2028 1734 2185 1785 runt.

2649 1804 2879 1861 CAPUT
2909 1805 3055 1860 Vill.

1952 1860 1998 1925 Β
2030 1875 2242 1949 Impios_
2258 1876 2317 1929 in
2347 1877 2575 1932 interitu
2604 1892 2700 1932 suo
2730 1860 2865 1932 cum,
2907 1880 3117 1933 somnio
3178 1879 3310 1933 bene
3348 1879 3676 1949 comparari,

2103 1946 2243 2016 quod
2269 1962 2461 2017 ηθτηρε
2491 1949 2700 2004 animm
2730 1950 2955 2004 illorum
2985 1950 3238 2004 omnibus
3288 1950 3441 2005 bonis
3462 1946 3677 2006 'vaeum

2103 2019 2479 2087 reperiantur:
2524 2024 2576 2073 et
2618 2020 2927 2075 earumdem
2985 2022 3284 2077 tenebrosw
3339 2021 3609 2089 imagines
3652 2036 3682 2076 e

2103 2089 2312 2144 lumine
2335 2089 2560 2145 cwleslis
2578 2092 2884 2147 Jerusalem
2906 2091 3213 2147 deleantur.

2098 2178 2189 2233 23.
2226 2177 2305 2232 De
2336 2176 2479 2248 ipsis
2510 2194 2647 2251 ergo
2672 2183 2729 2234 et
2757 2179 2852 2235 hic
2896 2179 3071 2236 dicit:
3135 2202 3164 2230 ‹‹
3224 2179 3569 2236 Defecerunt
3626 2184 3683 2236 et

2029 2265 2328 2337 perierunt
2347 2270 2583 2339 propter
2602 2264 2969 2340 iniquitatem
2994 2286 3184 2340 suam,
3201 2268 3362 2325 velut
3381 2269 3679 2326 somnium

2026 2354 2394 2425 exsurgentis
2418 2356 2588 2425 (Psal.
2624 2373 2791 2424 Lxxn,
2824 2357 2911 2426 49,
2938 2357 3051 2429 20),
3087 2380 3116 2406 »
3146 2356 3205 2413 id
3236 2361 3344 2425 est,
3398 2358 3481 2413 ita
3537 2357 3679 2414 deﬁ-

2023 2442 2186 2497 ciunt
2214 2444 3677 2520 etevanescuntimpii,sicutsomnium’exsurgentis

2023 2548 2056 2587 a
2086 2549 2291 2587 somno
2322 2532 2575 2604 primum
2602 2552 2616 2600 ;
2642 2534 2782 2605 quia
2805 2534 2865 2589 in
2891 2535 3147 2591 tenebris
3170 2541 3328 2604 sunt,
3353 2541 3410 2591 et
3430 2537 3490 2590 in
3514 2542 3675 2592 tene-

2021 2619 2143 2675 bris
2174 2621 2639 2688 ambulaverunt,
2675 2639 2776 2678 nec
2808 2623 3021 2679 resedit
3049 2623 3283 2696 aliquod
3307 2640 3507 2680 eorum
3534 2623 3673 2681 boni

2020 2708 2211 2780 operis
2243 2709 2571 2781 vestigium,
2596 2711 2696 2766 sed
2728 2710 2949 2767 similes
2987 2727 3186 2767 eorum
3222 2711 3324 2784 qui
3366 2712 3664 2768 somnium

2020 2797 2222 2853 vident
2259 2815 2270 2852 :
2306 2799 2406 2870 qui
2439 2804 2634 2854 autem
2665 2800 3005 2866 somniat,in
3042 2804 3207 2857 nocte
3237 2800 3498 2857 sumniat
3521 2818 3667 2869 ;nox

2023 2891 2216 2942 autem
2247 2886 2304 2941 in
2336 2888 2611 2944 tenebris.
2656 2888 2783 2944 Filii
2838 2889 3213 2945 tenebrarum
3272 2894 3411 2945 sunt
3458 2890 3664 2963 privati

2023 2975 2142 3031 sole
2202 2976 2469 3047 justitiaa,
2540 2983 2599 3031 et
2647 2977 2954 3049 splendore
3009 2966 3264 3045 virtutis,
3312 2979 3670 3035 dormientes

2024 3080 2274 3135 semper,
2308 3069 2365 3119 et
2397 3081 2509 3120 non
2542 3065 2868 3136 vigilantes,
2903 3066 2975 3121 de
3005 3065 3222 3138 quibus
3254 3066 3400 3123 bene
3426 3065 3666 3122 dicitur:

2024 3176 2049 3201 ‹‹
2086 3152 2455 3208 Dormierunt
2485 3169 2755 3209 somnum
2790 3170 2985 3221 suum,
3018 3158 3074 3210 et
3133 3153 3279 3209 nihil
3326 3154 3674 3210 invenerunt

261 3242 404 3315 quia
424 3265 451 3293 «
488 3249 724 3316 propter
750 3259 953 3299 eorum
980 3244 1487 3315 tergiversationes
1518 3245 1765 3317 posuisti
1824 3243 1907 3301 eis
1938 3227 1981 3293 ί)
2017 3242 2190 3311 (Psut.
2226 3259 2391 3310 Lxxv,
2421 3243 2497 3313 6).
2534 3265 2560 3291 ››
2594 3242 2817 3297 Etenim
2850 3259 2982 3298 cum
3014 3244 3222 3298 animae
3248 3260 3449 3300 eorum
3480 3260 3514 3299 a
3543 3260 3672 3299 cor—

262 3332 436 3403 (Psat.
473 3348 641 3400 Lxxu,
676 3332 764 3403 l8)
798 3354 827 3381 »
875 3348 1183 3388 successus
1240 3333 1495 3405 profluas
1543 3333 1911 3389 saecularium

263 3421 731 3489 commodorum,
791 3426 849 3477 et
904 3421 1326 3476 abundantiam
1383 3421 1756 3488 divitiarum;
1842 3438 1913 3477 ne

263 3513 652 3566 causarentur
697 3513 933 3582 propter
996 3508 1255 3582 inopiam
1312 3526 1374 3565 se
1428 3513 1485 3564 et
1540 3510 1912 3567 acerbitatem

258 3598 516 3671 alicujus
562 3597 781 3655 doloris
828 3603 886 3653 et
924 3597 1119 3654 luctus
1167 3599 1365 3654 minus
1425 3598 1604 3654 fuisse
1655 3599 1911 3668 devotos,

257 3694 435 3761 atque
473 3689 533 3743 in
563 3688 797 3762 culpam
828 3687 1119 3744 latrocinii
1167 3693 1225 3744 et
1263 3688 1610 3760 direptionis
1649 3688 1913 3745 studium

256 3770 605 3835 necessitate
642 3777 921 3851 egestatis
952 3778 1106 3834 669
1136 3776 1444 3849 impulsos.
1476 3777 1602 3832 Non
1633 3776 1791 3833 enim
1840 3779 1913 3833 ad

255 3865 742 3938 tranquillitatem
772 3865 903 3922 vita:
931 3882 1291 3937 usuramque
1321 3864 1531 3921 lietitiaa
1563 3863 1779 3921 divitiis
1800 3866 1918 3938 epi-

255 3955 423 4021 mati,
485 3958 587 4010 aut
618 3955 939 4011 honoribus
969 3953 1175 4011 elevati
1207 3962 1376 4010 sunt:
1410 3955 1511 4011 sed
1570 3959 1635 4010 ut
1681 3954 1918 4027 querela

253 4042 683 4111 excluderetur,
717 4046 1149 4100 coacervaretur
1179 4060 1458 4098 aerumna.

327 4135 420 4188 22.
451 4132 820 4203 Dejiciuntur
848 4131 1048 4204 itaque
1076 4133 1218 4188 dum
1247 4131 1555 4188 elevantur
1574 4132 1917 4205 hujusmodi

259 4220 367 4276 viri
400 4220 608 4292 (Ibid.).
666 4221 794 4276 Non
825 4220 982 4276 enim
1014 4220 1221 4293 gratia,
1269 4220 1371 4276 sed
1418 4221 1591 4277 ruina
1622 4228 1711 4278 est
1744 4240 1757 4290 ;
1817 4222 1918 4278 ubi

264 4324 370 4364 nec
395 4307 655 4363 diuturni
689 4324 835 4363 usus
868 4308 1126 4363 muneris
1159 4311 1505 4374 reservatur,
1540 4312 1599 4364 et
1638 4309 1919 4365 adimitur

261 4396 557 4454 excusatio
584 4395 984 4469 delinquendi.
1029 4397 1191 4461 Quod
1242 4396 1398 4452 enim
1448 4396 1732 4467 gravioris
1781 4416 1918 4469 pon-

266 4486 378 4541 dus
411 4483 678 4556 querelae,
713 4501 891 4556 quam
916 4483 1061 4540 illud
1104 4484 1368 4540 divinum
1401 4487 1556 4556 quod
1615 4486 1795 4542 habes
1858 4488 1913 4541 in

2022 3347 2159 3402 pore
2191 3335 2489 3403 separatae,
2524 3335 2806 3404 tanquam
2839 3332 3080 3388 resoluti
3112 3350 3146 3387 a
3177 3333 3435 3407 corporis
3465 3350 3672 3390 somno

2024 3418 2169 3474 nihil
2202 3420 2514 3485 invenient,
2549 3420 2692 3475 nihil
2722 3422 3039 3488 tenebunt;
3072 3425 3129 3478 et
3158 3423 3313 3495 quod
3358 3439 3421 3479 se
3478 3426 3674 3480 tenere

2023 3507 2478 3574 arbitrabantur,
2513 3509 2784 3564 amittant
2816 3527 2829 3577 ;
2864 3511 3143 3582 quoniam
3175 3511 3392 3567 stultus
3423 3514 3481 3567 et
3530 3511 3674 3568 insi-

2023 3596 2189 3668 piens
2221 3612 2355 3651 cum
2378 3596 2595 3652 divitiis
2627 3599 3069 3667 exundaverint,
3103 3598 3431 3673 relinquent
3470 3598 3676 3658 alienis

1986 3684 2256 3740 divitias
2290 3702 2452 3753 suas,
2487 3702 2674 3757 neque
2718 3686 2891 3742 simul
2950 3688 3021 3743 ad
3082 3688 3310 3745 inferna
3363 3689 3678 3760 descendet

2024 3790 2159 3829 cum
2192 3774 2275 3829 eis
2306 3773 2491 3847 gloria
2522 3776 2733 3831 domus
2772 3793 2997 3831 eorum.

2094 3864 2185 3919 24.
2219 3863 2533 3935 Sequentia
2555 3879 2788 3935 quoque
2807 3864 3214 3921 demonstrant
3238 3868 3534 3937 quomodo
3565 3866 3674 3922 im-

2029 3950 2160 4022 pius
2191 3967 2304 4007 non
2337 3949 2682 4018 inveniatur,
2714 3952 2813 4007 sed
2849 3952 3114 4008 intereat.
3166 3952 3452 4019 Quoniam
3482 3953 3676 4026 imago

2025 4041 2154 4111 ejus
2186 4038 2245 4094 in
2297 4039 2527 4095 civitate
2591 4040 2812 4095 Domini
2873 4040 2973 4095 illa
3020 4041 3316 4113 superiore
3353 4041 3678 4100 Jerusalem

2025 4144 2141 4183 non
2172 4128 2482 4183 invenitur.
2516 4127 2799 4183 Dominus
2829 4128 2983 4185 enim
3017 4129 3204 4203 pinxit
3231 4147 3339 4186 nos
3370 4130 3442 4186 ad
3471 4129 3679 4203 imagi-

2028 4233 2162 4272 nem
2195 4222 2252 4272 et
2281 4216 2727 4273 similitudinem
2752 4234 2944 4287 suam,
2970 4219 3260 4291 sicutipse
3274 4219 3441 4276 docet
3457 4218 3677 4275 dicens:

2029 4328 2055 4356 ‹‹
2093 4306 2233 4362 Ecce
2261 4323 2386 4379 ego,
2418 4305 2769 4374 Jerusalem,
2804 4306 2963 4379 pinxi
2996 4324 3197 4364 muros
3227 4312 3361 4365 tuos
3391 4309 3497 4380 (lsa
3529 4325 3678 4376 xux,

2032 4398 2137 4465 16).
2176 4418 2201 4442 ››
2244 4396 2398 4450 670
2428 4395 2485 4450 Si
2519 4396 2665 4449 bene
2695 4396 3009 4467 egerimus,
3046 4401 3245 4452 manet
3274 4397 3332 4453 in
3367 4398 3537 4454 nobis
3571 4397 3684 4455 ista

2028 4486 2225 4557 imago
2257 4482 2543 4538 caelestis:
2604 4484 2650 4536 si
2688 4484 2839 4540 male
2870 4485 3004 4556 quis
3035 4486 3177 4558 agit,
3226 4487 3453 4544 deletur
3485 4488 3542 4543 in
3582 4486 3682 4543 illo

265 4572 517 4631 Michaeaa
550 4573 841 4647 prophetae
873 4573 1022 4629 libro
1052 4592 1064 4628 :
1101 4597 1127 4623 «
1176 4573 1390 4645 Popule
1422 4590 1611 4643 meus,
1641 4573 1779 4645 quid
1810 4575 1913 4631 feci
1946 4593 1990 4655 Β
2028 4573 2148 4628 hac
2180 4574 2371 4644 imago
2404 4571 2585 4642 (illius
2620 4573 2823 4644 utique
2856 4574 2955 4645 qui
2988 4574 3289 4631 descendit
3321 4577 3392 4632 de
3423 4576 3613 4645 ccelu},
3644 4594 3674 4631 e

264 4662 393 4731 tibi,
427 4667 530 4718 aut
558 4662 615 4717 in
648 4679 765 4734 quo
796 4662 1132 4718 contristavi
1167 4666 1241 4729 te,
1274 4667 1375 4718 aut
1433 4663 1573 4734 quid
1632 4662 1914 4723 molestus

266 4751 352 4807 fui
383 4750 534 4805 tibi?
566 4750 854 4823 responde
882 4749 1045 4806 mihi.
1078 4751 1280 4823 Nonne
1324 4751 1498 4807 eduxi
1543 4756 1600 4807 te
1636 4753 1707 4807 de
1762 4757 1918 4809 terra

267 4839 517 4912 Egypti,
550 4843 607 4894 et
635 4839 705 4895 de
737 4839 910 4895 domo
933 4840 1232 4896 servitutis
1264 4839 1502 4896 liberavi
1535 4846 1590 4896 te
1620 4842 1797 4911 (Mich.
1840 4860 1916 4909 v1,

266 4930 322 4998 3,
356 4928 458 4995 5)?
488 4950 515 4977 »
546 4928 686 4983 Ecce
719 4928 1011 4999 quomodo
1042 4929 1398 4999 dejiciunlur
1429 4929 1752 5002 impiidum
1784 4930 1921 4987 alle-

271 5020 501 5085 vantur,
534 5016 773 5088 querela
801 5033 1003 5073 eorum
1030 5017 1565 5091 excluditur,poena
1595 5021 1919 5077 acerbatur.

274 5104 618 5162 leestibus
667 5106 824 5161 enim
866 5106 1161 5163 beneficiis
1211 5106 1436 5164 invitati
1487 5109 1753 5165 deserere
1809 5126 1923 5163 non

274 5195 606 5250 debuerunt
644 5194 773 5249 vita:
806 5195 1141 5250 securitatis
1190 5199 1244 5251 et
1304 5197 1707 5268 prosperitatis
1763 5197 1926 5252 dato-

274 5299 422 5354 rem,
446 5282 538 5338 cui
589 5283 774 5356 magis
801 5284 1127 5340 debuerant
1156 5286 1576 5356 obtemperare.
1623 5285 1733 5340 Sed
1779 5285 1932 5340 sicut

269 5370 503 5444 justitia
566 5371 663 5426 Dei
723 5388 957 5444 magna,
1018 5374 1099 5429 ita
1155 5373 1329 5429 etiam
1394 5390 1597 5429 severa
1661 5373 1933 5429 vindicta.

277 5461 522 5527 Quando
553 5459 709 5516 enim
740 5460 959 5534 impius
990 5479 1362 5535 perseverare
1382 5462 1701 5530 consuevit,
1725 5464 1795 5519 de
1825 5480 1939 5535 quo

2025 4667 2115 4717 est
2146 4662 2202 4716 in
2234 4678 2299 4717 eo
2331 4661 2522 4733 imago
2556 4662 2790 4716 terreni.
2825 4662 2988 4718 Unde
3019 4667 3075 4720 et
3128 4666 3444 4736 Apostolus
3504 4665 3677 4720 dicit:

2026 4774 2055 4801 ‹‹
2087 4750 2247 4806 Sicut
2276 4751 2637 4822 portavimus
2660 4751 2975 4825 imaginem
3002 4751 3159 4808 illius
3194 4753 3427 4819 terreni,
3478 4756 3680 4824 porte-

2030 4857 2165 4896 mus
2193 4844 2251 4895 et
2288 4838 2604 4911 imaginem
2637 4840 2813 4912 hujus
2842 4840 3092 4898 coelestia
3121 4842 3171 4913 (Ι
3208 4845 3333 4899 Cor.
3379 4858 3472 4907 xv,
3532 4838 3684 4909 49).»

2032 4930 2325 4985 Bonorum
2359 4945 2494 5001 ergo
2524 4928 2813 5003 imagines
2843 4935 3236 5003 perseverant,
3267 4933 3323 4985 et
3354 4929 3411 4985 in
3445 4926 3546 4983 illa
3585 4927 3686 4983 Dei

2035 5018 2265 5074 civitate
2297 5016 2688 5090 resplendent.
2751 5018 2811 5075 Si
2863 5019 2997 5090 quis
3055 5023 3250 5075 autem
3309 5017 3382 5073 ad
3413 5015 3684 5089 graviora

2037 5110 2273 5180 peccata
2302 5107 2617 5175 deﬂexerit,
2651 5125 2755 5163 nec
2786 5107 2969 5180 egerit
3006 5105 3428 5179 paenitentiam,
3488 5103 3685 5176 imago

2041 5199 2171 5269 ejus
2205 5195 2470 5252 aboletur
2498 5195 2586 5252 vel
2614 5196 2885 5266 dejicitur
2908 5213 2921 5262 ;
2946 5196 3099 5250 sicut
3119 5194 3305 5249 Adam
3328 5193 3400 5249 de
3419 5192 3693 5265 paradiso

2047 5286 2267 5358 ejectus
2300 5289 2389 5342 est
2418 5289 2475 5341 et
2503 5282 2797 5340 exclusus.
2832 5283 3174 5356 Quicunque
3204 5285 3397 5338 autem
3437 5282 3530 5356 pie
3586 5281 3696 5338 ho—

2051 5379 2327 5446 nesteque
2361 5362 2422 5429 se
2450 5373 2716 5445 gesserit,
2775 5373 2956 5427 intrat
3011 5370 3072 5426 in
3127 5371 3419 5428 civitatem
3471 5371 3595 5437 Dei,
3643 5374 3701 5427 et

2052 5464 2227 5520 infert
2260 5461 2575 5533 imaginem
2611 5478 2802 5527 suam,
2835 5465 2899 5514 ut
2929 5461 2987 5515 in
3018 5459 3119 5516 illa
3150 5460 3251 5517 Dei
3283 5460 3507 5534 fulgeat
3560 5459 3700 5517 civi-

342 5602 463 5730 230)
489 5603 572 5686 Ita
602 5619 745 5686 mss.
781 5604 1037 5689 'l‘huan.,
1071 5606 1241 5675 Vict.,
1276 5605 1456 5673 Colb.,
1484 5606 1656 5661 Torn.
1685 5607 1757 5661 At
1785 5606 1924 5663 edit.
1955 5608 2084 5664 Era.
2120 5623 2185 5663 ac
2215 5605 2370 5673 Gill.,
2404 5607 2454 5660 et
2477 5619 2589 5660 non
2619 5603 2772 5659 labor
2800 5612 2876 5659 est
2906 5606 2967 5659 in
3008 5606 3251 5662 incertis.
3286 5604 3477 5675 Rom.,
3507 5607 3557 5660 et
3584 5618 3697 5659 non

300 5691 335 5731 α
373 5690 440 5730 or
468 5691 563 5731 aut
590 5679 665 5731 est
696 5692 756 5731 in
788 5681 1032 5731 incertis.
1088 5682 1197 5731 etc.

373 5690 440 5730 or
468 5676 565 5745 qui
590 5679 665 5732 est
696 5677 756 5732 in
788 5678 1032 5734 incertis.
1088 5682 1197 5734 etc.
