4104 6156
1131 311 1523 382 APOLOGIA
1566 307 2007 379 PROPHE‘PE
2047 311 2320 381 DAVID.
2349 347 2429 365 --
2465 313 2932 383 ADMONITIO.

3592 318 3737 387 .aso

316 451 522 509 omnia
550 450 744 509 habeo
777 470 791 521 ;
826 450 968 525 quia
998 451 1298 509 Christum
1327 451 1536 520 habeo,
1571 449 1667 506 cui
1697 451 1864 506 Pater
1896 447 1976 504 al-
2006 463 2057 529 Α
2090 455 2322 508 terrena
2350 451 2549 509 omnia
2577 452 2899 511 abscondat
2925 451 3157 521 oblivio,
3191 457 3249 510 et
3279 453 3386 511 fiat
3413 454 3569 513 Deus
3607 472 3730 513 cor-

312 541 596 597 tissimus
629 563 659 590 ‹‹
695 558 811 597 non
844 542 1105 615 pepercit
1139 561 1151 609 ;
1187 542 1288 598 sed
1329 558 1431 614 pro
1476 541 1643 596 nobis
1700 539 1976 593 omnibus

314 630 565 687 tradidit
593 630 765 687 illum
799 648 812 687 :
849 631 1142 702 quomodo
1172 647 1311 704 ergo
1344 647 1458 686 non
1490 646 1626 686 cum
1658 629 1759 685 illo
1782 627 1981 685 omnia

316 720 497 777 nobis
526 720 770 777 donavit
799 721 974 791 (Rom.
1008 738 1130 790 vui,
1186 720 1283 791 32)
1317 737 1329 786 ;
1390 742 1418 770 »
1449 721 1603 776 sicut
1665 716 1976 791 Apostolus

314 809 517 865 dixit?
544 809 760 866 Omnia
789 809 947 865 enim
978 809 1037 865 in
1070 810 1323 877 Christo,
1360 826 1462 882 per
1518 824 1694 881 quem
1754 806 1975 873 omnia,

317 900 462 955 etin
494 914 609 971 quo
643 903 914 954 constant
945 898 1164 955 omnia.
1199 898 1412 955 Omnia
1441 914 1580 971 ergo
1611 898 1669 952 in
1712 897 1814 952 illo
1872 895 1976 951 ha-

314 989 483 1055 bens,
518 986 699 1041 aliam
727 1004 845 1043 non
868 1003 1065 1059 quasro
1098 987 1452 1055 mercedem,
1486 987 1624 1059 quia
1654 986 1777 1058 ipse
1821 1000 1975 1040 mer-

312 1092 408 1131 ces
437 1080 526 1131 est
558 1075 995 1132 universorum.
1014 1077 1267 1147 [deoque
1297 1078 1547 1148 perfecto
1579 1074 1727 1131 dixit
1758 1091 1771 1130 :
1807 1073 1975 1130 «Tol-

309 1162 363 1220 le
394 1180 629 1220 crucem
668 1168 856 1232 tuam,
892 1171 949 1220 et
968 1181 1213 1236 sequere
1246 1181 1338 1220 me
1378 1166 1562 1236 (Marc.
1594 1182 1714 1231 vm,
1772 1164 1882 1234 34).
1928 1186 1975 1211 ν››

290 1251 420 1317 ‘Qui
449 1252 619 1307 illum
657 1253 952 1326 sequitur,
990 1270 1106 1308 non
1138 1253 1377 1325 praemio
1417 1254 1656 1309 ducitur
1713 1253 1786 1308 ad
1844 1268 1973 1324 per-

317 1342 625 1398 fectionem
676 1360 692 1398 :
728 1343 830 1398 sed
854 1341 1205 1414 perfectione
1234 1346 1682 1397 consummatur
1710 1342 1782 1396 ad
1830 1358 1973 1413 prae-

320 1431 517 1487 mium.
549 1430 903 1487 lmitatores
929 1432 1090 1487 enim
1120 1430 1333 1487 Christi
1364 1448 1480 1488 non
1514 1433 1754 1504 propter
1809 1446 1975 1503 spem

317 1521 450 1576 boni
479 1524 645 1586 sunt,
683 1520 788 1576 sed
822 1537 922 1592 pro
955 1535 1154 1576 amore
1184 1520 1435 1576 virtutis.
1485 1519 1760 1575 Christus
1818 1519 1977 1575 enim

312 1626 417 1683 per
444 1612 750 1676 naturam,
781 1609 994 1674 bonus,
1028 1625 1146 1664 non
1179 1613 1413 1681 propter
1433 1607 1659 1680 praemii
1691 1608 1978 1679 cupidita-

311 1704 448 1754 tem.
480 1698 617 1753 Ideo
652 1713 874 1768 passus
904 1702 1015 1762 est,
1059 1697 1200 1769 quia
1254 1697 1589 1754 benefacere
1643 1695 1977 1763 delectavit,

310 1804 429 1843 non
456 1786 595 1858 quia
654 1785 1091 1842 incrementum
1150 1785 1345 1859 gloriza
1405 1802 1472 1842 ex
1531 1801 1641 1842 sua
1704 1787 1981 1858 passione

312 1875 628 1949 quaerebat.
667 1875 803 1931 Ideo
836 1874 937 1947 qui
970 1874 1140 1930 illum
1171 1874 1391 1931 imitari
1425 1876 1609 1947 cupit,
1642 1890 1762 1931 non
1824 1876 1979 1947 quod

311 1965 447 2030 sibi,
479 1964 581 2020 sed
615 1964 779 2037 quod
811 1963 943 2020 aliis
969 1964 1175 2037 prosit,
1208 1968 1503 2035 operatur.
1540 1963 1706 2020 Unde
1736 1980 1854 2020 non
1876 1964 1985 2020 im-

308 2053 522 2110 merito
553 2053 756 2109 deﬁcit
784 2053 917 2119 sibi,
952 2052 1085 2109 aliis
1114 2058 1314 2109 autem
1344 2052 1583 2109 virtutis
1616 2053 1980 2109 incremento

305 2142 574 2199 valescit.

382 2233 474 2288 29.
505 2232 576 2287 Et
597 2232 1011 2288 convenienter
1038 2231 1180 2286 dicit
1212 2247 1225 2285 :
1260 2254 1288 2281 «
1350 2231 1575 2288 Defecit
1626 2248 1725 2286 cor
1780 2247 1978 2286 meum

310 2324 372 2376 et
402 2337 536 2376 caro
567 2337 719 2386 mea.
746 2321 893 2376 Deus
922 2321 1116 2376 cordis
1149 2320 1261 2375 mei
1320 2321 1498 2391 (Psal.
1562 2337 1742 2387 LXXII,
1800 2320 1912 2391 26).
1949 2343 1977 2370 ››

308 2410 515 2482 Neque
542 2410 699 2466 enim
733 2415 982 2482 possunt
1006 2411 1285 2480 perpetua
1314 2411 1656 2476 succedere,
1689 2407 1805 2464 nisi
1861 2411 1974 2465 ter-

310 2515 459 2555 rena
488 2498 820 2555 defecerint.
854 2499 1060 2553 Deﬁcit
1087 2513 1222 2570 ergo
1252 2514 1405 2565 caro,
1442 2498 1689 2571 quando
1730 2498 1977 2553 mortifi-

310 2592 526 2643 oantur
554 2604 680 2660 quis
736 2592 871 2643 sunt
925 2585 1200 2642 carnalia.
1262 2586 1554 2643 Deficiunt
1615 2591 1675 2643 et
1730 2585 1815 2641 illi
1873 2588 1974 2658 qui

311 2676 824 2733 mortiﬁcationem
854 2676 998 2731 Jesu
1024 2674 1237 2731 Christi
1268 2675 1327 2728 in
1359 2692 1470 2733 sua
1498 2692 1681 2733 carne
1729 2675 1976 2730 circum-

310 2766 515 2821 ferunt
548 2784 562 2832 ;
595 2782 752 2821 mors
786 2766 942 2820 enim
974 2764 1190 2819 Christi
1212 2764 1270 2819 in
1302 2763 1422 2819 illis
1453 2768 1829 2837 operatur,ut
1848 2780 1971 2820 om-

311 2854 413 2910 nis
445 2871 711 2911 errorum
762 2854 1048 2910 moriatur
1098 2851 1389 2909 illecebra.
1449 2854 1619 2910 Unde
1680 2852 1974 2926 colligitur

315 2943 465 3015 quia
493 2947 551 3000 et
587 2959 684 2999 cor
703 2943 967 2999 hominis
995 2942 1211 3012 deﬁcit,
1243 2942 1481 3014 quando
1537 2941 1974 2999 mortificamur

2092 539 2183 594 dis
2213 557 2435 607 eorum,
2469 542 2567 612 qui
2600 542 2751 599 beati
2797 542 3018 599 mundo
3076 542 3247 599 corde
3303 542 3486 599 Deum
3540 544 3734 602 videre

2089 635 2428 686 mereantur
2461 647 2474 699 ;
2509 636 2575 688 ut
2604 631 3078 705 appropinquant
3105 631 3234 696 tibi,
3267 636 3324 687 et
3353 649 3469 689 non
3528 650 3592 689 se
3640 651 3730 690 se-

2089 723 2351 791 gregent.
2387 718 2540 777 Deus
2571 720 2725 776 enim
2760 720 3134 793 appoprians,
3163 737 3280 776 non
3340 720 3606 793 repulsor
3637 739 3735 795 ap—

2089 809 2611 880 propinquantium
2643 813 2734 866 est
2766 827 2780 875 ;
2814 809 3091 866 omnibus
3139 810 3296 865 enim
3344 809 3471 866 vult
3523 810 3732 868 salutis

2089 912 2268 953 causa
2296 913 2445 967 esse,
2479 916 2593 955 non
2626 900 2855 955 mortis.
2886 897 3148 971 Denique
3173 898 3465 955 neminem
3505 901 3737 973 repellit

2089 985 2202 1042 nisi
2229 986 2329 1058 qui
2362 1003 2420 1043 se
2450 988 2523 1044 ab
2555 988 2683 1059 ejus
2713 992 3021 1057 conspectu
3047 988 3337 1060 putaverit
3357 994 3734 1060 sequestran-

2087 1074 2252 1129 dum.

2156 1165 2245 1219 30.
2291 1187 2319 1215 «
2360 1165 2646 1231 Quoniam
2708 1180 2862 1231 ecce,
2901 1164 3116 1236 inquit,
3159 1164 3260 1237 qui
3325 1163 3606 1240 elongant
3673 1183 3736 1222 se

2086 1268 2122 1306 a
2159 1260 2234 1321 te,
2276 1252 2550 1324 peribunt
2587 1254 2744 1325 (Ibid.
2815 1254 2927 1324 27).
2998 1273 3027 1302 »
3094 1252 3509 1326 Unusquisque
3574 1256 3734 1311 enim

2086 1342 2362 1413 operibus
2401 1343 2526 1398 suis
2565 1342 2767 1415 pietati
2810 1345 2920 1396 tuae
2961 1358 3088 1398 sese
3126 1348 3229 1399 aut
3259 1344 3459 1415 jungit
3505 1349 3606 1399 aut
3642 1360 3734 1399 se-

2088 1433 2272 1501 parat.
2316 1431 2489 1503 Fugit
2525 1431 2679 1486 enim
2721 1431 2909 1486 Deum
2959 1430 3061 1502 qui
3120 1437 3394 1504 operatur
3459 1450 3545 1500 ca,
3588 1449 3737 1506 quo-

2088 1534 2220 1574 rum
2257 1519 2654 1592 cognitionem
2694 1521 2922 1575 metuat
2959 1520 3316 1591 deprehendi
3359 1539 3373 1590 ;
3433 1523 3585 1578 sicut
3640 1521 3739 1577 ille

2088 1607 2190 1678 qui
2228 1610 2417 1663 tectus
2468 1608 2795 1679 parietibus
2855 1611 2912 1663 et
2975 1607 3369 1667 circumfusus
3406 1610 3663 1669 tenebris
3705 1629 3734 1667 a

2090 1695 2338 1751 Domino
2374 1695 2492 1752 Deo
2530 1694 2998 1752 sese‘existimat
3036 1713 3154 1754 non
3204 1698 3384 1755 videri
3423 1719 3436 1756 :
3503 1701 3741 1758 videtur

2090 1789 2288 1839 autem
2327 1800 2462 1839 eum
2502 1808 2529 1835 ‹‹
2573 1784 2884 1841 Perdidisti
2941 1800 3146 1841 omnes
3206 1788 3307 1859 qui
3376 1789 3742 1846 fornicantur

2095 1872 2199 1929 abs
2238 1881 2291 1928 te
2329 1873 2532 1944 (Ibid),
2572 1894 2602 1923 ιι
2644 1872 2810 1929 Sicut
2846 1874 3002 1929 enim
3043 1874 3254 1931 mulier
3304 1892 3429 1949 quae
3489 1878 3739 1935 fornica-

2094 1967 2211 2030 tur,
2252 1979 2366 2018 non
2407 1962 2661 2018 adhmret
2698 1962 2843 2030 viro,
2888 1979 2992 2018 nec
3046 1979 3167 2019 una
3225 1980 3358 2022 caro
3422 1982 3555 2023 cum
3616 1968 3741 2023 viro

2093 2068 2220 2119 suo,
2264 2069 2369 2108 nec
2409 2068 2564 2107 unus
2603 2050 2849 2121 spiritus
2887 2056 2978 2108 est
3025 2069 3038 2120 ;
3079 2054 3179 2109 sed
3217 2054 3423 2111 dividit
3480 2073 3608 2113 sese
3672 2073 3743 2113 ac

2091 2144 2327 2212 separat
2364 2139 2706 2196 fornicando
2751 2156 2763 2193 :
2812 2138 2896 2195 ita
2958 2157 3320 2216 quiscunque
3385 2144 3584 2201 anima
3619 2160 3740 2202 non

2092 2228 2349 2284 adhaeret
2384 2227 2519 2291 Deo,
2591 2228 2691 2283 sed
2763 2228 2928 2284 vanis
2985 2228 3276 2287 idolorum
3336 2231 3592 2289 cultibus
3648 2234 3742 2290 in-

2090 2316 2346 2373 serviens
2386 2317 2727 2381 fornicatur,
2779 2316 2985 2372 dividit
3026 2335 3093 2374 se
3155 2320 3443 2394 sacrilegii
3511 2323 3739 2380 savite-

2086 2411 2145 2462 te
2186 2406 2362 2477 (3|),
2428 2410 2486 2461 et
2551 2405 2725 2477 longe
2795 2407 2857 2461 ﬁt
2924 2423 2958 2462 a
3022 2407 3293 2477 Domino,
3362 2426 3490 2482 qua:
3560 2426 3740 2486 prope

2087 2512 2217 2551 esse
2255 2496 2509 2551 deberet.
2552 2494 2708 2550 Perit
2744 2500 2942 2551 autem
2982 2495 3084 2567 qui
3124 2503 3430 2570 separatur
3467 2517 3501 2553 a
3540 2500 3736 2557 Domi-

2087 2602 2182 2639 no.

2155 2675 2244 2728 3i.
2282 2672 2444 2728 Unde
2473 2676 2715 2728 sanctus
2746 2671 2844 2743 qui
2899 2672 2991 2727 Dei
3018 2673 3312 2744 judicium
3370 2677 3730 2747 reformidat,

2085 2778 2317 2833 semper
2344 2761 2636 2818 adhaerere
2664 2759 2791 2815 vult
2818 2760 3069 2828 Christo,
3100 2765 3157 2818 et
3184 2762 3242 2818 in
3274 2779 3340 2819 eo
3372 2780 3534 2836 spem
3560 2783 3732 2824 suam

2084 2866 2317 2923 ponere,
2351 2855 2415 2905 ut
2447 2848 2647 2906 laudet
2678 2850 2985 2905 Dominum
3018 2850 3182 2918 (Ibid.
3216 2851 3327 2923 28),
3360 2853 3454 2907 cui
3484 2858 3575 2909 est
3630 2855 3732 2912 ho-

2082 2957 2207 3007 nor,
2241 2938 2445 3013 gloria,
2469 2939 2825 3011 perpetuitas
2852 2954 2886 2994 a
2915 2939 3168 3008 saeculis,
3208 2945 3267 2996 et
3300 2956 3456 2996 nunc
3486 2948 3542 3007 et
3572 2961 3729 3002 sem-

308 3031 700 3107 cogitationes
741 3031 930 3099 malas,
966 3048 1095 3104 quae
1126 3031 1198 3086 de
1259 3032 1432 3088 corde
1486 3031 1855 3105 procedunt;
1904 3035 1968 3086 ut
2081 3046 2205 3103 per,
2239 3033 2295 3084 et
2321 3044 2424 3101 per
2452 3027 2650 3084 omnia
2678 3027 2891 3085 saecula
2929 3028 3295 3086 saeculorum.
3342 3032 3548 3086 Amen.

382 3182 497 3255 (34)
532 3184 749 3241 Omnes
778 3185 916 3241 edit.
949 3184 1236 3251 sacrilegii
1262 3183 1595 3240 obscenitate
1623 3202 1645 3250 ,°
1677 3198 1881 3239 omnes
1911 3198 2076 3247 mea,
2107 3180 2394 3251 sacrilegii
2419 3180 2682 3237 siccitate.

302 3364 739 3378 ....__..____.—_.

301 3359 3729 3394 mm

630 3510 737 3594 IN
829 3504 1511 3593 APOLOGIAM
1595 3502 2220 3590 PROPHET/E
2314 3502 2655 3588 DAVID
2752 3502 3402 3591 ADMONITIO

1953 3667 2108 3679 -ο

306 3772 311 3776 ’
378 3775 658 3833 Nonnulli
692 3779 838 3847 (cap.
872 3790 1084 3839 1,num.
1124 3772 1175 3844 1)
1206 3788 1343 3828 cum
1376 3770 1680 3828 historiam
1715 3769 1894 3828 David
1926 3768 2276 3843 perlegendo
2310 3771 2537 3824 tantum
2571 3770 2916 3842 prophetam
2947 3788 3013 3826 ac
3044 3787 3240 3843 regem
3272 3774 3390 3827 tam
3446 3781 3720 3833 sanctum

302 3867 366 3922 in
399 3866 703 3938 geminum
736 3863 948 3931 scelus,
1004 3860 1276 3940 adulterii
1308 3860 1532 3943 scilicet
1558 3864 1736 3933 atque
1766 3856 2089 3916 homicidii.
2123 3857 2402 3915 incidisse
2429 3858 2861 3930 cognovissent,
2896 3857 3276 3915 olfensiunem
3310 3859 3468 3916 haud
3506 3867 3721 3922 medic-

304 3972 468 4012 crem
502 3953 659 4026 passi
692 3953 941 4007 fuerant.
976 3951 1338 4022 Quapwpter
1370 3946 1553 4020 hujus
1580 3948 1664 4003 rei
1693 3947 1931 4021 vulgato
1963 3947 2325 4014 ramuscula,
2358 3954 2601 4002 sanctus
2656 3948 3022 4014 Ambrosius,
3056 3948 3129 4002 ad
3180 3946 3463 4004 utilitates
3523 3954 3721 4027 populi

306 4044 403 4099 sui
437 4058 760 4115 numquam
791 4058 907 4096 non
937 4040 1220 4108 intentus,
1248 4039 1388 4094 huic
1418 4037 1572 4093 malo
1604 4037 1830 4110 putavit
1860 4039 2089 4092 mature
2120 4036 2771 4108 occurrendum.ltaque
2800 4052 3033 4092 sacrum
3066 4039 3409 4109 suggestum
3443 4055 3720 4096 conscen-

307 4133 479 4199 dens,
512 4129 908 4187 defensionem
941 4127 1206 4199 ejusdem
1237 4126 1536 4200 prophetzn
1564 4143 1629 4182 ac
1661 4125 1816 4200 regis
1845 4140 2161 4197 aggressus
2194 4129 2302 4180 est.
2334 4124 2533 4196 Neque
2554 4128 2760 4181 tamen
2796 4125 2988 4197 ipsum
3022 4125 3103 4181 ita
3132 4124 3389 4197 suscepit
3414 4127 3720 4184 defenden-

305 4221 476 4288 dum,
510 4224 577 4275 ut
605 4237 640 4275 a
669 4218 911 4274 crimine
941 4218 1266 4274 immunem
1295 4219 1597 4272 assereret.
1632 4218 1867 4271 Fatetur
1898 4213 2193 4285 siquidem
2225 4215 2374 4286 (cap,
2411 4215 2434 4268 1
2467 4217 2524 4268 et
2554 4214 2704 4286 seq.)
2734 4212 2901 4269 illum
2931 4214 3162 4270 duobus
3193 4214 3559 4285 gravissimis
3589 4234 3719 4289 pec-

304 4309 457 4365 catis
485 4306 841 4363 maculatum
876 4304 1056 4362 fuisse
1088 4321 1102 4358 :
1135 4308 1195 4359 at
1223 4320 1354 4359 vero
1387 4302 1684 4360 contendit
1711 4303 1986 4361 eumdem
2017 4302 2338 4360 accelerate
2371 4302 2741 4361 confessione
2771 4304 2921 4375 (cap.
2955 4304 3034 4375 2),
3100 4301 3322 4373 prolixa
3380 4304 3716 4374 poenitentia

301 4404 459 4469 (cap.
493 4398 569 4467 4),
601 4406 658 4452 et
682 4395 978 4450 indefesso
1008 4394 1294 4449 bonorum
1327 4408 1569 4464 operum
1599 4389 1797 4447 studie
1856 4392 2007 4463 (cap.
2041 4392 2078 4446 6
2107 4395 2164 4447 et
2191 4392 2339 4463 seq.)
2370 4389 2690 4463 expiatum,
2724 4396 2789 4446 ut
2830 4390 2960 4461 jam
2993 4389 3400 4464 peccatoribus
3460 4408 3595 4448 eum
3632 4409 3721 4449 ac-

303 4500 550 4543 censam
581 4500 755 4555 quem
785 4483 1034 4555 ipsemet
1059 4481 1214 4535 Deus
1243 4480 1569 4536 absolverat
1597 4480 1747 4552 (cap.
1782 4481 1813 4535 4
1844 4483 1902 4535 et
1933 4477 2370 4551 alibi),minime
2399 4479 2601 4537 liceret
2633 4496 2646 4533 :
2680 4483 2955 4535 caeterum
3002 4479 3466 4552 haudquaquam
3523 4481 3713 4539 insoli-

300 4580 437 4630 tum
466 4573 670 4638 videri,
702 4572 858 4644 quod
889 4569 1227 4625 temtationis
1256 4574 1313 4624 et
1340 4568 1823 4640 concupiscentiae
1853 4568 1907 4623 vi
1941 4569 2514 4625 succubuerithomo
2548 4567 2771 4641 fragilis
2801 4568 2953 4641 (cap.
2988 4568 3010 4625 4
3048 4573 3106 4624 et
3160 4571 3346 4641 alibi),
3407 4571 3508 4626 sed
3572 4571 3715 4627 illud

303 4679 552 4735 prorsus
580 4661 844 4718 omnium
878 4644 1264 4716 admiratione
1289 4658 1556 4731 dignum,
1592 4659 1744 4729 quod
1771 4674 1869 4713 rex
1897 4657 2347 4729 potentissimus
2378 4659 2476 4729 qui
2508 4657 2704 4730 legum
2737 4657 3041 4714 severitate
3072 4675 3186 4712 non
3220 4659 3548 4725 tenebatur,
3595 4667 3717 4715 sta-

300 4751 414 4806 tim
445 4755 619 4822 atque
648 4750 719 4805 de
749 4747 1066 4804 commisso
1097 4750 1330 4818 peccato
1363 4746 1472 4800 fuit
1501 4745 1860 4813 admonitus,
1883 4744 2115 4817 culpam
2150 4747 2470 4818 agnoverit,
2499 4763 2747 4818 eamque
2777 4746 3003 4804 sincero
3034 4764 3101 4802 ac
3133 4745 3461 4803 vehementi
3516 4747 3712 4803 dolore

302 4838 603 4896 deleverit.
632 4837 809 4893 Addit
836 4836 932 4891 his
963 4839 1352 4892 memoratum
1386 4834 1619 4908 lapsum
1653 4851 1782 4891 eam
1814 4835 1888 4891 ob
1911 4848 2033 4890 rem
2066 4836 2263 4890 divino
2294 4834 2647 4906 permissum
2679 4834 2945 4902 consilio,
2974 4840 3040 4891 ut
3069 4835 3225 4891 idem
3258 4834 3357 4891 ille
3385 4851 3419 4889 a
3465 4835 3712 4906 posteri-

299 4929 443 4985 tatis
468 4926 801 4999 exemplum
832 4922 1180 4981 humiliatus
1210 4928 1576 4981 exerceretur
1604 4939 1671 4979 ac
1701 4924 2048 4997 probaretur
2076 4925 2225 4996 (cap.
2258 4928 2293 4978 2
2320 4928 2377 4979 et
2405 4925 2462 4993 3)
2496 4942 2509 4992 ;
2548 4940 2735 4997 neque
2767 4941 2881 4980 non
2912 4926 2972 4980 in
3004 4925 3113 4980 hoc
3140 4923 3270 4995 ipso
3325 4922 3585 4994 mysterii
3654 4924 3715 4978 ﬁ-

300 5032 515 5091 guram
546 5014 805 5071 extitisse
836 5015 986 5086 (cap.
1020 5014 1099 5084 3),
1129 5029 1258 5084 quae
1287 5013 1650 5069 atrocitatem
1682 5029 1842 5069 noxa:
1870 5013 2183 5068 minueret.
2218 5018 2541 5078 Postremo,
2567 5030 2682 5070 non
2716 5014 2917 5085 paucis
2944 5011 3241 5086 praeclaris
3270 5027 3337 5068 ac
3366 5011 3585 5066 sanctis
3617 5029 3709 5066 ac-

298 5104 562 5161 tionibus
594 5108 741 5177 (cap.
772 5105 809 5158 6
837 5106 892 5158 et
922 5102 1070 5175 seq.)
1102 5101 1317 5173 quibus
1348 5102 1631 5173 Propheta
1664 5101 1939 5159 delictum
1970 5101 2177 5159 texerit
2205 5119 2404 5168 suum,
2436 5101 2845 5168 dinumeratis,
2867 5103 3125 5157 affirmat
3153 5117 3288 5155 eum
3320 5097 3434 5156 alio
3466 5105 3710 5171 patrono

297 5193 460 5250 haud
494 5191 756 5265 indigere
789 5210 803 5260 ;
836 5188 1309 5262 quandoquidem
1340 5193 1397 5245 et
1427 5188 1655 5261 psalmo
1684 5207 1735 5254 ιι,
1764 5206 1879 5261 quo
1906 5194 1967 5246 et
1996 5196 2182 5246 actam
2217 5191 2323 5246 abs
2352 5208 2414 5247 se
2444 5188 2845 5263 paenitentiam
2869 5194 2926 5244 et
2946 5189 3321 5260 impetratam
3341 5187 3573 5245 veniam
3600 5195 3711 5246 tes-

294 5287 462 5339 tatus
494 5286 581 5337 est
612 5282 760 5353 (cap.
792 5284 826 5335 8
853 5285 910 5335 et
938 5294 1060 5351 seq.
1071 5288 1109 5350 ),
1140 5293 1307 5334 suum
1341 5278 1465 5350 ipse
1493 5277 1731 5349 reliquit
1757 5278 2104 5352 apologiam.
2138 5280 2257 5335 Hoc
2287 5280 2371 5335 vir
2399 5285 2640 5335 sanctus
2671 5278 2896 5349 probat,
2929 5277 3086 5332 brevi
3118 5276 3457 5349 quidem,at
3480 5277 3709 5350 elegan-

296 5372 369 5435 ti,
401 5370 669 5427 omnium
696 5370 959 5439 ejusdem
991 5366 1200 5440 psalmi
1227 5382 1503 5422 versuum
1535 5366 1923 5434 enarratione,
1957 5367 2017 5422 in
2047 5385 2166 5440 qua
2194 5367 2349 5424 sicut
2372 5373 2429 5422 et
2459 5368 2518 5422 in
2548 5371 2668 5422 toto
2699 5381 2872 5436 opere
2903 5364 3181 5436 mysticae
3213 5366 3503 5437 quaedam
3535 5383 3708 5439 expo-

298 5461 569 5524 sitiones,
601 5458 1053 5522 observationes,
1084 5455 1635 5527 adhortationesque
1664 5454 1919 5514 murales
1949 5457 2021 5513 ad
2054 5455 2253 5529 populi
2304 5456 2457 5528 apud
2490 5472 2664 5526 quem
2713 5454 2888 5510 verba
2943 5453 3214 5521 faciebat,
3273 5454 3704 5513 institutionem

300 5548 549 5623 spargit.

374 5637 510 5710 Ipsa
538 5635 719 5707 hujus
748 5635 940 5709 operis
969 5632 1386 5691 constitutione
1417 5633 1560 5690 satis
1592 5632 1890 5707 intelligas
1919 5635 1978 5692 in
2010 5634 2262 5691 editione
2296 5633 2556 5690 Romana
2586 5648 2795 5705 parum
2824 5632 3265 5693 consuite'iliud
3321 5639 3527 5694 centra
3583 5652 3703 5691 ma-
