4116 6188
534 299 654 369 891
1999 303 2063 371 S.
2108 304 2480 372 AMBROSII
3759 321 3856 388 89!

539 441 975 514 nuscriptorum
1003 434 1292 512 omnium,
1325 456 1391 497 ac
1421 437 1791 514 superiorum
1821 439 2143 498 editionum
2178 443 2605 510 auctoritatem,
2641 441 2700 498 in
2730 441 2879 500 duos
2907 446 3192 502 tractatus
3220 459 3345 504 esse
3375 444 3632 517 divisum,
3659 467 3858 524 quorum

537 529 686 586 alter
713 534 972 602 priscum
1003 528 1244 584 titulum
1276 529 1560 601 Apologia?
1587 529 1760 585 David
1789 530 2049 598 retinuit,
2085 530 2231 587 alter
2259 536 2496 604 accepta
2528 548 2676 589 nova
2705 532 3090 606 inscriptione
3118 535 3191 591 ad
3264 539 3638 596 enarrationes
3665 541 3715 596 in
3739 546 3858 614 psal-

535 635 666 674 mos
697 617 1051 674 amandatus
1081 622 1188 674 est.
1223 618 1370 674 Huic
1401 635 1634 691 quoque
1667 618 1936 674 divisioni
1971 621 2294 692 refragatur
2324 620 2530 678 beatus
2556 621 2924 695 Augustinus
2957 640 2971 691 ;
3003 623 3055 678 is
3085 623 3240 680 enim
3267 624 3392 696 (lib.
3454 644 3527 692 iv,
3583 628 3714 686 Cant.
3761 633 3863 690 duas

534 709 693 780 epist.
728 708 938 775 Pelag.,
972 724 1096 779 cap.
1134 708 1220 768 11,
1254 712 1310 763 et
1340 707 1442 762 lib.
1478 725 1519 762 ll
1555 707 1707 764 Cant.
1735 709 1845 764 Jul.
1876 709 2088 780 Pola-9.,
2121 726 2248 781 cap.
2281 711 2336 781 7)
2368 711 2774 766 testimonium
2806 728 2874 767 ex
2903 714 3268 770 enarratione
3326 714 3533 786 psalmi
3583 735 3628 772 L.
3666 720 3860 790 petitum

534 796 838 869 proferens
862 795 1008 850 illud
1033 812 1144 850 non
1179 795 1294 851 alio
1327 798 1437 851 sub
1469 795 1639 851 titulo
1670 813 1845 868 quam
1877 798 2148 869 Apologia
2179 797 2349 852 David
2379 797 2597 854 laudat.
2631 799 2756 854 Non
2790 803 3069 871 putamus
3101 802 3275 857 etiam
3310 802 3629 875 quempiam
3649 806 3862 876 inveniri,

538 886 632 941 cui
664 890 765 941 aut
794 885 1046 939 inductze
1073 885 1144 939 ab
1176 885 1441 956 ejusdem
1473 884 1749 941 editionis
1783 884 2093 948 ἐπιμεληταῖς
2131 886 2189 941 in
2222 886 2479 942 auctoris
2510 891 2734 942 textum
2765 887 3203 946 immutationes
3234 891 3633 962 approbentur,
3663 900 3750 950 aut
3770 913 3861 952 ver-

534 976 743 1030 borum
777 973 992 1046 quibus
1024 973 1203 1045 hujus
1234 974 1678 1042 lucubrationis,
1714 991 1890 1047 quam
1923 975 2162 1031 omnino
2196 992 2372 1030 unam
2405 993 2534 1032 esse
2564 981 2815 1048 oportet,
2849 981 3042 1048 partes
3075 978 3225 1034 inter
3256 996 3316 1034 se
3349 980 3724 1051 nectebantur,
3747 985 3865 1040 facta

534 1062 811 1119 detractio
845 1079 959 1116 non
1002 1062 1325 1134 displiceat.
1359 1063 1636 1126 Quocirca
1665 1081 1695 1118 θ
1729 1064 2085 1136 scriptorum
2121 1064 2386 1120 codicum
2419 1082 2486 1120 ac
2518 1070 2779 1121 veterum
2808 1065 3129 1122 editionum
3161 1067 3272 1122 ﬁde
3323 1068 3520 1124 omnia
3539 1071 3863 1135 restituimus,

533 1156 600 1207 ut
631 1151 756 1207 suis
780 1151 924 1206 locis
958 1152 1416 1206 submonuimus
1447 1153 1518 1207 ad
1550 1151 1769 1208 calcem
1803 1152 2169 1225 paginarum.

601 1239 946 1297 Ambrosius
979 1239 1284 1294 conciones
1315 1240 1532 1311 quibus
1561 1239 1655 1295 hic
1684 1245 1967 1296 tractatus
1997 1242 2388 1313 componitur,
2417 1258 2576 1297 more
2607 1259 2714 1298 suo
2747 1243 2804 1298 in
2833 1244 3089 1299 Ecclesia
3116 1246 3511 1316 pronuntiavit
3541 1252 3662 1318 post
3704 1247 3865 1302 recita-

529 1333 656 1385 tum
689 1328 1077 1400 evangelium,
1112 1329 1610 1398 quemadmodum
1642 1334 1837 1400 aperte
1869 1329 2205 1401 signiﬁcant
2231 1346 2299 1386 ea
2329 1331 2503 1386 verba
2540 1349 2552 1385 :
2588 1337 2650 1385 ut
2680 1332 2847 1388 hodie
2875 1333 3072 1388 lectum
3097 1336 3176 1387 est
3204 1333 3351 1405 (cap.
3387 1337 3444 1399 5,
3476 1337 3865 1406 num.20),quod

527 1419 685 1474 homo
713 1417 941 1489 quidam
968 1434 1090 1471 cum
1119 1417 1268 1472 dives
1299 1427 1453 1484 esset,
1488 1419 1626 1474 abiit
1655 1421 1716 1473 in
1745 1420 2020 1488 regionem
2054 1420 2425 1490 longinquam,
2469 1424 2578 1475 etc.
2628 1422 2781 1489 (Luc.
2813 1420 2952 1491 xxx).
2986 1421 3096 1476 Sed
3132 1438 3235 1477 nec
3294 1422 3491 1478 minus
3548 1422 3864 1479 manifestum

526 1512 615 1564 est
645 1506 701 1562 id
736 1506 1000 1562 evenisse
1032 1523 1147 1560 non
1179 1507 1258 1560 ita
1289 1506 1485 1561 multo;
1505 1513 1636 1576 post
1666 1507 1925 1562 Gratiani
1958 1508 2330 1580 imperatoris
2359 1510 2595 1575 caedem,
2627 1511 2861 1581 quando
2893 1525 3023 1566 eam
3071 1509 3168 1566 ille
3197 1510 3356 1566 hisce
3387 1511 3618 1566 vocibus
3645 1510 3867 1567 lamenta-

526 1601 624 1652 tur
652 1598 802 1668 (cap.
836 1598 891 1655 6.
927 1611 1090 1650 num.
1120 1597 1209 1665 27)
1244 1612 1256 1648 :
1293 1596 1464 1662 Quam
1493 1599 1670 1667 gravi,
1704 1595 1917 1668 inquit,
1950 1596 2128 1652 adhuc
2157 1599 2362 1653 luimus
2393 1599 2663 1665 vastitate,
2693 1615 2860 1670 quam
2883 1599 3101 1670 publico
3131 1599 3364 1671 quodam
3396 1603 3562 1656 totius
3589 1601 3721 1656 orbis
3743 1603 3865 1671 fune-

531 1703 589 1742 re
615 1687 849 1758 appetiti
877 1701 1062 1740 necem.
1090 1686 1232 1755 regis
1263 1687 1591 1740 exsoluimus
1625 1692 1642 1739 !
1671 1689 1778 1740 etc.
1815 1684 1985 1740 Plane
2017 1685 2124 1741 hoc
2155 1687 2326 1742 modo
2356 1685 2519 1758 loqui
2553 1692 2793 1743 sanctus
2819 1687 3063 1744 antistes
3093 1704 3208 1744 non
3246 1692 3474 1761 poterat
3528 1689 3636 1744 nisi
3687 1694 3772 1744 aut
3814 1690 3866 1744 de

524 1775 823 1840 Gratiano,
859 1777 957 1828 aut
988 1774 1057 1827 de
1089 1773 1493 1828 Valentiniano
1517 1774 1772 1843 juniore,
1807 1790 1940 1828 cum
1973 1773 2090 1828 illis
2117 1775 2484 1847 temporibus
2512 1791 2617 1847 per
2643 1775 2763 1831 vim
2794 1775 2994 1833 nullus
3026 1776 3344 1848 imperator
3384 1782 3589 1848 praeter
3615 1777 3711 1834 hos
3756 1779 3867 1833 duos

515 1863 753 1935 juvenis
785 1861 959 1916 fuerit
988 1848 1311 1917 exstinctus
1345 1879 1357 1928 ;
1387 1867 1445 1916 at
1477 1878 1602 1933 quae
1633 1863 1911 1932 adjuncta
1939 1861 2058 1916 illic
2088 1863 2422 1918 referuntur
2451 1863 2668 1935 optime
2701 1865 2760 1920 in
2792 1864 3110 1921 violentum
3135 1865 3396 1921 Gratiani
3430 1866 3734 1933 interitum,
3784 1867 3865 1920 mi-

524 1952 684 2007 nime
712 1967 846 2006 vero
877 1949 934 2004 in
967 1949 1353 2005 Valentiniani
1387 1951 1674 2021 quadrare
1707 1951 1852 2006 satis
1882 1953 2128 2006 constat.
2160 1952 2440 2007 Praeterea
2469 1951 2576 2008 bac
2607 1953 2736 2024 ipsa
2763 1952 3042 2026 Apologia
3072 1953 3287 2009 citatur
3314 1953 3373 2009 in
3406 1955 3867 2012 commentariisin

520 2037 897 2112 Evangelium
925 2038 1249 2093 secundum
1283 2039 1497 2094 Lucam
1528 2038 1608 2108 (in
1643 2055 1768 2110 cap.
1801 2039 1878 2108 3),
1913 2057 2038 2112 quae
2072 2039 2302 2095 circiter
2332 2057 2553 2096 annum
2585 2043 2692 2096 385
2721 2042 2939 2114 scripta
2969 2059 3096 2099 esse
3127 2043 3494 2115 probabilius
3523 2048 3691 2108 est,ac
3715 2043 3866 2116 perin-

521 2129 593 2184 de
622 2127 719 2182 diu
755 2131 887 2182 ante
919 2143 1119 2182 necem
1147 2125 1559 2182 Valentiniani.
1583 2127 1986 2199 Colligendum
2021 2127 2218 2199 itaque
2245 2131 2796 2187 commentationem
2828 2131 2977 2187 hanc
3007 2136 3142 2204 post
3171 2148 3434 2188 mensem
3465 2135 3768 2206 Augustum
3793 2149 3869 2188 an-

522 2216 580 2272 ni
612 2217 736 2282 383,
771 2232 886 2288 quo
917 2216 1245 2271 trucidatus
1279 2216 1387 2271 fuit
1415 2217 1749 2283 Gratianus,
1782 2221 1839 2272 et
1873 2221 2008 2272 ante
2039 2233 2260 2273 annum
2285 2219 2410 2286 385,
2445 2235 2560 2292 quo
2591 2225 2918 2277 memorata
2947 2221 3368 2278 commentaria
3398 2221 3695 2278 lucubrata
3746 2227 3864 2286 sunt,

522 2305 580 2360 in
614 2305 802 2360 lucem
835 2305 1143 2374 prodiisse,
1178 2322 1328 2360 anno
1358 2305 1644 2370 videlicet,
1677 2310 1743 2360 ut
1771 2323 1905 2362 vero
1933 2306 2164 2362 videtur
2195 2306 2477 2376 similius,
2506 2309 2632 2362 384.

591 2394 781 2449 Codex
809 2394 1146 2462 Thuaneus,
1179 2399 1308 2449 ante
1343 2393 1503 2450 mille
1525 2411 1732 2457 annos,
1765 2401 1830 2450 ut
1856 2395 2221 2451 characteres
2252 2394 2534 2462 indicant,
2568 2401 2862 2463 exaratus,
2917 2403 2974 2454 et
3021 2397 3122 2453 alii
3179 2397 3404 2471 aliquot
3463 2400 3703 2473 probata:
3756 2402 3867 2452 note

519 2483 671 2538 hanc
703 2483 970 2538 eamdem
1004 2480 1253 2553 opellam
1285 2481 1558 2538 exhibent
1587 2484 1668 2538 ita
1698 2482 2041 2555 inscriptam
2077 2501 2090 2539 :
2126 2485 2399 2539 Tractatus
2427 2484 2482 2539 S.
2519 2485 2801 2541 Ambrosii
2827 2485 2892 2541 de
2919 2486 3180 2558 Apologia
3203 2488 3480 2559 propr
3509 2486 3673 2542 David
3695 2485 3868 2541 adThe-

518 2571 767 2628 odoeium
797 2575 1115 2639 Augustum.
1149 2571 1260 2626 Sed
1319 2573 1464 2627 forte
1512 2573 1850 2644 suspicetur
1879 2573 2089 2645 aliquis
2122 2576 2419 2644 postrema
2445 2574 2621 2630 verba
2650 2574 2834 2631 fuisse
2863 2575 2934 2630 ab
2964 2574 3252 2648 imperitis
3282 2575 3637 2649 quibusdam
3665 2574 3744 2631 vel
3790 2590 3864 2628 au-

519 2659 744 2716 daculis
776 2659 1171 2731 superaddita,
1206 2676 1338 2714 cum
1365 2661 1730 2717 Theodosius
1760 2662 2008 2734 Magnus
2039 2678 2154 2733 quo
2183 2665 2446 2735 tempore
2473 2663 2711 2719 eosdem
2743 2680 3042 2720 sermones
3071 2665 3304 2721 habitos
3332 2682 3468 2721 esse
3497 2661 3863 2721 demonstravi-

517 2766 671 2818 mus,
706 2766 820 2804 non
854 2748 1106 2820 potuerit
1133 2765 1263 2804 esse
1293 2749 1625 2817 Mediolani,
1659 2767 1837 2822 quam
1870 2751 1929 2805 in
1962 2750 2166 2805 urbem
2199 2751 2433 2808 nonnisi
2465 2751 2692 2824 aliquot
2719 2757 2853 2826 post
2883 2752 3054 2808 annis
3105 2770 3239 2808 cum
3272 2754 3342 2808 de
3401 2753 3651 2809 Maximo
3703 2752 3868 2807 trium-

515 2839 776 2912 phasset,
809 2854 937 2893 sese
969 2837 1239 2901 contulit,
1272 2842 1673 2894 verumtamen
1706 2839 1852 2893 nihil
1883 2839 2202 2895 admodum
2233 2844 2390 2896 vetat
2415 2841 2733 2914 quominus
2763 2845 3002 2899 sanctus
3034 2841 3248 2914 praesul
3277 2842 3606 2899 Theodosio
3636 2859 3667 2897 a
3691 2856 3746 2895 se
3792 2838 3869 2894 ali-

516 2944 690 2999 quem
725 2942 754 2980 e
785 2926 911 2980 suis
943 2925 1110 2980 libris
1142 2925 1358 2996 petenti
1390 2926 1546 2981 hunc
1575 2926 1792 2997 ipsum,
1825 2925 1962 2982 licet
1991 2931 2124 2984 ante
2154 2946 2342 2986 annos
2373 2947 2487 2985 non
2520 2947 2738 3002 paucos
2769 2932 3184 3004 compositum,
3216 2937 3414 2988 tamen
3449 2931 3618 3004 quasi
3671 2929 3872 2985 maxime

514 3013 953 3070 convenientem
985 3014 1060 3068 ob
1091 3013 1308 3084 regiam
1341 3030 1599 3086 personae
1631 3016 1704 3070 de
1770 3032 1888 3086 qua
1919 3015 2135 3072 ibidem
2168 3017 2364 3090 agitur
2390 3018 2763 3092 dignitatem,
2797 3018 3173 3092 potissimum
3214 3020 3489 3077 tribuerit
3523 3039 3535 3076 ε
3598 3023 3692 3075 aut
3735 3017 3869 3072 etiam

515 3105 766 3177 ipsemet
796 3108 1001 3174 sponte
1032 3119 1140 3157 sua
1168 3102 1358 3158 eidem
1391 3103 1638 3176 principi
1673 3105 1815 3159 forte
1845 3109 1976 3176 post
2006 3106 2214 3162 factam
2247 3106 2859 3164 Thessalonicensium
2887 3113 3163 3183 stragem,
3196 3115 3437 3182 propter
3467 3127 3642 3183 quam
3672 3107 3767 3180 ipsi
3793 3122 3871 3178 pu-

515 3193 728 3248 blicam
761 3191 1221 3247 satisfactionem
1255 3190 1484 3268 indixit,
1517 3191 1867 3248 mittendum
1904 3196 2211 3265 putaverit,
2242 3199 2308 3250 ut
2337 3195 2506 3252 illum
2536 3196 2597 3252 in
2629 3197 2979 3268 paenitentia;
3010 3199 3271 3255 firmaret
3328 3198 3648 3272 proposito.
3705 3195 3873 3265 Rcipsa

514 3282 667 3337 inter
697 3279 951 3352 plurima
982 3277 1254 3350 praclare
1284 3279 1438 3334 dicta
1469 3296 1599 3351 quae
1627 3281 1891 3353 legentur
1919 3282 1978 3336 in
2011 3282 2120 3338 hoc
2142 3288 2417 3353 tractatu,
2451 3284 2734 3340 nonnulla
2763 3286 2939 3342 etiam
2969 3286 3275 3343 observare
3306 3293 3401 3343 est
3432 3304 3559 3359 quas
3615 3285 3873 3340 videantur

511 3387 577 3426 eo
604 3373 887 3441 spectare.
921 3369 1050 3423 Haec
1081 3367 1426 3422 Ambrosius
1456 3369 1756 3440 scriptioni
1790 3388 1907 3426 suae
1939 3376 2254 3443 antequam
2287 3372 2450 3429 illam
2500 3373 2757 3430 mitteret
2799 3374 2870 3431 ad
2929 3375 3363 3447 imperatorem,
3429 3375 3638 3431 addere
3689 3369 3862 3444 potuit.

515 3459 675 3524 Quod
708 3457 759 3512 si
792 3457 872 3512 ita
902 3456 997 3522 sit,
1033 3454 1344 3526 pradicare
1374 3473 1693 3528 possumus
1724 3459 1832 3514 hoc
1863 3476 2011 3531 opus
2041 3464 2339 3532 postrema
2363 3461 2620 3518 auctoris
2650 3479 2792 3518 cura
2818 3462 3142 3536 perfectum
3172 3466 3229 3518 et
3261 3463 3634 3537 recognitum
3679 3461 3743 3517 ad
3790 3471 3870 3514 nos

513 3545 864 3619 pervenisse.

859 3689 1532 3699 .__——.-_——-_-—_—_

1304 3839 2024 4005 SANCTI
2153 3841 3142 4011 AMBROSII

1745 4109 2328 4168 MEDIOLANENSIS
2367 4110 2682 4168 EPISCOPI

989 4270 1832 4407 APOLOGIA
1931 4275 2852 4410 PROPHETAE
2941 4281 3440 4415 DAVID

1331 4510 1474 4592 AD
1537 4507 2328 4600 THEODOSIUM
2383 4513 3070 4605 AUGUSTUM.

514 3691 680 3699 —————.

683 3691 850 3698 .———-

513 3689 3875 3724 W

891 4829 1138 4909 Q7815
1185 4827 1430 4909 .QAPIiT
1483 4827 1800 4909 PRIMUM.
1965 4903 1972 4909 _
2051 4903 2060 4909 _
2277 4834 2534 4890 efﬂoruit
2568 4853 2580 4902 ;
2616 4836 2716 4891 sed
2751 4835 2890 4908 quia
2919 4835 3182 4909 plerique
3237 4839 3546 4909 gestorum
3603 4835 3722 4904 ejus
3766 4828 3877 4882 lecta

506 4901 689 4998 Quae;
718 4899 2165 4998 “eaeaeae?sheets:evastati“:altera:
2599 4899 3872 4998 introépiciéntes‘vim“Scripturaruhwel

573 4974 703 5026 δίναις·
741 4973 977 5027 Historia
1003 4971 1144 5042 [ασίί
1189 4971 1571 5043 μνιἘνηίίτίίυν·
1612 4972 1814 5027 Deinde
1837 4973 2166 5043 Ῑαάίεαηλαδ
2276 4971 2442 5043 ΣΪᾹᾹΪ
2456 4971 3226 5043 XXXIIII:"£31.12:
3250 4971 3875 5043 ζῖλῖζῖξῖιῖῖὶῖιέηηι.

573 5059 680 5097 non
712 5059 824 5098 esse
849 5013 1174 5107 ostenditur,
1189 5013 1360 5113 Iouem
1383 5042 1522 5114 Deus
1540 5013 2164 5114 justi/icavJei'v‘i'thmcvoii:
2275 5013 2434 5114 03m.“
2463 5019 2896 5114 m¥5E?r‘f’_"“n}:
2931 5020 3220 5114 ωιτξιῐξῖυξ
3248 5015 3858 5114 ᾳξιοωςκξιῖξαηωξ

576 5117 664 5169 tra
695 5130 816 5170 vero
845 5116 1013 5171 etiam
1044 5101 1497 5183 Iauddrnuaquod
1511 5101 1569 5167 iii.
1600 5101 1751 5169 tanla
1768 5119 2027 5186 potestate
2054 5134 2162 5173 non
2275 5101 2450 5173 Pheta
2481 5101 2749 5159 ειάυηθτίί
2778 5102 2988 5174 Primo:
3024 5103 3238 5158 deinde
3292 5101 3600 5158 δοωίοίάίί
3653 5102 3871 5163 comas“

583 5187 751 5255 plura
768 5188 1087 5257 peccaverit.
2273 5207 2389 5246 non
2419 5189 2815 5247 declinaverit.

578 5275 625 5327 1.
661 5273 1001 5347 Apologiam
1036 5274 1328 5346 propheta:
1359 5273 1539 5329 David
1575 5274 1849 5363 praesenti
1907 5276 2165 5348 arripui-
2343 5280 2395 5334 2.
2431 5280 2566 5336 Ideo
2599 5279 2770 5335 nobis
2800 5281 2998 5337 studio
3030 5281 3140 5338 fuit
3169 5282 3359 5353 ipsam
3408 5291 3702 5335 recensere
3730 5272 3868 5363 histo-

505 5377 640 5416 mus
669 5363 835 5430 slybo
865 5364 1142 5429 scribere,
1195 5379 1309 5417 non
1367 5363 1522 5434 quod
1583 5361 1680 5418 ille
1732 5363 1996 5437 indigeat
2052 5364 2160 5422 hoc
2273 5367 2442 5438 riam,
2475 5384 2602 5441 quas
2635 5368 2897 5440 patuisse
2936 5376 3170 5441 peccato
3225 5368 3480 5424 videtur.
3541 5365 3782 5434 Namque
3827 5361 3869 5408 in

505 5465 764 5516 munere,
796 5451 893 5521 qui
930 5452 1107 5508 tantis
1139 5451 1364 5507 meritis
1424 5451 1658 5520 enituit,
1719 5452 2160 5526 virtutibusque
2271 5457 2526 5513 secundo
2558 5457 2781 5529 Regum
2806 5455 3058 5529 legimus
3078 5458 3227 5514 libro
3248 5457 3317 5529 (II
3345 5461 3481 5528 Reg.
3516 5472 3593 5521 x1,
3621 5456 3656 5507 2
3682 5453 3724 5506 et
3747 5443 3869 5514 sli-li

575 5629 592 5699 (
602 5627 654 5700 1)
685 5628 910 5703 Scripta
934 5633 1079 5688 forte
1109 5633 1262 5688 circa
1293 5649 1388 5689 an.
1421 5633 1548 5688 384.
