4116 6188
214 284 328 393 sos

1352 313 1744 386 APOLOGIA
1785 308 2239 381 PROPHETIE
2278 317 2539 385 DAVID.

3515 318 3677 393 894’

214 461 491 538 quoniam
522 458 916 518 deambulans
944 457 1122 515 David
1155 457 1213 514 in
1250 457 1423 515 domo
1453 473 1563 512 sua
1590 451 1746 525 regia
1768 452 1866 521 (2).
1902 448 1953 513 Α
1982 448 2137 505 dicet
2170 452 2403 511 virum?
2440 478 2461 504 ι
2495 456 2659 521 Quod
2714 456 2889 525 Deus,
2948 454 3164 529 inquit,
3209 457 3532 526 mundavit,
3565 464 3631 516 tu

213 549 575 627 prospexerit
602 549 898 607 lavantem
929 564 993 604 se
1040 547 1348 605 mulierem
1401 548 1755 618 (nomenque
1784 539 1868 595 illi

213 639 581 713 Bethsabee),
638 640 839 696 formae
886 637 1130 711 egregiae
1170 637 1251 709 (3)
1298 640 1356 692 et
1384 634 1572 709 gratia
1600 636 1658 688 et
1705 629 1869 713 vultu

216 730 443 797 decora,
475 727 897 802 praestantique
940 727 1261 783 admodum
1295 724 1461 794 facie,
1493 723 1711 797 quibus
1740 718 1870 775 ille-

215 819 400 877 cebris
426 818 741 875 delinitum
774 816 1030 889 potiendi
1062 817 1191 888 ejus
1222 816 1551 887 sumpsisse
1574 814 1868 870 affectum.

217 909 345 965 Erat
374 913 572 965 autem
625 905 845 963 mulier
898 905 1017 962 viro
1070 909 1276 978 nupta,
1338 904 1488 961 Urina
1534 903 1614 975 (4)
1657 915 1870 957 nomen

215 998 444 1064 marito,
493 995 585 1051 cui
639 995 938 1051 mandatis
986 995 1164 1067 regiis
1213 994 1540 1067 composita
1580 997 1671 1048 est
1700 1007 1873 1047 scena

212 1085 387 1143 necis.
422 1085 569 1140 Nam
594 1084 709 1140 etsi
734 1084 881 1139 nihil
904 1084 975 1139 ad
995 1083 1483 1155 impedimentum
1507 1079 1868 1154 cupiditatis,

210 1174 530 1249 plurimum
561 1177 771 1229 tamen
803 1173 874 1228 ad
908 1173 1317 1228 verecundiam
1348 1171 1617 1228 adulterii
1641 1170 1873 1226 obstare

212 1264 325 1320 vita
352 1264 479 1335 ejus
509 1262 945 1318 aestimabatur.

283 1353 336 1408 3.
367 1353 561 1424 Itaque
613 1355 689 1406 ut
741 1368 777 1407 a
837 1349 1200 1423 planioribus
1252 1348 1644 1414 exordiamur,
1697 1362 1872 1419 quem

214 1443 369 1499 Deus
415 1439 793 1514 justificavit,
839 1455 911 1494 ne
959 1444 1018 1493 tu
1072 1436 1378 1508 dijudices.
1412 1460 1439 1498 ᾳ
1474 1437 1583 1491 Pro
1626 1436 1874 1492 minimo

217 1531 363 1588 mihi
414 1532 512 1596 est,
542 1526 755 1600 inquit
802 1527 1139 1594 Paulusput
1180 1543 1215 1582 a
1243 1525 1406 1583 vobis
1431 1525 1742 1598 dijudicer,
1777 1529 1880 1581 aut

215 1621 290 1678 ab
337 1620 483 1676 616
526 1617 807 1673 humano
856 1616 983 1672 die:
1018 1616 1116 1672 sed
1153 1632 1340 1688 neque
1369 1632 1462 1671 me
1487 1616 1685 1687 ipsum
1719 1614 1880 1685 diju-

214 1710 341 1766 dico
360 1711 410 1778 (I
435 1708 551 1764 Cor.
588 1724 679 1770 1v,
712 1705 790 1776 3).
826 1727 854 1755 ››
886 1706 955 1760 Et
984 1705 1178 1760 adhuc
1207 1706 1410 1761 eratin
1434 1720 1679 1777 corpore
1703 1703 1882 1771 situs,

211 1798 401 1856 adhuc
429 1793 1106 1894 tentationiobnoxius:
1149 1794 1261 1892 sed
1298 1793 1436 1894 ideo.
1459 1809 1672 1894 senon
1724 1792 1883 1894 diju:
1916 1821 1964 1886 Β

212 1886 465 1954 dicabat,
496 1883 643 1957 quia
674 1881 960 1955 spiritalis
1012 1899 1046 1938 a
1076 1881 1311 1940 nemine
1358 1881 1741 1953 dijudicatur,
1775 1881 1887 1937 nisi

212 1994 247 2034 a
278 1974 568 2032 soloDeo.
621 1970 892 2042 Denique
922 1969 1222 2027 subdidit:
1258 1993 1287 2022 α
1321 1971 1429 2038 Qui
1475 1971 1763 2043 dijudicat
1794 1988 1888 2027 me

212 2064 505 2121 Dominus
524 2065 636 2118 est.
672 2062 878 2132 Itaque
901 2059 1082 2116 nolite
1113 2064 1249 2116 ante
1287 2064 1526 2133 tempus
1552 2060 1695 2133 quid
1718 2061 1886 2131 judi-

215 2169 351 2211 care
380 2151 543 2221 (Ibid.
577 2152 630 2221 4,
662 2150 742 2221 5).
777 2171 805 2199 ››
837 2149 945 2204 Sed
979 2149 1160 2205 David
1179 2149 1307 2221 jam
1338 2155 1576 2223 tempus
1601 2148 1885 2222 implevit,

215 2247 276 2299 et
304 2241 557 2314 gratiam
608 2239 846 2305 meruit,
896 2241 954 2294 et
995 2238 1357 2309 justificatus
1409 2256 1444 2294 a
1473 2239 1711 2296 Christo
1757 2243 1884 2305 est;
1924 2253 1928 2257 ·

217 2329 702 2405 quandoquidem
733 2327 914 2383 David
963 2344 1027 2383 se
1056 2327 1169 2383 dici
1220 2327 1409 2383 filium
1440 2327 1571 2400 ipse
1600 2326 1890 2384 Dominus

216 2419 650 2496 gratulabatur,
682 2421 738 2474 et
768 2417 867 2488 qui
899 2433 1035 2472 eum
1068 2416 1147 2471 ita
1175 2416 1632 2488 conﬁtebantur,
1665 2415 1889 2471 illumi-

218 2510 541 2566 nabantur.
575 2506 691 2563 Cur
718 2506 1018 2561 hominem
1049 2504 1147 2560 Dei
1179 2520 1212 2559 a
1243 2506 1486 2576 praemio
1517 2504 1889 2577 injudieium

214 2615 399 2657 vocas
420 2597 448 2653 ?
475 2595 770 2653 Judicavit
790 2596 917 2667 jam
949 2594 1020 2649 de
1050 2610 1117 2649 eo
1148 2592 1454 2664 Dominus,
1489 2597 1561 2652 de
1595 2611 1717 2668 quo
1746 2594 1892 2651 dixit

220 2690 294 2746 ad
347 2686 763 2743 Salomonem:
824 2706 852 2735 «
904 2682 963 2739 Si
1015 2681 1404 2739 ambulaveris
1456 2685 1518 2741 in
1568 2688 1888 2755 conspectu

219 2793 381 2844 meo,
408 2776 566 2832 sicut
586 2771 908 2829 ambulavit
942 2772 1115 2828 David
1148 2774 1311 2845 pater
1330 2778 1471 2830 tuus
1493 2774 1551 2829 in
1582 2771 1892 2829 sanctitate

219 2866 427 2925 cordis
448 2868 507 2921 et
541 2862 792 2936 justitia,
820 2862 892 2917 ad
932 2860 1042 2917 hoc
1079 2864 1144 2915 ut
1167 2861 1381 2916 faceret
1400 2863 1731 2919 secundum
1763 2879 1890 2918 om-

220 2957 332 3014 nia
363 2971 496 3027 quze
545 2949 816 3009 mandavi
873 2950 925 3006 ei
979 2951 1113 3018 (III
1165 2950 1287 3019 Reg.
1321 2968 1398 3019 1x,
1450 2952 1526 3024 4).
1562 2975 1592 3001 ››
1624 2950 1728 3007 Ηίο
1756 2967 1892 3024 ergo

210 3043 455 3119 judicio
484 3041 700 3115 dignus
730 3057 803 3096 an
836 3039 1078 3112 praemio
1108 3043 1215 3106 est,
1267 3040 1368 3111 qui
1397 3040 1534 3097 fecit.
1563 3036 1892 3097 secundum

221 3132 438 3191 omnia
487 3130 767 3185 mandata
818 3126 1098 3192 ccelestia,
1152 3126 1465 3185 ambulans
1494 3129 1554 3184 in
1585 3127 1894 3186 sanctitate

1978 552 2397 600 commune'ne
2435 544 2649 602 dixeris
2684 546 2823 615 (Act.
2856 564 2912 612 x,
2946 547 3055 614 15).
3091 568 3120 597 »

2052 630 2105 685 4.
2143 630 2312 689 Salvo
2340 636 2536 690 tamen
2559 636 2784 707 judicio
2843 634 3080 703 ccelesti,
3141 652 3258 707 quo
3298 635 3470 692 etiam
3507 637 3632 709 ipse

1977 719 2211 776 tantum
2262 721 2609 780 honoriﬁces
2656 724 3024 797 prophetam,
3065 724 3125 780 in
3157 725 3287 795 ejus
3316 730 3479 781 actus
3509 743 3630 781 mo-
3668 748 3676 752 <

1979 810 2533 883 resqueingredere.
2566 813 2711 868 Nam
2744 811 2976 869 miraris
3023 811 3344 879 hominem,
3391 816 3449 869 et
3478 815 3568 870 61
3590 818 3625 870 7

1979 898 2208 970 angelis
2239 900 2664 972 adaequandum
2691 899 2948 971 judicas,
2981 899 3302 972 plurimum
3325 905 3453 957 vita:
3490 920 3633 969 suae,

1977 984 2099 1042 imo
2138 1004 2173 1043 a
2235 988 2481 1059 pueritia
2528 989 2587 1044 in
2658 989 2897 1054 divitiis,
2957 989 3300 1054 honoribus,
3371 990 3683 1062 imperiis.

1979 1075 2403 1141 demorantem,
2435 1078 2490 1133 in
2526 1078 2730 1135 multis
2766 1077 3184 1134 tentationibus
3228 1078 3508 1151 positum,
3543 1097 3633 1135 se-

1981 1166 2099 1221 mel
2130 1170 2356 1222 tantum
2387 1166 2579 1223 locum
2610 1166 2793 1224 errori
2841 1165 3089 1234 dedisse,
3137 1171 3194 1223 et
3223 1166 3273 1223 ei
3303 1167 3482 1223 errori
3516 1185 3631 1240 quo

1982 1254 2161 1311 etiam
2179 1255 2367 1327 angeli
2389 1255 2667 1312 caelorum
2694 1255 2793 1328 (5),
2815 1259 2879 1310 ut
2901 1255 3201 1328 Scriptura
3216 1261 3639 1312 commemorat

1983 1342 2136 1415 (Gen.
2174 1360 2243 1409 vi,
2276 1344 2353 1415 2),
2386 1345 2458 1399 de
2488 1361 2597 1401 sua
2635 1344 2852 1400 virtute
2898 1348 2956 1400 et
2985 1344 3172 1417 gratia
3217 1345 3421 1415 dejecti
3479 1351 3635 1400 sunt.

1984 1433 2136 1489 Sane
2165 1437 2222 1489 et
2249 1432 2396 1489 alter
2423 1432 2637 1506 legitur
2685 1449 2850 1490 error
2894 1432 3102 1506 ipsius,
3144 1435 3299 1506 quod
3344 1436 3641 1492 numerari

1985 1522 2185 1579 fecerit
2214 1521 2497 1595 populum
2531 1525 2628 1595 (6).

2649 1627 2881 1684 CAPUT
2921 1628 2991 1684 11.

1991 1716 2269 1772 Laudatur
2315 1717 2489 1772 David
2534 1720 2602 1772 ab
2650 1715 2973 1774 humilitate
3021 1721 3370 1791 confessionis
3392 1737 3412 1781 ,°
3442 1737 3507 1777 ac
3538 1726 3647 1776 tres

2062 1804 2258 1862 causae,
2292 1804 2391 1842 cur
2417 1791 2619 1844 sanctis
2665 1797 2947 1862 peccatum
2993 1790 3246 1862 obrepere
3273 1794 3410 1847 utile
3438 1794 3528 1856 sit,
3562 1794 3649 1847 id-

2068 1876 2173 1931 que
2202 1861 2338 1914 Deus
2361 1862 2662 1932 permittat,
2699 1860 3031 1932 afferuntur.

2065 1967 2121 2021 5.
2154 1964 2572 2038 Unusquisque
2627 1969 2899 2023 nostrum
2973 1983 3077 2040 per
3144 1968 3410 2043 singulas
3476 1969 3651 2027 horas

1997 2071 2176 2126 quam
2208 2054 2396 2109 multa
2447 2054 2759 2128 delinquit,
2805 2060 2862 2111 et
2911 2060 3108 2113 tamen
3144 2058 3550 2132 unusquisque
3582 2060 3655 2116 de

1997 2142 2165 2214 plebe
2197 2146 2499 2215 peccatum
2533 2161 2710 2199 suum
2743 2146 3141 2201 confitendum
3185 2163 3301 2203 non
3331 2152 3517 2220 putat.
3554 2148 3653 2205 Ille

1998 2249 2097 2288 rex
2144 2232 2242 2304 (De
2288 2233 2485 2288 Ptenit.
2538 2232 2675 2287 dist.
2727 2234 2787 2301 3,
2836 2250 2964 2306 cap.
3014 2236 3114 2292 Ille
3170 2237 3289 2310 rex)
3337 2241 3540 2293 tantus
3572 2240 3656 2294 ac

1998 2326 2205 2394 potens
2237 2337 2308 2376 ne
2338 2322 2546 2394 exiguo
2590 2320 2831 2393 quidem
2883 2328 3180 2380 momento
3212 2342 3442 2382 manere
3476 2343 3651 2399 penes

1999 2426 2061 2466 se
2091 2408 2287 2464 delicti
2323 2425 2532 2481 passus
2562 2414 2653 2465 est
2672 2409 3095 2467 conscientiam
3122 2430 3135 2482 ;
3168 2414 3269 2470 sed
3302 2421 3657 2487 praematura

1999 2496 2365 2555 confessione
2395 2502 2571 2570 atque
2599 2497 2891 2555 immenso
2914 2499 3132 2572 dolore,
3165 2502 3420 2559 reddidit
3450 2521 3650 2577 pecca-

2000 2592 2129 2643 tum
2170 2601 2342 2642 suum
2376 2586 2835 2653 Domino.Quem
2869 2587 3010 2642 mihi
3044 2606 3201 2646 nunc
3222 2590 3387 2647 facile
3402 2595 3658 2665 reperias

1999 2675 2351 2732 honoratum
2399 2692 2465 2731 ac
2507 2674 2769 2745 divitem,
2822 2675 2921 2748 qui
2966 2676 3018 2732 si
3067 2682 3351 2752 arguatur
3405 2679 3659 2752 alicujus

2001 2763 2186 2837 culpae
2219 2781 2376 2832 reus,
2410 2779 2525 2820 non
2558 2764 2802 2821 moleste
2834 2766 3025 2820 ferat?
3055 2765 3243 2822 Atille
3270 2766 3426 2840 regio
3459 2768 3657 2825 clarus
3684 2820 3687 2821 ν

2000 2853 2267 2926 imperio,
2298 2856 2383 2909 tot
2431 2851 2643 2909 divinis
2675 2854 2959 2925 probatus
2997 2854 3269 2922 oraculis,
3303 2871 3435 2911 cum
3470 2874 3504 2912 a
3535 2860 3656 2930 pri-

1998 2946 2130 2998 vato
2162 2940 2397 2997 homine
2443 2941 2851 3014 corriperetur,
2905 2943 3059 3014 quod
3091 2943 3345 3017 graviter
3370 2943 3657 3018 deliquis-

2001 3036 2110 3100 set,
2145 3048 2258 3086 non
2290 3029 2631 3102 indignatus
2665 3031 2985 3101 infremuit,
3010 3033 3110 3088 sed
3151 3032 3457 3089 confessus
3488 3034 3651 3109 inge-

2004 3120 2153 3176 muit
2183 3119 2366 3192 culpae
2397 3117 2614 3175 dolore.
2641 3118 2901 3192 Denique
2936 3120 3243 3176 Dominum
3267 3120 3431 3177 dolor
3462 3122 3655 3180 intimi

220 3189 285 3277 et
304 3217 553 3291 justitia
574 3216 813 3272 cordis?
844 3214 952 3272 Ubi
973 3189 1224 3269 aliorum
1250 3215 1391 3271 vitia
1425 3222 1482 3272 et
1506 3220 1747 3288 peccata
1795 3217 1892 3273 de-
1923 3189 1967 3257 θ
2006 3208 2187 3264 ωονὶῐ
2216 3189 2457 3263 affectus
2502 3207 2686 3275 (Ῑὺίάι,
2719 3212 2747 3277 §
2794 3189 3035 3282 Denique
3074 3209 3404 3279 Dominum),
3447 3216 3513 3267 ut
3543 3213 3656 3270 Na-

218 3308 534 3372 litescunt,
565 3304 647 3360 ibi
678 3305 858 3360 David
880 3302 1117 3360 virtutis
1148 3308 1205 3359 et
1232 3303 1429 3377 glorias
1480 3323 1600 3362 suae
1629 3305 1894 3362 divinum

224 3394 463 3466 accepit
489 3392 918 3449 testimonium.
973 3393 1042 3447 Et
1088 3392 1158 3446 de
1189 3393 1317 3463 ejus
1368 3398 1602 3465 peccato
1632 3394 1894 3466 disputa-

224 3500 372 3540 mus
404 3481 598 3549 otiosi,
623 3497 728 3555 pro
747 3483 918 3553 cujus
951 3480 1159 3536 merito
1182 3484 1240 3536 et
1268 3482 1456 3554 gratia
1476 3480 1726 3538 aliorum
1757 3499 1895 3555 pec-

224 3576 367 3628 cata
398 3568 652 3625 revelata
683 3573 839 3626 sunt.
872 3570 1020 3626 Nam
1052 3585 1186 3625 eum
1226 3569 1566 3626 offendisset
1593 3569 1891 3638 Salomon,

227 3660 398 3735 quod
430 3675 544 3715 non
578 3659 933 3716 custodisset
964 3657 1241 3714 mandata
1269 3658 1523 3726 Domini,
1554 3662 1611 3715 et
1648 3675 1889 3732 regnum

226 3751 369 3822 ejus
389 3746 785 3820 disposuisset
806 3748 962 3804 Deus
985 3746 1251 3803 scindere
1271 3745 1330 3802 in
1364 3746 1646 3820 plurimas
1677 3752 1891 3820 partes,

226 3839 318 3895 ait
349 3837 423 3892 ad
458 3852 629 3892 eum:
665 3859 693 3886 ‹‹
735 3836 1151 3893 Verumtamen
1186 3836 1243 3890 in
1278 3829 1487 3893 diebus
1514 3837 1633 3894 tuis
1663 3853 1775 3893 non
1805 3838 1893 3893 fa-

226 3928 393 3984 ciam
446 3925 555 3980 hoc
603 3929 840 3997 propter
886 3925 1065 3980 David
1117 3929 1339 3997 patrem
1382 3929 1572 3981 tuum.
1605 3926 1685 3982 De
1714 3942 1891 3983 manu

225 4014 342 4071 ﬁlii
375 4014 463 4069 tui
508 4012 793 4086 accipiam
850 4013 1017 4069 illud.
1071 4012 1489 4071 Verumtamen
1539 4031 1652 4069 non
1702 4019 1891 4071 totum

226 4120 490 4177 regnum
514 4101 816 4175 accipiam,
841 4106 1140 4175 sceptrum
1172 4119 1355 4158 unum
1388 4103 1537 4158 dabo
1566 4103 1617 4159 ei
1658 4109 1894 4177 propter

223 4188 420 4250 David
484 4207 714 4248 servum
774 4208 971 4247 meum
1025 4190 1125 4262 (III
1151 4195 1280 4261 Reg.
1312 4208 1390 4256 x1,
1452 4192 1536 4257 12,
1582 4192 1689 4261 13).
1726 4214 1754 4242 »
1785 4193 1889 4249 Ju-

223 4279 535 4338 stificante
558 4277 735 4352 igitur
754 4278 1024 4344 Domino,
1057 4278 1189 4351 quis
1211 4283 1301 4335 est
1340 4278 1439 4353 qui
1472 4283 1702 4339 tantum
1734 4281 1891 4353 diju-

306 4439 390 4508 (2)
412 4436 593 4513 item.
644 4437 803 4513 edit._
837 4436 1291 4513 sola,_‘le_gi1nus,
1340 4447 1398 4495 ut
1446 4439 1699 4513 audistis,
1750 4441 1892 4513 quod

220 4508 605 4581 deambutans
632 4508 804 4564 David
833 4511 895 4564 in
921 4509 1127 4564 salario
1144 4509 1345 4581 (domus
1371 4526 1491 4567 suae
1518 4512 1706 4581 regiae.
1757 4508 1775 4513 ”
1878 4539 1882 4543 ~

305 4581 391 4651 (3)
425 4580 597 4646 Edit.,
652 4582 870 4653 formae
898 4587 1079 4653 gratae
1133 4578 1322 4653 (Rom.
1373 4578 1658 4653 gratia)'et
1708 4583 1893 4653 vultus

220 4654 431 4709 decore
455 4653 749 4723 praestanti
794 4651 1133 4723 admodum,
1163 4651 1388 4723 quibus,
1439 4651 1564 4709 etc.
1608 4652 1750 4709 Mss.
1785 4652 1891 4709 ali-

220 4668 431 4709 decore
496 4668 747 4709 rzestantz
794 4668 1113 4718 uamoaum,
1163 4668 1381 4723 quzous,
1439 4668 1547 4709 etc.
1608 4668 1750 4709 mss.
1785 4668 1891 4709 au-

220 4668 636 4848 quoiz/‘drmx
681 4725 883 4795 gratia,
937 4726 987 4778 et
1043 4722 1227 4778 vultus
1271 4723 1472 4791 decore,
1503 4726 1895 4796 prwskmtique

221 4794 367 4848 (uim
444 4810 539 4847 um
569 4795 729 4848 facie.
762 4795 978 4848 auibus.
1036 4798 1143 4848 etc.
1202 4792 1312 4848 Alii
1361 4795 1544 4848 multo
1575 4795 1774 4848 nlures
1805 4800 1891 4848 at-

221 4792 539 4866 ridmodum
566 4792 729 4866 facie,
762 4795 978 4864 quibus,
1036 4798 1143 4859 etc,
1202 4792 1312 4849 Alii
1361 4792 1544 4852 multo
1575 4795 1774 4866 plures
1800 4792 1891 4852 at-

222 4881 359 4938 que
381 4864 767 4939 antiquiores
809 4870 874 4920 ut
896 4865 983 4939 _in
1013 4870 1193 4939 textu,
1222 4866 1334 4921 nisi
1362 4868 1516 4939 quod
1546 4864 1771 4923 Thuan.
1805 4885 1893 4924 re-

221 4934 470 4993 cautior
498 4934 757 5011 habet...
814 4936 970 5011 uultu
1027 4934 1300 5011 decoram,
1358 4934 1467 4994 etc.
1507 4938 1719 5011 Neque
1763 4956 1894 4996 vero

225 5006 546 5078 putaveris
602 5006 662 5062 in
719 5007 957 5063 vocibus
1012 5008 1165 5062 vultu
1214 5006 1449 5078 et'facie
1502 5006 1733 5066 inanem
1767 5028 1896 5067 esse

221 5065 625 5152 battologiam
653 5095 833 5152 ;Aeum
866 5078 1039 5152 facies
1069 5094 1184 5133 non
1208 5065 1437 5152 tantum
1461 5097 1563 5152 pro
1586 5065 1891 5148 vullu,sed

219 5151 441 5223 etiam
456 5149 559 5221 pro
587 5150 769 5206 totius
798 5149 1057 5223 corporis
1104 5149 1539 5223 compositione,
1572 5157 1769 5223 atque
1800 5169 1893 5207 ex-

216 5220 794 5294 teriori’eonspectu
824 5220 978 5278 sumi
1000 5220 1203 5294 possit.
1239 5220 1465 5279 Rursus
1495 5221 1634 5294 edit.
1668 5220 1893 5294 omnes,

220 5298 293 5378 et
330 5308 489 5375 mss.
533 5291 799 5375 nonnulli
853 5291 1120 5378 potienda:
1164 5293 1670 5378 ejuspmssuali‘i.
1726 5292 1897 5378 longe

217 5364 515 5439 plurimi,
547 5380 614 5420 ac
645 5365 746 5439 aevi
779 5363 1035 5439 melioris
1059 5381 1072 5418 :
1100 5363 1348 5439 potiendi
1375 5366 1512 5439 ejus.
1541 5364 1756 5439 Melius
1769 5382 1791 5439 _;
1814 5363 1898 5439 sic

220 5434 409 5493 Enim
433 5435 748 5508 ‘Tcrentius
778 5435 838 5508 in
875 5434 1113 5508 Hecyra,
1140 5451 1235 5508 ego
1264 5436 1382 5508 ejus
1398 5434 1623 5508 (uxoris
1655 5434 1895 5508 scilicet)

219 5504 468 5563 vivendi
493 5507 743 5578 cupidus.
776 5504 1005 5562 Videsis
1067 5507 1162 5578 Fr.
1181 5504 1417 5578 iSanctii
1440 5507 1761 5562 Minervam
1792 5504 1894 5563 lib.

220 5597 337 5647 ιιι,
370 5595 497 5650 cap.
534 5577 586 5651 8.
640 5578 909 5651 Denique
956 5578 1055 5634 ubi
1103 5577 1242 5651 edit.
1292 5578 1440 5643 Era.,
1474 5578 1697 5651 Gill.4_et
1728 5579 1894 5635 Rom.

222 5667 385 5708 eum
439 5648 766 5723 potioribus
796 5648 939 5708 mss.
971 5650 1260 5723 sumpsisse
1296 5650 1588 5723 affectum;
1618 5649 1740 5707 illic
1764 5653 1896 5709 Am.

2005 3297 2144 3353 than
2178 3297 2435 3352 diceret:
2479 3296 2767 3361 Quoniam
2815 3297 3085 3370 pmnituit
3131 3303 3207 3366 te,
3264 3303 3322 3355 et
3369 3298 3655 3360 Dominus

2003 3385 2306 3441 transtulit
2338 3390 2641 3457 peccatum
2691 3389 2859 3441 tuum
2892 3387 2982 3460 (II
3008 3389 3131 3460 Reg.
3182 3405 3285 3458 xu,
3318 3390 3425 3461 13).
3463 3391 3658 3448 Matu-
3690 3416 3694 3427 λ

2005 3475 2147 3530 ritas
2178 3475 2375 3546 itaque
2402 3473 2603 3542 venite,
2623 3475 2975 3545 profundam
2997 3476 3150 3550 regis
3170 3476 3353 3533 fuisse
3378 3481 3658 3551 pmniten-

2004 3562 2146 3618 tiam
2179 3562 2516 3630 declaravit,
2548 3578 2677 3633 quae
2706 3563 2853 3619 tanti
2884 3565 3098 3622 erroris
3128 3566 3413 3623 offensam
3448 3571 3653 3627 tradu-
3688 3620 3691 3621 ν

2003 3652 2171 3708 xerit.

2072 3743 2127 3796 6.
2164 3740 2270 3797 Alii
2303 3739 2572 3795 homines
2595 3756 2729 3797 cum
2752 3759 2787 3797 a
2811 3742 3212 3798 sacerdotibus
3235 3745 3656 3818 corripiuntur,

2002 3834 2311 3901 peccatum
2332 3844 2507 3885 suum
2533 3828 2858 3904 ingravant,
2885 3831 3026 3886 dum
3052 3846 3264 3904 negare
3284 3834 3532 3905 capiunt
3558 3844 3660 3892 aut

2003 3918 2312 3974 defendere
2353 3936 2366 3986 ;
2416 3917 2615 3991 ibique
2663 3936 2866 3975 eorum
2915 3919 3119 3994 lapsus
3168 3922 3254 3975 est
3301 3922 3508 3994 major,
3558 3925 3657 3979 ubi

2002 4011 2274 4080 speratur
2318 4008 2618 4064 correctio.
2673 4008 2867 4064 Sancti
2919 4015 3115 4065 autem
3176 4008 3408 4065 Domini
3439 4011 3661 4081 (Ibid.§

2001 4096 2210 4169 Sancti)
2243 4096 2343 4169 qui
2375 4113 2787 4155 consummare
2825 4098 2989 4171 pium
3028 4102 3320 4155 certamen
3376 4101 3656 4171 gestiunt,

2000 4189 2059 4242 et
2086 4203 2319 4243 currere
2338 4202 2578 4242 cursum
2627 4186 2859 4257 salutis,
2890 4187 3081 4244 sicubi
3112 4187 3258 4244 forte
3288 4192 3356 4243 ut
3388 4188 3657 4246 homines

1999 4275 2328 4333 corruerint
2355 4280 2574 4333 natura:
2606 4277 2795 4350 magis
2825 4276 3135 4350 fragilitate
3165 4292 3343 4348 quam
3379 4280 3656 4349 peccandi
3690 4310 3693 4313 -

1998 4453 2133 4518 cum
2167 4435 2445 4518 reliquis:
2477 4438 2792 4518 sumpsisset
2820 4438 3092 4518 effectum.
3124 4435 3342 4518 Yet-uin
3389 4453 3490 4493 eos
3529 4455 3657 4494 mo-

1997 4509 2100 4576 vit,
2146 4508 2301 4580 quod
2333 4524 2448 4564 non
2476 4508 2779 4564 crederent
2807 4508 2983 4580 aliter
3005 4508 3496 4580 constructionem
3523 4526 3658 4564 con-

2001 4578 2183 4636 stara
2216 4595 2574 4650 posse,cum
2629 4583 2823 4635 tamen
2872 4578 3085 4635 melius
3130 4579 3374 4636 verbum
3428 4580 3660 4649 legimus

2003 4650 2168 4707 initio
2201 4648 2421 4722 periodi
2471 4666 2812 4722 expressum
2855 4650 2965 4707 hoc
2995 4650 3120 4708 loco
3151 4656 3348 4708 mente
3386 4648 3658 4724 supplea-

2001 4728 2119 4778 tur.

2076 4794 2152 4863 (4)
2181 4792 2408 4847 Thuan.
2438 4790 2624 4864 codex
2651 4792 3097 4851 vetustissimus
3134 4809 3369 4864 semper
3396 4795 3572 4862 atque
3602 4792 3656 4845 iu

2004 4862 2281 4919 omnibus
2330 4862 2566 4918 casibus
2615 4863 2793 4920 habet
2843 4866 2957 4922 Uri.
3019 4867 3086 4922 Et
3142 4862 3297 4920 certe
3349 4862 3655 4918 lectionem

2004 4934 2300 5016 Ambrosii
2332 4950 2459 5016 esse
2495 4933 2645 4991 hanc
2665 4936 3089 5016 id_argumento
3113 4937 3475 5016 esse-epotam:
3503 4933 3655 5016 quod

2007 5007 2159 5061 infra
2204 5022 2332 5077 cap.
2384 5006 2438 5072 3,
2489 5023 2653 5062 num.
2712 5004 3043 5073 “(nomen
3094 5004 3289 5061 mariti
3340 5004 3698 5077 Bethsabce'

2005 5077 2149 5132 dicit
2199 5075 2352 5131 idem
2387 5077 2718 5149 significare
2747 5095 2814 5135 ac
2867 5079 3053 5133 lumen
3080 5093 3280 5140 meum,
3337 5075 3657 5149 quomodo

2004 5165 2199 5204 vocem
2237 5150 2335 5206 Uri
2360 5147 2533 5220 vulgo
2563 5149 3040 5219 interpretantur,
3076 5164 3210 5202 cum
3239 5163 3349 5202 vox
3380 5147 3536 5203 Urias
3562 5164 3657 5202 ex-

2006 5225 2258 5293 ponetur
2289 5222 2495 5293 tamen,
2529 5237 2630 5293 seu
2662 5222 2808 5291 ignis
2837 5220 3075 5293 Domini.

2076 5292 2153 5363 (5)
2185 5291 2263 5346 De
2292 5287 2999 5363 illouangelorum‘lapsu
3032 5305 3067 5343 a
3118 5288 3286 5345 nobis
3328 5287 3389 5344 in
3443 5288 3545 5345 lib.
3585 5295 3660 5345 De

2004 5361 2115 5419 Noe
2137 5361 2195 5419 et
2221 5365 2358 5418 .lrca
2388 5361 2608 5417 dictum
2632 5361 2907 5432 reperies.

2079 5435 2154 5506 (6)
2191 5433 2354 5489 item.
2391 5432 2528 5506 edit.
2566 5432 2677 5487 ista
2700 5430 3120 5506 'iugulaverat:
3153 5430 3306 5506 Sane
3333 5436 3383 5486 et
3412 5432 3555 5506 alter
3578 5433 3654 5487 Ie-

2005 5502 2156 5575 git'ur
2197 5520 2352 5559 error
2381 5504 2569 5575 ipsius,
2621 5502 2759 5573 quod.
2803 5505 3096 5558 numerari
3131 5504 3325 5573 fecerit
3348 5504 3661 5575 populum;

2007 5573 2135 5649 quae
2168 5593 2273 5631 nos
2304 5592 2371 5630 ex
2392 5574 2668 5628 omnibus
2697 5588 2840 5628 mss.
2867 5582 2924 5630 et
2946 5580 3067 5630 ant.
3092 5574 3230 5631 edit.
3261 5573 3650 5631 restituimus.
