4052 6196
268 378 385 449 897

1395 392 1787 461 APOLOGIA
1831 399 2276 464 PROPHETzE
2319 405 2585 466 DAVID.

3559 400 3681 479 ses

268 538 389 577 non
418 521 624 579 littera:
656 524 935 582 servitute
966 526 1282 601 generavit.
1316 529 1509 586 Servis
1539 533 1696 587 enim
1746 550 1917 604 poena
1943 538 1995 601 Α
2030 535 2347 604 posteriora
2378 554 2509 593 cum
2543 541 2699 613 gravi
2732 558 2924 597 errore
2970 560 3085 599 non
3145 551 3403 607 careant,
3463 546 3674 620 vulgus

268 609 625 690 decerpitur,
656 612 858 672 liberis
883 617 1179 672 confertur
1206 616 1411 691 gratia.
1441 618 1643 676 Nonne
1680 620 1741 677 in
1779 626 1915 695 typo

267 700 518 774 gemina:
548 701 738 774 plebis
766 703 946 761 Jacob
978 705 1126 763 duas
1153 707 1375 779 accepit
1403 724 1634 781 uxores,
1675 726 1746 769 ex
1786 710 1919 783 qui-

267 789 384 845 bus
414 790 706 848 diversum
740 793 1001 850 sobolem
1032 795 1356 867 procreavit
1375 796 1405 852 ‘l
1445 796 1559 853 Cur
1585 799 1921 871 patriarcha

265 876 453 936 Judas
484 880 727 955 proprias
758 899 945 941 nurus
972 888 1107 957 post
1139 883 1240 940 ﬁlii
1275 885 1366 941 sui
1410 891 1658 944 mortem
1707 887 1923 963 legitur

266 969 558 1041 expetisse
587 972 962 1028 concubitum
988 973 1146 1043 (Gen.
1173 990 1415 1045 xxxvm,
1445 974 1557 1048 46),
1585 993 1700 1050 quo
1732 978 1921 1050 gemi-

267 1074 482 1115 norum
504 1064 708 1132 partus
726 1065 814 1117 est
842 1062 1056 1132 editus,
1080 1063 1192 1119 nisi
1217 1068 1280 1119 ut
1300 1063 1497 1120 futura
1512 1070 1762 1139 utroque
1778 1065 1921 1123 Jesu

268 1146 505 1204 Domini
533 1150 887 1222 praecederet
909 1152 1283 1209 Testamento
1313 1171 1326 1210 :
1366 1170 1618 1226 quorum
1668 1155 1919 1212 alterum

270 1238 331 1293 in
355 1240 492 1310 typo
522 1237 730 1294 futurae
753 1239 960 1296 mortis
981 1241 1111 1313 ejus
1133 1245 1224 1296 est
1243 1240 1566 1311 conditum,
1592 1243 1839 1299 alterum
1860 1243 1921 1300 in

273 1325 573 1400 Evangelii
606 1328 871 1396 veritate,
903 1328 1053 1386 duos
1092 1329 1341 1403 populos
1387 1333 1918 1405 essegenerandos,

270 1432 521 1488 quorum
555 1416 840 1489 posterior
868 1418 925 1473 in
951 1419 1141 1474 crucis
1174 1419 1342 1492 signo
1374 1436 1572 1493 sepem
1604 1437 1836 1478 omnem
1856 1439 1922 1478 ac

272 1506 658 1562 munitionem
700 1506 899 1579 populi
949 1507 1270 1581 superioris
1328 1509 1649 1566 incideret?
1674 1509 1776 1566 Hic
1833 1517 1933 1568 est

268 1594 524 1668 populus
555 1611 733 1651 manu
766 1597 943 1669 prior,
977 1600 1107 1652 ortu
1140 1598 1443 1669 posterior.
1477 1597 1579 1654 Vel
1610 1599 1751 1673 quia
1795 1600 1921 1673 ipse

269 1682 559 1739 Dominus
577 1685 748 1740 Iesus
780 1689 953 1741 natus
984 1701 1051 1740 ex
1082 1684 1237 1741 tribu
1260 1685 1409 1741 Iuda
1440 1702 1617 1759 opera
1647 1704 1754 1744 sua
1785 1693 1919 1744 ante

268 1773 572 1845 praemisit,
604 1789 783 1845 quam
809 1774 977 1830 nobis
1009 1790 1075 1829 ex
1092 1765 1335 1847 Virgine
1364 1781 1720 1831 nasceretur.

344 1863 429 1916 12
466 1862 611 1926 Quid
644 1862 713 1918 de
736 1862 952 1936 Joseph
984 1862 1214 1937 loquar,
1240 1864 1340 1936 qui
1371 1881 1405 1920 a
1434 1863 1715 1922 fratribus
1744 1881 1918 1939 appe-

266 1948 438 2017 titus,
470 1954 679 2006 exutus
710 1951 900 2024 patrio
928 1952 1297 2022 vestimento,
1327 1952 1388 2008 in
1428 1951 1623 2009 lacum
1678 1954 1921 2021 missus,

268 2040 330 2095 in
358 2038 699 2095 servitutem
729 2039 1024 2107 venditus,
1057 2040 1294 2097 evidens
1318 2041 1629 2098 Dominicis
1648 2042 1920 2100 Incarna-

266 2127 447 2183 tionis
465 2128 1048 2200 expressitindicium
1068 2130 1097 2183 ?
1117 2147 1182 2186 eo
1201 2129 1354 2203 quod
1381 2127 1477 2185 ille
1499 2130 1747 2188 dilectus
1767 2131 1923 2188 080

268 2216 427 2272 Patri
458 2234 590 2273 eum
625 2222 780 2275 esset
809 2217 867 2274 in
900 2217 1000 2274 Dei
1033 2218 1244 2288 forma,
1287 2235 1402 2276 non
1448 2220 1716 2293 rapinam
1765 2220 1921 2277 arbi-

268 2309 527 2361 traretur
545 2322 672 2362 esse
709 2322 770 2364 se
799 2306 1083 2380 :equalem
1108 2307 1246 2380 Deo,
1271 2308 1372 2364 sed
1403 2309 1531 2381 ipse
1562 2326 1624 2365 se
1652 2309 1922 2366 exinani-

270 2398 388 2463 ret;
422 2398 487 2450 ut
517 2395 765 2451 formam
798 2396 946 2452 servi
996 2396 1289 2470 accipiens
1335 2397 1577 2464 veniret,
1611 2402 1668 2454 et
1711 2414 1773 2455 se
1819 2416 1918 2455 us-

269 2500 386 2557 que
416 2484 488 2541 ad
520 2488 765 2541 mortem
799 2484 989 2541 crucis
1018 2485 1394 2542 humiliaret:
1429 2486 1599 2559 cujus
1645 2487 1829 2561 pretio
1863 2491 1922 2545 et

268 2577 508 2647 emptus
538 2577 594 2629 et
622 2574 893 2630 venditus
925 2591 958 2629 α
987 2575 1111 2631 suis
1137 2575 1419 2631 fratribus
1453 2590 1640 2649 genus
1669 2577 1919 2633 redemit

267 2661 621 2718 humanum.
654 2662 717 2718 In
753 2664 923 2735 cujus
953 2667 1088 2737 typo
1121 2663 1299 2720 David
1346 2663 1539 2721 minor
1583 2664 1803 2722 electus
1850 2682 1919 2723 ex

268 2751 574 2818 ﬁ‘atribus,
607 2755 822 2807 unctus
853 2751 912 2806 in
946 2768 1215 2826 regnum,
1246 2751 1411 2809 solus
1438 2752 1570 2810 belli
1601 2755 1793 2827 gravis
1822 2771 1918 2828 pe-

264 2840 479 2907 riculo,
525 2839 807 2913 singulari
858 2841 1172 2898 certamine
1227 2841 1569 2899 universum
1630 2842 1916 2918 pupulum

263 2928 559 2997 liberavit,
611 2928 997 3002 triumphavit
1042 2931 1102 2986 in
1149 2931 1347 2988 decem
1372 2931 1675 3002 millibus;
1723 2931 1807 2988 ita
1850 2937 1918 2988 ut

265 3018 477 3093 puella:
499 3034 631 3074 cum
665 3020 962 3091 tympanis
995 3018 1348 3092 psallerent:
1386 3043 1414 3071 ‹‹
1437 3019 1920 3095 Saultriumpha-

263 3108 350 3162 vit
382 3106 440 3163 in
471 3105 759 3176 millibus,
792 3107 969 3164 David
1026 3107 1085 3163 in
1117 3109 1317 3165 decem
1395 3108 1661 3166 millibus
1694 3110 1744 3182 (ι
1785 3115 1915 3183 Reg.

264 3212 432 3266 xvm,
462 3195 539 3268 7).
573 3218 601 3247 »
635 3197 770 3263 Quze
803 3196 992 3268 ﬁgura
1024 3196 1085 3253 in
1115 3196 1232 3253 illis
1252 3197 1612 3269 juveneulis,
1646 3198 1759 3255 nisi
1793 3200 1918 3255 ani-

2027 627 2223 678 tameu
2246 625 2558 683 Juilaicum
2584 629 2777 700 ipsum
2811 630 3105 685 existimat
3138 633 3364 688 venisse
3389 651 3493 706 pro
3516 636 3679 691 Chri-

2029 711 2168 767 sto?
2198 711 2263 768 Et
2294 730 2475 786 quam
2507 716 2693 772 multo
2736 719 2930 790 gravis
2990 722 3201 775 erroris
3251 723 3473 779 offensa
3519 741 3678 781 revo-

2030 798 2224 855 cavit?
2246 800 2433 874 Major
2459 804 2655 877 itaque
2688 806 2861 879 culpa
2902 808 3031 879 plus
3083 811 3321 880 profuit,
3379 829 3449 868 ne
3502 830 3682 885 supra

2030 887 2331 946 hominem
2364 893 2719 965 crederetur,
2754 896 2855 969 qui
2882 896 3023 954 vitio
3073 915 3184 954 non
3238 900 3523 958 caruisset
3570 901 3679 958 hu-

2033 994 2206 1034 mano
2239 978 2338 1052 (7).
2368 982 2496 1037 Fuit
2523 983 2703 1057 igitur
2731 985 2791 1040 in
2822 1003 2889 1043 eo
2936 986 3226 1045 invidiosa
3269 990 3577 1063 sapientia,
3623 998 3681 1048 et

2032 1066 2204 1141 culpa
2237 1070 2523 1139 suasoria,
2548 1089 2673 1145 quae
2705 1073 3003 1131 hominem
3026 1079 3450 1151 comprobaret.

2108 1157 2192 1211 lt.
2226 1157 2371 1224 Quid
2406 1159 2585 1233 igitur
2614 1163 2809 1220 obstat
2840 1164 3158 1237 quominus
3209 1167 3385 1224 etiam
3435 1169 3679 1228 Bethsa-

2034 1243 2136 1300 hee
2169 1253 2368 1304 sancto
2400 1247 2577 1307 David
2610 1252 2667 1307 in
2700 1253 2888 1326 ﬁgura
2920 1254 3139 1312 sociata
3168 1256 3349 1315 fuisse
3379 1259 3677 1331 credatur;

2036 1337 2099 1388 ut
2130 1336 2561 1407 signiﬁcaretur
2598 1343 2968 1415 congregatio
3024 1345 3349 1416 nationum,
3382 1364 3510 1420 quae
3563 1367 3678 1407 non

2032 1429 2157 1479 erat
2185 1424 2413 1483 Christo
2445 1428 2705 1502 legitimo
2736 1435 2990 1504 quodam
3045 1434 3175 1491 ﬁdei
3222 1435 3497 1509 copulata
3541 1455 3675 1497 con-

2033 1514 2231 1581 nubio,
2265 1517 2415 1587 quod
2477 1522 2917 1577 transversariis
2978 1526 3051 1594 β)
3114 1524 3477 1595 quibusdam
3533 1528 3681 1586 foret

2031 1603 2338 1660 vestibulis
2370 1606 2427 1660 iu
2460 1608 2589 1678 ejus
2617 1610 2867 1680 gratiam
2902 1619 3106 1683 printer
3147 1612 3292 1686 legis
3341 1615 3680 1688 ingressura

2030 1692 2457 1765 praescriptum,
2505 1696 2561 1751 in
2612 1714 2727 1769 qua
2779 1701 2935 1754 nuda
2983 1703 3197 1758 trientis
3244 1703 3573 1775 sinceritas,
3623 1713 3681 1763 et

2031 1784 2231 1852 aperta
2276 1781 2625 1855 simplicitas
2675 1784 2888 1842 lavacri
2937 1788 3305 1859 justiﬁcante
3378 1795 3677 1867 mysterio,

2028 1869 2146 1924 veri
2177 1869 2354 1927 David
2412 1877 2471 1928 et
2528 1874 2682 1947 regis
2745 1879 2943 1932 salerni
3009 1884 3266 1933 mentem
3323 1881 3678 1956 traduceret,

2030 1958 2342 2017 lacesseret
2381 1961 2777 2030 charitatem?
2834 1965 3039 2023 Merito
3099 1966 3254 2023 venit
3305 1970 3593 2040 occultus,
3624 1976 3683 2028 et

2032 2047 2130 2118 qui
2183 2048 2410 2107 falleret
2466 2051 2789 2125 principem
2853 2055 3078 2124 mundi,
3141 2061 3426 2130 tanquam
3480 2059 3679 2121 Uriam

2030 2135 2197 2193 illum
2233 2140 2331 2211 qui
2398 2140 2874 2213 interpretatione
2927 2144 3143 2201 dicitur
3199 2144 3400 2203 lumen
3458 2164 3679 2217 meum,

2030 2226 2546 2301 transﬁgurantem
2580 2247 2641 2287 se
2674 2231 2731 2286 in
2781 2233 3053 2305 angelum
3115 2233 3284 2293 lucis.
3344 2235 3537 2307 Venit,
3595 2239 3682 2295 in-

2030 2331 2230 2386 quam,
2264 2315 2318 2372 in
2352 2316 2510 2375 hunc
2556 2321 2869 2389 mundum,
2903 2326 2963 2378 et
3014 2323 3174 2381 venit
3229 2324 3515 2397 occultus,
3548 2332 3681 2386 tan-

2031 2420 2207 2476 quam
2241 2405 2470 2464 adnlter
2520 2408 2774 2479 intravit,
2830 2416 2895 2467 ut
2940 2413 3043 2484 jus
3101 2412 3432 2487 legitimum
3488 2416 3682 2475 vindi-

2029 2498 2205 2551 caret.

2671 2604 2902 2663 CAPUT
2943 2608 3032 2664 IV.

2030 2690 2253 2747 Davidis
2279 2694 2606 2767 paenitentia
2634 2695 2803 2765 paulo
2834 2698 3017 2767 fusius
3044 2700 3442 2767 commendata,
3494 2706 3677 2759 nemi-

2098 2780 2224 2846 nem
2255 2781 2287 2816 av
2337 2766 2495 2847 lapsu
2549 2767 2846 2847 ignmunern
2903 2769 3145 2847 inveniri
3199 2766 3677 2833 sanctissimorum

2099 2836 2346 2890 virorum
2374 2835 2690 2893 inductione
2715 2839 2905 2909 palam
2932 2841 3087 2910 facit

2102 2942 2187 2995 15.
2221 2941 2608 2998 Distinximus
2640 2943 3019 3017 allegationes
3049 2947 3128 3020 (9)
3175 2947 3418 3019 validas,
3471 2954 3537 3007 ut
3584 2969 3676 3009 ar-

2026 3028 2334 3099 bitramur,
2367 3035 2423 3086 et
2451 3030 2509 3086 in
2544 3032 2733 3105 ﬁgura
2764 3032 2941 3091 fuisse
2962 3039 3185 3092 textum
3208 3036 3387 3111 hujus
3418 3039 3677 3097 historias

2027 3120 2571 3192 comprobavimus:
2602 3137 2755 3176 nunc
2787 3123 3088 3195 superiora
3132 3132 3485 3198 repetamus,
3519 3130 3664 3187 08!

2026 3211 2084 3263 et
2113 3210 2394 3280 tanquam
2427 3213 2663 3264 exutum
2691 3209 3051 3281 spiritalibus
3083 3212 3446 3273 indumentis
3495 3219 3680 3274 intro-

268 3301 506 3343 marum
526 3302 651 3358 qua:
671 3284 1086 3377 triumphalem
1110 3284 1404 3377 psalmum
1428 3287 1916 3377 concinuntllhri-
1951 3283 1993 3349 C
2033 3295 2352 3368 spiciamus
2391 3314 2667 3354 errorem.
2723 3298 2987 3357 Peccavit
3035 3302 3237 3370 David,
3288 3306 3440 3377 quod
3487 3306 3680 3363 solent

270 3375 416 3431 sto?
444 3374 657 3431 Genuit
698 3391 766 3430 ex
823 3390 885 3429 se
943 3374 1113 3439 ﬁlios,
1150 3386 1331 3430 unum
1391 3375 1703 3446 incestum,
1736 3375 1920 3433 alium

270 3464 658 3539 parricidam;
691 3480 757 3519 eo
789 3463 943 3536 quod
976 3463 1232 3519 incestus
1261 3467 1321 3519 et
1337 3463 1705 3535 parricidalis
1735 3481 1921 3538 popu-

266 3562 366 3619 lus
392 3562 627 3619 afﬁxam
665 3561 927 3635 patibulo
949 3560 1136 3617 cruris
1160 3578 1392 3621 carnem
1418 3562 1637 3635 proprii
1666 3561 1919 3619 violatu-

262 3667 371 3706 rus
403 3654 560 3706 esset
588 3650 863 3706 auctoris.
899 3648 1159 3724 Denique
1189 3651 1246 3707 in
1279 3650 1448 3706 tertio
1480 3649 1703 3723 psalmo
1736 3652 1921 3707 Abes-

260 3738 439 3795 salon
466 3738 675 3795 titulus
690 3738 1085 3813 praemittitur,
1110 3744 1166 3795 et
1202 3738 1395 3812 passio
1419 3739 1650 3795 Domini
1677 3739 1921 3813 prophe-

326 3831 389 3882 tu
400 3845 445 3881 r.

257 3832 445 3970 milia?
480 3915 628 3981 Quid
688 3915 760 3971 de
823 3914 1133 3972 Salomone
1208 3919 1411 3973 sancto
1485 3914 1711 3988 loquar,
1745 3918 1919 3990 cujus

335 4030 415 4101 (7)
463 4030 615 4105 Edit.
663 4032 791 4087 Era.
836 4032 1144 4105 ac_ltom.,
1188 4034 1282 4105 qui
1325 4034 1458 4089 vitio
1500 4034 1767 4090 caruisset
1813 4032 1916 4089 hu-

254 4118 466 4166 mano;
493 4103 622 4157 Am.
655 4117 790 4159 vero
822 4107 878 4156 et
909 4102 1041 4158 Gill.
1077 4102 1213 4159 cuni
1244 4120 1415 4171 mss.,
1555 4120 1661 4160 non
1706 4105 1917 4159 caruis-

258 4177 437 4229 set....
470 4172 807 4246 commode.
841 4173 945 4228 Hie
976 4174 1131 4246 enim
1163 4171 1527 4246 subintelligi
1556 4175 1808 4243 videtur,
1830 4183 1919 4231 ut-

252 4247 406 4317 pote,
436 4245 524 4317 vel
557 4244 750 4317 simile
789 4245 1116 4317 quidpiam.
1165 4246 1382 4302 lterum
1423 4244 1689 4317 sequenti
1738 4264 1916 4303 sensu

259 4314 410 4372 edit.
442 4316 601 4384 Era.,
633 4314 770 4372 Gill.
792 4314 861 4389 et
909 4314 1103 4382 Rom.,
1157 4317 1338 4389 culpa
1381 4314 1669 4385 suasoria;
1703 4317 1918 4389 melius

256 4389 394 4460 Am.
425 4391 679 4460 et_mss,.
712 4388 872 4460 culpa
899 4390 1188 4460 suasoria;
1210 4388 1426 4460 quippe
1447 4404 1575 4460 qua:
1606 4388 1793 4460 suasit
1812 4405 1916 4451 seu

256 4457 530 4529 probavit
558 4456 927 4531 Sglomonem
960 4476 1140 4531 supra
1168 4456 1490 4531 humanam
1521 4458 1915 4531 conditionem

258 4527 382 4583 non
415 4544 563 4583 esse.
599 4527 719 4584 Hoc
760 4534 957 4585 autem
1009 4527 1137 4585 loco
1182 4529 1415 4585 videtur
1444 4529 1792 4586 Ambrosius
1845 4531 1916 4587 de

254 4599 616 4673 Salomonis,
649 4617 824 4671 quem
857 4605 1128 4657 sanctum
1158 4600 1607 4673 appellarenon
1653 4601 1908 4673 dubitat,

2031 3401 2233 3459 reges:
2284 3387 2383 3441 sed
2437 3387 2836 3459 penitentiam
2889 3390 3089 3463 gessit,
3143 3391 3317 3461 ﬂevit,
3367 3394 3676 3467 ingemuit,

2032 3475 2184 3545 quod
2220 3492 2332 3530 non
2365 3474 2555 3530 solent
2582 3493 2763 3550 reges.
2793 3479 3106 3535 Confessus
3146 3486 3234 3537 est
3280 3481 3535 3555 culpam,
3570 3485 3678 3540 ob-

2030 3561 2275 3618 secravit
2322 3561 2771 3635 indulgentiam,
2831 3558 2996 3622 hun'ii
3069 3574 3291 3626 stratus
3358 3572 3680 3645 deploravit

2029 3666 2373 3717 aerumnam,
2399 3651 2708 3722 jejunavit,
2741 3653 2944 3721 oravit,
2976 3656 3362 3714 confessionis
3392 3677 3511 3715 sua:
3562 3665 3679 3716 tes-

2027 3738 2338 3794 timonium
2365 3738 2420 3793 in
2453 3744 2730 3810 perpetua
2750 3741 2963 3796 saacula
2990 3743 3225 3816 vulgato
3256 3744 3454 3803 dolore
3484 3753 3676 3806 trans-

2029 3826 2210 3883 misit.
2270 3827 2433 3892 Quod
2488 3827 2844 3883 erubescunt
2900 3829 3087 3886 facere
3142 3833 3371 3903 privati,
3403 3850 3501 3890 rex
3560 3854 3677 3892 non

2026 3915 2263 3973 erubuit
2316 3916 2600 3972 conﬁteri.
2660 3916 2765 3982 Qui
2824 3922 3098 3974 tenentur
3151 3919 3401 3992 legibus,
3458 3925 3677 3983 audent

2026 4030 2092 4087 de
2116 4030 2594 4102 paenitentiaejus
2620 4032 2701 4088 vel
2732 4032 3076 4102 indulgentia
3128 4036 3224 4089 Dei
3271 4038 3498 4093 omnino
3538 4053 3681 4093 com-

2026 4101 2311 4181 memorat.
2330 4101 2589 4181 Denique
2612 4119 2726 4181 non
2752 4101 3181 4181 defueruntqui
3202 4106 3453 4163 mediam
3476 4125 3681 4181 quam-

2027 4174 2162 4230 dam
2183 4173 2341 4250 viam
2364 4179 2641 4250 putarent
2671 4173 3419 4250 iucundam,__d_icerentque
3440 4173 3679 4239 ta'metsi

2027 4250 2263 4318 peccato
2284 4247 2411 4318 ejus
2434 4245 2581 4318 nihil
2604 4246 2820 4301 certius
2842 4245 2937 4313 sit,
2970 4247 3116 4302 nihil
3152 4245 3348 4305 autem
3389 4250 3676 4307 incertius

2025 4316 2153 4391 ejus
2176 4316 2555 4391 poenitentia;
2582 4322 2775 4372 tamen
2804 4318 2942 4388 quia
2967 4319 3041 4391 de
3074 4318 3271 4391 ipsius
3306 4320 3495 4377 salute
3528 4322 3676 4379 nihil

2024 4386 2333 4465 Scriptura
2353 4386 2606 4465 deﬁniat,
2631 4405 2736 4444 nec
2766 4386 2873 4444 nos
2903 4389 3077 4444 etiam
3097 4386 3187 4446 'de
3217 4389 3318 4446 illa
3349 4393 3675 4465 quidquam

2026 4458 2201 4513 deﬁni
2210 4475 2270 4513 re
2301 4458 2530 4513 debere.

2097 4532 2173 4596 (8)
2207 4530 2349 4585 Mss.
2384 4530 2569 4593 l)ion.,
2610 4528 2792 4597 Colb.,
2844 4530 3014 4597 Maz.,
3062 4531 3430 4599 adversariis;
3476 4535 3576 4592 alii
3620 4542 3678 4593 et

2025 4602 2187 4677 edit.,
2222 4601 2655 4677 transversariis.
2691 4600 2905 4677 lterum
2936 4620 3082 4677 mss.
3144 4604 3312 4677 Rom.
3375 4613 3432 4661 et
3487 4606 3672 4677 Colb.,

258 4656 615 4753 paenitentia
635 4656 693 4727 et
720 4673 911 4754 salute
942 4656 1316 4754 nequaquam
1362 4671 1683 4754 ambigere.
1713 4656 1912 4754 Neque
1942 4656 1986 4720 D
2012 4656 2371 4754 pratérlegis
2394 4672 2531 4754 jura
2558 4673 2895 4754 proscripta;
2930 4656 3164 4754 B_eni_g.,
3177 4656 3671 4754 ‘Alibinivet'ed-it:

253 4741 399 4799 vero
427 4741 487 4797 in
518 4758 590 4798 ea
615 4744 908 4799 sententia
924 4741 1086 4800 solus
1101 4741 1192 4799 est
1214 4762 1227 4811 ;
1251 4758 1381 4800 eam
1408 4741 1564 4799 enim
1593 4741 1915 4801 detendunt

256 4811 512 4889 Cyrillus
542 4811 767 4889 Hieros.
801 4814 967 4889 Cati}.
1004 4832 1066 4882 ιι,
1107 4819 1164 4869 et
1196 4813 1609 4889 _lli_eronymiis
1650 4815 1720 4889 Ain
1781 4832 1908 4889 cap.

253 4884 400 4939 xnm
440 4884 647 4941 Ezech.
683 4885 843 4941 Idem
873 4884 1104 4942 Hieron.
1162 4884 1300 4941 alibi
1350 4884 1526 4941 etiam
1578 4885 1754 4942 refert
1806 4884 1910 4943 Ju-

253 4956 522 5030 daaorum
548 4955 884 5030 opinionem
907 4958 979 5012 de
1001 4957 1340 5030 poenitentia
1360 4956 1713 5030 Salomonis,
1732 4973 1906 5030 quem

257 5043 329 5101 ea
355 5027 429 5101 de
458 5027 637 5101 causa
667 5027 977 5101 scripsisse
1003 5027 1196 5101 libros
1227 5028 1685 5101 ‘Proverbiorum
1736 5027 1911 5101 atque

256 5095 629 5172 Ecclesiastis
662 5095 1040 5172 arbitrantur.
1072 5099 1197 5172 Alii
1226 5098 1450 5172 Patres,
1474 5099 1658 5172 multo
1700 5095 1909 5172 majori

258 5183 509 5242 numero
540 5167 710 5225 illum
742 5169 867 5225 sine
898 5169 1016 5226 ulla
1046 5170 1387 5242 plenitentia
1420 5167 1909 5237 demnctum,'at-

256 5255 375 5310 que
405 5240 547 5295 adeo
580 5244 806 5296 interna;
837 5240 1193 5297 damnationi
1228 5241 1527 5297 addictum
1558 5257 1686 5297 esse
1716 5242 1911 5298 existi-

256 5315 446 5384 mant.
482 5310 544 5366 In
573 5310 672 5384 his
705 5313 997 5368 numerari
1030 5317 1218 5384 potest
1247 5311 1491 5384 Tertull.
1527 5311 1628 5367 lib.
1647 5330 1704 5384 ⁸ιι
1751 5312 1905 5369 Cont.

252 5382 425 5457 fliam.
449 5387 508 5438 et
536 5382 716 5457 alibi;
753 5384 929 5440 Basil.
971 5382 1144 5457 epist.
1195 5384 1276 5440 Ad
1325 5383 1538 5457 Chilon.
1569 5400 1584 5451 ;
1633 5382 1905 5457 Cyprian,

256 5451 438 5531 lib._1,
470 5453 643 5527 epist.
675 5455 730 5521 5,
781 5459 958 5531 atque
1004 5451 1124 5531 alii,
1174 5455 1519 5531 quos_inter
1562 5451 1905 5531 prmlérmit-

251 5523 473 5598 tendus
505 5523 743 5598 nonest
770 5523 1159 5598 Augustinus,
1191 5523 1315 5598 qui,
1336 5524 1482 5598 licet
1510 5523 1587 5598 exi
1607 5524 1907 5598 industria

300 5593 571 5667 razclaros
618 5596 838 5655 Veteris
863 5593 1247 5655 Testamenti
1294 5593 1453 5655 viros
1492 5597 1783 5667 defendat,
1834 5599 1905 5655 de

300 5611 571 5652 molares
625 5611 838 5655 veteris
885 5611 1247 5655 Testamenti
1294 5612 1453 5655 Viros
1492 5611 1783 5667 defendat,
1834 5611 1905 5655 de

252 5611 572 5745 Salomone
600 5671 799 5745 tamen
828 5670 913 5745 ita
943 5668 1318 5745 pronuntiat:
1369 5667 1740 5745 Vehementen
1771 5686 1905 5745 eum

252 5739 446 5818 arguit
481 5748 670 5803 sancta
717 5739 1005 5819 Scriptum
1058 5744 1219 5815 atque
1265 5739 1607 5813 condmnat,
1654 5740 1906 5818 nihilque

2021 4745 2149 4819 ém.
2196 4748 2406 4819 atque_
2424 4743 2573 4819 _Era.,
2620 4743 2834 4819 prww2-_
2868 4746 3001 4816 legis
3050 4743 3184 4816 jura
3229 4751 3669 4819 praescriptum;

2022 4814 2249 4890 Thuan.
2277 4812 2340 4868 et
2356 4812 2562 4890 _l_)_ion.,
2579 4812 2789 4890 prayer
2798 4812 2958 4890 Aleges
2980 4812 3299 4890 ingressu-ra
3318 4812 3669 4890 praescripto;

2020 4884 2281 4961 Deniqu
2320 4882 2416 4939 alii
2452 4882 2594 4939 cum
2620 4885 2758 4961 edit.
2787 4885 2933 4961 Gill._
2953 4896 3010 4942 et
3041 4882 3206 4961 Rom.
3241 4882 3439 4961 utinos
3492 4882 3670 4961 su'pe-

2020 4957 2163 5012 rius.
2198 4956 2385 5028 Porro
2413 4957 2760 5028 mysterium
2809 4957 2869 5013 in
2920 4958 3029 5015 hoc
3074 4959 3360 5014 adulterio
3408 4956 3669 5017 extitisse

2020 5028 2285 5100 agnoscit
2314 5025 2493 5100 etiam
2523 5028 2580 5082 in
2613 5028 2935 5085 Comment.
2968 5030 3024 5083 in
3056 5030 3193 5084 Luc.
3227 5044 3354 5100 cap.
3399 5047 3461 5084 ιιι
3513 5030 3669 5087 idem

2016 5099 2382 5173 Ambrosius.
2419 5098 2621 5173 [ltrum
2652 5105 2844 5173 autem
2887 5100 3147 5173 mysterii
3197 5098 3420 5173 ratione
3465 5118 3671 5173 pecca-

2017 5174 2144 5244 tum
2177 5169 2301 5226 tolli
2334 5170 2688 5244 credendum
2721 5172 2834 5238 sit;
2868 5169 2998 5244 vide
3024 5187 3150 5244 quae
3181 5171 3250 5224 ad
3269 5187 3411 5244 cap.
3440 5169 3503 5226 ιῐι
3535 5173 3669 5229 libri

2017 5243 2091 5298 De
2118 5244 2306 5313 Ioseph
2333 5240 2661 5313 patriar-ch”
2695 5258 2858 5296 num.
2892 5242 2981 5306 13,
3012 5240 3443 5299 adnotavimus.

2224 5313 2417 5395 Edit,
2459 5313 2795 5396 allegorias,-
2852 5328 3021 5396 ιιιεεη
3065 5315 3463 5396 _allegationes.
3495 5385 3505 5395 _
3541 5314 3668 5371 Non

2018 5381 2286 5449 dubium,
2319 5383 2463 5457 quin
2506 5381 2792 5457 intelligat
2839 5381 3543 5457 allegoricas:superioris
3573 5403 3666 5442 ca-

2016 5457 2157 5528 pitis
2190 5454 2462 5530 historias
2490 5472 2503 5521 ;
2535 5459 2597 5530 _at
2629 5454 3397 5530 fortesuspiceturaliquis,
3433 5474 3534 5530 pro
3554 5460 3667 5513 dis-

2017 5523 2311 5593 tinximus,
2344 5523 2658 5598 legendum
2688 5523 3100 5598 dish-iniimus,
3150 5527 3207 5582 id
3256 5523 3666 5594 est,strietim

2016 5598 2345 5665 attigimus,
2397 5594 2805 5652 delibavimus.
2854 5594 3125 5655 Attamen
3174 5599 3536 5657 distinximus
3584 5599 3668 5657 ita

2016 5616 2120 5655 am
2167 5616 2345 5665 imus,
2397 5616 2805 5652 aeiinavimus.
2854 5616 3125 5655 Ληαωθη
3174 5616 3536 5657 auiimmus
3584 5616 3665 5657 ita

2015 5616 2287 5747 explicari
2318 5670 2529 5745 potest,
2563 5683 2631 5747 ac
2663 5667 2711 5725 si
2744 5667 3052 5747 legeretur,
3102 5686 3219 5730 non
3268 5672 3527 5744 confuse,
3562 5672 3665 5731 sed

2014 5738 2121 5801 suo
2153 5738 2451 5818 quam'que
2481 5738 2683 5800 ordine
2714 5738 3047 5801 retulimus.
