4052 6196
557 342 674 404 899
2011 334 2078 395 S.
2126 332 2192 396 Al

2301 332 2502 397 nosn
3758 328 3861 406 suo

555 488 729 529 suum
763 485 973 543 negare
1002 470 1330 541 peccatum,
1360 464 1753 538 dedignantur
1783 482 1984 537 rogare
2018 465 2205 520 inrlul-
2234 480 2279 541 Α
2862 465 3014 523 682
3055 464 3281 521 CAPUT
3340 468 3399 521 V.

552 558 1044 633 gentiam.“’quam
1074 556 1307 630 petebat
1361 553 1462 626 qui
1517 552 1699 609 nullis
1755 552 1986 626 legibus
2038 558 2199 609 tene-
2311 554 2774 637 Parabatur/eam
2804 553 3004 637 Βαῃίάί
3026 556 3310 637 proposuit
3345 555 3577 637 Nataan,
3604 563 3862 633 exponitur;

552 625 726 706 batur
784 625 1094 705 bur-nanis.—
1144 644 1305 712 Quod
1366 625 1641 716 peccavit,
1698 625 2054 698 conditionis
2110 645 2192 698 est

2378 628 2429 680 et
2460 625 3070 716 ςὴςὶεῑοβιιδσερεκριιε
3097 627 3164 681 ab
3195 641 3255 681 eo
3281 628 3438 683 carni
3464 625 3697 686 humana
3710 625 3863 692 ueremi

1119 696 1261 807 cdp:
1276 696 1391 789 iu;
1699 696 1859 804 Quod
1898 696 2192 803 peceavitl:

2378 696 2652 753 modatur.

553 832 709 906 quod
740 824 1108 901 supplicavit,
1142 822 1541 879 correctionis.
1575 821 1799 894 Lapsus
1842 818 2199 887 communis,
2379 821 2466 875 20.
2499 821 2613 877 Nec
2644 820 2921 893 parabole
2947 820 3177 877 videtur
3206 837 3239 877 a
3280 821 3546 895 mysterio
3589 823 3861 898 discrepare,

554 922 658 979 sed
689 916 957 991 specialis
1002 912 1310 970 confessio.
1362 909 1605 983 Culpam
1653 909 1849 981 itaque
1896 907 2197 974 incidisse,
2308 909 2451 975 Quis
2477 908 2632 965 enim
2660 909 2842 976 dives,
2877 909 2990 965 nisi
3034 909 3317 967 Dominus
3365 913 3554 967 noster
3593 911 3759 981 Jesus,
3796 916 3862 987 qui

552 1014 772 1067 natura;
803 1009 928 1063 est:
964 1002 1229 1069 diluisse,
1258 999 1492 1056 virtutis
1539 998 1675 1069 (I0).
1715 1019 1737 1049 ι
1788 996 1929 1061 Quis
1978 994 2199 1069 gloria-
2309 999 2381 1054 de
2411 1016 2472 1056 sc
2503 998 2604 1067 ait,
2638 1003 2703 1054 ut
2732 998 2906 1055 hodie
2943 998 3159 1055 lectum
3207 1003 3314 1063 est,
3364 1000 3549 1072 quod:
3596 1000 3747 1059 homo
3781 1005 3866 1076 qui-

550 1105 665 1165 tur,
698 1094 908 1168 inquit,
943 1096 1168 1148 castum
1202 1106 1264 1146 se
1294 1088 1507 1144 habere
1538 1104 1637 1142 cor
1673 1088 1853 1157 (Prov.
1908 1103 2001 1152 xx,
2032 1083 2129 1153 9)?
2166 1105 2195 1135 η
2308 1088 2444 1142 dam
2466 1103 2601 1143 cum
2632 1087 2794 1143 dives
2818 1092 2993 1154 esset,
3016 1087 3239 1143 abiitin
3257 1088 3544 1161 regionem
3563 1088 3863 1163 longinquam

548 1190 663 1245 Nec
694 1185 869 1242 unius
900 1183 1011 1237 dici
1046 1181 1237 1235 infans
1270 1176 1530 1234 mundus
1568 1192 1697 1231 esse
1752 1174 2065 1246 Scriptura:
2114 1177 2199 1228 te-
2307 1175 2567 1247 accipere
2608 1191 2853 1248 regnum
2901 1182 2956 1231 et
3012 1176 3215 1231 reverti
3260 1178 3407 1249 (Luc.
3464 1194 3573 1242 xxv,
3617 1178 3710 1250 12).
3761 1202 3782 1229 »
3820 1181 3866 1236 Et

551 1275 827 1336 είίῐῐιοηίο
858 1272 1187 1328 deamat“?
1215 1268 1350 1339 (Ῐοὺι
1374 1283 1489 1332 Kl",
1524 1265 1597 1337 4)·
1638 1288 1664 1311 ’³
2308 1280 2441 1320 vere
2478 1264 2638 1319 dives
2666 1269 2789 1320 erat
2818 1265 3147 1335 majestatis
3178 1282 3296 1321 suae
3344 1265 3568 1337 opibus,
3619 1271 3670 1322 et
3715 1267 3863 1322 divini-

2308 1358 2445 1408 tatis
2478 1354 2723 1425 propriae
2754 1352 3137 1425 plenitudine,
3188 1354 3280 1409 cui
3347 1353 3544 1427 Angeli
3601 1359 3651 1409 et
3674 1354 3865 1412 Archim-

2308 1441 2442 1515 geli,
2469 1441 2728 1498 Virtutes
2758 1448 2815 1498 et
2852 1442 3172 1498 Potestates
3202 1449 3260 1498 et
3289 1443 3662 1515 Principatus,
3707 1443 3864 1500 Thmui

2308 1535 2367 1586 et
2396 1530 2853 1594 Dominationes,
2887 1530 3202 1586 Cherubim
3232 1537 3291 1586 et
3322 1531 3620 1603 Serapbim
3647 1531 3865 1588 indelesso

2309 1618 2587 1691 obsequio
2621 1619 2967 1676 serviebant.
2999 1619 3109 1675 Sed
3140 1625 3338 1676 tamen
3372 1637 3503 1676 cum
3557 1619 3697 1677 dives
3742 1626 3864 1688 esset,

2308 1707 2545 1780 reliquit
2581 1708 2899 1781 nonaginta
2950 1725 3153 1764 novem
3212 1709 3271 1764 in
3331 1709 3620 1766 montibus
3667 1725 3789 1774 oves,
3829 1714 3868 1764 et

2307 1814 2484 1854 unam
2519 1814 2681 1852 ovem
2714 1815 2841 1868 quae
2871 1796 3028 1853 lassa
3047 1804 3431 1868 remanserat,
3453 1797 3739 1871 requisivit.
3757 1796 3868 1853 Hanc

2306 1884 2577 1956 princeps
2610 1884 2780 1939 istius
2812 1884 3038 1949 mundi,
3061 1884 3549 1957 contemplatione
3575 1884 3712 1941 illius
3729 1884 3867 1941 divitis

2305 1988 2524 2045 egenus
2552 1978 2610 2028 et
2642 1989 2879 2044 pauper,
2913 1972 3081 2045 quasi
3135 1973 3315 2029 filiam
3361 1973 3642 2030 alimentis
3682 1973 3867 2047 propriis

2305 2062 2618 2118 nutriebat.
2654 2062 2854 2118 Merito
2886 2062 3081 2134 itaque
3112 2062 3423 2129 defecerat,
3482 2064 3568 2119 cui
3614 2063 3868 2119 substantia

621 1410 824 1469 46.Βᾶ
855 1405 998 1463 mihi
1049 1403 1308 1474 aliquem
1369 1399 1495 1455 sine
1554 1396 1921 1470 prolaptione
1978 1394 2195 1452 delicti.

549 1498 962 1559 Validissimus
992 1492 1255 1551 omnium
1287 1490 1535 1545 Samson
1571 1486 1784 1559 legitur
1815 1484 2010 1557 (ludio.
2033 1500 2128 1539 xiv
2148 1486 2201 1538 et

549 1593 706 1664 seq.),
742 1588 840 1663 qui
866 1587 1089 1642 leonem
1124 1580 1299 1637 etiam
1319 1578 1444 1634 suis
1473 1574 1747 1631 manibus
1773 1571 2196 1664 strangulavit,

551 1660 675 1740 sed
704 1660 926 1736 utinam
974 1685 1232 1728 amorem
1280 1682 1457 1723 suum
1528 1664 1812 1720 sull‘ocare
1872 1660 2195 1734 potuisset!

550 1772 771 1828 Messes
802 1762 1061 1820 incendit
1115 1754 1565 1829 allophylorum,
1626 1756 1682 1808 et
1736 1750 1862 1824 ipse
1929 1748 2193 1805 mulieris

556 1861 730 1917 unius
761 1853 905 1910 arsit
933 1846 1213 1922 igniculo.
1243 1842 1494 1917 Jepbthe
1526 1843 1708 1896 victor
1763 1841 1835 1895 ab
1892 1839 2057 1895 hoste
2110 1853 2197 1893 re-
2228 1848 2274 1912 B

553 1948 802 2007 meavit:
844 1942 944 1998 sed
979 1936 1186 1995 vexilla
1217 1934 1473 1990 referens
1527 1928 1927 2002 triumphalia,
1977 1944 2083 1984 suo
2114 1926 2194 1980 vi-

551 2038 681 2097 ctus
712 2040 801 2092 est
829 2030 1218 2092 sacramento,
1255 2028 1317 2078 ut
1350 2023 1619 2094 pietatem
1661 2018 2016 2074 occurrentis
2064 2015 2195 2071 filias

553 2123 863 2203 parricidio
907 2114 1396 2175 remunerandam
1447 2113 1694 2183 putaret.
1749 2107 2011 2203 Primum
2071 2121 2193 2159 om-

552 2195 716 2275 nium
751 2211 889 2287 quid
920 2224 1068 2280 Opus
1100 2204 1211 2259 fuit
1240 2208 1360 2259 tam
1395 2198 1558 2255 facile
1602 2199 1825 2287 jurare,
1878 2200 1935 2251 et
1975 2195 2198 2287 incerta

550 2281 917 2373 vovere-pro
973 2294 1169 2358 certis,
1227 2305 1479 2364 quorum
1556 2286 1805 2343 nesciret
1877 2281 2196 2373 eventum?

551 2393 770 2452 Deinde
815 2371 893 2444 ad
943 2384 1082 2459 quid
1135 2384 1501 2437 sacramenta
1547 2375 1741 2431 tristia
1784 2373 2030 2429 Domino
2079 2371 2195 2427 Deo

551 2482 777 2541 reddit;
814 2482 876 2533 ut
906 2471 1163 2531 cruentis
1195 2468 1379 2525 solvat
1409 2483 1513 2522 sua
1544 2470 1675 2520 vota
1705 2460 2055 2520 funeribus?

2304 2156 2427 2207 erat
2457 2151 2624 2207 cibus
2667 2150 2882 2206 saeculi.
2917 2151 3216 2207 Erraverat
3274 2151 3398 2207 haec
3454 2152 3572 2208 ovis
3624 2152 3675 2207 in
3718 2152 3865 2217 Adam,

2304 2240 2537 2295 insidiis
2568 2238 2879 2296 sollicitata
2909 2240 3216 2313 serpentis.

2373 2332 2462 2384 2t.
2496 2330 2564 2384 Et
2594 2346 2708 2386 non
2741 2328 2896 2384 mala
2932 2328 3074 2397 ovis,
3103 2346 3231 2401 quae
3264 2335 3392 2385 erat
3420 2329 3586 2386 Verbi
3625 2329 3780 2403 plena,
3804 2333 3867 2384 ut-

2305 2423 2436 2493 pote
2468 2416 2831 2478 rationabilis
2863 2418 3247 2474 hebdomadis
3281 2419 3395 2491 (12)
3454 2419 3588 2490 filia,
3640 2423 3690 2475 et
3735 2417 3865 2475 sancti

2305 2525 2524 2564 munus
2553 2507 2849 2575 auctoris;
2880 2512 3078 2562 tamen
3127 2524 3244 2564 non
3302 2508 3572 2580 pretiosis
3622 2506 3865 2580 aliquibus,

618 2618 708 2673 17.
740 2614 851 2670 Nec
881 2612 952 2666 de
999 2603 1399 2663 sacerdotibus
1450 2599 1744 2656 silendum
1799 2597 2072 2662 arbitror,
2122 2610 2196 2650 ne
2304 2596 2406 2653 sed
2431 2596 2646 2652 vilibus
2674 2595 2947 2668 pauperis
2977 2596 3074 2650 diu
3108 2596 3323 2668 Opibus
3355 2595 3627 2653 alebatur.
3675 2594 3867 2665 Denique

549 2711 751 2764 nostra
769 2702 967 2756 videar
987 2691 1362 2752 dissimulare
1392 2688 1621 2745 delicta.
1655 2691 1843 2743 Aaron
1876 2686 2000 2757 ipse
2031 2700 2193 2740 sum-
2304 2709 2331 2736 ‹‹
2366 2686 2438 2742 de
2468 2701 2619 2758 pane
2646 2685 2797 2755 ejus,
2828 2684 3041 2757 inquit,
3082 2685 3500 2755 manducabat,
3554 2689 3606 2741 et
3646 2684 3707 2740 de
3744 2682 3867 2738 calice

548 2812 683 2852 mus
714 2789 986 2849 sacerdos
1020 2788 1158 2857 (quo
1181 2783 1327 2837 duce
1345 2778 1562 2852 pariter
1591 2794 1657 2832 ac
1689 2776 1904 2846 Moyse,
1930 2772 2190 2828 Rubrum
2303 2776 2430 2847 ejus
2462 2774 2720 2840 bibebat,
2751 2779 2811 2829 et
2838 2774 2897 2829 in
2930 2773 3061 2829 sinu
3091 2774 3221 2846 ejus
3277 2775 3599 2831 dormiebat
3658 2774 3735 2845 (11
3777 2774 3865 2841 Reg.

550 2885 724 2959 pedes
740 2895 900 2937 mare
922 2873 1188 2932 transivit
1218 2867 1468 2942 populus
1510 2866 1907 2931 Hebraeorum)
1955 2865 2193 2934 rogatus
2303 2882 2403 2932 xu,
2436 2864 2511 2935 3).
2539 2886 2583 2959 il
2599 2863 2723 2959 lion
2757 2864 2908 2959 bona
2937 2879 3071 2959 esca
3123 2863 3494 2959 zEthiopnm,
3542 2862 3726 2920 noxius

550 2947 585 3029 ξι
614 2972 780 3045 plebe
812 2972 875 3023 ut
902 2967 1042 3021 deos
1071 2959 1186 3017 sibi
1219 2962 1430 3013 taceret
1451 2972 1599 3027 quos
1631 2954 1956 3045 adorarent,
1981 2967 2191 3045 aurum
2303 2970 2515 3009 aureus
2546 2951 2879 3045 Babylonis,
2905 2950 3019 3045 qui
3044 2956 3245 3024 gentes
3280 2952 3576 3045 inebriat:
3622 2968 3720 3045 no_n
3752 2947 3869 3045 utilis

548 3037 832 3136 μα’ροεείι,
865 3056 925 3111 in
956 3054 1150 3125 ignem
1183 3046 1365 3113 misit,
1384 3048 1444 3136 et
1474 3047 1647 3136 caput
1676 3040 1853 3136 vituli
1876 3041 2191 3136 figuratum
2302 3059 2547 3136 somnus
2577 3040 3141 3136 est‘dormientibus,
3173 3041 3333 3136 man
3382 3037 3868 3136 vigi_lare._Deniquo

547 3127 657 3218 est,
691 3148 785 3205 cui
819 3149 960 3200 sunt
1007 3139 1202 3197 oblata
1242 3132 1555 3191 sacrificia.
1581 3132 1703 3197 Quo
1734 3128 1949 3185 indicio
1980 3127 2195 3184 claruit
2302 3130 2520 3188 turbati
2546 3133 2686 3187 sunt
2715 3146 2919 3186 omnes
2965 3129 3315 3203 insipientes
3373 3131 3560 3197 corde,
3614 3128 3870 3218 obdormie:

546 3213 674 3297 auri
704 3235 1093 3308 cupiditatum
1126 3224 1431 3282 materiam
1461 3238 1591 3277 esse
1640 3218 1911 3292 perﬁdia},
1959 3222 2017 3274 et
2058 3233 2187 3272 ava-
2219 3216 2263 3283 C
2302 3226 2440 3277 runt
2467 3236 2742 3276 somnum
2774 3236 2973 3285 suum,
3005 3225 3063 3275 et
3091 3219 3238 3275 nihil
3290 3221 3642 3283 invenerunt.
3686 3213 3866 3308 Hospitii

546 3328 689 3386 ritiae
721 3302 915 3382 studio
948 3315 1254 3388 sacrilegia
1284 3311 1472 3368 solere
1496 3309 1782 3382 generari.
1820 3309 2029 3362 lterum
2061 3310 2188 3361 tan-
2302 3310 2480 3383 igitur
2500 3308 2705 3382 gratia,
2724 3307 2863 3381 quia
2883 3315 3222 3381 susceperat
3243 3309 3555 3382 hospitem,
3577 3311 3636 3365 ut
3662 3307 3705 3363 ei
3722 3302 3867 3378 epulas

546 3422 643 3474 tus
673 3414 946 3472 sacerdos
973 3408 1167 3464 locum
1192 3401 1397 3458 incidit
1428 3397 1769 3455 offensionis
1801 3412 1934 3451 cum
1992 3408 2190 3451 sorore
2297 3398 2613 3467 exhiberet,
2646 3396 2807 3453 illam
2839 3397 3113 3470 pauperis
3170 3414 3341 3454 ovem
3399 3396 3647 3455 abstulit.
3678 3400 3739 3451 De
3780 3392 3866 3448 suis

545 3522 655 3564 sua
670 3502 871 3561 Maria.
895 3498 1042 3554 Nam
1076 3495 1225 3550 dum
1251 3489 1415 3546 fratri
1448 3491 1695 3559 uterque
1724 3485 2008 3540 obtrectat
2034 3481 2190 3555 quod
2297 3488 2452 3546 enim
2487 3486 2570 3542 vel
2604 3486 2881 3559 gregibus
2909 3486 2996 3547 vel
3028 3486 3317 3544 armentis
3346 3487 3395 3544 si
3429 3487 3578 3560 quod
3599 3480 3867 3541 animum.

543 3594 933 3665 alienigenam
965 3582 1283 3656 accepisset
1311 3594 1571 3643 uxorem,
1623 3574 1778 3630 illico
1825 3573 2005 3628 Maria
2052 3587 2189 3626 con-
2298 3576 2564 3643 molaret,
2598 3574 2766 3630 nobis
2811 3576 3086 3647 prodesse
3145 3592 3259 3631 non
3323 3581 3565 3649 poterat,
3620 3590 3745 3645 quos
3787 3566 3863 3624 nisi

543 3683 698 3755 tagio
723 3662 864 3751 (ω’)
899 3672 1208 3733 maculosae
1239 3668 1432 3725 carnis
1453 3664 1724 3723 effloruit.
2296 3663 2679 3730 immolasset,
2712 3680 2827 3720 non
2860 3662 3222 3720 redemisset,

618 3750 643 3865 it
675 3815 742 3870 18
784 3814 905 3878 Quo
936 3808 1044 3865 loci
1072 3803 1356 3862 evidentis
1388 3800 1495 3855 fuit
1517 3799 1704 3871 figura
1724 3794 2009 3869 mysterii,
2032 3795 2188 3866 quod
2368 3757 2455 3809 22'
2493 3754 2865 3878 Lnnnﬂitﬁles
2894 3751 3075 3878 igitur
3104 3752 3666 3878 ηοείνίεξτθὲίίίέαίίε
3701 3750 3748 3851 in
3791 3762 3864 3878 SI“!

750 3858 760 3868 .
2297 3858 2468 3878 "mmn
2542 3858 2666 3878 nm“
2704 3859 2728 3878 ε’
2760 3859 2772 3878 ¹
2816 3858 2932 3878 τ¹¹¹η
2978 3858 3068 3878 ’πη
3104 3858 3335 3878 “naM-ru
3397 3859 3423 3878 ιι
3473 3858 3532 3878 an
3561 3859 3591 3878 ιι
3643 3854 3779 3878 ριιιιια
3824 3851 3862 3878 ρ.

545 3901 924 3962 sacerdotalis
956 3897 1054 3954 ille
1084 3892 1340 3968 populus
1390 3893 1621 3962 patrum
1673 3886 1930 3941 fraternd
1976 3881 2189 3956 populo

545 3990 966 4068 posterioribus
1022 3980 1385 4054 temporibus
1452 3977 1774 4068 derogaret,
1827 3971 2187 4068 IEIbiOpissa:

541 4060 703 4138 illius
730 4078 996 4135 nesciens
1026 4071 1479 4127 sacramentum.
1515 4063 1662 4118 Nam
1712 4062 1759 4117 si
1802 4060 2188 4133 cognovisset,

544 4188 659 4228 non
690 4161 1181 4240 reprehendisset,
1214 4155 1367 4229 quod
1402 4169 1536 4209 cum
1558 4150 1732 4207 veteri
1757 4150 2033 4223 mysterio
2058 4165 2188 4205 con-

541 4238 781 4317 veniret.
846 4254 1045 4325 Itaque
1093 4262 1228 4302 cum
1263 4242 1499 4300 Judaaus
1546 4257 1678 4298 eum
1736 4240 1835 4313 qui
1884 4256 1952 4294 ex
2000 4238 2187 4312 genti-

544 4351 657 4404 bus
688 4343 953 4410 credidit,
986 4338 1128 4395 dicit
1158 4351 1286 4392 esse
1316 4347 1685 4389 communem
1718 4330 1855 4401 (11),
1903 4334 1960 4384 et
2005 4325 2189 4382 vulta

543 4436 671 4507 lege
700 4446 1019 4497 secernere,
1064 4427 1282 4499 lepram
1330 4422 1526 4487 habet,
1578 4436 1753 4492 quam
1809 4434 1924 4473 non
1975 4416 2188 4507 poterit

543 4504 801 4589 evadere,
838 4518 951 4575 nisi
982 4514 1263 4590 spiritalis
1298 4512 1349 4567 ei
1380 4510 1528 4583 legis
1574 4508 1793 4580 agnitio
1839 4508 1910 4563 ad
1956 4504 2184 4560 veniam

544 4611 719 4669 fuerit
748 4588 1084 4679 suifragata.
2217 4588 2265 4653 D

2297 3858 2469 3897 carne
2499 3840 2774 3913 hospitali
2816 3842 3071 3913 quodam
3104 3842 3366 3915 suscepit
3395 3842 3615 3908 affectu,
3643 3839 3780 3911 cujus
3808 3834 3862 3889 le-

2295 3930 2495 3986 vandas
2526 3946 2703 3986 causa
2734 3929 2818 3984 vel
2852 3930 3046 4001 potius
3094 3930 3441 3997 reficiendae,
3490 3946 3699 3987 carnem
3740 3938 3860 3980 suam

2297 4019 2538 4075 salutari
2582 4017 2665 4073 illi
2699 4018 2910 4075 obtulit
2940 4019 3220 4091 passioni,
3244 4027 3311 4074 ut
3333 4026 3389 4075 et
3409 4021 3596 4076 cibum
3618 4015 3758 4074 nobis
3773 4011 3861 4067 vita

2296 4108 2576 4180 prmberet
2606 4109 2851 4164 aeternae.
2895 4107 2965 4163 Et
3017 4108 3160 4165 bene
3207 4126 3412 4180 agnam
3463 4108 3601 4165 dixit
3639 4104 3864 4176 Scriptura

2295 4196 2503 4265 (Ibid),
2561 4196 2698 4269 quia
2752 4201 2877 4252 erat
2935 4196 3189 4270 Virginis
3246 4204 3472 4270 partus.
3527 4198 3664 4254 Bene
3708 4194 3863 4264 dignus

2296 4289 2480 4341 morte
2508 4285 2923 4357 pronuntiatur
2961 4285 3122 4341 dives
3165 4285 3278 4341 iste
3316 4287 3541 4358 judicio
3564 4281 3862 4359 prophetico;

2296 4374 2434 4447 quia
2490 4379 2547 4430 et
2600 4372 2849 4446 Caiphas
2906 4374 3269 4446 prophetavit
3328 4375 3562 4431 dicens:
3615 4394 3641 4421 κ
3690 4364 3865 4440 Expedit

2295 4480 2480 4519 unum
2512 4462 2811 4519 hominem
2845 4462 2991 4519 mori
3023 4480 3126 4537 pro
3158 4463 3376 4536 populo
3418 4466 3585 4536 (Joan.
3630 4479 3700 4526 x1,
3737 4457 3821 4523 50i-
3844 4474 3863 4500 "

2297 4552 2471 4610 Solus
2498 4557 2695 4608 autem
2724 4551 3010 4608 Dominus
3037 4552 3212 4608 Jesus
3242 4552 3347 4609 tali
3380 4553 3585 4626 dignus
3611 4543 3863 4606 electusest

2299 4645 2503 4709 morte,
2537 4657 2653 4713 qua
2680 4640 2907 4696 tolleret
2931 4647 3233 4714 peccatum
3267 4643 3493 4698 mundi.
3520 4638 3737 4696 Pulchra
3759 4645 3862 4705 quo-

616 4745 702 4801 19.
736 4743 885 4814 Ergo
908 4745 964 4796 et
991 4737 1170 4794 David
1205 4735 1303 4807 qui
1361 4734 1535 4789 sciret
1585 4729 1883 4787 hominem
1952 4745 2013 4784 se
2061 4744 2189 4784 esse
2298 4745 2411 4802 que
2442 4730 2703 4786 addidit:
2739 4754 2765 4779 ‹‹
2802 4735 3027 4802 Agnam
3060 4732 3328 4787 restituet
3358 4732 3454 4803 (II
3495 4731 3608 4802 Reg.
3638 4723 3817 4814 xu.
3841 4738 3859 4762 ⁸

541 4840 746 4894 natum
782 4807 997 4902 lapsui,
1032 4826 1257 4882 veniam
1300 4820 1652 4896 postulavit:
1710 4818 1942 4876 Domini
1991 4822 2186 4874 autem
2299 4819 2438 4890 quia
2458 4835 2693 4875 carnem
2724 4817 3020 4891 propriam
3057 4819 3439 4886 resuscilavit,
3487 4807 3859 4902 carnem‘illﬂn

540 4941 660 4983 non
690 4900 1020 4993 desperavit
1051 4912 1533 4971 misericordiam.
2298 4905 2600 4981 virginalis
2631 4907 2979 4980 integritatis
3010 4907 3280 4964 reddidit.
3326 4908 3439 4965 Nec
3495 4905 3628 4962 illud
3671 4900 3859 4958 otiosum

611 5119 723 5192 (10)
755 5118 905 5173 Edit.
940 5119 1050 5195 vet.
1084 5108 1457 5195 cum'paucis
1490 5123 1665 5195 mssa.
1689 5104 1887 5160 delesse
1934 5104 2153 5159 virtutis
2168 5119 2188 5163 ;
2298 5103 2513 5186 menti:
2531 5102 2675 5158 Nam
2698 5102 3258 5195 per‘hebdomad‘am‘
3289 5087 3858 5195 antiquumigatus.~

543 5160 723 5247 adiri.)
744 5160 1708 5258 eluunturelviquvisfdiiaisse‘virialia.
2168 5160 2175 5163 V
2298 5175 2515 5258 signari
2547 5160 2851 5258 cum-alibi
2884 5174 3198 5258 significat,
3236 5180 3369 5258 tum
3397 5160 3562 5257 epist.

610 5236 1311 5332 "cingi-ig.
1412 5236 1419 5237 ⁷
1483 5321 1493 5332 _
1548 5324 1557 5332 ‘
1741 5322 1751 5332 _
1892 5318 1902 5327 ι
2298 5236 2395 5332 ubi
2424 5236 3855 5332 legas:nlfebdomas"lfetis’ris_Testunientiadﬁges":l

611 5301 1267 5402 hoc
1297 5324 1423 5381 loco
1480 5321 1859 5402 interpretare
1889 5318 2184 5389 impurum
2296 5319 2451 5402 ζνουί,
2482 5301 3239 5402 Etc.liteergo‘totius‘loci
3287 5301 3493 5402 sensus
3547 5319 3627 5370 est
3636 5329 3659 5402 ξ

611 5334 695 5402 (11
756 5333 1125 5395 Communem,
1159 5333 1267 5383 hoc
1297 5333 1423 5381 loco
1480 5333 1859 5393 interpretare
1889 5333 2184 5389 impurum
2296 5333 2451 5383 nam,
2483 5333 2592 5373 etc.
2626 5333 2886 5400 uiuergo
2917 5333 3097 5373 tonus
3128 5333 3239 5374 ioci
3287 5334 3493 5400 sensus
3547 5333 3659 5370 esu:
3698 5333 3853 5362 mnuu-

538 5407 598 5459 et
637 5333 945 5473 pollutum,
970 5404 1068 5473 _ut
1106 5416 1175 5454 ea
1217 5414 1328 5452 vox
1371 5392 1627 5451 sumitur
1657 5393 1907 5446 Actuum
1956 5405 2083 5461 cap.
2130 5404 2187 5455 x,
2299 5389 2565 5473 humana
2590 5393 2786 5470 etsiin
2825 5389 3047 5444 Adamo
3104 5388 3267 5473 lapsa
3306 5390 3674 5473 tuerit-Mum.

538 5446 1175 5534 Sér'éf‘iZI'ei'hlfb'i."
1868 5530 1878 5535 _
1920 5530 1951 5535 ,ν
2004 5446 2046 5535 ,Ῐ
2174 5446 2184 5455 ’
2298 5460 2456 5516 mala
2485 5464 2593 5525 est.
2624 5460 2842 5535 quippe
2871 5476 2997 5531 (ιυω
3026 5446 3218 5535 omnis
3271 5460 3349 5516 sit
3407 5462 3465 5515 in
3498 5446 3676 5535 Veteri
3714 5446 3856 5535 Τῗὲξῗ

614 5522 1127 5629 ζῖρίιξξιῖζῶὰὧῇε
1158 5535 1525 5629 riqua,
1558 5534 1745 5629 idpest
1792 5529 2074 5629 spiritalis
2123 5545 2189 5611 ac
2298 5536 2516 5616 mento,
2550 5522 2907 5629 sub‘qupet
2947 5531 3348 5629 praedictiopes
3372 5522 3855 5629 ‘prom'iss‘ieew;

541 5581 2187 5685 m§3§ic§é§i¥§EE‘EAHEiKé'ESéEEfrife'duéfiieﬁphail
2295 5581 3718 5685 ἷιξᾶἔέῐιέιιῖἆῖκῗθῐῦί,ἐὶοὲἑρἷῐξῖἱὲἶᾱὲ⁷θιΐὲῶᾟῖὸίιυτ
3743 5581 3853 5643 rem

542 5674 664 5753 tu'r,
696 5674 1063 5755 intelligimus
1092 5678 1459 5749 hebdomadis,
1491 5674 1965 5737 Veteris'scilicet
1994 5674 2191 5733 Testa-
2290 5674 2477 5755 plena.
2580 5714 2583 5717 ι
