4116 6188
273 321 374 382 901

1381 315 1776 379 APOLOGIA
1817 314 2264 379 PROPHETE
2310 317 2571 382 DAVID.

3561 326 3680 385 902

275 455 421 528 quod
456 453 570 510 ait:
607 476 634 501 ‹‹
670 453 740 509 In
765 451 1167 526 quadruplum
1199 450 1468 508 restituet
1498 449 1676 522 (Ibid).
1715 473 1740 498 ››
1771 450 1920 513 Qua-
1952 451 2003 515 Α
2035 450 2317 509 Similiter
2373 458 2430 510 et
2485 455 2635 511 facta
2690 455 2843 511 bona
2900 454 3211 510 manifesta
3256 459 3414 510 sunt.
3462 456 3682 513 Lucent

273 543 577 618 druplatur
606 542 765 599 enim
798 541 1178 606 ressurrectio
1219 545 1610 606 mortuorum,
1645 539 1798 594 sicut
1825 539 1922 594 do-

272 638 357 690 cet
384 630 704 706 Apostolus
734 630 935 687 dicens
960 647 974 686 :
1014 653 1035 681 ι
1073 628 1411 687 Seminatur
1436 629 1497 685 in
1528 627 1920 700 corruptione,

271 723 453 796 surgit
481 722 541 777 in
576 720 1012 794 incorruptione
1037 737 1051 789 ;
1081 719 1412 776 seminatur
1441 718 1503 774 in
1534 716 1919 792 ignobilitate,

273 811 456 885 surgit
485 810 544 866 in
565 809 755 884 gloria
779 828 793 879 ;
817 809 1148 866 seminatur
1167 808 1227 864 in
1255 807 1617 875 infirmitate,
1642 805 1833 879 surgit
1862 805 1921 860 in

272 900 479 956 virtute
521 899 851 956 seminatur
896 915 1112 972 corpus
1159 897 1436 966 animale,
1493 896 1683 971 surgit
1710 911 1923 968 corpus

274 988 525 1063 spiritale
571 990 623 1060 (I
681 987 812 1045 Cor.
862 1005 957 1055 xv,
1007 987 1212 1059 42-44).
1247 1008 1276 1039 ››
1329 986 1619 1044 Restituet
1661 985 1832 1059 plane
1861 985 1920 1040 in

272 1077 666 1151 quadruplum
685 1094 896 1151 agnam
913 1076 1090 1132 etiam
1110 1076 1210 1132 illo
1225 1077 1398 1133 modo
1432 1093 1548 1150 quo
1569 1079 1762 1149 potest
1795 1075 1920 1147 jam

269 1169 434 1224 homo
465 1165 664 1223 dicere
693 1185 706 1223 :
745 1189 774 1215 «
805 1167 866 1222 Si
898 1166 990 1222 cui
1023 1165 1246 1238 aliquid
1279 1165 1516 1235 abstuli,
1551 1165 1732 1221 reddo
1777 1181 1922 1236 qua-

269 1255 530 1329 druplum
563 1258 586 1324 (
617 1261 753 1312 Luc."
788 1273 900 1324 xux,
934 1255 1011 1328 8).
1050 1277 1077 1304 η
1108 1255 1262 1312 088
1296 1254 1718 1312 Convenienter
1746 1252 1922 1310 etiam

272 1346 402 1403 illud
437 1345 654 1418 adjecit
683 1363 694 1400 :
731 1369 759 1396 ‹‹
795 1345 938 1412 Quia
974 1361 1090 1401 non
1122 1344 1380 1418 pepercit
1409 1345 1484 1417 (11
1507 1348 1634 1416 Reg.
1658 1345 1859 1416 xu,6);
1894 1367 1921 1392 »

192 1472 194 1474 -
272 1453 379 1492 non
411 1435 556 1491 enim
590 1435 864 1508 pepercit
893 1434 1006 1491 sibi
1039 1434 1334 1501 Christus,
1369 1438 1435 1490 ut
1465 1433 1744 1490 omnibus
1783 1434 1925 1489 sub-

275 1525 497 1581 veniret.

339 1615 421 1668 23.
458 1613 721 1684 Ideoque
752 1612 973 1668 dictum
1007 1616 1098 1670 est
1128 1629 1162 1669 a
1209 1611 1456 1670 Domino
1505 1611 1647 1668 Jesu
1695 1611 1927 1668 Christo

270 1704 338 1760 ad
370 1718 593 1759 servum
635 1717 817 1756 suum
851 1701 1053 1768 David,
1087 1705 1150 1756 ut
1180 1701 1523 1774 mysterium
1557 1698 1925 1758 declararet:

2033 541 2190 596 enim
2225 559 2392 614 opere
2419 543 2728 608 virtutum,
2762 546 2819 599 et
2849 542 3159 616 splendore
3209 543 3551 598 meritorum
3573 563 3590 613 -;
3627 549 3684 601 et

2033 643 2163 700 quae
2196 631 2364 686 aliter
2393 648 2455 688 se
2488 632 2724 700 habent,
2760 632 3039 688 abscondi
3075 649 3188 688 non
3223 637 3490 706 possunt.
3533 635 3684 707 Ergo

2032 717 2172 775 talia
2206 736 2320 776 non
2349 725 2649 794 teguntur,
2682 738 2796 777 non
2831 721 3143 776 obumbrat
3172 738 3234 776 ea
3267 721 3522 778 eharitas
3555 739 3682 795 quae

2033 809 2221 881 operit
2251 809 2690 867 multitudinem
2724 814 3115 882 peccatorum,
3151 827 3262 865 non
3283 810 3472 882 operit
3501 811 3683 866 bono-

2033 914 2166 954 rum
2198 915 2436 972 operum
2469 901 2680 975 gratia,
2712 916 2827 955 non
2850 899 3157 955 abscondit
3178 899 3460 955 virtutum
3485 900 3685 956 multi-

2035 987 2199 1057 tudo,
2235 989 2335 1045 sed
2385 989 2555 1062 quasi
2606 990 2768 1046 nuda
2809 991 2866 1045 et
2911 991 3127 1045 intecta
3170 989 3520 1060 produntur.
3555 989 3683 1044 Non

2033 1075 2192 1132 enim
2241 1081 2329 1134 est
2377 1078 2436 1134 in
2486 1079 2558 1135 iis
2610 1079 2710 1152 qui
2761 1077 2951 1133 dicat;
2988 1100 3017 1128 ‹‹
3046 1077 3167 1133 Sub
3215 1078 3428 1134 umbra
3456 1077 3683 1134 alarum

2031 1168 2269 1222 tuarum
2319 1172 2554 1241 protege
2605 1186 2698 1224 me
2751 1168 2922 1239 (Psal.
2979 1185 3091 1238 xw,
3128 1167 3204 1239 8).
3243 1190 3270 1219 »
3320 1167 3473 1224 Crux
3529 1167 3687 1223 enim

2034 1253 2265 1312 Domini
2295 1273 2499 1314 omnes
2531 1259 2722 1314 abolet
2754 1263 2928 1330 atque
2956 1257 3262 1313 abscondit
3291 1274 3537 1314 errores.

2104 1346 2194 1402 25.
2227 1346 2366 1410 Quis
2397 1346 2577 1420 igitur
2611 1347 2801 1420 magis
2835 1346 3063 1419 operuit
3091 1351 3149 1403 et
3178 1347 3318 1403 texit
3348 1364 3525 1420 quam
3556 1365 3688 1405 san-

2033 1439 2164 1491 ctus
2196 1436 2396 1504 David,
2431 1435 2530 1508 qui
2553 1441 2609 1492 et
2631 1437 2772 1491 alibi
2805 1437 2885 1491 ait
2909 1454 2920 1490 :
2944 1440 3005 1492 Et
3030 1440 3086 1492 in
3107 1437 3303 1492 umbra
3322 1437 3543 1494 alarum
3568 1446 3690 1494 tua-

2034 1542 2161 1580 rum
2191 1528 2428 1597 speravi,
2460 1525 2625 1581 donec
2653 1529 2896 1580 transeat
2921 1527 3191 1596 iniqu-itas
3213 1526 3388 1599 (Psal.
3413 1544 3523 1596 va,
3550 1528 3684 1599 2i);

2037 1618 2093 1668 et
2114 1615 2196 1670 sic
2214 1613 2415 1670 dilexit
2435 1614 2774 1682 Dominum,
2802 1618 2868 1668 ut
2889 1614 3072 1670 nimia
3088 1616 3371 1672 charitate
3388 1622 3689 1690 peccatum

2039 1719 2211 1759 omne
2241 1707 2460 1774 tegeret
2483 1708 2660 1776 atque
2679 1704 3084 1758 absconderet.
3113 1705 3343 1760 Etenim
3368 1707 3416 1762 si
3451 1711 3694 1762 sanctus

268 1817 296 1844 ‹‹
325 1791 602 1859 Quoniam
637 1793 705 1845 tu
742 1790 848 1845 hoc
881 1790 1070 1846 fecisti
1102 1790 1162 1845 in
1195 1790 1441 1857 occulto,
1474 1794 1532 1846 et
1559 1805 1669 1862 ego
1717 1789 1926 1846 faciam
1962 1829 2006 1893 Β
2040 1792 2193 1847 684
2237 1791 2536 1863 apostolus
2584 1793 2790 1847 Petrus
2837 1791 3065 1864 lapsum
3118 1809 3290 1848 suum
3325 1795 3694 1851 confessione

270 1883 375 1936 hoc
404 1880 649 1936 verbum
685 1895 882 1934 coram
943 1879 1104 1935 omni
1158 1879 1356 1947 Israel,
1409 1883 1465 1935 et
1511 1879 1570 1934 in
1610 1885 1926 1952 conspectu

270 1969 410 2026 solis
454 1969 639 2039 hujus
675 1969 749 2039 (II
790 1970 912 2038 Reg.
967 1985 1069 2036 xu,
1102 1969 1210 2040 12).
1249 1991 1276 2016 ››
1330 1969 1399 2024 Et
1449 1967 1640 2041 primo
1687 1969 1929 2040 quidem

269 2058 531 2116 nesciens
560 2061 1024 2126 sacramentum,
1056 2061 1387 2114 commotus
1419 2063 1511 2114 est
1557 2057 1738 2113 David
1780 2057 1929 2113 indi-

270 2149 564 2224 gnatione,
595 2147 700 2203 sed
736 2163 848 2202 non
882 2149 1098 2203 erravit
1129 2147 1358 2202 aﬂ'ectu.
1397 2145 1606 2203 Postea
1659 2163 1792 2204 vero
1832 2149 1929 2203 ubi

271 2237 539 2311 cognovit
569 2235 917 2309 mysterium
949 2252 1256 2308 magnum,
1307 2251 1596 2308 magnum
1647 2236 1806 2292 enim
1838 2254 1929 2294 sa-

272 2329 642 2384 cramentum
666 2324 877 2381 Christi
898 2329 955 2381 et
974 2323 1264 2394 Ecclesiae,
1286 2324 1496 2382 videns
1518 2325 1932 2383 remissionem

271 2417 533 2471 futuram
565 2413 829 2470 omnium
864 2417 1254 2487 peccatorum,
1278 2413 1612 2486 praevidens
1646 2413 1933 2486 fulgorem

271 2505 474 2580 gratiae
507 2521 608 2576 per
635 2492 929 2558 lavacrum
977 2501 1454 2575 regenerationis,
1478 2509 1536 2560 et
1574 2503 1934 2560 infusionem

272 2593 533 2667 Spiritus
563 2593 773 2658 sancti,
805 2592 885 2648 ait
917 2607 1160 2648 securus
1207 2591 1423 2648 venias:
1462 2616 1490 2644 ‹‹
1546 2591 1786 2649 Peccavi
1826 2593 1936 2648 Do-

279 2684 445 2740 mino
503 2682 659 2752 (Ibid.
722 2681 911 2753 13);»
975 2685 1038 2736 ut
1086 2684 1144 2736 et
1188 2679 1311 2752 ipse
1358 2681 1415 2736 in
1467 2699 1678 2740 eorum
1719 2681 1940 2738 veniret

277 2771 666 2840 consortium,
728 2771 944 2843 quibus
1002 2768 1184 2841 culpae
1247 2769 1519 2828 remissio
1580 2772 1934 2845 proveniret.

278 2859 552 2917 Advertis
585 2859 1081 2931 quemadmodum
1133 2862 1436 2930 peccatum
1489 2859 1793 2934 preprium
1836 2862 1940 2918 de-

281 2949 600 3023 ploraverit
621 2951 647 3004 7
673 2947 814 3013 Quis
847 2947 1029 3021 igitur
1059 2946 1305 3002 miretur
1334 2947 1385 3003 ei
1417 2965 1546 3006 esse
1576 2948 1894 3007 dimissum
1914 2952 1942 3006 ‘?

932 3052 1166 3109 CAPUT
1202 3053 1297 3109 Vl.

281 3169 465 3220 Bonos
494 3167 545 3218 et
573 3163 744 3218 malos
774 3161 872 3218 hoc
900 3163 1052 3216 inter
1080 3176 1136 3215 se
1185 3159 1426 3231 cli/ferre,

357 3243 479 3290 cata
508 3238 826 3305 sequantur,
862 3233 955 3288 hos
983 3232 1300 3306 praecedant
1326 3250 1340 3302 ;
1371 3237 1420 3288 et
1459 3232 1658 3306 quibus
1686 3232 1939 3306 operibus

359 3306 536 3362 David
550 3308 836 3376 peccatum
865 3321 1028 3359 suum
1060 3305 1276 3358 ειπενίι.

358 3396 451 3449 24.
483 3394 651 3449 Nunc
681 3393 1124 3450 consideremus
1152 3409 1328 3465 Opera
1357 3394 1485 3465 ejus
1507 3395 1723 3466 quibus
1756 3397 1943 3467 potuit

282 3491 488 3556 tegere
521 3487 846 3556 peccatum.
880 3481 1111 3538 Etenim
1142 3481 1282 3553 quia
1311 3499 1428 3538 non
1450 3488 1642 3555 potest
1666 3483 1791 3540 sine
1815 3502 1944 3558 pec-

281 3577 422 3629 cato
455 3589 582 3629 esse
630 3571 888 3628 humana
939 3571 1248 3644 fragilitas,
1296 3573 1620 3628 cavendum
1669 3589 1741 3628 ne
1771 3574 1942 3647 plura

281 3665 528 3734 peccata
557 3660 696 3729 sint,
729 3677 904 3732 quam
946 3677 1123 3732 opera
1170 3658 1475 3716 virtutum.
1525 3661 1686 3726 Quod
1728 3679 1942 3736 magna

280 3752 340 3806 vi
375 3750 678 3822 sapientiae
709 3767 827 3807 suae
858 3753 1101 3806 sanctus
1131 3749 1348 3805 Paulus
1380 3750 1668 3823 expressit
1705 3752 1934 3810 dicens:

285 3865 308 3890 ι
352 3839 755 3903 Quorumdam
804 3839 1114 3894 hominum
1166 3842 1402 3910 peccata
1455 3839 1767 3896 manifesta
1802 3846 1944 3898 sunt

283 3928 680 4002 praecedentia
712 3929 783 3984 ad
807 3926 1125 4000 judicium,
1159 3928 1446 3998 quosdam
1477 3932 1669 3985 autem
1701 3933 1758 3986 et
1800 3932 1939 3987 sub-

281 4020 625 4090 sequuntur
653 4019 701 4087 (1
732 4018 864 4072 Tim.
897 4035 954 4085 v,
984 4017 1097 4087 24),
1130 4038 1158 4065 ››
1189 4015 1296 4072 hoc
1345 4021 1453 4086 est,
1501 4034 1614 4073 non
1646 4018 1942 4076 invenitur

282 4107 611 4179 quisquam
643 4105 906 4162 illibatus
936 4122 970 4161 a
997 4104 1207 4177 culpa;
1241 4104 1417 4162 habet
1455 4106 1588 4179 quis
1635 4108 1786 4165 bona
1816 4125 1940 4165 me-

277 4196 424 4262 rita,
460 4194 637 4250 habet
681 4198 738 4250 et
778 4194 919 4250 vitia
979 4197 1154 4265 atque
1203 4199 1457 4266 peccata.
1507 4195 1714 4252 Omnia
1745 4197 1940 4267 itaque

279 4288 494 4340 nostra
523 4283 692 4356 quasi
725 4283 785 4338 in
816 4281 1038 4338 trutina
1060 4282 1497 4354 ponderantur:
1533 4283 1578 4339 si
1622 4284 1791 4340 bonis
1821 4285 1935 4358 igi-

275 4377 386 4427 tur
444 4371 615 4427 factis
646 4375 882 4443 peccata
945 4371 1416 4444 praeponderent,
1474 4372 1808 4442 praecedunt
1863 4375 1937 4429 ad

265 4459 616 4532 judicium;
649 4464 898 4534 vergunt
929 4459 1086 4515 enim
1117 4464 1350 4530 peccata
1383 4460 1549 4532 quasi
1599 4461 1657 4515 in
1696 4461 1938 4533 profun-

1472 3164 1614 3246 ςαρά
1661 3164 1787 3220 illos
1815 3181 1938 3248 pec-
1969 3195 2012 3262 Ο

1472 3235 1658 3292 mbas
1686 3237 1939 3292 ovenbus

2040 1881 2341 1936 charilatis
2372 1881 2639 1948 abolevit,
2704 1886 2758 1934 et
2798 1880 2888 1935 ille
2949 1881 3337 1956 interrogatus
3386 1901 3420 1940 a
3452 1883 3696 1939 Domino

2039 1969 2268 2025 dicente
2301 1970 2350 2024 ei
2383 1971 2585 2025 tertio:
2624 1992 2650 2018 ‹‹
2683 1971 2885 2024 Simon
2916 1970 3184 2040 Joannis,
3207 1989 3371 2028 amas
3396 1988 3486 2028 me
3515 1974 3692 2045 (Joan.

2041 2077 2158 2128 xxx,
2195 2060 2301 2131 16),
2337 2063 2400 2113 ut
2429 2077 2602 2130 quem
2629 2060 2799 2115 tertio
2830 2066 3158 2133 negaverat,
3192 2063 3361 2118 tertio
3396 2063 3691 2133 fateretur,

2043 2153 2217 2220 atque
2243 2148 2325 2204 ita
2348 2148 2500 2203 trino
2528 2149 2783 2220 quodam
2811 2149 3139 2206 dilectionis
3159 2150 3442 2208 velamine
3461 2152 3693 2226 lapsum

2042 2238 2208 2293 trina:
2239 2236 2565 2310 negationis
2595 2238 3014 2294 abscoadcret:
3042 2239 3090 2294 si
3113 2241 3252 2312 quia
3280 2240 3460 2298 semel
3491 2243 3697 2300 Petrus

2047 2325 2220 2394 ﬂevit,
2254 2326 2480 2381 veniam
2516 2327 2854 2398 reportavit,
2889 2332 3110 2398 quanto
3144 2329 3331 2402 magis
3360 2330 3562 2398 David,
3595 2331 3694 2403 qui

2045 2415 2275 2470 lavabat
2304 2431 2406 2487 per
2436 2413 2704 2487 singulas
2737 2421 2937 2471 noctes
2961 2415 3175 2473 lectum
3201 2436 3401 2488 suum,
3431 2423 3487 2476 et
3517 2420 3700 2493 lacry-

2046 2505 2160 2559 mis
2191 2508 2442 2559 stratum
2476 2521 2651 2559 suum
2685 2505 2915 2576 rigabat
2938 2508 3052 2573 ;cui
3083 2512 3248 2564 erant
3279 2508 3546 2580 lacrymaa
3576 2527 3696 2566 suae

2047 2591 2216 2663 panis
2247 2591 2340 2645 die
2369 2607 2434 2645 ac
2481 2593 2668 2656 nocte,
2717 2592 2815 2663 qui
2866 2591 3119 2649 cinerem
3168 2600 3450 2667 tanquam
3484 2615 3696 2669 panem

2047 2679 2461 2746 manducabat,
2495 2683 2552 2734 et
2581 2683 2786 2752 potum
2817 2697 2992 2736 suum
3025 2697 3158 2736 cum
3193 2682 3329 2738 ﬂetu
3362 2682 3698 2741 miscebat?

2048 2767 2271 2822 Etenim
2305 2766 2353 2822 si
2383 2768 2512 2839 ejus
2529 2767 2628 2839 qui
2653 2768 3355 2842 conversusingemuerit,
3382 2773 3699 2832 miseretur

2047 2857 2220 2912 Jesus
2253 2856 2296 2912 si
2327 2874 2339 2924 ;
2374 2861 2612 2911 Petrum
2644 2858 2871 2928 aspexit
2896 2862 2951 2913 et
2984 2857 3079 2913 ille
3103 2859 3534 2932 ﬂevit:quanto
3569 2881 3698 2921 ma-

2050 2945 2139 3018 gis
2165 2945 2262 3017 qui
2297 2943 2397 2999 diu
2430 2945 2603 3013 ﬂevit,
2631 2962 2664 2999 a
2683 2952 2995 3018 conspectu
3021 2947 3253 3004 Domini
3281 2966 3395 3005 non
3421 2954 3702 3011 recessit?

2051 3035 2294 3106 Negavit
2324 3033 2544 3102 Petrus,
2578 3039 2633 3088 et
2667 3051 2781 3090 non
2812 3035 2984 3101 flevit,
3035 3037 3173 3108 quia
3221 3055 3333 3094 non
3369 3051 3700 3112 respexerat

2051 3124 2244 3189 Jesus,
2279 3123 2510 3196 negavit
2540 3125 2820 3191 secundo,
2852 3128 2908 3180 et
2939 3143 3053 3180 non
3075 3127 3249 3194 ﬂevit,
3276 3128 3411 3199 quia
3434 3147 3548 3186 non
3584 3151 3700 3190 res-

2050 3218 2282 3285 pexerat
2311 3213 2598 3267 Dominus
2630 3231 2642 3280 ;
2670 3214 3105 3284 negavittertio,
3132 3217 3383 3287 respexit
3411 3219 3606 3289 Josus,
3640 3229 3698 3281 et

2051 3302 2248 3357 statim
2293 3301 2468 3367 ﬂevit,
2518 3307 2574 3356 et
2621 3302 2778 3357 ﬂevit
2829 3305 3131 3361 amarisse.
3190 3305 3319 3361 Ideo
3370 3309 3542 3364 David
3595 3316 3698 3386 qui

2050 3407 2280 3462 semper
2312 3390 2506 3461 ﬂebat,
2539 3391 2806 3446 dicebat:
2843 3416 2869 3443 ‹‹
2904 3392 3065 3448 Oculi
3099 3394 3210 3449 mei
3236 3410 3466 3468 semper
3488 3400 3560 3456 ad
3598 3403 3697 3458 Do-

2050 3480 2276 3533 minum
2310 3479 2479 3547 (Psal.
2514 3495 2659 3545 xxiv,
2699 3481 2806 3552 15).
2843 3504 2869 3530 ››
2903 3483 3010 3545 Qui
3049 3500 3283 3555 semper
3330 3485 3635 3546 videbatur
3664 3510 3698 3548 a

2049 3568 2298 3634 Christo,
2328 3566 2591 3622 dicebat:
2629 3590 2655 3616 ‹‹
2690 3569 2797 3623 Per
2822 3570 3012 3626 exitus
3043 3588 3328 3642 aquarum
3381 3576 3697 3637 descende-

2052 3660 2187 3710 runt
2216 3654 2366 3710 oculi
2402 3654 2514 3708 mei
2539 3656 2693 3726 (Psal
2716 3673 2950 3724 cxxvm,
2985 3659 3129 3729 136).
3167 3680 3194 3707 ››

2121 3746 2208 3799 26.
2238 3744 2346 3800 Sed
2373 3744 2499 3815 jam
2531 3743 2706 3799 etiam
2742 3745 2892 3799 facta
2913 3747 3041 3816 ejus
3064 3748 3525 3810 consideremus.
3553 3757 3695 3821 Quis

2050 3851 2164 3890 non
2182 3837 2479 3890 tantarum
2502 3831 2674 3888 laude
2693 3834 2976 3890 virtutum
3003 3835 3178 3890 unius
3200 3836 3465 3894 criminis
3487 3843 3694 3899 obum-

2049 3923 2245 3979 braret
2274 3922 2553 3977 invidiam
2579 3923 2607 3977 ‘I
2653 3922 2855 3979 Divino
2904 3923 3124 3980 electus
3171 3926 3457 3984 examine.
3492 3932 3692 3989 statim

2049 4012 2314 4083 probavit
2344 4011 2654 4084 indignum
2687 4028 2750 4067 se
2779 4016 2940 4067 tanto
2973 4030 3084 4068 non
3118 4029 3245 4068 esse
3267 4014 3515 4084 judicio.
3550 4024 3692 4076 Pro-

2048 4101 2226 4157 cessit
2257 4100 2312 4154 in
2348 4100 2635 4172 praelium,
2685 4111 2740 4156 et
2782 4103 3210 4172 trepidantibus
3252 4107 3494 4172 czeteris,
3530 4110 3694 4166 solus

2048 4189 2410 4262 all0phylum
2442 4188 2666 4246 Goliam
2698 4191 3004 4247 verborum
3031 4193 3336 4263 jactantia,
3358 4200 3414 4249 et
3444 4196 3690 4256 immani

2047 4279 2306 4350 corporis
2337 4278 2489 4334 mole
2510 4279 2850 4349 terribilem,
2875 4285 3257 4337 concurrente
3279 4283 3456 4340 simul
3482 4287 3596 4344 fide
3627 4306 3693 4345 ac

2047 4367 2282 4434 virtute,
2309 4369 2641 4438 prostravit.
2669 4368 2853 4423 Unius
2877 4370 3152 4425 fortitudo
3179 4370 3330 4428 facta
3350 4380 3438 4429 est
3464 4377 3694 4434 univer-

2048 4471 2249 4511 sorum
2277 4456 2536 4512 victoria.
2571 4455 2936 4526 Conferatur,
2971 4459 3017 4514 si
3045 4459 3252 4530 placet,
3280 4463 3572 4533 privatum
3591 4467 3696 4522 cri-

276 4550 459 4616 dum,
485 4552 732 4620 vergunt
759 4565 888 4621 quas
919 4547 1235 4604 manifesta
1262 4552 1401 4604 sunt
1430 4548 1515 4603 vel
1567 4549 1820 4620 pondere
1851 4555 1935 4608 at-
1971 4561 2016 4624 D
2050 4560 2206 4610 men,
2238 4549 2295 4600 et
2324 4544 2661 4616 triumphus
2692 4546 2955 4602 omnium
2983 4566 2994 4603 :
3030 4566 3188 4605 mors
3219 4552 3397 4608 unius
3426 4556 3483 4608 et
3512 4557 3697 4612 tantoé

275 4654 402 4710 que
435 4638 748 4694 acerbitate
777 4636 864 4693 vel
896 4635 1292 4692 multitudine.
1333 4658 1359 4689 α
1389 4637 1681 4701 Quosdam
1721 4644 1938 4712 autem,

277 4725 507 4798 inquit,
542 4730 598 4783 et
627 4726 1052 4798 subsequatur,
1085 4747 1112 4775 ››
1145 4725 1255 4782 hoc
1279 4730 1386 4793 est,
1419 4743 1518 4782 eos
1567 4725 1666 4798 qui
1715 4744 1777 4783 se
1807 4745 1938 4802 ege-

274 4815 411 4869 rint
442 4814 655 4879 sobrie,
691 4814 789 4870 sed
825 4812 1138 4885 fragilitate
1166 4814 1518 4871 conditionis
1539 4815 1805 4872 dederint
1834 4817 1938 4872 ali-

273 4902 530 4975 quando
561 4901 737 4958 etiam
770 4902 951 4958 errori
985 4901 1198 4971 locum,
1229 4904 1380 4960 bona
1409 4904 1563 4960 facta
1584 4907 1936 4978 prmcedunt,

273 4989 451 5047 mala
480 4995 826 5063 sequuntur.
865 4990 934 5046 Hi
967 4990 1348 5057 honestiores,
1379 4995 1482 5048 sed
1512 4998 1709 5050 tamen
1749 4994 1937 5050 homi-

273 5097 396 5137 nes
429 5079 580 5153 lapsi
612 5079 928 5136 levioribus
974 5079 1135 5135 vitiis
1182 5085 1238 5135 et
1288 5082 1519 5138 erratis.
1573 5083 1720 5155 Ergo
1743 5085 1938 5154 justos

270 5173 627 5241 sequuntur
655 5173 911 5241 peccata,
945 5185 1059 5225 non
1090 5174 1383 5241 praeeunt;
1433 5170 1687 5241 injustos
1725 5187 1938 5243 prince-

272 5259 464 5315 dunt.
499 5257 949 5331 Praeponderant
978 5262 1212 5330 peccata
1231 5274 1358 5330 quae
1382 5263 1664 5332 vergunt;
1688 5275 1941 5331 sequun-

272 5353 391 5404 tur
421 5350 616 5403 autem
649 5347 699 5403 si
730 5363 857 5421 quae
889 5350 1044 5403 recte
1073 5347 1226 5403 facta
1255 5351 1414 5410 sunt.
1465 5348 1636 5420 quasi
1681 5350 1937 5421 quodam

267 5435 632 5511 prejudicio
691 5440 1062 5509 peccatorum
1114 5436 1500 5509 praeeuntium
1558 5443 1934 5510 prmgravata.

365 5570 503 5644 (13).
537 5570 624 5626 Ita
651 5569 789 5644 edit.
823 5570 955 5628 Gill.
989 5587 1055 5628 ac
1087 5570 1254 5628 Rom.
1282 5585 1416 5644 cum
1468 5568 1652 5625 multo
1682 5569 1940 5628 maxima

272 5641 469 5722 parte
484 5657 629 5702 mss.
665 5642 812 5706 Edit.
843 5657 976 5703 vero
1005 5644 1134 5702 Am.
1169 5645 1343 5718 atque
1371 5641 1524 5716 Era,
1568 5645 1875 5718 separatus
1906 5660 1939 5704 a

2051 4650 2182 4688 rum
2217 4649 2364 4704 quos
2394 4633 2659 4690 liberavit
2687 4652 2721 4690 a
2752 4640 2956 4703 morte,
2989 4640 3104 4695 vita
3137 4640 3504 4712 populorum.

2119 4724 2210 4778 27.
2247 4723 2566 4778 Veniamus
2597 4725 2666 4778 ad
2699 4724 2833 4780 alia.
2863 4728 3114 4783 Insidias
3140 4729 3469 4799 patiebatur
3489 4746 3690 4802 arege,

2047 4812 2226 4866 vitam
2257 4811 2384 4879 ejus
2417 4813 2714 4883 quaerebat
2759 4815 3117 4888 extinguere,
3168 4819 3264 4872 sed
3311 4817 3693 4888 dispositione

2051 4899 2245 4954 divina
2276 4899 2333 4953 in
2365 4900 2493 4971 ejus
2525 4917 2621 4956 rex
2652 4906 3002 4974 potestatem
3049 4903 3322 4970 traditus,
3368 4919 3501 4957 cum
3532 4907 3691 4959 totus

2051 4992 2274 5059 pateret
2295 4989 2367 5044 ad
2389 4989 2622 5056 vulnus,
2649 4991 2905 5046 ferituris
2933 4991 3105 5046 sociis
3131 4991 3309 5045 David
3332 4996 3570 5047 sanctus
3601 5009 3690 5047 oc-

2051 5077 2232 5132 currit
2261 5079 2394 5149 (13),
2422 5083 2478 5134 et
2507 5097 2540 5133 a
2569 5096 2809 5152 corpore
2839 5080 3079 5150 perituri
3104 5077 3318 5134 vulnus
3361 5078 3573 5135 lethale
3603 5097 3690 5136 re-

2048 5166 2223 5221 torsit
2244 5167 2444 5222 dicens
2465 5169 2676 5224 :Nolite
2693 5166 3230 5238 tangereChristum
3253 5167 3544 5241 Domini(I
3555 5171 3678 5240 Reg.

2049 5272 2199 5310 xx1v.
2231 5257 2309 5327 7).
2344 5256 2492 5320 Quin
2523 5257 2698 5312 etiam
2731 5254 2951 5309 inimici
2998 5254 3156 5310 illius
3203 5256 3364 5313 ultus
3410 5262 3499 5313 est
3530 5275 3683 5315 mor-

2047 5349 2188 5412 tem,
2209 5344 2480 5400 ﬂebiliter
2499 5345 2643 5400 satis
2665 5341 2985 5414 deploravit
3007 5343 3332 5414 interitum,
3351 5351 3408 5403 et
3428 5347 3691 5404 debitum

2049 5433 2161 5489 sibi
2177 5433 2489 5506 imperium
2505 5433 2603 5487 diu
2625 5430 2872 5498 distulit,
2891 5433 3046 5504 quod
3062 5433 3282 5490 sciebat
3322 5437 3434 5493 Deo
3457 5441 3693 5493 auctore

2047 5569 2222 5627 sociis
2249 5567 2702 5646 David__sa_netus_
2725 5569 2997 5646 occurrit.
3032 5591 3061 5618 »
3094 5569 3230 5646 Mss.
3265 5570 3511 5646 aliquot,
3548 5597 3569 5623 α
3607 5588 3695 5631 se.

2046 5646 2289 5720 paratus
2321 5639 2494 5699 sociis
2523 5638 2706 5699 David
2738 5643 2940 5699 sancto
2963 5642 3234 5702 occurrit.
3275 5663 3296 5694 α
