4052 6196
412 195 531 256 903

1873 186 1937 249 S.
1986 185 2359 249 AMBROSH

3689 188 3807 252 eos

413 325 630 383 deberi.
657 323 778 386 Quo
809 321 932 378 solo
948 319 1147 377 docuit
1159 335 1364 376 omnes
1381 317 1648 375 homines
1670 318 1743 374 ad
1770 334 1886 375 non
1913 336 2057 391 prai-
2088 318 2142 385 Α
2172 323 2455 390 tempora,
2478 318 2864 375 tentationum
2883 320 3224 387 certamina,
3246 324 3304 374 et
3317 322 3589 378 examina
3607 323 3797 395 proba-

412 412 745 486 ripiendum
776 424 1046 483 regnum,
1077 407 1305 465 etiamsi
1327 406 1649 463 debeatur:
1682 407 1783 463 sed
1816 423 2058 479 exspec-

410 502 656 558 tandum
686 503 753 556 ut
781 515 886 555 suo
917 503 1180 570 tempore
1211 497 1525 553 deteratur.
1554 495 1787 551 Utinam
1808 495 1965 551 hunc
1985 495 2062 550 vi-

411 604 543 649 rum
564 587 778 645 imitati
799 592 996 643 essent
1014 585 1254 659 posteri,
1275 600 1395 641 non
1417 588 1613 640 tantas
1635 584 1919 640 bellorum
1937 601 2060 657 per-

408 678 755 736 tulissemus
768 676 1112 732 acerbitates
1135 673 1367 746 iArguis
1383 674 1537 746 quod
1560 688 1745 729 unum
1762 673 2057 741 occiderit,

412 784 527 823 non
559 766 895 827 consideras
925 762 1081 836 quod
1111 762 1375 818 decuerit
1402 763 1902 833 quemadmodum
1947 778 2057 834 pax

352 895 356 899 -
410 852 801 913 nrbiRomano
812 856 1093 925 perpetua
1113 856 1465 907 servaretur.
1483 851 1666 915 Quam
1682 851 1841 923 gravi
1864 849 2056 906 adhuc

408 941 937 1006 luimusvastitate,
962 954 1142 1013 quam
1165 938 1398 1011 publico
1417 940 1671 1012 quodam
1695 939 1874 995 totius
1897 938 2056 994 orbis

407 1037 608 1091 ttinere
638 1030 875 1105 appetiti
910 1046 1110 1085 necem
1138 1028 1292 1101 regis
1314 1018 1677 1084 ‘exsolvimus
1728 1027 1841 1099 (lli)
1866 1029 1893 1083 ?
1931 1028 2054 1084 Heu

407 1125 535 1180 dira
564 1120 891 1195 supplicia!
931 1120 1071 1175 Inde
1101 1119 1295 1175 adhuc
1326 1118 1495 1174 nobis
1536 1117 1821 1173 barbarus
1863 1116 2056 1174 hostia

406 1210 672 1279 insultat,
707 1210 848 1265 dum
882 1211 1084 1281 parata
1113 1207 1421 1262 adversum
1447 1206 1583 1261 sein
1607 1222 1714 1262 nos
1736 1221 1903 1261 arma
1930 1221 2055 1262 ver-

408 1305 636 1357 tuntur.
668 1299 767 1354 Sic
793 1299 945 1353 vires
974 1296 1308 1352 ceciderunt
1356 1293 1623 1375 publicae,
1676 1294 1760 1351 sic
1789 1294 2054 1351 Romana

402 1390 591 1447 virtus
615 1392 741 1446 eme
772 1389 1029 1442 molibus
1061 1387 1243 1441 fracta
1272 1385 1604 1448 consenuit,
1637 1385 1776 1441 dum
1814 1382 2050 1455 publico

402 1480 631 1553 rapitur
654 1475 989 1551 parricidio,
1020 1474 1172 1546 quod
1196 1477 1451 1545 paternae
1473 1470 1889 1527 sollicitudinis
1922 1471 2052 1528 reli-

400 1570 572 1641 gione
601 1566 939 1637 suscipitur.
974 1563 1155 1634 quue
1183 1578 1250 1617 eo
1284 1577 1472 1633 usque
1500 1560 1789 1632 prazcavit,
1823 1565 1887 1614 ut
1911 1576 2047 1616 cum

401 1657 686 1713 Adoniam
712 1654 893 1708 tilium
923 1667 1170 1723 regnum
1195 1650 1306 1706 sibi
1330 1665 1613 1720 usurpare
1643 1648 2044 1721 comperisset,

401 1748 456 1801 et
485 1759 678 1801 serere
697 1746 1038 1805 conventus,
1062 1756 1178 1795 non
1200 1754 1332 1793 eum
1366 1737 1467 1809 qui
1494 1737 1802 1809 praeripere
1830 1735 2040 1808 gestie-

402 1835 521 1901 bat,
555 1832 657 1889 sed
688 1848 822 1887 eum
855 1830 956 1902 qui
984 1831 1362 1901 exspectaret,
1394 1826 1647 1898 eligeret.

471 1956 622 2015 685
656 1958 741 2012 28.
774 1954 1035 2010 Saltabat
1064 1956 1196 2009 ante
1245 1968 1439 2007 arcam
1491 1949 1722 2006 Domini
1762 1948 2041 2022 potentis-

400 2047 589 2102 simus
653 2060 882 2117 regum,
914 2048 967 2097 et
999 2058 1131 2096 cum
1160 2058 1193 2096 a
1234 2038 1470 2112 propria
1520 2038 2044 2111 reprehenderetur

399 2152 598 2202 uxore,
621 2134 774 2207 quod
795 2132 1125 2187 denudatus
1147 2133 1445 2185 essetante
1467 2127 1670 2182 faciem
1690 2125 2039 2199 puellarum,

401 2224 736 2298 respondit:
773 2246 800 2271 ‹‹
834 2223 1036 2276 Coram
1069 2218 1317 2274 Domino
1340 2216 1607 2273 nudabor
1633 2215 1842 2284 adhuc,
1869 2218 1925 2270 et
1944 2231 2041 2271 ero

396 2326 590 2387 nugax
604 2316 738 2368 ante
755 2309 952 2367 oculos
977 2314 1130 2374 tuos,
1155 2310 1221 2363 ut
1243 2305 1682 2372 honoriﬁcetur,
1700 2304 1919 2376 inquit,
1935 2303 2043 2359 Do-

401 2403 617 2469 minus,
652 2401 752 2472 qui
785 2412 878 2453 me
909 2414 1011 2473 pro
1042 2400 1206 2469 patre
1228 2401 1330 2451 tuo
1360 2393 1566 2451 ascivit
1593 2394 1650 2449 in
1684 2409 1929 2467 regnum
1973 2393 2047 2463 (II

397 2492 522 2563 Reg.
552 2506 633 2557 VI,
661 2490 864 2555 21,22)
890 2510 916 2537 »
942 2487 1154 2541 docens
1175 2485 1501 2541 contuitum
1533 2480 1747 2556 regalis
1772 2484 2041 2556 potentia;

396 2597 512 2636 non
545 2578 902 2644 habendum,
924 2575 1020 2631 ubi
1045 2574 1311 2647 religioni
1336 2573 1643 2628 exhibetur
1667 2571 2037 2643 obsequium.

396 2670 715 2725 Honestum
747 2670 835 2722 est
866 2665 1021 2721 enim
1053 2664 1166 2736 (t5)
1199 2680 1303 2736 pro
1335 2661 1612 2735 religione
1633 2661 1818 2716 facere
1841 2660 1948 2716 etsi
1980 2661 2038 2716 id

395 2758 786 2830 incongruum
815 2752 1089 2826 potestati
1122 2752 1217 2808 sit.

463 2872 557 2929 29.
590 2872 799 2944 Specta
826 2867 984 2925 aliud
1017 2866 1415 2924 memorabile.
1447 2865 1745 2922 Parricida
1773 2865 1930 2922 filius
1950 2882 2038 2921 re-

393 2978 579 3036 gnum
610 2959 864 3034 patrium
895 2957 1177 3013 violenter
1218 2957 1531 3021 invaserat,
1580 2956 1821 3011 cedebat
1848 2955 2036 3027 primo

396 3054 562 3131 pater
584 3051 712 3122 ejus
738 3047 943 3114 furori,
975 3052 1031 3101 et
1061 3046 1255 3101 locum
1279 3043 1458 3116 praelii
1478 3038 1839 3111 declinabat;
1866 3047 1930 3099 ut
1949 3041 2035 3099 vel
2068 3051 2111 3116 ρ

395 3141 480 3197 sic
509 3137 730 3212 impius
760 3154 794 3192 a
815 3136 1007 3191 furore
1028 3132 1413 3205 resipisceret.
1439 3131 1594 3187 Bello
1612 3138 1843 3204 queque
1866 3132 2036 3187 inter-

394 3245 522 3295 esse
550 3225 758 3293 noluit,
791 3222 1015 3296 rogavit
1043 3223 1114 3278 ad
1148 3220 1410 3295 praelium
1434 3221 1794 3292 profecturos
1818 3227 1882 3276 ut
1914 3236 2037 3281 par-

395 3317 590 3372 cerent
618 3312 757 3368 filio.
792 3311 1043 3368 Securus
1075 3315 1201 3365 erat
1228 3308 1299 3363 de
1324 3306 1685 3379 victoria,qui
1706 3307 1949 3380 rogabat
1975 3311 2039 3363 ut

394 3405 733 3476 parcerent:
770 3415 873 3456 nec
908 3397 1138 3469 pietatis
1170 3396 1419 3461 alienus,
1461 3395 1562 3468 qui
1610 3395 1799 3467 perire
1829 3395 2036 3451 debere

395 3492 570 3547 etiam
599 3490 849 3562 impium
879 3486 1066 3543 ﬁlium
1098 3504 1213 3542 non
1238 3481 1499 3558 putabat.
1522 3483 1720 3552 Flevit,
1744 3488 1802 3540 et
1822 3501 2035 3557 magno

306 3610 317 3623 ι
395 3581 555 3638 luctu
587 3577 907 3651 deploravit
935 3576 1154 3632 exitum
1188 3573 1486 3647 parricida:
1518 3572 1757 3629 dicens:
1794 3596 1820 3623 ‹‹
1854 3571 2034 3629 Filius

394 3664 563 3726 meus
591 3666 935 3730 Abessalon,
970 3665 1102 3737 quis
1122 3663 1286 3719 dabit
1314 3661 1461 3718 mihi
1493 3665 1739 3717 mortem
1766 3678 1869 3733 pro
1917 3666 1974 3718 te
2006 3685 2035 3713 »

395 3758 551 3814 ﬁlius
568 3772 735 3813 meus
750 3751 1069 3811 Abessalon
1092 3753 1163 3824 (II
1185 3752 1305 3821 Reg.
1333 3767 1494 3819 xvm,
1516 3750 1607 3821 33)
1629 3750 1691 3805 Τ»
1730 3748 2037 3807 Vindican-

392 3849 535 3904 dum
567 3844 812 3918 putabat
840 3859 975 3901 eum
1000 3841 1097 3914 qui
1119 3857 1222 3913 pro
1244 3843 1497 3912 paternae
1521 3839 1776 3894 vindicta
1797 3839 2032 3911 pictatis

392 3935 703 3993 occiderat.

459 4050 548 4107 30.
582 4052 765 4115 Quam
798 4062 933 4103 vero
966 4043 1190 4116 injuriis
1223 4042 1450 4114 patiens
1482 4047 1540 4098 et
1566 4041 1821 4099 dolorisl
1855 4043 2031 4099 Cede-

392 4140 513 4205 bat,
544 4145 608 4193 ut
664 4135 805 4200 dixi,
856 4134 959 4191 lilii
1013 4133 1106 4190 sui
1156 4130 1479 4188 Abessalon
1529 4130 1734 4194 furori,
1782 4130 2033 4188 vallatus

390 4227 591 4281 dextra
621 4223 879 4295 laevaque
909 4220 1119 4278 validis
1148 4218 1549 4282 bellatoribus.
1572 4217 1954 4275 Maledicebat
1979 4219 2033 4273 ei

392 4314 477 4366 vir
505 4310 597 4366 cui
629 4327 839 4366 nomen
860 4310 1067 4374 Semei,
1091 4312 1398 4364 cruentum
1421 4305 1744 4379 appellans,
1769 4310 1824 4361 et
1840 4305 2030 4361 virum

2170 405 2397 463 tionum
2422 407 2576 464 sint:
2609 410 2668 463 et
2716 406 2846 463 ideo
2891 424 3008 464 non
3056 407 3184 465 siue
3229 407 3423 466 divino
3476 427 3548 467 ea
3570 409 3801 486 irrogari

2169 494 2355 552 solere
2377 495 2601 568 judicio
2621 495 2649 550 ‘2
2676 496 2989 553 Exercetur
3033 496 3226 554 bonus
3268 497 3490 555 athleta
3516 499 3802 567 conviciis,

2167 590 2465 642 exercetur
2484 584 2785 641 laboribus
2801 590 2857 642 et
2876 585 3172 657 periculis,
3193 591 3259 642 ut
3277 587 3491 660 dignus
3512 586 3594 644 sit
3611 588 3699 644 cui
3714 589 3801 646 de-

2166 673 2390 730 feratur
2417 691 2632 731 corona
2653 675 2902 746 justitiie
2929 691 2942 729 :
2976 679 3034 731 et
3077 674 3211 731 ideo
3261 676 3499 733 ferenda
3524 677 3807 750 patienter

2167 766 2308 818 sunt
2331 779 2457 835 quis
2487 768 2771 835 putantur
2799 763 3060 819 adversa.
3092 763 3351 836 Denique
3379 769 3439 821 et
3482 765 3623 822 alibi
3664 766 3719 822 id
3749 770 3803 824 te

2166 851 2332 907 docet
2352 852 2654 922 Scriptura
2672 852 2888 917 divina,
2914 854 3138 911 dicente
3150 854 3343 923 justo:
3367 877 3394 903 ‹‹
3409 855 3464 908 Si
3491 855 3645 911 bona
3655 872 3807 912 acce-

2164 938 2363 1010 pimus
2389 940 2461 995 de
2493 956 2671 995 manu
2702 939 2958 1006 Domini,
2991 956 3124 1011 qua:
3153 938 3310 995 mala
3357 946 3498 997 sunt
3547 957 3653 997 cur
3690 958 3803 998 non

2164 1027 2567 1084 sustineamus
2594 1028 2730 1093 (Job.
2766 1045 2829 1092 ιι,
2861 1027 2994 1095 40)?
3023 1050 3052 1078 »ι

2233 1117 2323 1172 31.
2358 1118 2427 1172 Et
2464 1116 2690 1172 addidit
2735 1122 2977 1173 sanctus
3024 1117 3311 1189 Propheta
3338 1118 3575 1175 dicens:
3608 1142 3638 1169 «ι
3666 1120 3805 1177 Ecce

2164 1204 2320 1262 ﬁlius
2334 1223 2502 1262 meus
2524 1205 2624 1277 qui
2648 1205 2823 1262 exivit
2842 1207 2915 1262 de
2930 1212 3128 1263 ventre
3149 1223 3299 1274 meo,
3322 1209 3530 1280 quierit
3546 1209 3801 1269 animum

2163 1311 2373 1351 meam.
2405 1296 2466 1351 Si
2496 1300 2693 1353 autem
2720 1296 3022 1352 Jemineus
3055 1295 3348 1352 maledicit
3376 1296 3544 1363 mihi,
3574 1297 3807 1354 dimitte

2161 1384 2331 1440 illum
2367 1389 2430 1439 ut
2453 1384 2782 1448 maledicat,
2816 1386 3093 1455 quoniam
3126 1385 3272 1440 dixit
3294 1385 3377 1440 illi
3403 1385 3714 1453 Dominus,
3739 1392 3807 1443 ut

2159 1473 2351 1530 videat
2400 1473 2791 1531 humilitatem
2825 1490 3039 1537 meam,
3065 1478 3124 1529 et
3149 1474 3425 1530 retribuet
3446 1474 3592 1531 mihi
3613 1475 3805 1534 Domi-

2159 1579 2271 1619 nus
2303 1578 2406 1634 pro
2438 1561 2748 1617 maledicto
2779 1561 2886 1616 hoc
2915 1562 2987 1633 (Il
3019 1563 3144 1632 Reg.
3178 1580 3293 1629 xvr,
3314 1563 3336 1618 l
3358 1565 3402 1628 l,
3429 1564 3537 1635 12).
3566 1588 3593 1613 ››
3616 1563 3804 1621 Dalii.

2158 1651 2299 1707 tudo
2330 1650 2678 1723 prudentiae!
2715 1667 2747 1705 o
2780 1651 3007 1725 insigne
3038 1651 3330 1722 patientiae
3358 1651 3370 1705 l
3406 1653 3801 1711 odevorande

2152 1738 2517 1796 contumeliae
2530 1740 2750 1811 grande
2764 1737 3799 1813 inventumlMoveris,inquit,Abessa

2150 1829 2304 1900 quod
2338 1828 2480 1885 mihi
2499 1827 2808 1885 maledicat
2834 1832 3344 1901 extraneus,quem
3366 1830 3678 1901 parricidio
3699 1846 3795 1903 pe-

2152 1916 2399 1973 titfilius
2424 1916 2738 1982 ;Dominus
2759 1916 2971 1973 dixitei
2987 1916 3374 1975 utmaledicat
3389 1912 3797 1977 mihi.Sedncu

2152 2010 2241 2062 est
2270 2004 2592 2062 maledicus
2622 2004 3040 2071 Dominus,nec
3061 2004 3383 2063 delectatur
3400 2008 3793 2066 contumeliis.

2218 2095 2309 2150 32.
2346 2094 2488 2150 Vide
2519 2111 2696 2166 quam
2728 2094 2964 2166 singula
2992 2094 3306 2168 diligenter
3334 2097 3654 2153 custodiat.
3674 2097 3795 2153 Non

2151 2189 2390 2239 accusat
2401 2183 2718 2238 Dominum
2733 2181 2901 2254 quasi
2922 2186 3219 2239 auctorem
3232 2183 3482 2254 injuriis,
3494 2184 3596 2240 sed
3610 2186 3799 2258 magis

2152 2270 2353 2328 laudat
2382 2271 2537 2342 quod
2568 2271 2825 2357 patiatus
2854 2271 2968 2343 (46)
3015 2288 3124 2327 nos
3172 2272 3404 2328 minora
3445 2274 3691 2345 perpeti,
3733 2280 3797 2330 ut

2153 2361 2445 2431 majorum
2495 2359 2719 2415 veniam
2771 2363 3146 2430 peccatorum
3202 2359 3622 2432 adipiscamur.
3657 2362 3797 2421 Ecce

2148 2449 2460 2506 verborum
2492 2447 2849 2504 contumelia
2876 2447 3175 2519 parricidii
3205 2447 3415 2506 levavit
3449 2467 3792 2517 arumnam,

2152 2536 2399 2594 absolvit
2415 2539 2917 2609 procacem,cujus
2939 2536 3251 2593 maledicta
3272 2537 3404 2609 plus
3416 2539 3795 2612 prosint,qua

2149 2625 2346 2681 divina
2372 2624 2844 2683 remuneratione
2867 2626 3178 2681 donantur.
3218 2626 3373 2682 086
3421 2627 3563 2690 Quis
3593 2645 3791 2685 secum

2150 2715 2325 2770 talem
2346 2731 2459 2771 non
2479 2720 2820 2786 compensat
2839 2715 2918 2786 inj
2929 2714 3139 2783 uriam,
3165 2720 3411 2786 utquen:
3430 2715 3605 2774 homo
3618 2716 3789 2786 lasit,

2148 2820 2283 2860 eum
2315 2804 2468 2860 Deus
2498 2801 2811 2860 meliorum
2843 2802 3224 2860 retributione
3253 2803 3521 2860 soletur?

2760 2908 2994 2964 CAPUT
3033 2909 3183 2965 VIII.

2151 3000 2450 3083 De]ng
2478 2997 2867 3083 Da'u'idlcomra
2897 3000 3167 3083 gigantes,
3196 3001 3248 3053 et
3472 2999 3794 3083 lic/Mactat-

2221 3068 2489 3126 tici‘lacus
2541 3068 2839 3142 libatwnc;
2873 3085 2942 3124 ea:
2990 3070 3186 3142 quibus
3243 3068 3479 3141 aliisque
3524 3071 3795 3142 praeclare

2216 3142 2373 3212 factis
2427 3141 2774 3196 concluditur
2822 3156 2983 3195 suum
3034 3139 3101 3193 ab
3159 3155 3218 3195 eo
3268 3139 3553 3212 peccaturi:
3600 3150 3795 3199 tcctum

2213 3214 2422 3295 fuisse:
2477 3213 2787 3295 parcarum
2831 3226 2971 3295 cuni
3005 3211 3158 3265 illud
3200 3211 3565 3295 non_crucnt_c
3594 3215 3795 3285 affectu

2211 3282 2531 3354 patravcrz‘t,
2565 3284 2609 3337 it
2635 3286 2819 3355 postea
2848 3298 2906 3337 se
2930 3282 3055 3351 Deo,
3105 3298 3267 3353 quam
3296 3282 3791 3355 hominibusm-

2214 3354 2383 3481 fiuerit
2401 3356 2752 3478 cgmmitbere,
2774 3370 2983 3411 necnon
3003 3355 3215 3409 crimen
3233 3354 3341 3409 sibi
3358 3354 3652 3411 dimissum
3682 3358 3797 3427 ipse

2252 3440 2432 3481 ocuert
2464 3466 2476 3478 .

2252 3426 2476 3481 acuerit.

2214 3514 2302 3569 33.
2338 3512 2467 3569 Alia
2482 3529 2716 3584 quoque
2738 3513 2868 3583 ejus
2888 3517 3050 3587 gesta
3070 3513 3535 3571 consideremus.
3558 3514 3791 3588 Pugna-

2142 3602 2225 3656 vit
2250 3601 2531 3657 adversus
2554 3601 2889 3673 progeniem
2919 3602 3246 3675 gigantum,
3278 3603 3515 3676 quando
3547 3621 3707 3661 unus
3726 3620 3799 3660 ex

2142 3690 2260 3746 illis
2288 3694 2618 3747 versantem
2641 3688 2701 3744 in
2734 3689 2931 3762 praelia
2976 3707 3170 3763 regem
3219 3708 3367 3762 pene
3395 3696 3793 3764 percusserat,

2142 3795 2290 3852 quos
2320 3794 2502 3836 ausus
2533 3783 2728 3835 tamen
2760 3779 3039 3835 adversus
3068 3786 3319 3852 excepta:
3351 3780 3538 3853 pretio
3579 3782 3794 3837 mortis

2141 3867 2403 3925 exsolvit.

2211 3956 2300 4012 34.
2361 3956 2480 4012 Ηοο
2534 3970 2768 4027 quoque
2826 3961 3094 4029 percepto
3150 3957 3311 4013 victe
3339 3958 3539 4030 gentis
3584 3958 3801 4017 ferocis

2140 4044 2465 4117 triumpho,
2496 4042 2709 4101 iterum
2742 4043 2801 4099 in
2823 4042 2970 4100 valle
2983 4045 3255 4100 Titanum
3278 4044 3501 4101 bellum
3529 4046 3799 4103 immane

2141 4134 2419 4207 suscepit,
2452 4150 2568 4189 non
2590 4133 2791 4189 minus
2803 4134 3086 4191 adversus
3111 4134 3361 4200 hostem,
3383 4151 3571 4206 quam
3587 4137 3793 4193 adver-

2142 4239 2243 4280 sus
2276 4227 2566 4279 naturam.
2604 4221 2820 4278 Sitieus
2845 4221 3003 4278 enim
3021 4239 3155 4278 cum
3178 4229 3507 4280 versaretur
3524 4224 3591 4279 in
3614 4223 3800 4287 bello,

2143 4311 2301 4384 quod
2314 4310 2537 4367 biberet
2553 4327 2668 4367 non
2682 4309 2960 4367 habebat:
2978 4336 3004 4361 α
3022 4310 3165 4375 Quis
3178 4329 3231 4366 m
3244 4311 3321 4366 ibi
3339 4295 3798 4386 potumIinquit,

390 4395 1795 4472 sanguinis,dignoqnejudicioDominidejectum
1812 4412 1940 4451 esse
1959 4396 2032 4452 de
2061 4418 2108 4482 Ι)
2139 4398 2304 4456 dabit
2333 4398 2403 4454 de
2436 4398 2562 4454 lacu
2594 4397 2693 4470 qui
2723 4404 2814 4455 est
2842 4398 2901 4454 in
2925 4398 3217 4457 Bethleem
3241 4401 3314 4455 ad
3337 4404 3540 4472 portas
3562 4402 3639 4471 (Η
3662 4403 3794 4472 Reg.

389 4505 567 4563 regno
593 4504 606 4542 :
641 4487 741 4543 sed
765 4503 833 4542 ne
849 4486 1066 4541 talibus
1090 4486 1328 4557 quidem
1355 4485 1694 4541 movebatur
1713 4482 2022 4550 conviciis;

388 4578 772 4645 movebantur
801 4582 997 4633 autem
1024 4575 1267 4631 comites
1295 4575 1442 4644 ejus.
1464 4572 1727 4645 Denique
1779 4589 1932 4628 unus
1962 4588 2032 4628 ex

386 4668 562 4725 sociis
590 4666 836 4738 (Abesse
864 4679 1077 4720 nomen
1109 4663 1252 4733 viro)
1286 4661 1591 4718 minitatus
1622 4666 1710 4721 est
1754 4661 1909 4733 quod
1939 4660 2029 4718 in-
2078 4712 2085 4719 .

379 4758 551 4828 juris:
608 4753 862 4827 pretium
919 4758 1096 4823 caput
1151 4754 1443 4807 auferret:
1499 4751 1600 4805 sed
1665 4767 1762 4805 rex
1800 4765 2032 4806 conver-

386 4864 490 4903 sus
523 4845 592 4900 ad
621 4844 875 4899 Abessa:
911 4863 937 4891 «
972 4841 1119 4906 Quid
1138 4839 1304 4908 mihi,
1329 4839 1431 4905 ait,
1454 4843 1512 4893 et
1529 4839 1632 4893 tibi
1653 4840 1762 4903 est,
1786 4839 1866 4894 {ili
1898 4838 2029 4894 Sar-

383 4932 535 4989 viie?
566 4932 699 4987 Ideo
728 4927 1026 4986 maledicit
1055 4927 1219 4997 mihi,
1255 4926 1530 4999 quoniam
1563 4925 1843 4983 Dominus
1883 4927 2032 4982 dixit

386 5021 489 5087 illi,
522 5024 589 5075 ut
618 5018 927 5075 maledicat
948 5019 1018 5089 (ΙΙ
1044 5019 1300 5089 ch.xv1,
1329 5016 1437 5085 10).
1467 5037 1496 5065 ››
1519 5015 1703 5079 Quam
1729 5013 2028 5070 moraliter

386 5108 583 5164 docuit
611 5108 767 5180 quod
787 5107 1135 5180 injuriarum
1158 5103 1246 5161 vel
1270 5101 1662 5177 periculorum
1691 5107 2029 5160 nostrorum

457 5221 570 5293 (14)
598 5221 879 5293 Videlicet
925 5221 1186 5278 Gratiani
1236 5219 1629 5292 imperatoris,
1675 5222 1740 5273 ut
1770 5217 2026 5275 diximus

387 5292 444 5348 in
468 5292 772 5360 'Admonit,
806 5293 879 5349 ad
912 5293 1070 5349 hunc
1098 5292 1335 5349 librum.

457 5363 571 5433 (135)
589 5361 1336 5426 «Honestumcstenim,»et
1347 5377 1475 5433 quae
1488 5364 1823 5433 sequuntur
1839 5376 2025 5432 usque

385 5434 457 5495 ad
477 5432 718 5505 verbum
740 5434 948 5505 Specta,
973 5439 1106 5502 etc.,
1133 5432 1379 5491 initam.
1396 5433 1517 5505 edit
1546 5432 1743 5505 abiete
1770 5434 2026 5505 fuerant,

456 5505 568 5585 (16)
596 5502 737 5563 Mss.
770 5502 1013 5578 septem,
1047 5527 1075 5558 ‹‹
1109 5505 1265 5579 quod
1314 5504 1590 5580 patiatur.
1640 5502 1761 5565 Nos
1799 5503 2028 5566 minora

2138 4504 2301 4554 xxm,
2318 4486 2405 4559 t5)
2427 4487 2491 4543 ‘2»
2518 4486 2856 4542 Eratautcm
2874 4487 3025 4542 inter
3042 4486 3233 4543 lacum
3255 4492 3313 4543 et
3329 4488 3796 4545 sanctumDavid

2138 4575 2463 4631 interfusus
2492 4573 2699 4640 hostis,
2731 4578 2788 4630 et
2818 4575 3013 4632 media
3041 4574 3347 4632 hostilium
3379 4581 3550 4650 septa
3576 4582 3794 4633 castio-

2137 4680 2289 4719 rum.
2303 4663 2697 4719 Prmoiderunt
2714 4668 2833 4720 tres
2853 4663 2956 4719 viri
2973 4664 3416 4721 multitudinem
3431 4664 3791 4723 adversario-

2136 4769 2293 4815 rum,
2325 4757 2382 4808 et
2408 4750 2798 4824 impleverunt
2826 4769 3040 4825 aquam
3071 4753 3143 4809 de
3172 4753 3300 4810 lacu
3334 4754 3439 4827 qui
3461 4759 3591 4811 erat
3617 4752 3785 4812 Beth-

2136 4840 2308 4909 leem,
2342 4844 2399 4896 et
2424 4839 2756 4899 obtulerunt
2789 4842 2910 4913 regi
2940 4842 3256 4898 bibendam
3286 4860 3299 4898 :
3333 4844 3439 4899 sed
3470 4861 3569 4900 rex
3597 4840 3785 4900 noluit

2138 4930 2355 4996 bibere,
2371 4932 2427 4985 et
2439 4929 2697 5001 profudit
2712 4928 2876 4986 illam
2887 4929 3132 4986 Domino
3146 4932 3280 5003 (l7).
3302 4930 3777 5003 Dignumetmim

2135 5023 2297 5074 tanto
2312 5033 2554 5074 munere
2568 5017 2675 5073 fuit
2690 5023 2751 5072 ut
2771 5034 2899 5090 quia
2917 5022 3039 5075 erat
3052 5018 3254 5074 vivide
3274 5019 3515 5077 virtutis
3532 5018 3779 5091 insigne,

2135 5107 2302 5163 ﬁeret
2324 5106 2558 5179 pietatis
2572 5106 2719 5163 sacri
2729 5106 2947 5163 licium.
2971 5106 3242 5181 Dixitque
3258 5107 3503 5180 dignam
3518 5103 3775 5182 prophcti

2135 5222 2357 5303 perpeti
2386 5221 2689 5303 nolumus,
2724 5226 2795 5277 ut
2819 5223 3135 5303 majorum,
3165 5227 3276 5278 etc.
3293 5243 3348 5303 ρ).
3371 5222 3772 5303 Reliqu

2136 5292 2306 5365 iique
2314 5293 2750 5365 p9tiores,rcum
2768 5292 2908 5365 edit.
2918 5292 3203 5365 omnibus
3214 5292 3772 5365 nobiscum'faciuet

2207 5363 2516 5438 (tn—Rom.
2546 5364 2683 5421 edit.
2722 5386 2751 5416 ‹‹
2781 5369 2837 5422 et
2862 5364 3065 5423 libavit
3112 5364 3273 5423 illam
3322 5364 3590 5424 Domino.
3622 5387 3650 5417 ››
3693 5363 3776 5419 Ita

2136 5435 2314 5496 etiam
2344 5435 2516 5497 infra.

3121 6127 3296 6176 Ἰ*
3823 6127 4012 6196 -
