4052 6196
256 280 392 393 eos.

1367 278 1761 350 APOLOGIA
1806 282 2247 351 PROPHETIE
2288 280 2552 347 DAVID.

3544 279 3665 373 θοβ

258 437 325 474 co
356 419 566 492 Spiritu
598 418 943 475 sententiam
970 436 981 473 :
1004 418 1128 474 Non
1153 419 1449 493 contingat
1472 419 1732 474 mihihoc
1757 420 1905 474 fare-

2034 435 2155 489 Lil-at
2189 434 2499 490 adversarii
2537 427 3037 507 agminisinsidiis
3052 428 3346 502 appetitus
3363 430 3664 500 occubuit;

257 526 347 571 re;
386 527 452 561 n.-
486 506 831 577 sanguinem
860 506 1119 565 virorum
1150 508 1249 582 qui
1280 509 1549 564 abierunt
1581 528 1645 562 vx
1697 509 1907 561 anilis

254 586 516 666 illorum,
539 596 737 652 bibam
768 596 925 669 (Ibid.
963 598 1071 669 17).
1106 598 1256 653 Vicit
1277 615 1412 670 ergo
1436 602 1707 653 naturain
1740 601 1804 652 ut
1826 598 1909 653 si-

255 684 412 741 tiens
442 703 559 740 non
591 684 907 753 biberet,et
935 676 1266 758 exemplum
1298 687 1370 741 dc
1390 700 1461 742 'se
1494 686 1759 757 praebuit,
1793 702 1909 757 quo

256 774 453 831 omnis
483 774 769 830 exercitus
804 773 1047 830 tolerare
1098 774 1257 829 sitim
1316 775 1585 830 disceret.
1647 772 1912 830 Exercuit

256 864 433 919 etiam
467 863 734 918 subditos
756 864 826 918 ad
850 863 1078 919 virtutis
1099 863 1378 931 officium,
1404 867 1468 917 ut
1497 863 1670 918 etiam
1696 880 1797 933 per
1816 879 1911 934 pe-

257 951 447 1007 ricula
477 951 655 1023 regali
688 952 931 1023 imperio
963 951 1277 1007 voluntarii
1308 950 1527 1006 milites
1556 953 1914 1022 obtempera-

255 1044 409 1096 rent.
433 1040 594 1106 Quod
614 1043 808 1095 autem
824 1039 1008 1095 noluit
1026 1040 1241 1105 bibere,
1264 1040 1915 1111 declaravitprobando—

259 1146 395 1185 rum
427 1127 681 1183 militum
714 1146 775 1184 se
806 1128 1128 1200 imperasse
1159 1129 1366 1201 gratia,
1399 1145 1511 1183 non
1541 1129 1670 1184 sitis
1691 1129 1910 1182 victum

260 1217 640 1274 necessitate:
666 1218 1034 1289 prospexisse
1045 1216 1218 1272 etiam
1242 1234 1313 1272 ne
1334 1218 1427 1272 cui
1452 1234 1651 1288 regum
1673 1217 1911 1271 bibendi

261 1304 410 1362 usus
466 1306 673 1361 alienis
732 1305 1005 1377 periculis
1061 1318 1371 1377 quaeretur.
1436 1305 1736 1360 Postremo
1804 1304 1910 1376 piae

260 1393 478 1449 vulnus
510 1393 876 1449 conscientia
908 1394 1309 1465 deprecatum,
1342 1409 1408 1448 eo
1440 1393 1595 1463 quod
1641 1409 1793 1463 aqua
1834 1396 1917 1447 tot

258 1472 520 1538 virorum
574 1483 817 1554 quaesita
838 1481 1144 1554 sanguine,
1171 1482 1519 1536 suavitatem
1545 1480 1782 1536 bibendi
1809 1481 1909 1536 ha-

260 1573 399 1626 bere
431 1587 546 1626 non
577 1575 795 1642 posset,
857 1587 981 1641 quas
1041 1569 1345 1642 propositae
1404 1569 1616 1625 mortis
1674 1568 1912 1624 horrore

262 1665 576 1715 constaret.

332 1750 421 1804 35.
456 1749 616 1812 Quod
653 1748 701 1802 si
753 1747 927 1802 altius
961 1748 1104 1802 velis
1137 1754 1420 1819 spectare,
1444 1752 1501 1802 et
1533 1747 1911 1818 introspicere
1943 1784 1987 1847 B

258 1838 631 1909 mysterium,
656 1837 891 1892 sitiebat
921 1837 1100 1891 David
1136 1854 1250 1891 non
1284 1854 1460 1908 quam
1507 1837 1579 1891 de
1630 1837 1759 1891 lacu
1811 1835 1909 1906 qui

259 1933 351 1981 est
374 1928 431 1980 in
456 1924 774 1989 Bethleem,
806 1926 905 1980 sed
929 1924 1243 1980 oriundum
1266 1942 1334 1979 ex
1354 1924 1589 1997 Virgine
1610 1924 1909 1979 Christum

262 2017 320 2071 in
338 2014 551 2086 spiritu
565 2013 1187 2085 prmvidebatNolebat
1204 2030 1341 2085 ergo
1352 2013 1548 2068 bibere
1567 2031 1677 2068 non
1696 2030 1910 2084 aquam

261 2103 548 2169 ﬂuminis,
583 2103 681 2158 sed
714 2108 914 2174 potum
947 2101 1142 2174 gratiae
1170 2101 1471 2173 spiritalis,
1504 2102 1610 2157 hoc
1637 2106 1746 2166 est,
1796 2119 1911 2157 non

260 2209 551 2266 aquarum
584 2191 823 2246 sitiebat
841 2190 1218 2260 elementum,
1249 2192 1349 2247 sed
1372 2191 1719 2263 sanguinem
1746 2191 1910 2245 Chri-

261 2281 355 2337 sti.
394 2281 654 2351 Denique
686 2296 800 2334 non
830 2279 979 2333 bibit
999 2277 1254 2334 oblatam
1278 2295 1512 2350 aquam,
1538 2279 1636 2334 sed
1671 2277 1910 2333 Domino

263 2371 438 2435 fudit;
473 2367 812 2442 significans
842 2368 1005 2422 sitire
1037 2385 1097 2422 se
1127 2367 1339 2422 Christi
1368 2367 1740 2434 sacrilicium,
1794 2384 1909 2420 non

262 2464 488 2515 natura:
523 2459 844 2511 fluentum:
882 2455 1026 2511 illud
1076 2455 1430 2510 sacrificium
1491 2457 1547 2509 in
1598 2473 1712 2527 quo
1760 2460 1913 2510 esset

262 2547 536 2604 remissio
554 2551 949 2617 peccatorum,
965 2543 1130 2599 illum
1150 2544 1311 2599 sitire
1325 2527 1385 2599 se
1400 2544 1615 2600 fontem
1630 2548 1801 2598 autern
1814 2561 1909 2597 um

260 2653 381 2692 non
415 2634 517 2707 qui
551 2633 827 2706 periculis
860 2640 1217 2705 quereretur
1243 2631 1470 2699 alienis,
1505 2632 1605 2686 sed
1658 2631 1913 2703 pericula

260 2718 460 2782 aliena
490 2722 822 2795 depelleret.

338 2813 429 2869 36.
463 2813 572 2867 Tot
602 2812 781 2885 igitur
810 2803 1083 2883 cperibus
1116 2814 1233 2866 tam
1266 2810 1549 2864 mirandis
1581 2810 1756 2864 unins
1785 2826 1914 2864 san-

263 2905 506 2975 guinem
537 2904 755 2956 tectum
788 2917 903 2954 non
928 2898 1474 2954 credimus?Merito
1488 2915 1594 2953 vox
1608 2896 1913 2970 sanguinis

260 2991 409 3048 Abel
432 2990 574 3061 justi
608 2989 898 3044 clamabat
930 2990 1001 3043 ad
1032 2988 1367 3053 Dominum,
1387 2986 1525 3058 quia
1546 2985 1747 3040 nullus
1770 2986 1912 3041 Cain

258 3081 483 3152 impius
516 3079 683 3133 bonis
714 3077 986 3148 operibus
1016 3078 1335 3149 tegebatur,
1371 3075 1509 3147 quia
1538 3075 1681 3136 687
1728 3075 1911 3146 parri-

2020 542 2191 592 qucm
2230 525 2403 591 licvit,
2438 528 2492 577 et
2526 528 2655 593 post
2712 521 2933 575 luctum
2993 518 3120 587 ejus
3178 516 3490 575 ambulans
3532 520 3667 591 (19),

2022 612 2303 683 depositis
2358 611 2562 666 infulis
2622 609 2947 682 potestatis,
3015 605 3428 676 exsequiarum
3509 608 3675 678 justa

2021 701 2265 755 curavit.
2299 701 2421 764 Quo
2454 700 2603 753 facto
2635 698 2839 767 docuit
2865 696 3041 751 etiam
3097 694 3445 750 adversariis
3493 696 3670 751 fidem

2028 788 2382 860 promissam
2416 802 2543 842 esse
2574 786 2940 847 servandam,
2973 772 3376 838 honorandam
3437 800 3673 857 quoque

2022 881 2079 932 et
2110 877 2167 930 in
2200 876 2368 931 hoste
2397 876 2695 930 virtutem.
2728 874 2931 928 Nonne
2961 878 3082 926 tam
3115 871 3243 925 miti
3277 887 3395 926 suae
3427 872 3673 927 haeredi-

2022 969 2140 1020 tate
2172 964 2424 1035 pietatis,
2459 964 2634 1018 etiam
2668 962 2846 1032 hujus
2879 976 3103 1015 naevum
3136 960 3377 1014 detersit
3414 959 3668 1016 erroris?

2096 1054 2183 1108 37.
2218 1055 2401 1119 Quam
2440 1051 2782 1124 praeclarum
2815 1054 3033 1117 autem,
3069 1047 3221 1119 quod
3243 1048 3435 1105 tribus
3460 1048 3675 1105 oblatis

2022 1140 2133 1196 sibi
2162 1141 2597 1196 conditionibus
2620 1156 2795 1211 quam
2826 1138 2999 1194 vellet
3025 1137 3285 1207 eligeret,
3310 1138 3545 1207 quando
3572 1154 3677 1192 nu-

2022 1236 2243 1283 merato
2277 1228 2490 1300 populo
2521 1228 2813 1283 contraxit
2850 1228 3156 1289 offensam,
3214 1240 3348 1279 cum
3402 1226 3672 1299 proposi-

2020 1321 2145 1372 tum
2178 1322 2332 1372 esset
2360 1322 2558 1372 utrum
2590 1317 2842 1371 triennio
2872 1315 3080 1370 famem
3109 1329 3287 1385 super
3305 1318 3521 1367 terram
3546 1314 3671 1368 ﬁeri

2020 1405 2210 1473 vellet,
2226 1406 2530 1461 auttribus
2546 1406 2849 1461 mensibus
2864 1405 3058 1476 fugere
3079 1419 3113 1457 a
3130 1402 3273 1456 facie
3298 1401 3672 1457 inimicorum

2023 1510 2264 1550 suorum
2284 1495 2761 1565 persequentium
2786 1509 2866 1557 se,
2893 1490 3199 1547 auttriduo
3211 1489 3334 1545 ﬁeri
3348 1494 3597 1545 mortem
3611 1488 3671 1547 in

2022 1586 2209 1648 terra;
2240 1583 2477 1636 tertium
2511 1581 2706 1652 elegit,
2732 1581 2886 1651 quod
2911 1578 3142 1635 Domini
3175 1594 3237 1633 se
3258 1577 3480 1644 mallet,
3496 1592 3673 1649 quam

2022 1671 2722 1735 hominum,committere
2745 1668 3048 1739 potestati!
3075 1667 3359 1723 Dominus
3379 1666 3537 1722 enim
3560 1666 3674 1722 cito

2021 1760 2334 1815 miseratus
2356 1759 2701 1829 ignosceret.
2722 1758 2921 1828 Itaque
2938 1757 3024 1811 sic
3038 1755 3118 1809 ait
3143 1772 3200 1809 ια
3217 1755 3510 1825 Angustias
3535 1759 3678 1810 sunt

1964 1842 1981 1885 ῗ
2021 1844 2165 1901 mihi
2196 1847 2363 1901 valde
2394 1845 2452 1900 in
2486 1845 2578 1900 his
2607 1846 2831 1900 tribus:
2892 1845 2991 1898 sed
3041 1842 3235 1913 magis
3294 1842 3555 1899 incidam
3612 1842 3669 1896 in

2021 1952 2233 1990 manus
2261 1934 2493 1989 Domini
2524 1934 2822 2005 (quoniam
2858 1948 3073 2004 magna
3133 1937 3222 1986 est
3268 1931 3672 1987 misericordia

2020 2026 2148 2095 ejus
2173 2023 2383 2089 valde),
2419 2039 2597 2095 quam
2632 2024 2691 2076 in
2722 2039 2939 2077 manus
2972 2020 3282 2075 hominum
3313 2019 3571 2075 incidam
3602 2020 3673 2089 (II

2021 2115 2144 2183 Reg.
2175 2127 2329 2167 xxtv.
2364 2113 2386 2166 l
2412 2113 2476 2179 ιι).
2502 2132 2529 2160 »
2550 2110 2665 2166 Hac
2680 2110 3031 2173 humilitate,
3049 2107 3671 2181 prudentia,mansue-

2020 2204 2223 2256 tudine
2257 2202 2407 2264 fecit,
2444 2206 2508 2254 ut
2533 2199 2722 2255 verbis
2754 2198 3069 2270 Scripturaa
3099 2202 3250 2263 utar,
3285 2196 3499 2252 habere
3556 2197 3668 2252 Do-

2022 2291 2250 2345 minum
2272 2287 2519 2360 propria:
2537 2285 3386 2357 commotionispmnitentiam.
3411 2284 3671 2356 Denique

2020 2380 2105 2434 sic
2135 2378 2415 2448 scriptum
2451 2384 2572 2431 est:
2609 2400 2634 2425 ‹‹
2668 2376 2814 2440 Quia
2843 2375 3245 2447 paenitentiam
3306 2373 3510 2428 habuit
3552 2372 3672 2428 Do-

2021 2465 2219 2520 minus
2250 2481 2428 2534 super
2457 2463 2741 2518 malitiam
2774 2465 2993 2533 (Jerem.
3027 2480 3179 2531 xxxx,
3213 2463 3321 2530 19).
3358 2484 3387 2511 ››

2090 2555 2177 2607 38Δ
2209 2558 2395 2614 Quam
2427 2568 2559 2605 vero
2588 2550 2732 2605 illud
2765 2551 2939 2605 etiam
2972 2549 3427 2619 admirabile(De
3456 2552 3666 2608 Pwnit.

2020 2642 2156 2697 dist.
2189 2644 2244 2709 5,
2276 2657 2403 2711 cap.
2436 2638 2579 2694 Illud
2607 2642 2777 2707 vero),
2807 2639 2961 2709 quod
2996 2638 3203 2710 angelo
3253 2637 3481 2692 ferienti
3537 2638 3669 2709 ple-

2022 2732 2151 2785 bem
2187 2747 2249 2783 se
2278 2728 2489 2783 obtulit
2517 2727 2750 2782 dicens:
2786 2727 2934 2782 Grex
2961 2725 3073 2781 iste
3104 2726 3245 2796 quid
3306 2725 3477 2781 fecit?
3535 2727 3664 2783 Fiat

2022 2834 2234 2873 manus
2264 2823 2367 2870 tua
2396 2816 2452 2869 iu
2489 2831 2600 2881 me,
2633 2820 2690 2869 et
2720 2814 2780 2868 in
2812 2815 3053 2868 domum
3085 2814 3267 2884 patris
3299 2813 3412 2869 mei
3435 2814 3507 2884 (ΙΙ
3532 2815 3665 2883 Reg.

2020 2923 2172 2961 xx1v.
2206 2906 2315 2972 47).
2343 2928 2370 2953 ››
2392 2903 2555 2967 Quod
2578 2905 2726 2958 l'acto
2750 2903 2948 2957 statim
2972 2902 3186 2973 dignus
3212 2902 3668 2973 sacriﬁciojudi-

2023 2999 2188 3049 catus
2218 2997 2327 3060 est,
2360 2992 2461 3063 qui
2514 2991 2880 3047 absolutione
2904 2990 3308 3045 aestimabatur
3361 2990 3664 3063 indignus.

2021 3083 2135 3138 Nec
2167 3084 2379 3137 mirum
2413 3081 2461 3135 si
2487 3079 2584 3135 tali
2617 3096 2724 3135 sua
2756 3079 3049 3135 oblatione
3078 3095 3181 3150 pro
3239 3078 3473 3151 pepulo,
3530 3095 3668 3151 pec-

266 3147 479 3226 cidalis
513 3172 656 3231 erat,
689 3147 829 3238 quia
856 3183 971 3221 non
1003 3147 1387 3221 conﬁtebatur
1446 3164 1756 3237 ﬂagitium,
1810 3164 1910 3219 sed
1944 3147 1986 3213 C
2024 3172 2138 3227 cati
2170 3172 2261 3226 sui
2294 3170 2541 3240 adeptus
2574 3174 2664 3223 est
2692 3168 2943 3231 veniam,
2968 3147 3101 3221 cuni
3126 3147 3352 3239 May—33's
3374 3147 3667 3224 oﬁ‘eréndo

262 3259 541 3332 negabat.
584 3256 763 3312 David
797 3271 929 3310 vero
951 3255 1241 3309 occiderat
1269 3253 1506 3324 quidem
1528 3254 1716 3307 virum
1741 3252 1912 3307 mini-

264 3365 361 3404 me
393 3345 719 3412 reum;sed
782 3343 1072 3398 occiderat
1130 3358 1243 3396 non
1305 3341 1501 3396 studio
1556 3340 1917 3395 crudelitatis

266 3435 588 3509 impulsus,
603 3433 704 3489 sed
724 3438 788 3487 ut
809 3432 1189 3487 obumbraret
1208 3430 1510 3501 pudorem,
1534 3435 1752 3502 tegeret
1766 3446 1918 3485 vere-

268 3525 553 3581 cundiam
587 3519 1069 3591 concupiscentiaa
1115 3519 1247 3590 (18).
1309 3519 1434 3573 Non
1493 3520 1678 3574 audeo
1726 3518 1918 3573 dicere

271 3614 429 3686 quod
460 3611 516 3667 vi
573 3610 838 3665 criminis
892 3608 1066 3663 fuerit
1122 3608 1706 3678 oppressus(neque
1762 3606 1918 3662 enim

274 3717 595 3773 oppressus
618 3704 725 3763 est,
758 3696 857 3769 qui
917 3696 1087 3751 scivit
1137 3696 1636 3766 quemadmodum
1669 3712 1703 3750 a
1752 3695 1923 3749 ruina

273 3791 377 3846 illa
409 3788 626 3861 peccati
658 3804 719 3845 se
751 3790 947 3858 posset
970 3785 1203 3855 levare),
1234 3784 1363 3840 dico
1416 3790 1611 3840 tamen
1670 3784 1825 3855 quod
1868 3783 1923 3837 vi

267 3876 615 3934 tentationis
639 3876 885 3931 inﬂexus
907 3873 1003 3929 sit.
1028 3871 1261 3928 Dixerat
1283 3873 1439 3928 enim
1463 3890 1671 3944 supra:
1692 3895 1719 3922 ‹‹
1739 3872 1925 3927 Proba

270 3984 386 4031 me,
420 3966 684 4034 Domine,
716 3971 774 4020 et
802 3967 963 4019 tenta
988 3976 1108 4016 me:
1148 3977 1249 4017 ure
1303 3978 1471 4016 renes
1530 3977 1691 4016 meos
1721 3965 1779 4016 et
1826 3977 1927 4015 cor

269 4072 470 4112 meum
504 4055 671 4123 (Psal.
702 4070 829 4118 xxv,
845 4054 921 4119 2).
957 4051 1068 4107 »Εἰ
1088 4049 1254 4105 alibi:
1289 4075 1314 4099 ‹‹
1343 4050 1667 4121 Egoautem
1690 4048 1805 4104 dixi
1832 4050 1922 4103 in-

268 4162 405 4201 mea
435 4143 819 4207 abundantia,
852 4157 969 4195 non
1004 4139 1280 4195 movebor
1309 4138 1374 4192 in
1410 4144 1693 4193 mternum
1748 4138 1922 4208 (Paul.

269 4250 431 4300 xxxx,
460 4234 573 4300 7).»
608 4232 714 4285 Et:
749 4253 774 4277 ‹‹
812 4229 949 4300 Igne
980 4244 1071 4282 me
1110 4226 1478 4289 examinasti,
1502 4230 1558 4281 et
1588 4243 1704 4281 non
1727 4231 1816 4281 est
1840 4226 1927 4280 in-

270 4329 449 4381 venta
477 4319 535 4374 in
571 4334 660 4374 me
697 4317 982 4389 iniquitas
1013 4317 1182 4387 (Psal.
1214 4332 1329 4382 xv1,
1360 4314 1437 4381 3).
1478 4336 1503 4362 η
1538 4314 1736 4369 Voluit
1792 4331 1928 4369 eum

169 4431 188 4451 ο
274 4400 586 4479 subjacere
619 4406 902 4461 Dominus
932 4403 1260 4470 tentationi,
1296 4420 1368 4459 ne
1399 4419 1577 4474 supra
1632 4402 1929 4457 hominem

2023 3277 2084 3315 se
2114 3259 2361 3315 Domino
2395 3274 2495 3328 pro
2529 3255 2715 3326 plebis
2773 3272 2987 3321 errore,
3047 3255 3221 3310 etiam
3283 3254 3469 3327 plebis
3535 3270 3670 3327 pec-

2025 3353 2153 3403 cata
2166 3346 2462 3402 deleverit.

2096 3438 2183 3490 39.
2220 3434 2386 3489 Texit
2417 3434 2595 3504 igitur
2626 3440 2860 3503 peccata
2889 3450 3019 3498 sua,
3051 3450 3123 3488 an
3156 3449 3269 3488 non
3292 3434 3319 3487 ‘I
3368 3433 3481 3487 Sed
3541 3432 3676 3504 quis

2028 3525 2135 3580 hoc
2166 3529 2355 3594 neget,
2382 3538 2516 3575 cum
2540 3522 2663 3589 ipse
2683 3522 2947 3576 docuerit
2964 3521 3270 3591 Propheta,
3296 3521 3449 3592 quod
3476 3521 3678 3577 remit-

2028 3618 2227 3668 tantur
2253 3610 2625 3682 iniquitates,
2660 3613 2932 3679 tegantur
2958 3612 3214 3680 peccata,
3247 3626 3362 3664 non
3392 3609 3683 3682 imputan-

2030 3706 2126 3756 tur
2155 3718 2190 3755 a
2216 3699 2515 3754 Domino?
2544 3698 2847 3752 Peccatum
2883 3697 3197 3752 remissum
3219 3697 3335 3752 sibi
3361 3697 3516 3753 688
3556 3698 3682 3769 ipse

2033 3790 2255 3853 docuit,
2289 3787 2445 3843 sicut
2473 3785 2757 3856 scriptum
2781 3788 2895 3838 est:
2922 3807 2949 3834 ‹‹
2978 3783 3261 3839 υθΙὶαιυιῐι
3284 3800 3481 3840 meum
3500 3801 3680 3858 agno-

2034 3895 2155 3944 sco,
2186 3882 2243 3932 et
2271 3874 2621 3945 injustitiam
2653 3889 2842 3927 meam
2869 3888 2983 3927 non
3008 3870 3227 3942 Operui.
3251 3871 3403 3939 Dixi,
3422 3872 3684 3928 Pronun-

2033 3968 2190 4024 tiabo
2214 3966 2521 4021 adversum
2547 3978 2638 4017 me
2658 3961 3009 4032 injustitiam
3038 3975 3227 4014 meam
3254 3960 3523 4028 Domino,
3540 3963 3600 4016 et
3618 3965 3685 4015 tu

2035 4052 2315 4110 dimisisti
2352 4051 2708 4124 impietatem
2742 4048 2935 4105 cordis
2962 4048 3077 4103 mei
3120 4048 3295 4119 (Paul.
3355 4065 3505 4117 XXXI,
3537 4050 3616 4119 5).
3653 4070 3681 4097 ››

2037 4145 2098 4199 Si
2128 4143 2294 4208 dixit,
2328 4165 2353 4191 «
2392 4140 2807 4205 Pronuntiabo,
2844 4161 2871 4188 ››
2903 4143 2959 4194 et
2987 4137 3216 4193 veniam
3248 4139 3465 4193 merui~
3521 4146 3684 4193 ante-

2038 4247 2221 4305 quam
2253 4229 2697 4303 pronuntiaret:
2731 4232 2948 4300 quanto
2982 4226 3169 4298 magis
3200 4225 3299 4281 ubi
3331 4226 3403 4282 de
3434 4242 3494 4283 se
3552 4242 3684 4298 pro-

2038 4320 2333 4377 nuntiavit
2361 4318 2592 4374 dicens:
2626 4340 2652 4367 ‹‹
2688 4316 3059 4387 Iniquitatem
3093 4331 3283 4371 meam
3302 4331 3408 4388 ego
3433 4331 3686 4389 agnosco

2042 4410 2239 4480 (Psal).
2275 4427 2325 4475 1.,
2358 4408 2438 4479 5),
2474 4429 2502 4456 »
2524 4405 2838 4462 remissum
2865 4408 2954 4459 est
2971 4404 3022 4458 ei
3044 4420 3216 4459 omne
3232 4408 3536 4475 peccatum
3551 4403 3688 4459 Ἡλί-

275 4500 391 4555 sibi
426 4497 648 4568 aliquid
684 4498 1015 4566 arrogaret;
1048 4509 1181 4548 nam
1231 4493 1414 4547 virtus
1473 4492 1533 4545 in
1592 4491 1931 4546 infirmitate
1963 4509 2007 4573 Β
2041 4503 2131 4554 cet
2162 4496 2494 4569 specialiter
2524 4496 2595 4549 de
2651 4494 2759 4548 hoc
2814 4493 3042 4548 Nuthan
3103 4494 3383 4564 propheta
3442 4508 3689 4566 ιιθεροη-

277 4591 750 4643 consummatur.
781 4584 980 4653 Neque
1011 4581 1166 4637 enim
1201 4586 1439 4636 cruento
1490 4580 1628 4635 facit
1682 4580 1928 4635 aﬂectu:

286 4674 432 4731 nihil
488 4674 685 4731 minus
716 4676 919 4729 sancto
951 4669 1251 4741 Prophetas
1305 4668 1516 4725 ascribi
1568 4674 1776 4740 potest,
1833 4670 1934 4740 qui

276 4764 465 4821 etiam
501 4764 616 4818 vita
646 4761 933 4818 decedens
965 4775 1242 4831 suprema
1267 4775 1402 4814 voce
1446 4759 1714 4813 convenit
1771 4757 1933 4813 Salo-

288 4868 526 4909 monem
556 4852 775 4906 lilium:
813 4854 876 4906 ut
910 4849 1275 4904 innocentem
1308 4847 1651 4919 sanguinem
1686 4864 1720 4903 a
1749 4864 1811 4903 se
1836 4847 1936 4902 tol-

276 4942 445 5009 leret,
475 4957 650 5012 quem
681 4937 1490 5007 fuderatduxejusexercitus
1510 4936 1675 5003 Joab,
1702 4937 1935 5007 quando

276 5028 575 5092 Abenncr,
606 5043 738 5082 cum
772 5026 843 5081 de
873 5025 1131 5080 incunda
1163 5023 1435 5079 societate
1467 5028 1760 5090 tractaret,
1821 5024 1938 5079 dux

358 5171 475 5241 (18)
506 5169 672 5225 Rom.
707 5169 866 5235 edit,
899 5166 1299 5241 verecundiam
1336 5168 1682 5241 conscientia:
1713 5183 1727 5231 ;
1780 5182 1935 5241 com-

284 5238 526 5297 modius
556 5241 681 5296 aliaa
713 5256 779 5296 ac
810 5256 978 5309 mss.,
1008 5238 1394 5294 verecundiam
1423 5238 1898 5309 coneupz'srenlize.

362 5314 477 5384 (19)
509 5312 735 5385 Remig.
771 5307 969 5377 codex,
1004 5317 1054 5365 et
1078 5318 1203 5381 post
1255 5311 1519 5385 feretrum
1576 5309 1695 5385 ejus
1717 5307 1937 5385 _ambu-

286 5379 710 5455 larisfreliqui'
748 5387 921 5452 atque
980 5379 1184 5455 omnes
1241 5380 1494 5444 edit.,et
1544 5383 1664 5450 post
1712 5379 1935 5447 luctum,

283 5460 431 5521 etc.;
465 5455 524 5509 id
556 5453 666 5519 est,
696 5455 1000 5511 funebrem
1041 5453 1169 5523 ejus
1227 5468 1527 5523 pompam,
1554 5466 1936 5523 prosequens.

286 5526 521 5584 Etenim
576 5525 771 5581 luctus
834 5525 942 5579 hoc
998 5521 1120 5578 loco
1178 5521 1296 5577 non
1369 5521 1572 5577 aliud,
1625 5521 1937 5591 signiﬁcat,

289 5614 474 5681 quam
506 5597 566 5655 in
595 5597 753 5657 Actis
783 5595 1182 5673 apostolorum
1223 5595 1509 5671 planctus;
1542 5593 1705 5669 quod
1730 5593 1942 5656 dicitur

614 5724 882 5791 Parant.
926 5722 1091 5792 XIV.

2044 4586 2226 4643 derit:
2286 4607 2312 4635 ‹‹
2378 4586 2443 4639 Et
2494 4584 2779 4638 Dominus
2838 4581 3097 4637 traduxit
3152 4586 3457 4653 peccatum
3516 4588 3687 4638 tuum

2045 4677 2115 4747 (11
2142 4681 2279 4747 Reg.
2315 4673 2549 4738 x11,13).
2590 4693 2616 4720 ››

2112 4766 2205 4820 40.
2238 4765 2385 4835 Ergo
2418 4766 2474 4817 et
2506 4760 2913 4816 remissionem
2972 4761 3189 4817 meruit
3237 4758 3586 4832 iniquitatis,
3631 4761 3690 4812 et

2046 4853 2185 4907 texit
2215 4851 2497 4906 charitate
2530 4854 2707 4920 atque
2738 4850 2964 4920 operuit
2994 4853 3230 4922 peccata
3255 4865 3381 4914 sua,
3440 4851 3497 4901 et
3549 4844 3692 4901 texit

2047 4941 2323 5013 operibus
2354 4939 2545 4995 bonis.
2579 4939 2692 4994 Nec
2725 4939 3080 5010 imputatum
3111 4942 3201 4992 est
3256 4936 3306 4990 ei
3363 4937 3687 5007 peccatum,

2045 5030 2185 5103 quia
2214 5047 2327 5084 non
2363 5029 2473 5083 fuit
2506 5029 2561 5083 in
2594 5045 2659 5084 eo
2692 5028 2861 5083 dolus
2893 5026 3151 5092 malitiae,
3186 5024 3285 5080 sed
3330 5024 3535 5095 lapsus
3594 5039 3686 5078 er-

2047 5170 2237 5248 elatus
2256 5170 2587 5248 Stephanus
2605 5170 3017 5248 protomartyr.
3055 5166 3292 5248 Iterum,
3326 5165 3426 5248 ubi
3467 5170 3689 5223 cunctae
3770 5215 3781 5221 .

2047 5243 2187 5297 edit.
2221 5248 2279 5296 et
2309 5239 2453 5296 mss.
2489 5239 2662 5311 longe
2693 5239 2951 5310 plurimi,
2985 5240 3343 5308 exequiarum
3372 5239 3543 5310 juxta
3596 5254 3691 5293 eu-

2048 5316 2211 5377 ravil,
2245 5312 2461 5367 habent
2492 5328 2603 5365 ms.
2639 5311 2863 5381 Benig.,
2896 5311 3283 5378 exsequiarum
3312 5311 3495 5377 juxta:
3528 5323 3696 5366 cura-

2046 5386 2144 5450 vit,
2177 5384 2356 5439 habet
2387 5400 2497 5437 ms.
2546 5381 2768 5450 Benig.,
2825 5381 3184 5451 exequiarum
3233 5383 3420 5443 busta;
3471 5381 3691 5451 Albin.,

2051 5456 2255 5519 lustra;
2284 5455 2464 5517 Cocn.,
2497 5451 2755 5506 excubias
2782 5453 3013 5506 curavit.
3066 5450 3177 5506 Sed
3238 5453 3541 5510 retinenda
3585 5470 3695 5510 vox

2040 5529 2191 5605 justa
2226 5539 2487 5605 quoepro
2512 5522 2898 5605 inferiishseu
2953 5524 3364 5605 exsequiarum
3423 5540 3694 5584 caeremo-

2050 5593 2190 5669 niis,
2221 5593 2443 5675 passim
2475 5595 2547 5653 ab
2580 5593 2915 5654 auctoribus
2942 5593 3282 5672 usurpatur.

3295 5723 3376 5797 99
