4052 6196
394 314 516 399 sm

1857 318 1924 379 S.
1970 310 2346 378 AMBROSII

404 450 801 510 roris.Deinde
830 449 967 521 quia
996 467 1112 505 non
1148 450 1257 507 fuit
1286 450 1679 521 improbitatis
1709 454 1908 514 mstus,
1949 450 2044 503 sed
2082 452 2134 514 Α

3700 310 3826 387 908

2238 450 2320 501 if}.
2420 448 2711 513 Miserere,
2739 445 2952 520 inquit,
2985 447 3123 515 mei,
3158 446 3422 514 Domine,
3480 447 3826 503 secundum

411 540 621 596 umbra
650 538 932 611 mysterii.
966 538 1035 594 Et
1065 544 1262 595 tamen
1299 540 1603 595 confessus
1633 542 1722 595 est
1778 537 2054 593 delictum
2162 553 2435 609 magnam
2469 536 2931 592 misericordiam
2962 541 3148 592 tuam.
3184 537 3254 592 Et
3270 552 3366 593 sec
3382 537 3611 592 undum
3632 534 3836 591 multi-

409 644 606 696 suum,
640 626 876 700 agnovit
903 626 1297 699 iniquitatem,
1328 628 1476 683 vidit
1503 627 1823 694 lavacrum,
1857 630 1913 681 et
1970 625 2055 681 vi-

408 716 515 784 dit,
547 720 605 772 et
634 716 899 773 credidit.
923 715 1133 772 Dilexit
1178 716 1454 783 multum,
1505 722 1570 772 ut
1623 717 1810 772 nimia
1865 713 2054 771 chari-

406 807 530 862 tate
559 808 757 879 tegere
787 804 1051 877 quemvis
1082 809 1280 877 posset
1308 822 1585 861 errorem.

1012 912 1246 967 CAPUT
1284 912 1431 967 Vlll.

412 1006 525 1059 Cur
551 1003 792 1073 psalmus
824 1018 854 1054 L
884 1002 1013 1055 aliis
1039 1000 1365 1072 quibusdam
1387 1004 1447 1055 in
1469 1018 1552 1055 res
1598 1002 1895 1056 anteriores
1917 1016 2058 1054 com-

481 1075 674 1144 positis
725 1074 1080 1143 praemissus;
1128 1081 1181 1127 et
1230 1090 1346 1144 quae
1364 1076 1625 1141 mysteria
1646 1075 1700 1128 in
1724 1074 2058 1143 quinquage-

481 1146 619 1199 simo
646 1160 875 1199 numero
904 1146 1328 1214 comprehensa?
1358 1146 1582 1211 Quando
1628 1145 1720 1197 Da:
1742 1144 1847 1197 illis
1879 1160 2059 1196 (ιπηι-

478 1217 635 1287 plum
666 1214 933 1284 agendam
975 1217 1353 1285 pa’nilcntiam
1382 1216 1595 1273 doceat:
1638 1231 1865 1285 quamve
1917 1216 2059 1268 mul-

487 1288 696 1358 tipliter
723 1287 1018 1359 mandetur
1046 1289 1169 1358 quis
1192 1288 1257 1341 ab
1291 1288 1602 1358 iniquitate.

485 1386 573 1439 41.
606 1385 718 1442 Sed
742 1385 869 1455 jam
901 1384 1117 1456 seipse
1166 1384 1439 1439 defendat
1480 1386 1615 1456 (20),
1676 1401 1812 1438 nam
1887 1382 2063 1454 quin-

416 1474 828 1547 qUagesimum
859 1472 1155 1545 psalmum
1187 1474 1256 1527 ad
1291 1489 1417 1527 eam
1452 1472 1686 1545 scripsit
1735 1471 2060 1527 historiam.

412 1563 485 1618 Et
513 1579 647 1619 cum
679 1563 939 1634 priorum
971 1567 1270 1633 gestorum
1304 1579 1544 1618 suorum
1577 1561 1882 1617 historiam
1925 1561 2062 1616 sub-

408 1652 642 1723 jecerit,
671 1656 736 1706 ut
765 1652 837 1706 de
869 1651 1195 1723 proditione
1225 1650 1415 1707 Doech
1449 1650 1601 1723 Syri,
1643 1651 1813 1720 cujus
1844 1654 1931 1705 est
1987 1650 2064 1704 ti—

415 1740 580 1797 tulus
611 1741 669 1794 in
700 1740 927 1811 psalmo
958 1738 1449 1810 quinquagesimo
1481 1738 1690 1810 primo,
1723 1744 1778 1794 et
1802 1739 2065 1811 Zyphaeo-

421 1845 577 1898 rum,
609 1845 737 1899 qua:
770 1827 1186 1899 comprehendi
1213 1827 1383 1882 titulo
1413 1828 1642 1883 videtur
1662 1827 1873 1899 psalmi
1897 1827 2066 1898 quin-
2096 1818 2144 1882 Β

422 1916 750 1990 quagesimi
782 1916 973 1972 tertii:
1006 1916 1179 1971 istam
1213 1934 1339 1987 qua
1370 1916 1657 1987 posterior
1688 1921 1797 1986 est,
1845 1916 2073 1988 praemi-

421 2007 502 2062 sit
530 2005 863 2071 historiam,
892 2021 1027 2060 cum
1054 2004 1246 2060 Doech
1280 2010 1414 2059 ante
1445 1992 1786 2076 prodiderit,
1834 2005 1921 2060 vel
1975 2006 2073 2078 Zy-

420 2095 592 2168 phaei,
628 2111 805 2166 quam
838 2110 1085 2165 regnum
1145 2093 1322 2148 David
1382 2093 1666 2166 propheta
1722 2094 2066 2165 susciperet.

421 2181 905 2255 Quandoquidem
966 2197 1161 2254 regem
1213 2181 1350 2236 Saul
1410 2182 1662 2253 fugiens,
1721 2183 1913 2238 adhuc
1968 2200 2072 2254 per

422 2272 651 2328 diversa
680 2274 901 2327 secreta
930 2269 1216 2342 (21)exsul
1242 2271 1499 2338 errabat;
1526 2271 1845 2327 Bethsahec
1873 2275 2069 2326 autem

426 2376 562 2415 cum
587 2361 711 2430 jam
742 2362 1033 2432 regnaret,
1065 2359 1304 2430 accepit.

494 2450 584 2504 42.
644 2448 759 2504 Cur
811 2464 985 2520 ergo—
1032 2448 1357 2503 secundum
1432 2452 1729 2519 gestorum
1804 2448 2068 2504 ordinem

425 2537 792 2611 psalmorum
824 2553 1055 2608 quoque
1090 2537 1229 2591 ordo
1257 2553 1372 2591 non
1416 2537 1705 2607 quadrat?
1758 2538 1906 2602 Quia
1952 2555 2066 2593 non

426 2633 547 2682 tam
579 2625 844 2681 ordinem
876 2625 1088 2692 ordini,
1122 2641 1298 2696 quam
1326 2625 1667 2697 mysterium
1686 2627 1867 2697 gestis
1888 2627 2071 2683 voluit

429 2715 761 2771 convenire:
822 2714 1069 2784 ideoque
1129 2730 1374 2768 numero
1448 2714 1811 2770 remissionis
1868 2720 2070 2787 aptare

431 2804 570 2861 huic
594 2802 778 2859 voluit
833 2802 1112 2858 historiis.
1163 2801 1695 2875 Quinquagesimus
1752 2804 1909 2859 enim
1958 2823 2066 2861 nu-

430 2910 631 2949 merus
662 2890 1031 2947 remissionis
1052 2896 1465 2959 cstnumerus,
1500 2892 1653 2947 sicut
1706 2892 1766 2947 in
1811 2894 2068 2967 Evange-

426 2982 504 3038 lio
534 2980 819 3037 Dominus
840 2980 966 3051 ipse
997 2996 1103 3035 nos
1133 2979 1331 3034 docuit
1360 2979 1587 3036 dicens:
1622 3004 1649 3030 ‹‹
1684 2986 1806 3036 Duo
1837 2982 2065 3038 debito-

424 3087 519 3127 res
550 3073 717 3127 erant
737 3068 967 3131 cuidam
1004 3067 1344 3136 feneratori;
1379 3086 1534 3124 unus
1588 3070 1835 3126 debebat
1882 3072 2065 3126 dena-

2163 625 2426 681 tudinem
2469 625 2912 681 miserationum
2967 630 3205 681 tuarum
3257 624 3383 681 dele
3460 622 3841 697 iniquitatem

2166 729 2375 768 meam.
2425 714 2488 769 In
2545 713 2798 770 multum
2852 714 2982 770 lava
3039 731 3133 770 me
3180 715 3251 771 ab
3309 713 3602 785 injustitia
3654 729 3836 779 mea,

2165 805 2220 857 et
2241 820 2275 857 a
2305 802 2510 858 delicto
2544 820 2671 859 meo
2704 804 2928 859 munda
2958 819 3071 859 me.
3100 804 3391 871 Quoniam
3435 802 3839 874 iniquitatem

2169 907 2357 945 meam
2390 906 2493 963 ego
2522 908 2808 964 agnosco:
2841 896 2898 946 et
2925 891 3203 948 delictum
3236 907 3433 947 meum
3464 894 3672 945 contra
3740 904 3842 944 me

2169 985 2528 1051 estsemper.
2562 981 2691 1035 Tibi
2743 980 2851 1036 soli
2905 981 3159 1052 peccavi,
3220 984 3277 1035 et
3346 978 3579 1035 malum
3628 993 3840 1033 coram

2168 1073 2223 1121 te
2257 1069 2391 1123 l'eci:
2429 1073 2491 1122 ut
2512 1069 2854 1139 justillceris
2878 1069 2937 1123 in
2967 1068 3359 1124 sermonibus
3390 1067 3603 1133 tuis,et
3630 1067 3843 1121 vincas

2171 1173 2303 1210 cum
2330 1158 2637 1227 judicaris.
2670 1158 2811 1212 Ecce
2841 1158 2997 1212 enim
3032 1158 3088 1212 in
3142 1156 3569 1228 iniquitatibus
3623 1170 3842 1210 conce-

2170 1250 2305 1316 ptus
2332 1263 2487 1307 sum,
2511 1252 2567 1300 et
2590 1247 2644 1299 in
2675 1246 2913 1301 delectis
2936 1246 3164 1318 peperit
3190 1262 3283 1300 me
3305 1249 3491 1300 mater
3505 1261 3633 1300 mea
3656 1244 3841 1315 {PsaL

2174 1352 2211 1397 ι,
2242 1336 2381 1399 3-7).
2422 1358 2445 1382 λ
2470 1335 2611 1400 Quis
2630 1339 2893 1389 nostrum
2916 1334 3147 1390 etiamsi
3171 1335 3526 1390 confiteatur
3548 1332 3843 1387 delictum

2174 1440 2370 1488 suum,
2406 1441 2517 1477 non
2552 1422 3066 1495 perstringendum
3099 1422 3313 1495 potius,
3344 1438 3530 1494 quam
3562 1426 3844 1493 repeten-

2174 1511 2312 1565 dum
2377 1513 2576 1583 putet?
2633 1514 2774 1578 Quis
2834 1513 3090 1567 secundo
3152 1515 3396 1583 repetat,
3455 1515 3559 1565 aut
3602 1509 3831 1565 tertio?

2176 1599 2320 1654 Vide
2377 1605 2519 1671 quot
2575 1600 2840 1656 versibus
2896 1604 3099 1655 tantus
3152 1599 3439 1672 Propheta
3520 1603 3836 1671 peccatum

2176 1704 2353 1742 suum
2388 1693 2640 1755 resonet,
2663 1705 2839 1760 quam
2862 1688 3061 1744 nullus
3082 1705 3286 1744 versus
3309 1687 3434 1745 sine
3460 1687 3845 1744 confessione

2179 1776 2386 1831 delecti
2418 1777 2513 1831 sit.
2548 1778 2853 1850 Congessit
2880 1777 3079 1833 omnia
3096 1775 3294 1844 simul,
3322 1776 3674 1848 iniquitates
3696 1792 3841 1831 suas

2181 1869 2239 1919 et
2269 1864 2616 1936 injustitiam
2650 1865 3039 1937 personando,
3046 1867 3307 1938 jungens
3320 1864 3532 1921 delicta
3543 1864 3834 1937 peccatis:

2181 1960 2356 2025 atque
2392 1971 2460 2008 ea
2519 1971 2669 2026 saepe
2727 1956 3060 2026 repetendo,
3122 1955 3331 2010 merito
3389 1970 3667 2026 magnam
3726 1954 3837 2009 mi-

2181 2042 2555 2097 sericordiam
2589 2044 2809 2115 poscit:
2842 2061 2948 2099 nec
2979 2044 3170 2099 solum
3202 2059 3477 2116 magnam
3501 2042 3838 2098 misericor-

2180 2131 2363 2195 diam,
2395 2134 2495 2187 sed
2522 2134 2698 2187 etiam
2734 2133 3179 2189 multitudinem
3210 2132 3657 2188 miserationum
3688 2132 3827 2201 (23).

2181 2221 2343 2285 Quod
2359 2236 2494 2293 ergo
2509 2225 2808 2292 peccatum
2824 2220 2961 2277 talis
2974 2238 3089 2278 non
3102 2220 3834 2293 diluatdeploratio,quam

2180 2307 2413 2380 culpam
2463 2310 2719 2381 precatio
2778 2309 3118 2381 bujusmodi
3176 2328 3291 2366 non
3348 2308 3675 2365 emundet‘?
3729 2309 3835 2365 Ille

2180 2414 2284 2468 pro
2321 2414 2436 2452 uno
2468 2402 2703 2469 peccato
2735 2397 3179 2454 miserationum
3228 2397 3672 2454 multitudinem
3730 2398 3833 2454 de-

2180 2491 2448 2559 precatur
2474 2503 2487 2540 :
2522 2503 2628 2542 nos
2659 2504 2761 2559 pro
2794 2486 3062 2558 pluribus
3088 2486 3339 2559 peccatis
3369 2487 3463 2542 vix
3491 2486 3673 2543 semel
3703 2488 3833 2559 ejus

2180 2575 2642 2630 misericordiam
2679 2577 2973 2631 credimus
3001 2576 3445 2632 obsecrandam.
3480 2575 3695 2631 Deinde
3746 2575 3829 2631 le-

2178 2666 2375 2737 gimus
2406 2668 2545 2737 quia
2575 2668 2629 2720 in
2675 2666 2887 2720 virtute
2918 2682 3027 2721 sua
3070 2682 3302 2739 magna,
3334 2671 3394 2720 et
3423 2665 3660 2720 brachio
3716 2681 3827 2720 suo

2178 2753 2404 2809 excelso
2438 2753 2719 2825 populum
2751 2770 2927 2809 suum
2959 2754 3029 2809 de
3071 2760 3225 2810 terra
3267 2754 3497 2827 Egypti
3557 2752 3827 2809 liberavit

2177 2844 2350 2915 (Psal.
2402 2861 2569 2910 xxxv,
2622 2844 2707 2911 11,
2770 2844 2878 2914 12),
2930 2843 3163 2915 quando
3220 2843 3482 2899 traduxit
3531 2858 3669 2898 eum
3722 2858 3827 2914 per

2177 2948 2338 2988 mare
2372 2933 2656 2999 Rubrum,
2693 2931 2750 2986 in
2783 2948 2898 3002 quo
2931 2932 3037 2987 luit
3094 2931 3284 3005 ﬁgura
3313 2933 3707 3004 baptismatis.
3762 2932 3827 2987 Si

2176 3038 2313 3094 ergo
2334 3020 2518 3075 virtus
2551 3037 2766 3092 magna
2794 3021 2855 3075 in
2886 3020 3075 3093 figura
3130 3021 3243 3076 fuit
3295 3028 3825 3081 sacramentorum.

2177 3116 2396 3181 quanto
2428 3109 2617 3182 magis
2648 3110 2707 3163 in
2738 3109 2977 3165 veritate
3007 3126 3210 3165 eorum
3242 3127 3458 3184 magna
3487 3115 3827 3171 misericor-

455 3160 467 3173 ,
655 3157 667 3170 .
1041 3156 1050 3167 .
1247 3157 1256 3166 .
1471 3157 1481 3167 .
1606 3175 1617 3186 ,
2022 3160 2032 3170 .
2179 3156 2393 3181 1--..--
2428 3156 2617 3182 ..ηοω
2750 3156 2977 3165 .--η-.-ν
3009 3156 3210 3165 πη...
3242 3156 3458 3184 ..κο-..-
3488 3156 3779 3171 ...ωνηνω
3814 3156 3824 3157 κ

422 3176 541 3270 ξ¹ῗῗ
570 3156 2064 3270 ﬂﬁ"”§f2‘_°sjjljffﬂ?mﬂff‘ﬁ'ﬁ‘a;ff:
2097 3185 2138 3251 C
2180 3199 2276 3253 dia
2319 3200 2441 3254 est?
2471 3202 2641 3254 Recto
2669 3214 2899 3269 quoque
2930 3197 3048 3253 illic
3076 3200 3339 3270 poscitur
3376 3201 3824 3262 miserationum

423 3250 541 3305 bus
569 3246 689 3303 illis
718 3246 872 3302 unde
919 3245 1246 3308 redderent,
1304 3245 1541 3299 donavit
1595 3245 1877 3319 utrisque.
1926 3248 2068 3312 Quis

427 3354 565 3410 ergo
622 3353 757 3392 eum
824 3334 957 3407 plus
1014 3334 1205 3406 diligit
1261 3334 1408 3405 (Luc.
1494 3352 1592 3401 vn,
1668 3336 1759 3401 41,
1842 3338 1977 3407 li2)?
2039 3362 2066 3387 ››

421 3427 492 3481 Et
548 3424 609 3480 in
667 3423 794 3496 lege
840 3423 1023 3479 habes
1084 3424 1274 3493 (Leuit.
1360 3441 1487 3490 xxv,
1582 3423 1858 3493 40-17),‹‹

414 3514 696 3589 jubilaaus
725 3511 940 3568 dicitur
970 3528 1252 3567 numerus
1299 3513 1731 3586 quinquaginta
1776 3531 2065 3570 annorum

420 3620 717 3670 recursus,
747 3600 1110 3657 celebrabilis
1140 3601 1478 3667 admodum,
1552 3618 1668 3673 quo
1715 3603 1910 3659 debita
1962 3622 2065 3661 va-

422 3697 692 3762 cuantur,
724 3691 1148 3747 conﬁrmantur
1174 3690 1546 3745 Hebrreorum
1578 3690 1899 3760 libertates,
1930 3711 2063 3765 pos-

422 3781 753 3839 sessionum
785 3780 1128 3835 refusiones.
1164 3779 1328 3834 Hunc
1383 3797 1693 3835 numerum
1746 3780 1860 3835 laeti
1912 3782 2063 3838 cele-

422 3873 663 3928 bramus
694 3874 826 3942 post
871 3867 1102 3923 Domini
1167 3868 1522 3942 passionem,
1584 3870 1829 3925 remisso
1879 3869 2061 3943 culpa:

418 3961 598 4017 totius
657 3958 873 4025 debito,
931 3957 1250 4029 chigrapho
1326 3973 1560 4028 quoque
1646 3964 1906 4026 vacuato,
1988 3961 2060 4015 ab

417 4049 579 4105 omni
605 4065 754 4105 nexu
785 4046 951 4101 liberi
979 4064 991 4101 :
1025 4051 1083 4100 et
1140 4044 1498 4115 suscipimus
1548 4046 1949 4102 advenientem
1997 4038 2058 4103 in

416 4155 522 4194 nos
554 4138 803 4212 gratiam
832 4134 1084 4207 Spiritus
1108 4134 1291 4189 sancti
1316 4134 1409 4188 die
1432 4134 1823 4191 Pentecostes:
1849 4143 2059 4192 vacant

406 4227 637 4299 jejunia
664 4227 802 4299 (22),
833 4225 964 4280 laus
993 4222 1205 4278 dicitur
1228 4227 1363 4290 Deo,
1390 4221 1628 4279 alleluia
1647 4229 1932 4280 cantatur.
1962 4231 2059 4281 De-

411 4315 589 4386 nique
610 4315 932 4386 (36,qumst.
956 4317 1010 4380 2,
1035 4330 1161 4385 cap.
1190 4314 1446 4383 Denique)
1473 4317 1529 4368 ct
1549 4313 1701 4369 689
1731 4314 1935 4385 puella:
1956 4332 2055 4387 pa-

414 4407 503 4457 ter
532 4402 689 4457 illius
722 4420 847 4473 qua:
880 4419 982 4474 per
1004 4403 1121 4457 vim
1153 4402 1520 4458 comcubitus
1539 4402 1682 4457 nulli
1705 4402 2057 4475 desponsata

388 4489 720 4564 pertulerit
749 4490 1178 4562 quinquaginta
1208 4489 1613 4545 didrachmata
1644 4496 1915 4563 argentea
1954 4510 2054 4548 ac-

1928 3427 2069 3497 quia

2177 3286 2515 3354 multitudo,
2549 3287 2650 3341 ubi
2682 3285 2997 3342 multitudo
3027 3287 3393 3359 peccantium
3423 3295 3532 3345 est.

2250 3423 2335 3476 44.
2370 3444 2398 3471 ‹‹
2428 3421 2490 3477 In
2516 3420 2769 3476 multum
2802 3419 2931 3476 lava
2951 3435 3046 3476 me
3067 3420 3139 3476 ab
3162 3421 3453 3494 injustitia
3468 3441 3620 3491 mea,
3644 3433 3705 3483 et
3723 3429 3821 3484 de-

2175 3511 2312 3567 licto
2344 3528 2471 3566 meo
2502 3510 2726 3565 munda
2757 3526 2849 3565 me
2878 3511 3051 3579 (Psal.
3083 3528 3132 3579 1.,
3178 3511 3255 3582 4).
3294 3535 3321 3561 ››
3368 3512 3494 3569 Νοιι
3543 3522 3663 3572 tam
3712 3535 3820 3573 sae-

2178 3601 2308 3673 pius
2341 3617 2516 3671 quam
2539 3599 2775 3672 plenius
2797 3598 2976 3655 lavari
3013 3599 3179 3671 petit,
3213 3606 3278 3655 ut
3306 3610 3647 3676 conceptam
3698 3623 3823 3663 sor-

2173 3689 2306 3744 dem
2340 3689 2525 3761 possit
2552 3688 2765 3745 eluere.
2797 3688 3044 3744 Noverat
3063 3690 3393 3745 secundum
3415 3690 3604 3765 legem
3627 3696 3819 3763 (Leuit.

2173 3795 2229 3832 x1
2260 3787 2311 3834 et
2341 3778 2463 3849 xm)
2498 3777 2776 3850 pleraque
2824 3777 3153 3833 mundandi
3210 3795 3339 3835 esse
3398 3782 3689 3852 subsidia,
3720 3787 3820 3841 sed

2173 3867 2400 3922 nullum
2435 3866 2671 3940 plenum
2731 3871 2905 3937 atque
2962 3867 3303 3938 perfectum.
3343 3870 3429 3924 Ad
3481 3870 3626 3927 illud
3685 3889 3819 3946 ergo

2171 3957 2490 4029 perfectum
2523 3960 2644 4011 tota
2673 3955 2993 4011 intentione
3024 3955 3282 4024 festinat,
3307 3974 3423 4029 quo
3437 3960 3677 4031 justitia
3695 3978 3817 4017 om-

2169 4047 2260 4102 nis
2294 4044 2590 4118 impletur,
2623 4045 2777 4116 quod
2807 4048 2894 4100 est
2950 4045 3326 4117 baptismatis
3384 4054 3818 4107 sacramentum

2170 4136 2325 4190 sicut
2357 4135 2480 4206 ipse
2508 4135 2677 4190 docet
2706 4134 2992 4190 Dominus
3031 4134 3225 4190 Jesus.
3259 4136 3407 4192 Nam
3439 4153 3576 4193 cum
3633 4139 3819 4195 venis-

2167 4228 2254 4279 set
2284 4224 2355 4278 ad
2416 4224 2725 4291 Joannem,
2758 4222 2838 4277 ait
2890 4222 3188 4295 Baptista:
3229 4246 3257 4273 ‹‹
3290 4224 3413 4297 Ego
3444 4243 3479 4281 a
3534 4231 3594 4282 te
3640 4228 3815 4283 debeo

2167 4312 2466 4385 baptizari,
2497 4316 2553 4368 et
2612 4317 2674 4367 tu
2736 4311 2900 4367 venis
2958 4312 3030 4367 ad
3083 4329 3175 4368 me
3228 4315 3451 4382 (Matth.
3488 4332 3572 4382 In,
3634 4315 3815 4384 15)!»

2167 4401 2488 4473 Respondit
2545 4401 2919 4457 Dominus:«
2983 4401 3123 4457 Sine
3199 4403 3414 4458 modo:
3497 4405 3583 4460 sic
3660 4405 3816 4461 enim

2164 4490 2328 4545 decet
2356 4505 2459 4544 nos
2512 4487 2755 4561 implere
2786 4506 3023 4546 omnem
3072 4490 3376 4562 justitiam
3436 4493 3604 4563 (Ibid.
3651 4495 3758 4564 15).
3790 4515 3816 4539 ν

416 4553 618 4651 cipiet:
652 4553 785 4649 ipsa
811 4553 1105 4633 autemvin
1138 4578 1409 4651 conjugio
1468 4553 1831 4651 permanebit
1877 4581 2053 4651 (Deut.
2088 4553 2134 4617 υ
2169 4578 2279 4635 Sed
2311 4553 2689 4650 posteaquam
2725 4553 3175 4651 baptizatus'est
3203 4553 3494 4648 Christus,
3527 4586 3586 4638 et
3641 4553 3813 4654 Spiri-

414 4685 551 4737 xxn,
582 4665 697 4735 29).
731 4688 759 4716 »
794 4665 911 4721 Hoc
941 4682 1076 4737 ergo
1109 4684 1351 4722 numero
1408 4667 1581 4723 etiam
1631 4669 1771 4725 vitia
1819 4676 2056 4725 vertun-

412 4761 511 4813 tur
539 4757 598 4811 in
632 4755 903 4829 gratiam.
938 4756 1187 4827 Magnus
1219 4754 1399 4827 igitur
1424 4757 1706 4828 psalmus,
1741 4777 1856 4830 quo
1888 4760 2055 4815 doce-

414 4861 550 4902 mur
579 4843 1078 4935 quemadmodum
1100 4844 1326 4914 agenda
1343 4844 1680 4914 pmnitentia
1710 4848 1804 4902 sit.

482 4991 600 5060 (20)
620 4987 872 5060 Omissis
894 4985 1098 5059 primis
1114 4986 1343 5060 duabus
1364 4988 1572 5057 capitis
1594 4988 1839 5059 hujusce
1861 4990 2052 5057 lineis,

412 5059 709 5133 quidquid,
736 5060 808 5133 ab
866 5059 959 5114 his
1008 5059 1221 5126 verbis,
1280 5075 1403 5113 cum
1454 5061 1701 5133 priorum
1756 5067 2050 5130 gestorum,

409 5131 598 5204 usque
647 5132 719 5204 ad
775 5131 950 5204 linem
1011 5135 1292 5204 tractatus
1344 5131 1627 5204 sequitur,
1688 5132 1745 5185 in
1805 5133 2053 5189 classem

318 5218 329 5231 ‘
410 5201 848 5324 qnarrationum
916 5203 975 5256 in
1034 5201 1293 5274 psalmos
1349 5202 1631 5271 rejecerat
1688 5203 1853 5260 Rom.
1933 5206 2051 5261 edi-

440 5288 511 5324 ιο.

440 5288 511 5327 10.

476 5344 584 5415 (2i)
617 5343 781 5399 Rom.
815 5345 952 5400 edit.
987 5344 1131 5411 sola,
1162 5360 1261 5415 per
1278 5344 1487 5399 diversa
1518 5349 1746 5400 deserta.

484 5414 601 5489 (22),
624 5415 769 5489 Edit.
803 5421 959 5489 Am_.,
992 5415 1122 5470 Gill.
1158 5414 1422 5489 ac‘Rom.
1459 5432 1589 5470 cum
1624 5417 1824 5489 paucis
1880 5433 2049 5489 mss.,

407 5484 863 5561 vacantjejuqio.
899 5486 1024 5561 Era.
1083 5492 1140 5540 et
1196 5485 1393 5561 plures
1441 5484 1641 5553 mss,
1670 5498 1863 5543 vacant
1909 5484 2053 5561 jeju-

405 5554 524 5612 nia.
580 5554 701 5619 Quo
757 5555 881 5611 loco
938 5554 1243 5613 observare
1299 5557 1434 5614 licet
1472 5564 1725 5614 veterem
1784 5554 2050 5617 Ecclesiae

407 5625 594 5693 ritum
616 5640 733 5682 non
751 5626 1059 5699 jejunandi
1072 5627 1231 5686 hisce
1243 5630 1380 5689 totis
1401 5630 1829 5706 quinquaginta
1843 5632 2049 5693 diebus

2165 4671 2262 4722 tus
2293 4671 2535 4723 sanctus
2564 4684 2743 4739 super
2771 4683 2911 4722 eum
2942 4671 3225 4739 tanquam
3255 4668 3536 4725 columba
3572 4671 3809 4727 descen-

2165 4756 2271 4823 dit,
2300 4760 2355 4811 et
2387 4756 2552 4812 Pater
2583 4755 2795 4811 Filium
2826 4756 3077 4829 signavit
3102 4773 3134 4813 e
3184 4755 3352 4827 ccelo,
3393 4758 3637 4830 justitia
3682 4774 3796 4815 om-

2167 4844 2256 4900 nis
2287 4844 2529 4918 impleta
2557 4851 2666 4902 est.
2701 4846 2833 4902 Ideo
2865 4845 3155 4918 Propheta
3183 4845 3362 4903 dicit:
3399 4870 3429 4895 ‹‹
3462 4848 3529 4903 In
3561 4847 3798 4903 multum

2207 4988 2263 5042 ui
2296 4986 2447 5043 inter
2477 4988 2623 5043 festa
2673 4989 2975 5045 Paschatis
3007 5007 3075 5046 ac
3131 4990 3505 5047 Pentecostes
3564 4992 3800 5046 inteme-

2164 5060 2343 5125 dunt;
2405 5060 2665 5115 crebrius
2719 5078 2853 5117 vero
2908 5061 3204 5117 canticum
3256 5062 3487 5117 Domini
3566 5061 3800 5119 Alleluia

2163 5147 2267 5256 ger
2297 5132 2450 5211 idem
2482 5135 2714 5213 tempus
2736 5132 2794 5187 in
2826 5132 3017 5189 ofﬁcio
3046 5132 3635 5214 divino_cOncinendi.
3692 5129 3798 5187 Sed

2204 5218 2233 5256 e
2265 5200 2357 5256 his
2378 5200 2606 5256 olemus
2638 5202 2739 5256 lib.
2772 5221 2873 5256 vm
2891 5204 3216 5256 Comment.
3248 5220 3309 5256 1n
3339 5204 3555 5256 Evanc.
3616 5203 3793 5256 Lucr.

2200 5218 2235 5327 (ei
2265 5200 2357 5256 his
2376 5200 2739 5326 pilgnius'lib.
2772 5221 2873 5259 VIII
2891 5204 3216 5261 Comment.
3248 5202 3309 5259 in
3339 5204 3555 5277 Evang.
3616 5203 3793 5266 Lucr,

2257 5289 2383 5327 can.
2477 5316 2489 5327 .
3156 5290 3175 5299 ’-

2163 5289 2235 5327 θα
2257 5289 2383 5328 08.0.
2406 5289 2489 5328 11.
3156 5290 3175 5299 ’⁵

2235 5345 2290 5416 (2
2330 5344 2512 5416 )Mss.
2542 5345 2733 5413 Corb.,
2767 5347 2867 5403 sed
2898 5347 3155 5402 secunda
3203 5362 3403 5414 manu,
3464 5347 3620 5413 Alb.,
3670 5344 3796 5400 Ebr.

2162 5420 2218 5470 et
2276 5418 2477 5489 Vinc.,_
2526 5418 2833 5489 repetendo.
2900 5418 3085 5474 Merito
3134 5434 3244 5473 non
3290 5419 3481 5489 solum
3554 5431 3798 5489 magna!!!

2160 5486 2623 5563 misericordiam;
2680 5490 2774 5546 sed
2818 5491 2986 5545 etiam
3039 5488 3451 5547 multitudinem
3500 5486 3795 5563 promeruit

2158 5560 2597 5618 miserationum.
