4052 6196
373 290 491 385 su

1841 291 1909 355 S.‘
1950 286 2324 352 AMBROSII

3660 280 3779 344 942

376 426 503 497 ipse
577 421 897 493 restringit,
973 422 1215 494 poenitet
1287 438 1420 477 eum
1497 422 1699 494 culpae,
1778 423 1849 476 de
1898 422 2025 493 ipsa
2057 422 2103 488 A
2135 422 2400 488 Joannis,
2452 436 2616 476 amas
2641 436 2734 476 me
2785 420 2945 492 (Ibid.
2998 419 3135 492 t7)?
3164 418 3233 475 Et
3260 417 3641 475 contristatae
3671 418 3782 479 est,

377 529 608 583 semper
644 509 880 583 cogitat,
923 514 979 566 et
1007 511 1315 585 cogitando
1346 528 1405 566 se
1465 511 1587 583 ipse
1644 512 2011 567 condeumat.

372 602 580 656 Justus
646 600 801 655 enim
858 599 919 655 in
987 600 1308 672 primordio
1375 600 1663 656 sermonis
1715 608 2021 656 accusator

370 692 462 746 est
519 689 634 745 sui.
693 689 803 754 Qui
860 705 921 746 se
982 695 1237 751 accusat,
1263 691 1465 760 justus
1517 693 1649 757 est;
1685 690 1785 761 qui
1817 690 2020 759 justus

371 782 483 846 est,
536 778 770 835 sobrius
827 783 933 843 est,
994 795 1172 833 sanus
1228 786 1333 834 est.
1395 779 1603 833 Justus
1661 778 1849 833 favere
1906 778 2018 833 sibi

372 867 579 933 nescit,
630 868 880 939 rigorem
925 867 1135 936 judicii
1184 867 1360 922 etiam
1409 868 1563 922 circa
1611 884 1673 922 se
1712 884 1828 922 non
1861 867 2020 921 novit

374 956 685 1023 inflectere,
727 956 1189 1011 recordationem
1233 956 1432 1027 lapsus
1491 956 1708 1028 proprii
1779 956 2020 1028 perhor-

372 1043 567 1113 rescit,
585 1048 644 1100 et
659 1045 1043 1099 commissum
1056 1044 1631 1111 erubesciterrorem,
1647 1061 1880 1100 omnem
1894 1045 2022 1115 ejus

373 1133 719 1189 memoriam
777 1139 966 1204 pavet,
1038 1133 1267 1199 metuit,
1342 1133 1731 1199 reformidat;
1786 1149 2018 1203 gravem

372 1221 483 1278 sibi
518 1238 581 1277 se
623 1221 867 1291 judicat,
927 1238 988 1277 se
1036 1222 1233 1293 ipsum
1279 1223 1566 1277 arbitrum
1617 1222 1851 1293 refugit,
1916 1237 2021 1276 nec

371 1327 501 1367 esse
556 1310 669 1366 sibi
726 1311 901 1366 audet
955 1311 1352 1377 committere;
1413 1311 1565 1382 quod
1624 1309 1853 1364 nullum
1914 1327 2020 1382 pu-

375 1403 459 1454 tat
497 1398 608 1454 sibi
663 1414 791 1454 esse
839 1400 1182 1471 graviorem,
1232 1416 1410 1470 quam
1455 1416 1589 1455 eum
1623 1415 1795 1470 quem
1846 1397 2022 1454 latere

377 1504 493 1542 non
552 1488 757 1558 possit,
808 1486 1006 1543 fallere
1065 1504 1179 1542 non
1240 1492 1437 1559 queat,
1492 1488 1689 1558 fugere
1748 1504 1813 1542 ac
1845 1488 2025 1542 vitare

376 1592 491 1632 non
532 1576 799 1647 reperiat,
852 1576 965 1631 nisi
1016 1582 1081 1631 ut
1131 1592 1193 1632 se
1244 1577 1353 1631 sibi
1387 1578 1651 1649 abneget,
1706 1582 1762 1631 et
1794 1576 2021 1631 Domini

377 1680 608 1720 crucem
640 1665 808 1720 tollat
833 1667 965 1736 (‘20).

449 1756 536 1809 48.
572 1754 786 1826 Magna
854 1755 939 1809 vis
1008 1755 1268 1809 obnoxiae
1349 1756 1733 1822 conscientiae,
1811 1771 2024 1826 magna

379 1842 686 1916 supplicia.
750 1844 1061 1897 Timebant
1116 1843 1299 1898 Adam
1355 1848 1409 1899 et
1452 1844 1600 1908 Eva;
1636 1850 1691 1899 et
1750 1860 1881 1897 cum
1915 1844 2026 1899 Do-

378 1929 523 1984 mini
576 1945 776 1985 vocem
837 1929 893 1982 in
953 1929 1225 2001 paradiso
1284 1932 1641 1985 ambulantis
1695 1931 2026 1994 audierunt,

378 2017 691 2090 cupiebant
746 2035 808 2073 se
863 2019 1240 2077 abscondere.
1301 2035 1448 2089 quos
1501 2036 1671 2073 nemo
1712 2020 2024 2090 quaerebat.

377 2108 517 2163 Cain
574 2123 807 2178 quoque
859 2108 1159 2162 metuebat
1214 2124 1285 2161 ne
1342 2110 1534 2163 omnis
1593 2126 1726 2163 cum
1781 2112 2027 2179 quicun-

378 2212 492 2268 que
549 2195 852 2261 inveniret,
912 2197 1247 2251 occideret:
1292 2197 1372 2250 ita
1422 2198 1481 2251 in
1536 2214 1598 2251 se
1645 2198 1770 2269 ipse
1812 2199 2031 2253 ferebat

377 2284 752 2352 sententiam,
795 2285 949 2355 quod
1007 2285 1223 2357 dignus
1262 2290 1418 2340 esset
1455 2287 1548 2340 cui
1594 2285 1793 2341 nullus
1834 2288 2030 2358 ignos-

379 2377 553 2429 ceret.
596 2373 760 2429 Unde
799 2373 943 2435 bene
985 2373 1101 2427 ait:
1149 2396 1176 2424 (ί
1216 2374 1285 2427 Et
1322 2374 1601 2429 delictum
1656 2392 1851 2429 meum
1894 2392 2030 2429 con-

379 2466 473 2517 tra
512 2478 606 2517 me
644 2466 733 2517 est
772 2477 1025 2533 semper,
1057 2483 1083 2511 »
1126 2463 1231 2517 hoc
1272 2468 1379 2525 est,
1423 2463 1547 2517 sine
1586 2462 1886 2519 intervallo
1928 2462 2031 2517 ali-

381 2568 499 2624 quo
564 2551 884 2606 recordatio
942 2558 1001 2606 et
1056 2552 1279 2622 species
1332 2553 1459 2621 ipsa
1519 2553 1630 2607 mei
1688 2557 1781 2607 me
1819 2552 2033 2607 erroris

376 2640 747 2713 impugnant.
817 2641 1131 2696 Considera
1187 2643 1479 2712 quomodo
1542 2659 1649 2697 nos
1689 2643 2029 2705 confundat,

380 2745 513 2784 cum
554 2728 776 2801 aliquid
816 2730 1193 2799 deliquimus,
1237 2731 1529 2800 quomodo
1595 2731 1855 2785 incurset
1893 2747 2033 2784 ocu-

378 2817 489 2886 los,
552 2819 843 2888 quomodo
898 2820 957 2871 in
1022 2819 1369 2872 memoriam
1446 2836 1677 2890 semper
1752 2824 2032 2875 recurrat.

373 2907 557 2970 Quem
596 2905 896 2960 commissi
922 2906 1077 2963 692
1116 2907 1313 2978 pudet,
1357 2907 1539 2963 nescit
1577 2913 1776 2978 postea
1813 2907 2033 2980 aliquid

367 2993 484 3049 tale
524 2993 907 3061 committere,
950 2996 1105 3049 unde
1144 2994 1416 3050 similiter
1458 2996 1787 3051 erubescat.

454 3083 542 3137 49.
594 3082 871 3138 Praecedit
909 3089 1105 3139 autem
1171 3084 1474 3154 iniquitas,
1518 3087 2034 3157 peccatumsequi-

2132 511 2265 582 quia
2297 511 2441 564 dixit
2472 510 2517 565 ei
2546 510 2713 565 tertio
2740 525 2752 563 :
2786 510 2965 565 Amas
2995 524 3123 576 me;
3151 512 3209 564 et
3231 507 3377 564 dixit
3394 505 3484 563 ei:
3517 504 3784 561 Domine.

2128 599 2327 655 omnia
2372 603 2434 653 tu
2479 598 2615 665 scis,
2669 603 2729 653 tu
2781 598 2933 654 nosti
2982 598 3122 670 quia
3149 614 3283 654 amo
3314 601 3371 652 te
3400 593 3614 668 (Ibid).
3651 614 3680 642 ››
3714 593 3789 648 Et

2129 689 2353 743 dictum
2385 692 2473 743 est
2501 686 2552 742 ei
2577 687 2734 742 trina
2755 687 2914 742 vice:
2938 709 2967 737 «
2999 687 3177 743 Pasce
3225 703 3360 743 oves
3409 700 3571 740 meas
3618 680 3786 750 (Ibid.

2130 778 2256 845 18);
2309 792 2552 847 sequere
2605 792 2718 841 me,
2753 798 2780 826 ››
2817 775 2985 847 quasi
3028 775 3127 847 qui
3162 778 3467 847 peccatum
3494 788 3673 828 suum
3695 770 3791 826 ni-

2130 866 2249 919 mia
2268 863 2548 920 charitate
2569 864 2825 920 texisset.
2855 864 2970 919 Nec
2990 864 3173 921 otiose
3195 868 3330 936 post
3348 860 3789 918 confessionem

2130 953 2323 1007 nimia:
2367 951 2668 1007 cbaritatis
2693 953 2938 1022 jubetur
2965 951 3193 1023 plebem
3224 967 3442 1024 regere,
3474 950 3575 1021 qui
3604 949 3795 1004 etiam

2127 1041 2402 1096 turbatus
2432 1058 2548 1095 non
2582 1040 2876 1105 amiserat,
2911 1040 3409 1112 quemadmodum
3441 1039 3567 1110 ipse
3594 1054 3665 1094 se
3696 1053 3794 1092 re-

2129 1136 2291 1202 geret
2316 1132 2337 1184 ?
2366 1130 2494 1184 Haec
2513 1133 2746 1201 propter
2774 1129 3022 1201 gratiam
3068 1128 3325 1185 diximus
3356 1126 3685 1192 charitatis,
3716 1142 3793 1182 eo

2131 1218 2283 1290 quod
2316 1222 2618 1290 peccatum
2664 1223 2840 1288 tegat.
2897 1218 3160 1288 Denique
3208 1215 3475 1272 nonnulli
3518 1215 3650 1270 ideo
3682 1215 3795 1269 tri-

2131 1323 2267 1361 nam
2300 1306 2813 1376 interrogationem
2845 1304 3174 1361 dilectionis
3223 1307 3436 1360 factam
3467 1320 3591 1359 esse
3624 1304 3797 1359 dixe-

2132 1400 2289 1461 runt,
2318 1394 2457 1465 quia
2486 1394 2639 1449 trina
2689 1395 2878 1449 fuerat
2938 1395 3209 1465 negatio;
3244 1399 3307 1449 ut
3354 1393 3519 1449 trina
3549 1392 3800 1465 lapsum

2132 1483 2458 1555 negationis
2494 1483 2775 1554 professio
2806 1483 3110 1538 cbaritatis
3150 1483 3321 1538 toties
3352 1483 3596 1555 repetita
3630 1481 3800 1537 dele-

2134 1578 2239 1627 ret.

2790 1687 3017 1743 CAPUT
3058 1689 3123 1743 Χ.

2054 1793 2101 1858 Β
2135 1805 2301 1859 David
2333 1807 2456 1859 livet
2488 1805 2695 1873 legibus
2754 1804 3008 1859 humanis
3066 1804 3320 1871 liberum,
3372 1821 3429 1859 se
3456 1808 3638 1859 tamen
3682 1805 3799 1859 Deo

2208 1878 2498 1947 subjerisse
2528 1878 2618 1929 cui
2654 1876 2761 1930 soli
2814 1878 3094 1945 peccarit;
3149 1880 3199 1930 ct
3264 1880 3397 1947 quot
3438 1876 3611 1931 modis
3656 1877 3801 1930 ulti-

2207 1966 2357 2001 mum
2390 1949 2486 2002 hoc
2532 1948 2974 2013 intelligendam.
3025 1949 3279 2018 Magnum
3318 1948 3494 2003 scelus
3523 1952 3804 2018 praesente

2208 2022 2310 2074 [leo
2337 2036 2574 2091 peccare.
2612 2019 2717 2085 Qui
2740 2027 3076 2089 peccatorem
3103 2035 3159 2074 se
3213 2026 3390 2085 neget,
3419 2019 3698 2074 mendacii
3726 2020 3804 2091 ab

2210 2110 2267 2143 eo
2297 2088 2545 2145 acriasari
2578 2093 2754 2161 ipsimi
2809 2091 3001 2155 Deum,
3032 2092 3190 2161 cujus
3216 2092 3485 2159 patientia
3516 2094 3566 2144 et
3610 2088 3800 2145 mode-

2210 2172 2353 2216 νςιίτῡ
2399 2160 2825 2216 commendatur.
2882 2161 2959 2215 Ad
3007 2160 3126 2217 Iure
3170 2161 3341 2215 Deum
3386 2161 3453 2216 ab
3500 2162 3597 2217 illo
3628 2162 3801 2216 etiam

2201 2235 2522 2305 justiﬁcari,
2554 2235 2649 2306 qui
2676 2233 3059 2304 paenitentiam
3090 2236 3217 2301 agat
3248 2234 3469 2288 erroris.

2208 2375 2299 2429 5i.
2332 2375 2625 2445 Sequitur,
2654 2397 2681 2423 ‹‹
2742 2373 2868 2429 Tibi
2923 2372 3031 2428 soli
3082 2373 3310 2445 peccavi
3364 2374 3537 2445 (Psal.
3570 2392 3623 2440 L,
3653 2376 3734 2445 6).
3772 2399 3800 2423 υ

2143 2464 2260 2518 Rex
2293 2462 2493 2534 utique
2514 2468 2656 2528 erat,
2689 2462 2868 2518 nullis
2899 2461 3023 2533 ipse
3053 2461 3281 2533 legibus
3302 2464 3633 2530 tenebatur,
3658 2464 3802 2535 quia

2142 2552 2305 2606 liberi
2368 2558 2507 2606 sunt
2564 2568 2793 2620 i-egesa
2847 2550 3099 2609 vinculis
3154 2551 3545 2618 delictorum;
3606 2568 3800 2624 neque

2142 2642 2296 2696 enim
2332 2640 2469 2695 ullis
2525 2641 2596 2695 ad
2656 2658 2885 2712 poenam
2942 2644 3226 2697 vocantur
3255 2640 3505 2712 legibus,
3540 2640 3653 2696 tuti
3683 2643 3797 2696 sub

2142 2730 2372 2799 imperii
2408 2735 2706 2799 pouzsiate.
2769 2730 3001 2785 Homini
3060 2745 3198 2801 ergo
3242 2746 3360 2784 non
3390 2734 3668 2800 peccavit,
3700 2731 3800 2786 cui

2143 2834 2261 2873 non
2290 2819 2598 2871 tenebatur
2626 2817 2933 2873 obnoxius.
2967 2818 3075 2872 Sed
3111 2817 3378 2888 quamvis
3410 2821 3575 2872 tutus
3605 2818 3795 2889 impe-

2144 2908 2251 2969 rio,
2283 2907 2586 2960 devotione
2606 2909 2798 2960 tamen
2823 2922 2887 2960 ac
2911 2906 3023 2961 fide
3051 2911 3175 2961 erat
3223 2906 3338 2961 Deo
3391 2906 3705 2962 subditus:
3738 2912 3800 2962 et

2142 2995 2254 3067 legi
2288 2998 2415 3062 ejus
2446 2996 2774 3065 subjectum
2807 3011 2868 3049 se
2916 3011 3044 3049 esse
3075 3010 3458 3066 cognoscens,
3494 3001 3795 3066 peccatum

2145 3102 2321 3139 suum
2380 3099 2589 3154 negare
2640 3099 2756 3137 non
2811 3088 3073 3155 poterat;
3130 3083 3232 3138 sed
3279 3084 3449 3153 quasi
3494 3101 3631 3139 reus
3660 3100 3798 3139 cum

381 3177 497 3227 tur.
530 3172 713 3228 Radix
741 3176 829 3227 est
859 3171 1160 3242 iniquitas,
1195 3175 1306 3241 (27)
1338 3173 1562 3227 fructus
1596 3179 1788 3228 autem
1821 3174 2034 3231 radicis
2064 3162 2106 3227 (ἶ
2146 3171 2535 3228 amaritudine
2565 3172 2875 3238 fatebatur,
2909 3172 3010 3242 qui
3036 3172 3212 3227 sciret
3240 3172 3565 3241 majoribus
3592 3175 3796 3229 vincu-

381 3266 471 3316 est
501 3259 694 3332 culpa.
728 3260 889 3315 Unde
923 3261 1146 3314 videtur
1174 3260 1455 3331 iniquitas
1486 3262 1555 3315 ad
1580 3263 1792 3316 mentis
1814 3263 2030 3334 impro-

380 3350 626 3405 bitatem
668 3349 888 3416 referri,
934 3354 1237 3419 peccatum
1297 3351 1368 3403 ad
1426 3349 1853 3421 prolapsionem
1903 3368 2029 3407 cor-

378 3438 558 3510 poris.
621 3438 863 3493 Gravior
919 3438 1200 3508 iniquitas
1252 3442 1534 3509 tanquam
1594 3439 1837 3495 materia
1897 3457 2028 3510 pec-

379 3532 681 3594 catorum;
715 3526 898 3582 levius
957 3532 1279 3597 peccatum.
1313 3528 1574 3598 Denique
1617 3529 1896 3599 iniquitas
1931 3547 2030 3601 per

377 3614 673 3670 lavacrum
723 3615 1059 3683 remittitur,
1114 3622 1418 3687 peccatum
1466 3617 1682 3687 tegitur
1736 3617 1906 3671 bonis
1938 3619 2028 3673 fa-

379 3703 509 3766 ctis,
562 3708 619 3758 et
647 3707 928 3774 tanquam
961 3703 1090 3760 aliis
1135 3706 1246 3775 (28)
1292 3705 1564 3775 operibus
1620 3707 2023 3760 obumbratur.

379 3791 539 3847 Unde
559 3792 705 3848 bene
727 3808 904 3863 supra
921 3792 1014 3847 hic
1036 3810 1160 3863 ipse
1180 3796 1294 3847 ait:
1325 3815 1351 3841 ‹‹
1378 3794 1531 3847 Beati
1555 3811 1805 3864 quorum
1829 3795 2031 3850 remis-

376 3898 453 3937 sa;
502 3886 641 3937 sunt
670 3881 1032 3953 iniquitates,
1065 3888 1121 3936 et
1148 3898 1398 3952 quorum
1431 3887 1581 3936 tecta
1622 3888 1760 3936 sunt
1792 3888 2029 3954 peccata

374 3971 544 4040 (Psal.
582 3988 733 4037 χχχι,
770 3971 843 4040 1).
869 3992 897 4018 ››
929 3970 1196 4024 Charitas
1226 3970 1377 4024 enim
1413 3970 1720 4025 abscondit
1748 3988 2022 4039 errorem,

373 4063 431 4114 et
456 4059 641 4131 operit
689 4058 1130 4114 multitudinem
1153 4063 1543 4128 peccatorum.
1579 4059 1761 4114 Multa
1792 4076 2024 4131 quoque

373 4148 629 4204 cbaritas
674 4148 921 4203 remittit
968 4147 1141 4202 etiam
1197 4146 1324 4218 ipsa
1374 4152 1627 4216 peccata,
1680 4149 1834 4203 sicut
1881 4149 2022 4202 scri-

372 4241 537 4309 ptum
568 4243 658 4293 est
689 4237 759 4292 de
816 4236 1079 4303 muliere,
1129 4253 1255 4307 quze
1313 4253 1489 4308 super
1532 4236 1837 4291 Dominum
1876 4239 2025 4292 fudit

373 4330 777 4396 unguentum:
815 4348 843 4376 «
878 4325 1145 4381 Remissa
1174 4330 1315 4380 sunt
1368 4329 1606 4396 peccata
1647 4327 1774 4396 ejus
1815 4325 2018 4391 multa,

373 4414 653 4484 quoniam
686 4413 885 4468 dilexit
916 4414 1166 4469 multum
1200 4414 1351 4485 (Luc.
1387 4432 1490 4482 v11,
1522 4415 1632 4485 47).
1670 4437 1698 4463 ››

440 4504 530 4555 50.
563 4506 710 4554 Sunt
757 4502 932 4555 etiam
975 4503 1075 4573 qui
1123 4503 1411 4574 accipiant
1462 4504 1714 4573 priorem
1767 4505 2019 4560 versicu-
2051 4531 2097 4595 Ι)

369 4590 492 4646 lum
525 4591 597 4644 de
629 4586 855 4644 lavacro
882 4606 1029 4660 esse,
1055 4593 1379 4646 secundum
1412 4592 1482 4645 de
1510 4594 1867 4662 poenitentia.
1897 4597 2021 4659 Qua

367 4681 544 4735 etiam
574 4678 764 4751 gratia
793 4678 996 4732 Petrus
1027 4678 1125 4749 qui
1160 4683 1293 4733 ante
1342 4680 1528 4734 fuerat
1548 4681 1897 4752 baptizatus,
1930 4683 2018 4736 in-

364 4772 715 4841 terrogatur,
751 4771 1060 4838 postquam
1090 4767 1251 4821 visus
1282 4771 1369 4821 est
1395 4768 1708 4823 Dominum
1734 4787 1976 4839 negasse
2002 4788 2014 4826 :

366 4881 394 4908 ‹‹
428 4860 632 4914 Simon
658 4856 926 4919 Joannis,
977 4856 1174 4927 diligis
1223 4873 1313 4910 me
1338 4856 1366 4909 ‘f
1398 4856 1551 4911 Dixit
1592 4858 1639 4911 ei
1670 4876 1681 4912 :
1714 4859 1925 4929 Utique
1953 4868 2014 4916 tu

364 4948 502 5013 scis,
534 4947 801 5014 Domine,
855 4946 995 5017 quia
1041 4945 1219 5017 diligo
1260 4950 1315 4999 te
1366 4947 1542 5015 (Joan.
1600 4964 1693 5013 xx,
1742 4951 1848 5015 15).
1884 4971 1912 4999 ››
1950 4951 2013 5005 Et

362 5035 573 5093 iterum
604 5036 1085 5107 interrogaturm
1122 5034 1320 5090 Simon
1353 5035 1614 5101 Joannis,
1650 5036 1845 5108 diligis
1879 5039 2015 5094 me?

364 5124 522 5195 (Ibid.
560 5125 696 5196 16)?
729 5149 757 5175 ››
789 5126 857 5180 Et
886 5126 1100 5180 iterum
1133 5126 1469 5196 respondit:
1505 5150 1527 5172 u
1565 5126 1648 5179 Tu
1700 5127 1816 5182 scis
1873 5131 2013 5199 quia

364 5228 494 5269 amo
534 5218 590 5269 te
644 5213 847 5285 (Ibid).
885 5237 911 5261 ››
946 5214 1011 5268 Et
1071 5214 1238 5268 tertio
1287 5214 1713 5283 interrogatur:
1748 5240 1773 5264 ‹‹
1809 5217 2009 5273 Simon

436 5353 673 5427 (26)MSic
703 5354 1079 5427 edit._omnes
1131 5373 1194 5410 ac
1245 5356 1506 5427 plerique
1539 5374 1680 5412 mss.
1713 5359 1784 5412 At
1813 5359 2003 5427 Corb.,

361 5420 682 5487 Alb.,'Ebr.
744 5430 799 5480 et
856 5425 1021 5481 Viue.
1079 5420 1331 5481 habent:
1368 5420 1485 5481 nisi
1542 5430 1926 5485 ulobnoxium
1954 5420 2009 5487 se

359 5495 706 5576 cenacz'enliw
759 5499 1018 5565 fateatur.
1103 5500 1295 5569 Magna
1366 5501 1637 5570 supplicia
1722 5502 2004 5576 timebant,

359 5572 544 5719 etc2.27)
576 5634 715 5696 Mss.
750 5636 991 5711 aliquot,
1040 5642 1254 5699 Peccati
1284 5640 1449 5701 vadis;
1478 5644 1762 5719 iniquitas.

2139 3261 2212 3316 lis
2259 3279 2320 3316 se
2366 3261 2569 3324 teneri,
2616 3261 2754 3330 quia
2806 3262 3030 3329 majora
3057 3261 3312 3325 deberet,
3346 3262 3629 3332 quoniam
3665 3260 3799 3334 plus

2139 3350 2211 3403 ab
2242 3366 2307 3404 eo
2333 3348 2601 3418 exigitur,
2625 3350 2717 3403 cui
2745 3347 2875 3419 plus
2909 3347 3292 3403 commissum
3322 3354 3427 3405 est.
3468 3349 3793 3405 Possumus

2138 3438 2311 3491 etiam
2344 3444 2399 3491 et
2456 3437 2536 3491 ita
2592 3436 2874 3508 accipere.
2943 3436 3083 3500 Quis
3143 3454 3237 3492 me
3291 3437 3595 3507 dijudicat,
3656 3455 3792 3493 cum

2137 3543 2340 3581 omnes
2380 3526 2491 3582 sub
2524 3530 2756 3596 peccato
2787 3526 2903 3580 sint
2924 3526 2951 3580 ?
2982 3525 3241 3597 Denique
3273 3526 3559 3581 Dominus
3589 3528 3664 3583 de
3693 3528 3795 3583 illa

2136 3614 2492 3669 adulteram
2548 3614 2655 3677 Qui
2705 3615 2830 3670 sine
2877 3618 3131 3685 peccato,
3187 3615 3396 3686 inquit,
3451 3621 3565 3680 est,
3636 3617 3795 3687 prior

2135 3703 2354 3775 lapidet
2401 3704 2555 3759 893
2612 3720 2739 3757 eam
2793 3705 2970 3773 (Joan.
3022 3721 3122 3769 vn,
3171 3705 3251 3772 7).
3286 3727 3306 3752 ιο
3359 3705 3426 3758 Εῐ
3464 3722 3636 3760 nemo
3668 3721 3798 3761 eam

2133 3791 2431 3864 lapidavit.
2494 3792 2609 3845 Hoc
2668 3791 2849 3862 igitur
2905 3792 2988 3846 ait
3038 3791 3425 3864 Prophetaz<<
3487 3794 3618 3848 Tibi
3680 3794 3793 3849 soli

2134 3881 2382 3952 peccavi,
2419 3904 2446 3928 ››
2479 3881 2577 3951 qui
2627 3879 2790 3935 solus
2839 3881 2964 3936 sine
3011 3885 3247 3953 peccato
3293 3896 3376 3937 es.
3442 3882 3549 3944 Qui
3595 3888 3793 3937 autem

2134 3977 2365 4040 peccato
2396 3970 2682 4025 obnoxius
2713 3974 2821 4036 est,
2846 3969 3016 4041 quasi
3039 3974 3398 4041 peccatorem
3434 3988 3548 4025 non
3601 3976 3795 4042 potest

2125 4058 2411 4128 judicare.
2448 4057 2868 4112 Inexcusabilis
2914 4062 3004 4112 est
3032 4057 3189 4112 enim
3243 4059 3440 4114 omnis
3470 4058 3648 4114 homo
3688 4058 3791 4131 qui

2132 4148 2191 4200 in
2224 4146 2336 4201 alio
2366 4164 2432 4201 ea
2481 4164 2609 4217 quae
2640 4148 2924 4219 agitipse,
2959 4146 3306 4202 condemnat
3335 4165 3348 4213 ;
3384 4148 3442 4202 in
3485 4164 3601 4219 quo
3630 4149 3785 4203 enim

2132 4237 2313 4291 alium
2354 4236 2600 4306 judicat,
2658 4235 3042 4307 semetipsum
3098 4235 3414 4305 adjudicat.
3450 4260 3477 4286 «
3513 4236 3666 4305 Tibi,
3699 4237 3788 4291 in-

2133 4327 2279 4398 quit,
2304 4326 2554 4397 peccavi,
2587 4329 2643 4379 et
2675 4323 2895 4379 malum
2917 4340 3112 4379 coram
3144 4329 3201 4379 te
3226 4324 3333 4380 feci
3359 4342 3373 4392 ;
3407 4330 3473 4379 ut
3494 4325 3784 4395 justifies-

2132 4415 2212 4469 ris
2244 4414 2302 4468 in
2362 4412 2732 4468 sermonibus
2790 4412 2928 4475 tuis,
2983 4418 3040 4467 et
3093 4411 3294 4468 vincas
3324 4429 3462 4468 cum
3494 4414 3783 4484 judicaris

2130 4505 2302 4572 (Psal.
2338 4521 2391 4569 L,
2424 4504 2497 4573 6).
2536 4524 2563 4551 ››
2596 4502 2727 4556 Tibi
2758 4501 3012 4571 peccavi,
3046 4501 3144 4572 qui
3177 4518 3269 4557 me
3300 4502 3372 4556 ad
3396 4501 3632 4558 virtutis
3663 4508 3781 4557 stu-

2129 4592 2226 4647 dia
2248 4591 2592 4663 provocasti,
2647 4590 2746 4661 qui
2780 4607 2871 4644 me
2902 4588 3147 4644 erudisti
3181 4589 3240 4644 in
3289 4590 3415 4662 lege
3439 4596 3563 4645 tua.
3590 4615 3617 4642 (ε
3651 4589 3773 4645 Tibi

2128 4680 2232 4735 soli
2250 4680 2543 4752 peccavi,»
2564 4695 2736 4749 quem
2759 4677 2951 4733 solum
2973 4678 3315 4733 abscondita
3336 4680 3770 4750 cogitationum,

2126 4775 2181 4824 et
2208 4768 2420 4823 mentis
2454 4766 2679 4823 occulta
2709 4785 2823 4822 non
2857 4766 3090 4822 fallunt.

2195 4860 2281 4913 5‘2.
2318 4881 2345 4907 ‹‹
2382 4859 2448 4912 Et
2507 4855 2727 4911 malum
2788 4873 2982 4911 coram
3039 4859 3095 4911 te
3154 4856 3283 4924 feci,
3320 4879 3348 4906 ι»
3380 4874 3559 4928 quem
3589 4856 3763 4911 solum

2125 4946 2507 5002 sanctificatio
2560 4946 2746 5001 decet.
2789 4944 3056 5001 Hominis
3087 4945 3497 5002 testimonium
3526 4944 3763 5004 declina-

2124 5054 2278 5103 mus,
2306 5036 2441 5090 etin
2467 5039 2778 5107 conspectu
2803 5040 2903 5090 tuo
2929 5051 2996 5089 ea
3025 5051 3151 5106 quae
3179 5038 3320 5090 sunt
3349 5034 3591 5110 indigna
3618 5049 3760 5090 com-

2120 5126 2431 5180 mittimus.
2490 5123 2711 5194 Injuria
2771 5128 2859 5179 est
2916 5123 3140 5179 homini
3201 5127 3464 5195 spectare
3536 5122 3758 5196 ﬂagitia.

2119 5216 2303 5271 Deum
2338 5215 2622 5269 arbitrum
2671 5214 2937 5269 omnium
2987 5230 3115 5273 esse
3147 5213 3391 5281 scimus,
3454 5219 3513 5270 et
3550 5231 3615 5270 eo
3642 5213 3757 5284 ipso

2188 5358 2299 5441 (28)
2332 5358 2647 5441 Edit..vet.,
2685 5357 2838 5411 bonis
3059 5364 3325 5441 tanquam
3352 5356 3557 5441 malis:
3597 5354 3744 5441 Rom:

2116 5429 2287 5497 edit,
2358 5432 2406 5484 et
2488 5429 2681 5500 bonis_
2744 5429 2999 5500 operibus
3092 5435 3358 5499 tanquam
3441 5429 3564 5500 alis,
3644 5436 3743 5500 npn

2115 5501 2290 5630 malet.
2322 5502 2596 5557 Attamen
2630 5496 2892 5574 plerique
2923 5515 3128 5557 omnes
3169 5496 3312 5557 mss.
3348 5499 3645 5558 nobiscum
3669 5496 3744 5551 fa~

2117 5590 2252 5632 ciun
2289 5617 2301 5631 .
