4116 6188
286 274 392 361 sia

1416 290 1804 361 APOLOGIA
1848 290 2300 359 PROPHE'LE
2342 290 2624 360 DAVID.

3628 278 3751 370 sit

281 434 447 500 teste,
480 442 839 503 peccamus:
872 428 932 483 et
960 427 1160 483 tamen
1192 425 1250 484 in
1295 427 1385 485 his
1436 431 1796 502 justiticatur
1827 449 1952 487 ma-
1983 433 2038 497 Α
2068 429 2643 487 commemoratione
2673 437 3017 504 conventus,
3060 451 3196 492 cum
3245 433 3466 493 videret
3511 434 3750 498 inferio-

282 522 368 595 gis
397 519 689 577 Dominus
730 517 889 573 Deus
939 519 1178 584 noster;
1238 518 1381 588 quia
1432 519 1720 587 injustitia
1764 526 1962 576 nostra

280 611 379 668 Dei
403 608 703 682 justitiam
736 604 1133 666 commendat.
1171 610 1232 660 et
1266 609 1639 663 mendacium
1687 616 1957 665 nostrum

278 698 641 757 concelebrat
670 695 978 751 veritatem
1010 694 1131 749 Dei.
1192 694 1286 749 Sit
1340 697 1496 751 enim
1556 698 1710 753 Deus
1762 715 1952 765 verax,

278 789 469 847 omnis
500 793 695 843 autem
726 784 905 839 homo
940 782 1217 837 mendax.

348 879 437 934 53.
462 900 491 926 ‹‹
525 871 970 945 Utjustifieeris
1018 871 1077 925 in
1137 873 1522 929 sermonibus
1580 874 1719 929 tuis.
1762 898 1789 923 »
1821 876 1953 929 Ser-

280 984 480 1024 mones
503 964 603 1020 Dei
632 961 791 1035 pleni
822 960 1082 1017 veritatis
1110 965 1264 1015 sunt
1294 966 1469 1032 atque
1492 963 1757 1033 justitiae,
1792 963 1953 1018 ideo-

276 1074 386 1130 que
412 1071 549 1111 vera
579 1057 719 1108 sunt
739 1066 1106 1124 quaecunque
1136 1047 1377 1103 locutus
1419 1054 1507 1103 est
1553 1051 1839 1107 Dominus
1879 1052 1951 1107 de

274 1143 582 1219 fragilitate
609 1142 895 1206 humana,
929 1139 1072 1209 quia
1102 1136 1455 1192 inclinatum
1496 1145 1586 1193 est
1618 1156 1718 1195 eor
1746 1157 1948 1195 eorum

275 1234 342 1291 ad
370 1232 718 1305 nequitiam,
752 1227 1080 1302 propendet
1111 1226 1183 1281 ad
1211 1226 1476 1281 fraudem
1504 1245 1516 1293 ;
1550 1233 1607 1282 et
1639 1230 1777 1300 quia
1806 1229 1950 1282 deli-

279 1324 418 1380 nivit
440 1340 507 1377 eo
528 1320 684 1395 quod
718 1335 835 1374 non
869 1316 946 1373 sit
975 1316 1159 1370 homo
1191 1314 1293 1386 qui
1327 1332 1440 1369 non
1475 1321 1704 1386 peccet:
1736 1340 1762 1367 «
1804 1318 1947 1371 0m-

277 1431 377 1470 nes
407 1411 558 1468 enim
586 1408 1052 1469 declinaverunt,
1085 1408 1147 1459 et
1178 1403 1418 1459 inutiles
1443 1404 1583 1459 facti
1609 1411 1749 1460 sunt
1769 1407 1943 1471 (Ριςαι.

276 1520 399 1569 xm,
432 1502 507 1569 3).
540 1522 569 1550 »
605 1498 739 1554 Ideo
766 1495 944 1551 vineit
975 1493 1131 1547 dum
1151 1492 1476 1562 judicatur,
1511 1493 1790 1564 quoniam
1820 1511 1948 1564 pro-

270 1591 531 1663 lapsione
563 1588 966 1643 universorum
1002 1581 1278 1653 probavit
1307 1597 1672 1652 quiecunque
1722 1582 1793 1636 de
1842 1599 1945 1636 no-

272 1685 395 1736 stra
426 1676 708 1749 judicavit
741 1672 989 1729 fallacia.
1022 1669 1180 1741 Ergo
1213 1668 1262 1724 si
1294 1669 1615 1725 dixerimus
1648 1670 1787 1741 quia
1830 1670 1944 1724 ini-

274 1767 564 1842 quitatem
590 1758 1267 1832 fecimus,justifieamus
1285 1760 1463 1813 Deum
1487 1759 1546 1813 in
1569 1758 1943 1815 sermonibus

276 1857 441 1925 suis;
475 1855 756 1911 siautem
816 1848 1141 1929 dixerimus
1200 1847 1341 1918 quia
1404 1864 1518 1901 non
1574 1848 1945 1918 peccavimus

274 1945 624 2002 mendacem
674 1940 924 1995 facimus
982 1936 1209 1991 Deum:
1273 1935 1373 1989 sed
1435 1933 1803 2006 impossibile
1856 1939 1947 1990 est

276 2031 519 2089 mentiri
549 2045 684 2085 eum
715 2046 728 2095 ;
764 2044 870 2083 nos
896 2025 1078 2097 igitur
1119 2039 1324 2079 omnes
1371 2024 1480 2078 sub
1534 2029 1771 2095 peccato
1817 2040 1946 2079 esse

277 2120 662 2179 manifestum
690 2122 799 2171 est.

348 2208 443 2264 54.
478 2207 775 2272 Quantum
808 2201 987 2273 igitur
1011 2199 1258 2265 crimen,
1283 2204 1346 2253 ut
1375 2198 1549 2254 homo
1585 2204 1943 2272 pcecatorem

279 2313 343 2355 se
366 2293 583 2366 neget?
605 2290 894 2355 Quoniam
919 2294 1208 2360 quantum
1230 2287 1290 2341 in
1314 2287 1439 2358 ipso
1462 2293 1551 2343 est
1590 2289 1809 2343 summi
1841 2289 1943 2343 Dei

275 2386 513 2442 videtur
543 2396 785 2451 arguere
816 2393 883 2434 ac
914 2377 1167 2432 refutare
1223 2376 1593 2431 mendacium
1654 2377 1788 2447 (29),
1842 2377 1943 2448 qui

276 2480 403 2530 tam
438 2470 777 2526 moderatus
807 2472 864 2522 et
893 2466 1122 2537 patiens
1151 2470 1261 2531 est,
1293 2470 1359 2519 ut
1390 2466 1579 2520 vincat
1610 2482 1744 2520 cum
1783 2466 1944 2534 judi-

279 2567 473 2620 catur.
498 2556 844 2613 Venitenim
878 2556 949 2609 ad
975 2554 1269 2623 judicium
1300 2554 1455 2608 Deus
1486 2559 1542 2609 et
1571 2555 1749 2609 dicit:
1778 2576 1803 2602 ‹‹
1840 2554 1944 2609 Ρο-

282 2649 428 2723 pule
461 2664 646 2711 meus,
680 2644 824 2717 quid
856 2643 963 2699 feci
1006 2642 1134 2709 tibi,
1179 2646 1280 2697 aut
1323 2641 1461 2713 quid
1494 2642 1832 2697 contristavi
1870 2649 1941 2709 te,

285 2743 389 2796 aut
418 2736 561 2808 quid
592 2733 877 2789 molestus
909 2731 991 2786 fui
1023 2731 1175 2785 tibi?
1204 2729 1351 2794 Quia
1374 2732 1544 2785 eduxi
1581 2737 1635 2787 te
1674 2732 1744 2785 de
1794 2735 1947 2785 terra

286 2826 543 2898 Egypti,
577 2830 635 2879 et
666 2823 737 2878 de
773 2822 948 2877 domo
980 2818 1276 2875 servitutis
1306 2818 1542 2874 liberavi
1589 2826 1662 2888 te,
1698 2825 1755 2874 et
1812 2819 1945 2875 misi

286 2918 429 2971 ante
488 2913 695 2969 faciem
756 2915 918 2965 tuam
978 2909 1235 2981 Moysen,
1293 2911 1503 2975 Aaron,
1562 2914 1619 2963 et
1678 2908 1943 2972 Mariam,

286 3004 465 3060 Plebs
494 3018 643 3065 mea,
679 3000 733 3054 in
772 3007 961 3054 mente
992 2997 1203 3052 habeto
1236 2997 1373 3069 quid
1412 2998 1749 3069 cogitaverit
1796 2997 1865 3051 de
1897 3007 1947 3051 te

288 3090 505 3148 Balaeh
537 3089 721 3159 (Mich.
758 3105 836 3153 Vl,
858 3086 1034 3157 3-15).
1070 3109 1098 3134 »
1127 3084 1365 3157 Singula
1398 3086 1456 3139 in
1488 3089 1800 3158 conspectu
1849 3092 1945 3140 tuo

2069 537 2191 576 rem
2224 535 2285 573 se
2317 536 2480 585 esse,
2520 536 2658 575 cum
2682 523 2999 593 judicaret,
3035 526 3154 581 ait:
3190 550 3217 576 «
3259 526 3494 582 Peccavi
3550 527 3751 603 Domi-

2069 627 2142 665 no
2172 608 2354 679 (Ibid,
2392 609 2520 679 13).
2556 630 2584 658 ››
2620 610 2702 665 Ita
2727 614 3072 684 justiﬁcavit
3101 616 3437 684 Dominum,
3471 618 3569 689 qui
3613 634 3749 691 pee-

2067 704 2263 753 catum
2295 713 2490 752 suum
2526 714 2740 768 negare
2771 720 2953 758 ausus
2982 720 3097 759 non
3127 709 3236 760 est.

2135 790 2225 842 55.
2262 786 2605 841 Possumus
2632 794 2688 843 et
2708 790 2787 845 ita
2810 791 3069 863 accipere
3094 794 3409 865 :justificat
3430 795 3747 854 Dominum

2066 876 2165 948 qui
2204 880 2522 947 peccatum
2554 890 2728 933 suum
2762 882 2995 935 fatetur.
3030 881 3287 953 Denique
3327 883 3385 937 in
3436 884 3745 958 Evangelia

2064 967 2214 1036 (Luc.
2271 981 2369 1033 vn,
2424 963 2528 1029 29)
2581 963 2763 1023 habes
2823 969 2961 1039 quia
3025 970 3325 1025 Publiceni
3383 972 3744 1043 justificave-

2064 1062 2201 1110 runt
2234 1056 2449 1114 Deum.
2490 1052 2766 1124 baptizati
2820 1058 3114 1129 baptismo
3161 1059 3425 1117 Joannis.
3475 1062 3743 1134 Baptista

2062 1149 2259 1197 autem
2291 1142 2561 1197 Joannes
2607 1143 2975 1216 baptismum
3036 1147 3168 1202 fecit
3222 1150 3593 1218 poenitentia.
3626 1151 3738 1217 Qui

2059 1237 2257 1286 autem
2293 1230 2414 1301 agit
2450 1230 2862 1300 pwnitentiam
2897 1234 3107 1290 delicta
3163 1254 3277 1291 non
3331 1238 3553 1294 abnuit.
3587 1239 3737 1312 Ergo

2059 1321 2199 1391 quia
2233 1320 2412 1375 David
2478 1325 2679 1376 contra
2738 1342 2801 1380 se
2859 1324 3116 1379 habebat
3169 1342 3398 1396 semper
3452 1327 3730 1384 delictum

2058 1426 2258 1475 suum,
2281 1409 2493 1479 utique
2522 1425 2632 1463 non
2660 1414 2913 1484 negabat
2935 1414 3090 1483 quod
3116 1418 3173 1468 et
3193 1415 3591 1480 erubescebat,
3614 1432 3726 1472 non

2059 1499 2313 1568 negabat
2344 1496 2504 1567 quod
2539 1502 2593 1551 et
2625 1500 3003 1569 agnoscebat.
3035 1500 3157 1555 Non
3207 1505 3473 1573 negando
3505 1509 3725 1573 autem,

2059 1586 2264 1657 utique
2296 1586 2602 1641 commissi
2635 1588 3039 1659 pmnitentiam
3068 1591 3304 1661 gerebat
3337 1593 3586 1659 erroris;
3641 1600 3726 1650 at-

2058 1691 2172 1745 que
2196 1674 2277 1728 ita
2299 1676 2633 1729 confitendo
2655 1675 2961 1741 delictum,
2978 1679 3345 1745 justiiicabat
3389 1681 3723 1749 Dominum,

1974 1799 2023 1865 Β
2056 1768 2114 1865 et
2145 1762 2269 1862 ipse
2292 1763 2739 1865 justifieabatur
2768 1783 2802 1820 a
2834 1767 3106 1820 Duuiluu.
3144 1768 3512 1825 Justilicatur
3566 1770 3724 1826 enim

2056 1851 2362 1918 Dominus,
2387 1852 2528 1907 dum
2552 1855 2680 1923 ejus
2704 1856 3321 1925 praedicaturjustitia,
3344 1862 3400 1913 et
3430 1858 3501 1913 ab
3534 1874 3599 1914 eo
3628 1875 3724 1915 ve-

2058 1942 2157 1996 nia
2188 1941 2541 2012 postulatur.
2569 1943 2755 1998 Simul
2787 1949 2845 1998 et
2876 1944 3307 2015 ipsejustificat
3326 1948 3720 2017 conﬁtentem,

2055 2029 2493 2101 etjustilieatur
2524 2030 2581 2084 in
2617 2032 2994 2087 sermonibus
3024 2034 3169 2100 suis,
3227 2036 3380 2090 sicut
3433 2037 3722 2108 scriptum

2055 2123 2176 2173 est:
2232 2138 2252 2164 ι
2302 2118 2406 2172 Dic
2442 2118 2784 2189 iniquitates
2836 2125 2996 2187 tuas,
3052 2126 3116 2175 ut
3174 2122 3524 2193 justiiiceris
3575 2128 3717 2197 (15a.

2053 2220 2214 2272 XLIII,
2247 2208 2359 2277 26).
2400 2228 2427 2254 ››

2697 2322 2930 2377 CAPUT
2985 2323 3077 2378 ΧΙ.

2059 2409 2347 2479 ΡνορΙεθίῬ
2380 2411 2553 2464 verbis
2583 2410 2785 2485 (lor-eri,
2818 2413 2917 2485 qui
2948 2413 3007 2465 in
3040 2416 3332 2485 iniquitate
3382 2434 3487 2473 mm
3536 2422 3720 2475 conci-

2124 2486 2344 2561 piatur,
2366 2497 2477 2561 esse
2500 2483 2805 2561 neminem.
2839 2483 3037 2561 Uti-uin.
3081 2483 3375 2561 parentum
3421 2506 3495 2543 an
3541 2493 3719 2560 prolis

2125 2555 2276 2607 eum
2324 2554 2614 2624 iniquitas,
2686 2571 2717 2607 ιι
2775 2569 2886 2623 qua
2936 2554 3089 2609 solus
3140 2559 3390 2613 Christus
3450 2554 3721 2618 immunis

2124 2626 2293 2695 fuisse
2321 2625 2640 2678 oslcndilur.

2126 2741 2215 2795 56.
2251 2741 2568 2811 Sequitur:
2599 2764 2623 2789 ‹‹
2664 2740 2802 2793 Ecce
2831 2740 3001 2795 enim
3036 2743 3094 2797 in
3136 2744 3541 2816 iniquitatibus
3573 2766 3720 2805 con-

2056 2834 2258 2900 ceptus
2293 2846 2446 2893 sum,
2481 2833 2535 2883 et
2566 2828 2623 2881 in
2657 2826 2889 2883 delictis
2935 2833 3160 2903 peperit
3213 2850 3304 2888 me
3353 2839 3540 2891 mater
3586 2854 3721 2896 mea

2057 2918 2225 2988 (Psul.
2264 2935 2310 2981 L,
2344 2919 2420 2985 7).
2448 2940 2473 2966 ››
2509 2916 2649 2980 Quis
2684 2921 2845 2971 tanto
2877 2921 3084 2974 affectu
3112 2921 3234 2993 agit
3262 2924 3666 2994 paenitentiam
3688 2930 3719 2983 ?

2056 3006 2229 3060 Humi
2257 3003 2682 3075 stratusjaeuit
2711 3004 2882 3060 fusus
2914 3006 2971 3061 in
3004 3007 3314 3081 lacryinas,
3349 3010 3546 3067 cibum
3594 3031 3711 3070 non

2059 3093 2330 3165 gustavit,
2358 3094 2581 3147 lavacro
2604 3109 2665 3146 se
2696 3092 3009 3151 abdicavit.
3042 3098 3189 3161 Quid
3212 3099 3339 3167 jam
3370 3099 3596 3172 reliqua
3623 3103 3714 3157 di-

286 3181 446 3237 locat
470 3176 753 3233 beneficia
783 3192 911 3238 sua,
942 3178 1004 3228 ut
1035 3183 1312 3244 tanquam
1343 3174 1414 3228 de
1443 3173 1537 3228 his
1562 3175 1797 3244 judices
1822 3191 1949 3244 quae
1981 3165 2024 3231 C
2062 3200 2212 3249 eam,
2244 3182 2395 3253 quod
2422 3179 2773 3237 abstinuerit
2794 3188 3002 3239 ornatu
3039 3191 3096 3241 et
3125 3165 3360 3257 comptu
3392 3165 3550 3260 regio
3597 3192 3712 3263 (30)

284 3284 520 3326 servare
548 3266 857 3329 debueras,
890 3279 1006 3335 quo
1039 3262 1230 3334 magis
1262 3279 1396 3317 reus
1428 3264 1554 3327 fias,
1600 3264 1700 3335 qui
1742 3263 1953 3317 divinis

288 3375 405 3414 nun
439 3353 700 3428 potueris
732 3356 886 3408 stare
938 3350 1255 3407 beneﬁciis.
1294 3374 1321 3398 «
1357 3351 1504 3414 Quid
1563 3350 1691 3419 feci,
1738 3351 1951 3422 inquit,

292 3446 438 3503 tibi?
470 3469 493 3498 ι
528 3444 837 3515 Tanquam
864 3456 1031 3496 reum
1064 3456 1127 3496 se
1156 3438 1480 3508 constituit,
1508 3443 1565 3494 et
1594 3444 1647 3495 te
1669 3439 1954 3510 judicem.

294 3537 466 3591 «Aut
495 3533 636 3605 quid
690 3529 1031 3587 contristavi
1092 3532 1193 3584 te?
1228 3552 1255 3577 ››
1313 3528 1532 3583 Od'ensi
1586 3527 1784 3583 vultus
1841 3545 1958 3583 non

292 3623 522 3687 abnuit,
555 3620 802 3686 crimen,
838 3618 887 3674 si
913 3621 976 3673 tu
1012 3619 1124 3673 Deo
1165 3633 1227 3672 es
1273 3617 1654 3671 contristatus
1703 3620 1956 3672 auctore.

296 3738 322 3764 ‹‹
357 3716 474 3769 Aut
504 3710 645 3784 quid
679 3708 964 3765 molestus
989 3708 1095 3764 tibi
1129 3707 1210 3762 fui
1232 3706 1259 3761 ?
1289 3729 1316 3757 ››
1352 3705 1844 3777 Interpellationis
1878 3706 1962 3760 in-

286 3802 512 3875 juriam
545 3799 879 3864 conﬁtetur,
916 3797 963 3853 si
997 3796 1297 3852 molestior
1325 3795 1613 3850 aestimata
1645 3800 1763 3850 est:
1799 3795 1959 3849 addi-

295 3892 385 3947 dit
414 3890 699 3945 benelicia
730 3902 980 3959 quorum
1013 3885 1201 3959 gratia
1233 3902 1347 3940 non
1382 3885 1638 3953 erubuit,
1672 3883 1769 3955 qui
1803 3883 1962 3939 exsi-

306 3980 504 4036 stebat
529 3979 813 4049 ingratus.
868 3975 929 4030 lu
988 3975 1100 4031 hac
1149 3990 1382 4046 quoque
1431 3990 1609 4029 causa
1665 3973 1969 4029 considera

307 4067 605 4141 quomodo
639 4065 927 4120 Dominus
950 4065 1105 4119 694
1139 4080 1200 4118 se
1228 4064 1341 4134 ipsi
1374 4062 1551 4117 David
1575 4062 1967 4132 judicandum

308 4154 583 4229 praebuit,
618 4160 683 4207 ut
706 4152 965 4207 vinceret
995 4169 1007 4217 ;
1041 4152 1184 4205 dicit
1231 4152 1387 4205 enim
1449 4151 1675 4204 Natban
1706 4167 1717 4204 :
1779 4174 1803 4197 ‹‹
1844 4151 1970 4206 Ηωο

307 4244 459 4300 dicit
488 4242 773 4298 Dominus
805 4241 959 4296 Deus
992 4240 1163 4295 Israel
1195 4257 1206 4293 :
1241 4240 1357 4310 Ego
1390 4240 1527 4293 unxi
1570 4244 1622 4293 te
1668 4238 1722 4292 in
1778 4255 1971 4309 regem

309 4348 493 4406 super
524 4330 725 4396 Israel,
757 4334 815 4385 et
843 4346 947 4400 ego
980 4327 1216 4383 liberavi
1249 4334 1303 4381 te
1361 4327 1429 4380 de
1485 4344 1662 4381 manu
1722 4327 1880 4392 Saul,
1922 4334 1975 4381 ot

309 4422 453 4478 dedi
483 4420 590 4475 tibi
624 4417 822 4473 omnia
852 4435 979 4489 quae
1027 4423 1194 4473 erant
1222 4415 1443 4470 domini
1498 4420 1601 4482 tui,
1655 4421 1709 4469 et
1769 4433 1974 4470 uxores

2063 3272 2247 3338 (Conf.
2274 3274 2330 3326 S.
2356 3274 2501 3340 Aug.
2530 3270 2656 3334 lib.,
2684 3286 2737 3322 ιν
2761 3270 2913 3327 Cant.
2947 3274 3083 3329 duas
3111 3277 3268 3346 epist.
3318 3276 3537 3348 Pelag.,
3588 3295 3719 3352 cap.

2074 3360 2194 3430 ti)?
2226 3360 2503 3429 Adjuuxit
2532 3357 2963 3417 confessionem
2996 3363 3324 3435 iniquitatis
3378 3382 3516 3435 suae,
3549 3371 3606 3423 et
3663 3368 3722 3423 in

2068 3451 2346 3519 perpetua
2379 3445 2592 3501 szeeula
2642 3449 2759 3498 toto
2820 3454 3144 3505 canendum
3204 3452 3343 3507 urbe
3373 3457 3724 3514 transmisit.

2070 3559 2097 3585 ‹‹
2129 3536 2291 3600 Ecce,
2324 3532 2537 3603 inquit,
2572 3522 2629 3586 in
2666 3532 3076 3603 iniquitatibus
3108 3543 3425 3610 conceptus
3464 3560 3620 3611 sum,
3671 3551 3730 3602 et

2071 3624 2127 3677 in
2155 3622 2382 3677 delictis
2414 3620 2637 3692 peperit
2679 3635 2771 3673 me
2831 3628 3018 3679 mater
3074 3642 3222 3681 mea.
3282 3628 3484 3686 Averte
3522 3633 3729 3691 faciem
3824 3642 3827 3643 ⁷

2070 3718 2231 3766 tuam
2265 3728 2298 3765 a
2326 3710 2578 3781 peccatis
2612 3707 2794 3762 meis:
2830 3716 2887 3765 et
2916 3730 3122 3768 omnes
3173 3713 3516 3784 iniquitates
3570 3738 3733 3779 meas

2074 3801 2201 3855 dele
2230 3801 2364 3869 (3|).
2399 3798 2479 3852 Ne
2510 3797 2781 3870 projieias
2814 3816 2907 3855 me
2939 3818 2971 3853 a
3002 3800 3144 3856 facie
3175 3806 3296 3868 tua,
3346 3809 3403 3858 et
3450 3807 3734 3878 Spiritum

2076 3894 2343 3945 sanctum
2362 3893 2528 3941 tuum
2549 3904 2617 3940 ne
2636 3904 2704 3940 au
2718 3888 2867 3942 feras
2885 3907 2915 3943 a
2937 3906 3047 3943 me.
3073 3890 3277 3944 Libera
3298 3893 3472 3948 mede
3494 3897 3733 3968 sangui-

2078 3975 2631 4040 nibus.Deus,Deus
2655 3974 2865 4030 salutis
2890 3994 3027 4031 mea:
3050 3978 3208 4047 (Ibid.
3230 3980 3285 4045 '7,
3321 3981 3408 4047 11,
3440 3983 3526 4049 13,
3569 3986 3678 4055 16).
3706 4006 3733 4032 ››

2077 4072 2403 4137 Antequam
2431 4081 2762 4129 nascamur,
2794 4064 3161 4120 maeulamur
3180 4069 3478 4140 contagio:
3512 4076 3569 4125 et
3601 4077 3735 4128 ante

2083 4173 2324 4209 usuram
2358 4153 2525 4216 lucis,
2559 4152 2802 4221 originis
2839 4153 3023 4223 ipsius
3067 4153 3389 4225 excipimus
3435 4156 3733 4229 injuriam,

2084 4244 2141 4298 in
2198 4243 2503 4312 iniquitate
2561 4240 2967 4310 concepimur;
3028 4258 3141 4296 non
3199 4246 3482 4314 expressit
3537 4250 3736 4304 utrum

2086 4338 2418 4403 parentum,
2452 4347 2524 4383 an
2559 4335 2776 4382 nostra.
2812 4329 2877 4383 Et
2911 4330 2966 4383 in
2999 4329 3224 4386 delictis
3254 4340 3493 4403 generat
3530 4354 3740 4393 unum-

2087 4436 2378 4491 quemque
2410 4422 2593 4470 maler
2623 4432 2765 4470 sua:
2800 4434 2905 4471 nec
2938 4416 3031 4472 hic
3067 4417 3379 4475 declaravit
3428 4429 3623 4479 utrum
3676 4425 3737 4480 in

308 4510 481 4566 illius
514 4510 573 4562 in
606 4507 802 4562 sinum
839 4511 1005 4562 tuum
1038 4506 1193 4573 dedi,
1229 4509 1285 4559 et
1315 4502 1446 4558 dedi
1482 4503 1583 4556 tibi
1615 4503 1854 4557 domum
1892 4505 1975 4575 ip-
2009 4526 2056 4588 υ
2088 4509 2316 4563 delictis
2357 4507 2479 4561 suis
2515 4509 2697 4559 muter
2726 4507 2951 4576 pariat;
2989 4524 3061 4561 an
3090 4509 3215 4577 jam
3262 4509 3381 4564 sint
3435 4517 3491 4566 et
3545 4513 3742 4583 aliqua

311 4598 447 4653 sius
478 4593 694 4661 Israel;
728 4599 786 4650 et
833 4594 880 4649 si
936 4610 1122 4667 pauca
1178 4597 1339 4657 sunt,
1394 4591 1666 4660 adjiciam
1728 4591 1851 4646 tibi.
1911 4594 1980 4647 Et

312 4701 505 4759 quare
535 4700 638 4756 pro
669 4683 853 4739 nihilo
884 4682 1099 4738 duxisti
1134 4681 1473 4747 Dominum,
1506 4684 1571 4735 ut
1617 4681 1835 4735 faceres
1879 4697 1976 4737 ne-

316 4775 518 4848 quiter
548 4774 607 4827 in
630 4776 944 4845 conspectu
966 4772 1092 4843 ejus
1116 4772 1192 4842 (II
1223 4771 1343 4840 Reg.
1376 4787 1482 4837 xu,
1511 4770 1545 4822 7
1582 4768 1676 4837 ti)?
1706 4791 1730 4820 ››
1760 4770 1975 4825 Horum

395 4899 508 4972 (29)
540 4897 707 4972 Rom.
740 4897 901 4965 cdit.,
934 4912 1208 4951 summum
1250 4896 1415 4950 Deum
1470 4894 1714 4949 videmur
1753 4913 1982 4967 arguere

314 4969 621 5028 mendacii.

395 5042 510 5113 (30)
544 5040 758 5113 Omnes
810 5038 947 5094 edit.
1008 5054 1073 5092 ac
1124 5054 1277 5113 mss.
1325 5035 1495 5113 longe
1551 5035 1808 5113 plurimi,
1842 5041 1981 5113 quod

314 5109 661 5170 abstinuerit
690 5112 759 5165 ab
818 5118 1010 5164 ornatu
1042 5118 1092 5165 et
1137 5110 1397 5163 comitatu
1484 5109 1666 5177 regio:
1715 5112 1980 5167 omnium

314 5181 822 5260 probatissimi.-.
884 5189 936 5238 et
997 5183 1212 5254 comptu.
1268 5180 1436 5250 regio.
1486 5178 1808 5249 Utrumque
1866 5199 1978 5237 non

315 5256 502 5314 fnale.

400 5324 683 5401 (3l)_'l‘rcs
716 5326 1028 5401 sequentes
1060 5340 1091 5377 L
1132 5320 1342 5395 psalmi
1397 5318 1717 5375 versiculos
1765 5322 1981 5379 omise-

318 5416 385 5456 ra
397 5394 463 5453 nt
496 5397 660 5451 Rom.
693 5394 964 5449 editores.

399 5469 518 5542 (42)
549 5466 611 5542 In
642 5468 829 5521 totum
879 5465 1036 5519 hunc
1090 5463 1306 5542 locum“
1345 5479 1488 5542 mss.
1545 5478 1611 5517 ac
1641 5467 1782 5542 _ve_t.
1828 5465 1979 5542 _edit.

317 5534 743 5604 consentiunt;
775 5552 909 5593 eum
935 5553 1067 5592 vero
1098 5537 1235 5592 edit.
1272 5535 1435 5588 Rom.
1470 5534 1705 5589 invertit
1736 5534 1792 5588 in
1828 5534 1985 5593 hunc

319 5611 619 5669 modum:
654 5631 681 5659 ‹‹
716 5607 1160 5680 Intelligendum
1194 5605 1287 5670 sit,
1321 5606 1599 5676 quoniam
1631 5610 1689 5660 et
1718 5613 1985 5678 parentes

2088 4597 2298 4653 delicta
2331 4594 2645 4649 nascentis.
2676 4594 2782 4649 Sed
2817 4594 2947 4648 vide
2975 4612 3046 4650 ne
3076 4601 3393 4669 utrumque
3423 4599 3743 4671 intelligen-

2089 4687 2229 4741 dum
2261 4684 2333 4738 sit
2367 4684 2499 4753 (3:).
2536 4681 2646 4736 Nec
2681 4686 3005 4753 conceptus
3045 4684 3377 4757 iniquitatis
3408 4701 3608 4741 exsors
3630 4690 3739 4753 est,

2092 4776 2368 4846 quoniam
2400 4775 2453 4827 et
2486 4781 2756 4842 parentes
2789 4788 2903 4826 non
2937 4778 3138 4829 carent
3169 4774 3359 4845 lapsu.
3410 4775 3477 4829 Et
3534 4773 3584 4830 si
3641 4790 3745 4829 nec

2091 4915 2203 4953 non
2238 4900 2433 4950 carent
2461 4894 2651 4965 lapsu,
2686 4910 2789 4967 nec
2821 4900 3136 4967 conceptus
3168 4895 3497 4967 iniquitatis
3545 4912 3745 4952 exsors

2091 4974 2196 5024 est.
2232 4969 2374 5023 Nam
2404 4967 2451 5021 si
2485 4983 2588 5020 nec
2620 4966 2795 5039 unius
2828 4966 2937 5019 dici
2983 4966 3177 5039 infans
3208 4966 3334 5022 sine
3365 4970 3602 5039 peccato
3632 4972 3741 5039 est,

2094 5040 2278 5095 multo
2307 5039 2492 5112 magis
2526 5053 2628 5112 nec
2663 5036 2742 5089 illi
2777 5036 3025 5112 materni
3078 5036 3393 5112 conreptus
3437 5037 3562 5093 dies
3612 5038 3743 5095 sine

2093 5117 2325 5184 peccato
2356 5107 2531 5184 sunt._
2564 5107 3096 5184 Bonum”quidem_
3124 5107 3487 5184 conjugium,
3540 5114 3745 5184 sancta

2092 5176 2317 5255 copula,
2353 5182 2487 5253 quia
2518 5176 3267 5255 honorabile‘connubium'.
3294 5176 3571 5255 Stthorus
3628 5181 3742 5255 im-

2094 5248 2418 5309 maculatiis
2453 5271 2465 5315 ;
2494 5250 2594 5303 sed
2628 5254 2819 5303 tamen
2853 5248 2950 5318 qui
2984 5249 3199 5305 habent
3230 5267 3457 5320 uxores,
3498 5250 3581 5306 ita
3624 5251 3744 5307 sint

2095 5342 2159 5381 ac
2192 5325 2236 5379 si
2280 5342 2393 5379 ron
2454 5323 2771 5379 habentes;
2830 5326 2887 5372 et
2933 5336 3105 5374 nemo
3162 5322 3409 5377 alterum
3471 5323 3741 5378 fraudare

2093 5398 2282 5461 (lebat,
2319 5394 2424 5470 nisi
2460 5396 2602 5445 forte
2632 5391 2702 5444 ad
2738 5395 2991 5470 tempus,
3021 5398 3084 5446 ut
3111 5398 3349 5470 vacent
3385 5394 3653 5460 orationi,
3684 5398 3743 5450 et

2094 5470 2306 5541 iterum
2338 5467 2395 5520 in
2427 5466 2969 5541 ununrconvenire,
3005 5480 3075 5541 ne
3105 5466 3286 5521 tentet
3316 5466 3568 5541 satanas
3605 5481 3739 5541 pro-

2095 5545 2221 5614 pter
2252 5533 2750 5614 incontinentiam.
2785 5533 3160 5614 tioncipimur
3187 5553 3324 5614 ergo
3376 5538 3435 5593 in
3490 5533 3745 5614 peccatis

2095 5603 2423 5684 parentum,
2458 5604 2600 5659 etin
2631 5603 2861 5659 delictis
2908 5603 3109 5662 eorum
3167 5603 3634 5667 nascimurfSed
3687 5611 3746 5662 et
