4116 6188
456 310 577 381 915

1920 312 1987 379 S.
2030 311 2408 380 AMBROSII

3701 324 3805 393 916.
3818 347 3823 355 ‘

458 450 613 509 005
645 447 820 507 unius
850 445 965 505 diei
1012 445 1208 505 infans
1268 448 1394 506 sine
1451 454 1684 522 peccato
1744 456 1852 517 est,
1917 450 2101 507 multo
2133 452 2187 516 Α
2214 469 2367 518 xxw,
2400 452 2474 523 8).
2508 450 2861 508 Vulneratus
2901 449 3083 526 igitur
3140 451 3437 511 charitatis
3491 454 3713 527 vulnere,
3754 466 3801 518 et

455 539 647 611 magis
668 554 773 593 nec
794 536 878 591 illi
902 537 1148 593 materni
1190 543 1506 610 conceptus
1537 540 1662 596 dies
1712 541 1838 595 sine
1869 546 2102 612 peccato

453 631 615 683 sunt.
650 626 1022 698 Concipimur
1054 644 1190 699 ergo
1220 629 1279 682 in
1312 634 1546 698 peccato
1596 636 1923 701 parentum,
1956 634 2015 685 et
2046 630 2105 684 in

451 713 684 773 delictis
715 732 915 773 eorum
944 717 1265 771 nascimur.
1297 717 1405 772 Sed
1437 722 1494 772 et
1522 717 1646 789 ipse
1677 722 1879 790 partus
1932 718 2107 774 habet

455 804 728 878 contagia
757 822 884 872 sua,
912 819 1016 861 nec
1048 821 1233 860 unum
1287 808 1697 862 tantummodo
1754 807 1921 863 habet
1980 807 2107 878 ipsa

456 898 671 952 natura
698 893 1057 966 contagium.
1092 894 1313 949 Bonum
1349 895 1588 965 quidem
1621 895 1804 967 (Conf‘.
1853 896 1910 952 S.
1955 897 2106 967 Aug.

456 983 560 1039 lib.
598 1001 657 1049 11,
688 983 869 1038 Contr.
901 983 1012 1038 Jul.
1044 984 1159 1038 Pel.
1202 999 1329 1054 cap.
1361 984 1439 1054 7),
1489 985 1854 1057 conjugium,
1904 990 2108 1041 sancta

458 1070 697 1144 copula;
729 1071 829 1127 sed
860 1077 1057 1127 tamen
1090 1072 1190 1144 qui
1220 1072 1439 1128 habent
1468 1090 1679 1129 uxores
1728 1075 1812 1129 ita
1863 1073 1983 1130 sint
2040 1091 2106 1129 ac

458 1159 510 1217 si
540 1177 656 1216 non
687 1159 990 1216 habentes.
1042 1163 1169 1232 Ipse
1224 1162 1431 1218 thorus
1478 1163 1989 1235 incoinquinatus:
2051 1167 2110 1219 et

458 1266 631 1305 nemo
651 1248 901 1305 alterum
933 1250 1204 1305 fraudare
1233 1251 1405 1306 debet
1432 1268 1519 1319 eo,
1543 1251 1656 1307 nisi
1689 1251 1834 1307 forte
1863 1253 1935 1308 ad
1961 1256 2107 1307 tem-

457 1355 592 1411 pus,
626 1343 690 1394 ut
715 1342 919 1395 vacent
944 1339 1209 1394 orationi.
1244 1341 1464 1396 Tamen
1514 1341 1837 1397 secundum
1869 1343 2112 1414 Aposto-

428 1418 431 1423 λ
458 1428 584 1486 lum
615 1445 730 1484 non
760 1431 925 1483 vacat
955 1428 1201 1489 orationi
1232 1429 1366 1500 quis
1396 1447 1461 1484 eo
1493 1434 1774 1502 tempore,
1794 1446 1908 1503 quo
1935 1445 2110 1487 usum

460 1535 747 1592 corporea:
785 1517 945 1573 illius
997 1517 1397 1572 conventionis
1455 1523 1700 1589 exercet,
1733 1524 1788 1573 et
1847 1517 2111 1573 mulieris

460 1611 835 1667 menstruataa
869 1605 1284 1677 coinquinatus
1316 1610 1403 1661 est
1452 1624 1702 1678 pannus,
1760 1623 1864 1662 nec
1921 1611 2113 1678 potest

459 1697 578 1753 illis
609 1697 817 1753 diebus
843 1695 1212 1767 purgationis
1242 1712 1358 1750 suae
1391 1697 1595 1750 offerre
1638 1695 2011 1750 sacriﬁcium.
2046 1696 2113 1748 Et

460 1785 726 1843 mulieris
766 1801 893 1857 quas
947 1783 1243 1856 generavit
1301 1782 1425 1839 dies
1478 1787 1681 1855 partus
1740 1787 1795 1839 et
1851 1782 2115 1854 plerique

458 1873 938 1935 aliiasacriﬁcio
985 1872 1171 1928 feriati
1230 1876 1389 1943 sunt,
1444 1873 1626 1927 donec
1681 1872 1939 1945 legitimo
1997 1872 2110 1926 ritu

460 1967 579 2024 feta
607 1965 943 2022 mundetur.

531 2057 621 2114 57.
654 2056 788 2112 Ideo
816 2054 875 2108 in
907 2069 1023 2124 quo
1053 2050 1236 2108 voluit
1253 2051 1538 2107 Dominus
1577 2051 1739 2107 nulla
1771 2051 2110 2123 hujusmodi

460 2144 705 2219 originis
729 2159 858 2200 esse
888 2141 1177 2213 contagia,
1211 2139 1352 2195 dicit
1375 2139 1459 2194 illi
1494 2141 1811 2195 Dominus:
1845 2164 1871 2189 ‹‹
1913 2139 2112 2195 Prius-

463 2250 643 2307 quam
675 2237 731 2289 te
761 2233 1073 2288 formarem
1099 2229 1160 2284 in
1192 2233 1356 2284 utero
1389 2228 1594 2284 matris
1645 2233 1776 2297 tua},
1839 2230 1967 2285 novi
2017 2234 2109 2296 te;

462 2328 521 2381 et
549 2322 894 2396 priusquam
921 2319 1107 2375 exires
1141 2319 1215 2373 de
1267 2316 1457 2383 vulva,
1516 2317 1873 2386 sanictiﬁcavi
1932 2322 2009 2378 te.
2060 2323 2116 2372 et

462 2411 809 2484 prophetam
868 2409 924 2463 in
984 2406 1257 2479 gentibus
1310 2405 1479 2478 posui
1538 2410 1593 2461 te
1650 2406 1865 2477 (Jerem.
1902 2424 1939 2474 1,
1972 2408 2112 2478 5):»

463 2500 606 2565 Quis
626 2504 845 2563 tantus,
871 2496 962 2552 cui
989 2501 1107 2550 tam
1140 2510 1350 2565 magna
1379 2493 1566 2548 delata
1598 2495 1772 2549 sunt?
1815 2495 2113 2566 Numquid

462 2587 747 2646 Jeremias
769 2587 797 2641 ?
827 2586 936 2642 Sed
969 2583 1066 2639 ille
1086 2599 1200 2640 non
1225 2582 1426 2655 utique
1448 2582 1505 2637 in
1537 2583 1814 2654 gentibus
1834 2583 2116 2655 propheta

432 2676 818 2750 propositus,
842 2675 944 2730 sed
978 2674 1035 2728 in
1067 2672 1271 2729 Judaea
1300 2674 1439 2726 tunc
1469 2671 1769 2742 temporis,
1814 2688 1970 2727 nunc
2013 2690 2113 2727 au-

462 2771 583 2823 tem
609 2765 786 2821 etiam
817 2764 878 2819 in
910 2761 1267 2826 nationibus,
1302 2776 1427 2831 quae
1477 2760 1534 2814 in
1573 2760 1776 2816 Jesum
1819 2760 2114 2816 Christum

463 2855 782 2922 Dominum
812 2852 1206 2909 crediderunt.
1239 2849 1382 2905 Vide
1412 2853 1607 2904 tamen
1641 2850 1750 2920 (33)
1784 2867 1854 2905 ne
1886 2849 1970 2904 illi
2029 2849 2115 2905 di-

464 2947 651 3010 catur,
683 2941 784 3014 qui
815 2944 1128 3012 antequam
1161 2940 1502 2993 nasceretur
1543 2954 1611 2993 ex
1658 2937 1920 3010 Virgine,
1960 2939 2118 3009 jam-

465 3032 692 3089 dudum
720 3033 862 3095 erat,
889 3034 945 3085 et
975 3031 1099 3084 erat
1118 3042 1369 3097 semper,
1397 3029 1453 3081 et
1482 3025 1834 3097 operabatur
1861 3026 2034 3082 etiam
2058 3027 2118 3082 in

464 3126 629 3177 utero
688 3119 881 3175 Mariae
936 3115 1323 3181 constitutus;
1358 3119 1415 3169 et
1467 3115 1549 3169 ita
1580 3119 1817 3172 sanctus
1860 3120 2003 3183 erat,
2057 3121 2119 3171 ut

463 3209 854 3269 sanctiﬁcaret
882 3204 1199 3279 prophetas
1230 3220 1396 3258 suos:
1430 3203 1486 3257 in
1525 3219 1638 3275 quo
1698 3203 1819 3259 solo
1876 3209 1932 3259 et
1982 3221 2115 3260 con-
2148 3183 2191 3249 C

464 3303 670 3370 ceptus
698 3294 1001 3368 virginalis
1030 3296 1088 3348 et
1117 3296 1321 3363 partus
1354 3291 1480 3348 sine
1513 3291 1631 3347 ullo
1689 3293 1797 3347 fuit
1854 3294 2118 3352 mortalis

464 3385 707 3458 originis
735 3383 1203 3455 inquinamento.
1239 3379 1492 3452 Dignum
1523 3380 1740 3437 etenim
1772 3382 1880 3437 fuit
1930 3384 2112 3455 (Cent'.

461 3475 520 3531 S.
552 3475 699 3546 Aug.
726 3471 830 3527 lib.
865 3488 919 3525 1v
951 3469 1133 3526 Contr.
1194 3468 1332 3523 duas
1381 3470 1535 3540 epist.
1596 3470 1786 3537 Pelag.
1842 3486 1967 3542 cap.
2003 3471 2112 3541 ll),

460 3567 518 3619 et
547 3562 647 3634 qui
677 3577 794 3616 non
822 3563 945 3615 erat
975 3558 1284 3613 habiturus
1339 3573 1578 3628 corpore
1632 3561 1933 3628 peccatum
1988 3575 2116 3630 pro-

458 3650 764 3724 lapsionis,
814 3646 1045 3703 nullum
1102 3647 1345 3702 sentiret
1399 3646 1792 3717 generationis
1850 3647 2115 3703 naturale

459 3739 817 3812 contagium.
851 3736 1056 3792 Merito
1088 3752 1224 3807 ergo
1256 3734 1434 3790 David
1468 3733 1738 3790 ﬂebiliter
1779 3735 1835 3789 in
1893 3752 1953 3791 se
2008 3737 2111 3792 de-

458 3827 702 3903 ploravit
748 3827 877 3899 ipsa
934 3824 1380 3897 inquinamenta
1437 3828 1679 3892 naturae,
1737 3825 1889 3895 quod
1949 3825 2113 3897 prius

455 3918 737 3991 inciperet
766 3916 827 3971 in
857 3915 1096 3970 homine
1124 3912 1354 3969 macula
1384 3929 1560 3984 quam
1592 3913 1727 3968 vita.

1087 4027 1319 4085 CAPUT
1358 4028 1479 4082 XII.

460 4122 746 4193 Conﬁtenti
800 4127 1076 4193 peccatum
1138 4118 1401 4193 εᾲιιίιεειίία⁸
1436 4121 1778 4193 sacramenta
1849 4119 2113 4193 divinitus

526 4187 783 4266 pateﬁeri
800 4187 821 4246 ξ
852 4207 974 4245 eum
998 4190 1116 4244 haec
1150 4190 1356 4266 incerta
1379 4188 1440 4266 in
1468 4188 1680 4266 psalmo
1709 4187 1983 4266 dicuntur,
2024 4192 2110 4266 si-

528 4259 785 4335 :qm'ﬁcari
830 4278 942 4317 non
978 4276 1111 4335 esse
1164 4261 1498 4335 manifestat
1536 4259 1628 4313 sed
1679 4262 1959 4335 prmez'pue
2016 4261 2114 4317 hoc

532 4331 643 4390 loco
675 4332 1011 4405 baptisnuttis
1042 4331 1320 4387 lavacrum
1342 4331 1717 4401 praaﬁgurari.

528 4451 617 4505 58.
652 4448 802 4504 Dum
852 4447 976 4502 haec
1034 4445 1194 4515 dicit,
1250 4451 1306 4501 et
1364 4449 1733 4516 peccatorum
1766 4446 2109 4519 specialium

2215 540 2560 613 indaganda
2590 545 2796 612 captus
2826 542 3086 597 veritatis
3117 541 3450 615 cupiditate,
3476 544 3531 600 in
3558 548 3803 619 superiora

2216 647 2333 685 suae
2376 632 2589 685 montis
2627 630 2881 685 extendit
2911 630 3214 698 intuitum,
3238 636 3295 687 et
3323 631 3382 687 in
3412 631 3597 689 futura
3624 638 3805 708 prospi-

2214 719 2394 785 ciens,
2424 719 2731 774 thesauros
2762 718 3059 791 sapi'entite
3082 724 3138 775 et
3167 720 3421 777 scientiae
3450 721 3586 777 vidit
3613 723 3662 779 in
3680 724 3807 781 Chri-

2215 812 2326 873 sto,
2360 808 2620 880 prmvidit
2646 808 3015 879 baptismatis
3047 815 3500 878 sacramentum,
3530 818 3582 867 et
3610 814 3810 870 miratus

2214 896 2463 969 gratiam
2494 896 2837 952 exclamavit
2867 897 3061 954 subito
3094 897 3293 954 dicens
3317 914 3331 954 :
3356 922 3383 948 ‹‹
3416 899 3549 955 Ecce
3578 900 3713 957 enim
3737 919 3809 958 ve-

2216 987 2448 1041 ritatem
2480 984 2771 1041 dilexisti:
2815 985 3038 1041 incerta
3088 990 3144 1041 et
3194 986 3421 1043 occulta
3448 988 3595 1044 690
3625 990 3812 1062 sapien-

2216 1075 2309 1131 tiae
2357 1080 2468 1130 tuae
2526 1074 2915 1130 manifestasti
2949 1075 3092 1130 mihi
3125 1076 3298 1146 (Psal.
3332 1094 3382 1145 L,
3410 1077 3485 1148 8).
3517 1100 3544 1127 n
3601 1078 3707 1135 Non
3740 1078 3815 1134 in-

2217 1168 2376 1220 certa
2406 1164 2702 1236 mysteria,
2738 1163 2877 1235 quia
2907 1168 3065 1219 certa
3105 1170 3281 1232 sunt;
3342 1182 3445 1221 nec
3502 1164 3702 1222 incerta
3747 1184 3815 1222 se-

2219 1257 2375 1333 creta
2403 1256 2459 1308 et
2488 1268 2704 1308 arcana
2732 1252 3053 1324 sapientiae,
3088 1253 3188 1309 sed
3232 1270 3348 1309 non
3378 1254 3689 1310 manifesta.
3726 1255 3815 1311 Hoc

2218 1342 2375 1397 enim
2409 1341 2724 1413 significat,
2757 1341 2896 1412 quia
2925 1340 3103 1397 nullis
3134 1342 3326 1399 adhuc
3355 1348 3552 1400 essent
3585 1342 3819 1399 manifes-

2218 1433 2357 1485 tata.
2407 1429 2568 1495 Quod
2599 1427 2757 1484 enim
2803 1428 3005 1484 oculus
3046 1447 3161 1485 non
3190 1430 3353 1499 vidit,
3387 1447 3491 1487 nec
3518 1431 3664 1488 auris
3688 1432 3821 1487 audi-

2218 1519 2319 1583 vit,
2354 1535 2460 1573 nec
2490 1518 2547 1572 in
2582 1535 2679 1573 cor
2712 1517 2968 1573 hominis
3025 1518 3305 1586 ascendit,
3366 1519 3476 1576 hoc
3530 1519 3823 1591 praeparavit

2222 1612 2372 1662 Deus
2396 1606 2778 1679 diligentibus
2805 1622 2960 1662 eum.
2984 1606 3205 1663 Videns
3238 1608 3415 1681 igitur
3445 1625 3512 1664 ea
3536 1608 3690 1664 dicit:
3712 1609 3822 1663 Ecce

2215 1697 2341 1766 jam
2375 1714 2489 1751 non
2524 1696 2582 1750 in
2613 1696 2844 1760 umbra,
2876 1712 2980 1750 nec
3011 1695 3070 1750 in
3104 1696 3308 1769 ﬁgura,
3343 1713 3448 1752 nec
3480 1698 3538 1751 in
3580 1701 3718 1770 typo,
3743 1696 3822 1752 sed

2143 1819 2193 1884 B
2223 1785 2282 1840 in
2312 1785 2551 1840 veritate
2583 1784 2682 1838 lux
2712 1787 2911 1855 aperta
2939 1783 3309 1856 resplendet:
3338 1801 3472 1841 ecce
3512 1802 3657 1841 nunc
3705 1787 3824 1840 veri-

2224 1876 2405 1929 tatem
2437 1872 2676 1943 aspicio,
2705 1871 3074 1944 splendorem
3107 1872 3363 1929 veritatis
3395 1889 3674 1946 agnosco;
3705 1889 3825 1927 nunc

2223 1966 2280 2016 te
2312 1962 2536 2032 majori,
2567 1961 2810 2017 Domine
2872 1966 3024 2017 Deus
3075 1967 3292 2029 noster,
3351 1979 3591 2019 veneror
3640 1964 3826 2019 aﬂ‘ectu.

2225 2074 2254 2101 ‹‹
2289 2052 2429 2107 Ecce
2459 2050 2614 2107 enim
2641 2050 2941 2106 veritatem
2974 2049 3255 2119 dilexisti,
3288 2074 3315 2101 »
3351 2069 3466 2108 non
3514 2068 3614 2124 per
3663 2067 3827 2124 specu-

2224 2138 2371 2208 lum,
2405 2156 2518 2195 non
2550 2138 2609 2193 in
2640 2138 2968 2210 aenigmate,
2997 2138 3100 2193 sed
3124 2139 3268 2194 facie
3290 2140 3361 2195 ad
3395 2140 3604 2197 faciem
3630 2144 3682 2196 te
3698 2138 3830 2204 mihi,

2224 2229 2470 2297 Christe,
2504 2227 2960 2295 demonstrasti;
2998 2227 3055 2281 in
3113 2227 3236 2283 tuis
3293 2234 3349 2283 te
3404 2230 3632 2285 invenio
3675 2244 3829 2285 sacra-

2225 2316 2461 2372 mentis.
2486 2316 2612 2371 llzec
2645 2320 2784 2370 sunt
2820 2320 2935 2369 tua:
2966 2331 3098 2370 vera
3128 2322 3502 2373 sacramenta
3557 2316 3833 2390 sapientia,

2224 2406 2439 2478 quibus
2468 2404 2682 2459 mentis
2713 2403 2938 2459 occulta
2964 2396 3348 2460 mundantur.

2293 2494 2382 2549 59.
2416 2494 2614 2563 Itaque
2636 2493 2765 2563 jam
2803 2490 2970 2547 laetus
3027 2498 3204 2565 atque
3259 2510 3527 2561 securus,
3581 2494 3723 2566 quod
3773 2491 3836 2545 vi-

2223 2585 2449 2639 brasset
2469 2583 2579 2651 (54)
2612 2580 2663 2637 ei
2695 2580 2994 2652 sapientiae
3026 2580 3349 2653 plenitudo,
3380 2584 3529 2641 dicit
3574 2585 3642 2639 ad
3686 2581 3841 2636 Domi-

2225 2688 2404 2727 num:
2441 2694 2467 2721 ‹‹
2500 2672 2787 2743 Asperges
2817 2686 2910 2725 me
2940 2668 3214 2743 hyssopo,
3269 2676 3326 2727 et
3374 2673 3732 2737 mundahor;
3774 2669 3837 2723 la-

2222 2760 2385 2816 vehis
2416 2776 2528 2828 me,
2556 2765 2613 2814 et
2641 2775 2819 2830 super
2866 2758 3056 2814 nivem
3104 2760 3425 2816 dealbabor
3455 2762 3625 2833 (Ρδαι,
3657 2778 3704 2824 ι,
3726 2760 3791 2825 9).
3817 2780 3839 2805 υ

2224 2850 2377 2905 Bene
2410 2854 2466 2904 et
2488 2847 2710 2903 Veteris
2740 2848 3098 2903 Testamenti
3142 2857 3515 2905 sacramenta
3574 2866 3682 2905 non
3733 2862 3838 2902 eva-

2226 2944 2380 3007 cuat,
2424 2943 2483 2993 et
2535 2936 2877 3007 Evangelica
2934 2936 3100 2993 docet
3155 2938 3436 3010 mysteria
3488 2937 3841 3011 praeferenda;

2226 3028 2479 3101 hyssopo
2510 3026 2782 3081 mundari
2814 3025 3137 3081 secundum
3169 3025 3355 3099 legem
3403 3026 3660 3100 postulat
3681 3023 3844 3097 (Band.

2226 3135 2330 3186 x11,
2361 3117 2450 3186 2'2)
2477 3134 2490 3182 ;
2522 3113 2701 3170 lavari
2732 3114 3057 3170 secundum
3093 3115 3475 3189 Evangelium
3504 3112 3847 3187 concupiscit,

2228 3211 2286 3260 et
2315 3222 2494 3277 supra
2524 3203 2714 3258 nivem
2748 3220 2810 3258 se
2837 3202 3154 3267 existimat,
3186 3203 3237 3258 si
3267 3204 3427 3261 lotus
3474 3205 3666 3270 fuerit,
3713 3198 3850 3256 deal-

2226 3294 2509 3350 bandum.
2535 3292 2642 3348 Per
2662 3292 2900 3365 hyssopi
2926 3292 3277 3348 fasciculum
3300 3295 3719 3367 aSpergebatur
3741 3288 3850 3361 agni

2226 3384 2514 3455 sanguine
2544 3382 2734 3453 (Leuit.
2768 3398 2882 3447 xw,
2914 3382 2991 3451 9),
3026 3381 3129 3451 qui
3188 3382 3469 3437 mundari
3526 3381 3743 3437 volebat
3782 3383 3850 3446 ty-

2226 3471 2353 3543 pico
2384 3469 2749 3541 baptismate.
2780 3469 3029 3523 Lavatur
3047 3472 3243 3524 autem
3277 3470 3379 3541 qui
3410 3470 3661 3525 diluitur
3686 3460 3854 3522 aeterni

2224 3558 2402 3613 fontis
2425 3557 2676 3629 irriguo;
2702 3561 2760 3611 et
2789 3572 2969 3627 supra
3004 3555 3196 3613 nivem
3230 3557 3568 3622 dealbatur,
3591 3557 3684 3614 cui
3710 3552 3853 3623 culpa

2222 3647 2559 3701 dimittitur.
2595 3645 2852 3716 Denique
2880 3644 2952 3699 de
2981 3645 3112 3716 ipsa
3140 3645 3341 3701 anima
3379 3646 3638 3702 dicitur:
3670 3668 3697 3694 «ί
3742 3643 3854 3709 Qun

2222 3740 2311 3791 est
2338 3735 2482 3802 haec,
2515 3751 2643 3806 quae
2701 3733 2965 3789 ascendit
3021 3733 3293 3790 dealbata
3351 3735 3540 3807 (Cant.
3572 3752 3697 3789 vm—
3717 3730 3805 3801 5)?
3830 3751 3875 3785 »ν

2219 3826 2547 3896 Antequam
2607 3822 3020 3894 baptizaretur,
3080 3822 3210 3895 ipsa
3274 3828 3367 3879 est
3424 3841 3560 3896 qua:
3619 3820 3852 3878 dicebat:

2224 3934 2252 3961 «
2282 3912 2461 3985 Nigra
2489 3927 2622 3967 sum
2654 3916 2710 3966 et
2737 3910 2965 3979 decora,
2992 3909 3123 3965 tiliae
3148 3911 3480 3967 Jerusalem
3504 3912 3684 3983 (Cant.
3707 3927 3742 3976 1,
3763 3909 3852 3977 4).»

2222 4003 2357 4057 Erat
2386 4001 2543 4056 enim
2581 3999 2768 4071 nigra,
2820 4000 3150 4065 tenebrosa,
3208 4006 3590 4071 peccatorum
3649 3999 3853 4055 horrore

2220 4089 2531 4156 deformis;
2557 4089 2657 4143 sed
2694 4093 2897 4159 postea
2928 4104 3104 4158 quam
3137 4087 3342 4143 abluta
3370 4106 3481 4161 per
3520 4087 3854 4160 baptismum

2221 4177 2630 4233 remissionem
2662 4175 2875 4231 meruit
2906 4173 3277 4244 delictorum,
3308 4176 3589 4234 dealbata
3626 4171 3855 4232 ascendit

2221 4266 2290 4321 ad
2326 4265 2642 4320 Christum.
2678 4264 2815 4319 Inde
2846 4268 2905 4319 et
2944 4281 3046 4336 per
3083 4265 3295 4321 Isaiam
3330 4267 3624 4321 Dominus
3654 4264 3853 4321 locutus

2220 4360 2310 4410 est
2337 4354 2568 4410 dicens:
2605 4377 2629 4401 α
2657 4352 2716 4408 Si
2748 4352 2965 4408 fuerint
2993 4359 3229 4425 peccata
3265 4361 3466 4410 vestra
3520 4355 3678 4410 sicut
3722 4351 3852 4425 phre-

2221 4443 2459 4509 nicium,
2496 4450 2558 4497 ut
2587 4444 2775 4496 nivem
2810 4440 3091 4496 dealhabo
3118 4443 3289 4511 (Psal.
3330 4461 3367 4509 1,
3418 4445 3536 4513 18),
3599 4468 3626 4492 ››
3684 4442 3740 4496 id
3766 4443 3854 4501 est,

462 4544 635 4610 atque
665 4535 1070 4592 communium
1101 4534 1406 4589 colluviem
1441 4536 1767 4602 confitetur,
1810 4536 2004 4593 subito
2062 4538 2112 4593 ei
2146 4549 2190 4613 ι)
2223 4532 2271 4589 Si
2303 4536 2563 4599 οῐύθηίίι,
2589 4531 2637 4586 εί
2668 4536 2835 4595 tetra,
2864 4529 3184 4585 ωιληάαῦοο
3208 4530 3336 4585 Ηωο
3385 4537 3483 4611 οξι
3544 4530 3643 4586 nix
3672 4524 3853 4584 ἱηῒεηί·

460 4625 738 4699 splendor
767 4622 1047 4688 veritatis,
1078 4628 1134 4675 et
1164 4622 1381 4675 candor
1409 4623 1607 4691 gratis:
1634 4622 1913 4693 spiritalis
1944 4623 2110 4678 afful-

459 4715 553 4774 sit.
585 4714 1015 4786 Supergressus
1056 4709 1212 4765 enim
1268 4710 1557 4774 umbram,
1592 4711 1799 4782 spiritu
1856 4712 2105 4784 prophe-

455 4805 568 4860 tico
598 4803 727 4875 ipsa
750 4800 896 4855 vidit
922 4803 1140 4871 myster
1164 4814 1331 4852 orum
1364 4802 1729 4853 sacramenta
1758 4799 2103 4867 cmlestium,

454 4908 706 4966 quorum
733 4895 936 4963 typum
966 4888 1195 4959 Moyses
1222 4886 1616 4958 praifiguravit
1644 4886 1702 4941 in
1734 4888 1855 4960 lege
1900 4889 2104 4959 (Exod.

452 5072 577 5144 ipse
606 5074 811 5144 partus
841 5069 1016 5144 habet
1040 5064 1310 5138 contagia
1339 5080 1599 5144 sua,_nec
1630 5081 1811 5144 unum
1844 5069 2102 5144 tantum-

454 5135 625 5199 modo
658 5142 830 5197 habet
860 5142 988 5208 ipsa
1018 5135 1613 5209 natura'contagium.
1635 5135 1816 5209 Unde,
1868 5136 1926 5209 in
1977 5136 2104 5209 lege

452 5214 578 5269 dies
611 5220 833 5283 partus,
860 5206 917 5266 et
937 5210 1197 5282 plerique
1219 5208 1313 5283 alii
1348 5225 1380 5262 a
1401 5206 1684 5262 sacriﬁcio
1719 5206 2098 5283 feriatisunt:

453 5279 663 5338 mulier
688 5284 846 5337 enim
879 5279 1005 5353 quae
1031 5279 1347 5351 generavit,
1385 5296 1521 5353 non
1553 5282 1739 5348 potest
1789 5279 1843 5331 in
1877 5279 2102 5353 diebus

453 5353 815 5424 purgationis
842 5348 959 5408 sua:
1014 5348 1218 5407 ollerre
1279 5350 1655 5424 sacriﬁcium,
1718 5348 2099 5424 nec_ingredi

451 5420 872 5491 sanctuarium,
933 5425 1117 5479 donec
1179 5423 1435 5494 legitimo
1497 5420 1608 5473 ritu
1686 5420 2001 5475 mandetur
2068 5440 2101 5475 a

449 5495 590 5550 fetu.
630 5516 657 5541 ι»

520 5564 632 5636 (33)
667 5564 752 5619 Ita
778 5581 920 5620 mss.
954 5580 1020 5618 ac
1045 5565 1180 5619 edit.
1219 5580 1441 5623 omnes.
1477 5566 1715 5636 excepta
1772 5560 1964 5636 item.,
2001 5562 2098 5636 ubi

450 5632 705 5707 legitur:
750 5655 776 5688 ιι
829 5635 1130 5704 Numquid
1157 5635 1491 5691 Jeremias?
1547 5632 1671 5688 Non
1732 5633 1953 5704 utique.
2002 5632 2099 5689 llie

2218 4620 2433 4694 gibilis,
2467 4620 2538 4676 de
2570 4637 2684 4692 qua
2713 4620 2794 4674 ait
2823 4619 2980 4689 quod
3024 4619 3253 4675 Domini
3301 4620 3448 4676 Jesu
3512 4621 3576 4677 in
3636 4621 3854 4685 Evange'

2216 4710 2293 4764 lio
2344 4708 2548 4781 (Matth.
2609 4725 2749 4775 xvu,
2808 4713 2863 4777 2)
2923 4706 3261 4763 refulserint
3315 4709 3681 4765 vestimenta
3726 4706 3851 4761 sicut

2216 4799 2353 4864 nix;
2384 4814 2450 4853 eo
2476 4797 2630 4868 quod
2664 4800 2966 4868 peccatum
2999 4812 3111 4851 non
3145 4797 3505 4869 cognoverit.
3550 4800 3692 4853 Caro
3721 4791 3851 4851 enim

2216 4904 2332 4959 qua
2361 4903 2423 4942 se
2453 4885 2663 4950 induit,
2694 4885 2764 4939 ab
2795 4886 2955 4939 omni
2987 4884 3173 4940 fuerat
3204 4885 3428 4940 munda
3479 4885 3695 4941 delicto
3738 4881 3848 4953 (35}.

2214 5066 2370 5124 enim
2406 5082 2519 5119 non
2553 5063 2609 5117 in
2642 5063 2914 5134 gentibus
2953 5062 3234 5135 propheta
3276 5064 3646 5135 propositus,
3678 5061 3775 5135 sed
3803 5058 3848 5109 in

2211 5139 2414 5193 Judaea
2444 5132 2695 5199 tantum,
2729 5136 2863 5189 licet
2903 5132 3077 5189 nunc
3107 5132 3293 5189 etiam'
3333 5132 3399 5188 ini
3459 5132 3847 5189 nationibus...

2214 5210 2355 5262 Vide
2387 5208 2584 5278 igitur,
2618 5213 2725 5259 etc.
2754 5228 2773 5251 η

2285 5268 3194 5349 (fit)Vl'ibrasset,_supple‘radios,
3227 5276 3285 5331 id
3326 5280 3438 5342 est,
3474 5268 3806 5349 illuxisset.'

2284 5345 2395 5420 (35)
2429 5350 2514 5404 lta
2543 5348 2681 5403 edit.
2715 5345 2847 5420 Gilll
2872 5345 2957 5401 “ac
3014 5347 3180 5415 Rom,
3217 5363 3345 5402 cum
3408 5364 3564 5403 mss.
3628 5345 3843 5420 aliquot.

2211 5417 2520 5476 Edit.'Am.
2572 5425 2747 5488 atque
2803 5418 2952 5483 Era,
3009 5434 3121 5477 non
3175 5420 3489 5489 cognoverit
3540 5417 3844 5489 caropejus;

2211 5493 2426 5563 quando
2453 5508 2511 5566 se
2539 5487 2719 5544 induit
2745 5490 3000 5544 eveniens
3028 5491 3086 5543 in
3143 5487 3287 5544 hunc
3313 5489 3617 5566 mundum,
3645 5487 3711 5543 ab
3744 5499 3843 5566 om-

2208 5566 2293 5630 ni,
2323 5569 2432 5619 etc.
2484 5565 2753 5633 Quatuor,
2792 5577 2960 5633 mss.,
3024 5577 3133 5615 non
3188 5563 3502 5633 cognoverit
3557 5578 3683 5633 caro
3719 5563 3847 5633 {ﬁt}.

2210 5625 2316 5705 qua
2344 5651 2399 5691 se
2428 5625 2677 5689 induit...
2701 5632 2768 5686 ab
2788 5632 2940 5688 omni
2967 5632 3157 5702 fuerit,
3190 5625 3295 5688 etc.
3316 5629 3447 5686 Non
3472 5632 3477 5635 ’
3500 5630 3657 5688 male
3684 5628 3730 5683 si
3746 5625 3845 5680 'ade
