4116 6188
232 346 343 414 οιτ

1357 336 1743 409 APOLOGIA
1790 337 2263 409 PROPHETIE
2302 344 2573 412 υΑνιι).

3568 344 3691 421 918

230 481 376 553 Quid
408 476 653 538 miraris
683 477 734 537 si
763 476 909 537 vidit
935 478 1304 553 baptismatis
1334 479 1720 551 sacramenta,
1752 492 1889 566 eum
1920 478 1974 545 Α
2007 484 2320 537 assumat.
2355 484 2462 540 Sed
2498 486 2638 558 quia
2694 487 2895 547 omnia
2947 493 3172 566 spectat
3226 490 3284 548 et
3341 485 3489 547 nihil
3548 492 3683 547 eum

226 588 410 648 supra
440 569 680 640 dixerit,
713 568 814 625 ubi
858 569 1169 642 descripsit
1222 571 1557 642 passionem
1613 564 1843 621 Domini
1878 584 1889 622 :

229 688 255 715 ‹‹
287 661 588 720 Dominus
620 659 814 733 pascit
844 675 961 727 me,
996 664 1054 715 et
1083 659 1227 715 nihil
1260 659 1404 714 mihi
1437 656 1653 723 deerit;
1687 655 1744 710 in
1770 655 1893 711 loc“

226 752 396 809 viridi
432 752 550 823 (36)
582 748 665 803 ibi
687 762 780 802 me
799 746 1122 816 collocavit,
1143 765 1317 819 super
1337 764 1549 820 aquam
1568 743 1894 801 refectionis

228 842 501 899 educavit
530 854 628 894 me
659 838 833 910 (Psat.
866 855 1011 905 XXII,
1036 839 1088 905 1,
1119 838 1195 909 2).
1230 859 1258 886 »
1316 838 1384 892 Et
1440 834 1577 892 alibi
1612 852 1626 890 :
1690 856 1717 883 «
1772 833 1895 889 Vox

230 929 461 989 Domini
522 944 704 1001 super
766 941 985 997 aquas,
1044 927 1199 982 Deus
1257 925 1583 997 majestatis
1643 923 1897 979 intonuit

231 1021 397 1095 (Psal.
432 1032 635 1086 xxvm,
666 1017 743 1088 3).
780 1035 810 1063 »
843 1014 921 1069 Et
952 1014 1025 1069 de
1057 1015 1185 1086 ipso
1216 1018 1575 1070 sacramento
1632 1013 1743 1084 (37)
1776 1010 1894 1083 ple—

228 1110 361 1166 nius
390 1107 540 1163 dixit
572 1123 584 1161 :
624 1126 651 1155 ‹‹
683 1102 924 1160 Parasti
956 1102 1015 1158 in
1068 1108 1380 1175 conspectu
1413 1119 1541 1157 meo
1608 1117 1894 1171 mensam,

226 1195 615 1271 impinguasti
645 1194 706 1250 in
737 1191 873 1249 oleo
910 1197 1091 1264 caput
1110 1209 1327 1257 meum,
1355 1196 1409 1247 et
1431 1190 1705 1263 poculum
1728 1194 1896 1245 tuum

226 1286 551 1350 inebrians,
585 1299 761 1356 quam
795 1280 1159 1352 praeclarum
1190 1286 1280 1336 est
1310 1281 1480 1351 (Psal.
1513 1297 1653 1348 XXII,
1684 1278 1739 1351 5)
1773 1280 1785 1334 !

751 1369 914 1427 897
962 1369 1196 1426 CAPUT
1236 1369 1380 1425 ΧΙΙΙ.

236 1464 428 1530 David,
458 1463 575 1518 solo
606 1460 820 1533 futura
852 1460 1202 1533 remissionis
1231 1460 1429 1533 auditu
1458 1465 1732 1514 recreatus
1784 1460 1901 1533 [ore

306 1544 368 1591 ut
395 1551 518 1591 ossa
550 1530 853 1588 humiliata
886 1530 1163 1594 exultent,
1186 1530 1436 1601 praedicit
1463 1547 1484 1591 ;
1514 1538 1564 1585 et
1618 1546 1737 1601 quae
1789 1530 1901 1583 sint

308 1607 409 1662 illa
441 1609 466 1659 ἔ)
497 1603 810 1673 Rogandum
840 1602 1020 1673 Deum
1048 1604 1107 1655 ut
1134 1603 1328 1671 faciem
1362 1605 1569 1655 avertat
1598 1617 1633 1655 (ι
1674 1601 1904 1671 peccatis

302 1678 538 1743 uestris,
570 1672 730 1729 illam
756 1689 884 1729 vero
916 1672 987 1727 ad
1007 1689 1106 1728 nos
1134 1676 1427 1729 convertat.
1461 1674 1597 1726 Item
1617 1674 1758 1726 sicut
1782 1688 1903 1742 pec-

304 1753 519 1826 catum,
551 1748 630 1826 ita
659 1749 709 1800 et
732 1746 1094 1826 iniquitatem
1121 1758 1248 1826 quae
1276 1746 1395 1813 ejus
1433 1746 1587 1812 origo
1643 1751 1739 1808 est,
1797 1744 1899 1797 tri-

304 1821 447 1892 plici
478 1819 696 1873 ratione
724 1816 865 1884 tolli,
899 1832 1021 1887 quae
1051 1816 1318 1886 aperitur.

304 1909 401 1963 60.
435 1905 646 1962 Merito
677 1920 814 1977 ergo
837 1904 973 1960 istic
1006 1919 1241 1976 quoque
1265 1903 1533 1959 exultans
1563 1902 1644 1957 ait
1675 1918 1686 1956 :
1724 1925 1749 1951 ‹‹
1784 1904 1901 1958 Au-

237 1996 393 2052 ditui
429 2011 562 2050 meo
593 1992 762 2049 dabis
792 1993 1078 2066 gaudium
1107 1996 1164 2048 et
1196 1991 1451 2047 laetitiam
1481 2009 1493 2046 :
1536 1995 1592 2046 et
1649 1990 1901 2047 exsulta-

236 2086 391 2142 bunt
420 2099 563 2139 ossa
589 2081 901 2137 humiliata
931 2081 1101 2153 (Psal.
1134 2098 1183 2147 L,
1220 2080 1329 2151 10).
1367 2104 1393 2129 ››
1452 2080 1737 2146 Probasti,
1796 2081 1905 2137 Do-

240 2174 406 2230 mine
435 2171 600 2238 Jesu,
628 2170 765 2241 quia
807 2185 1113 2242 nunquam
1171 2169 1346 2225 verba
1400 2172 1501 2225 tua
1558 2173 1906 2241 praetereunt

242 2262 476 2335 (Matth.
509 2276 662 2324 xxxv,
692 2258 803 2330 35).
836 2258 1102 2314 Probasti
1127 2256 1275 2313 illud
1317 2257 1715 2331 evangelicum
1748 2260 1902 2330 quod

242 2348 447 2407 dixisti
484 2365 497 2402 :
537 2372 559 2399 ι
599 2346 767 2402 Multi
801 2346 1093 2420 prophetae
1126 2351 1182 2401 et
1204 2346 1351 2417 justi
1380 2346 1686 2402 voluerunt
1714 2345 1905 2403 videre

242 2456 376 2512 qna:
406 2437 638 2503 videtis,
669 2440 725 2491 et
754 2436 957 2491 audire
986 2452 1114 2507 quae
1129 2434 1704 2507 auditis(Matth.xm,
1739 2436 1847 2507 17).
1874 2460 1901 2485 ››

241 2529 394 2585 Ecce
424 2524 607 2581 David
642 2523 763 2580 solo
795 2523 1029 2579 laetatur
1057 2524 1285 2591 auditu,
1321 2523 1459 2595 quia
1498 2524 1696 2579 futura
1750 2530 1906 2581 esset

240 2619 622 2691 peccatorum
650 2613 943 2680 remissio,
977 2619 1033 2668 et
1090 2612 1399 2686 prophetat
1456 2612 1594 2685 quia
1647 2613 1901 2670 exsulta-

240 2708 397 2763 bunt
426 2719 565 2759 ossa
593 2700 925 2758 humiliata.
959 2700 1124 2756 Sicut
1174 2701 1374 2757 omnia
1422 2701 1571 2773 justi
1620 2716 1756 2755 ossa
1813 2702 1901 2757 di-

239 2798 378 2851 cent
412 2809 425 2847 :
460 2814 489 2841 «
522 2790 789 2858 Domine,
824 2789 959 2862 quis
990 2788 1207 2846 similis
1238 2790 1343 2844 tibi
1394 2792 1563 2862 (Psal.
1628 2806 1897 2859 Lxxxvm,

238 2884 319 2954 9),
351 2902 383 2933 ιο
414 2879 501 2936 sic
535 2901 563 2930 ‹‹
593 2878 970 2935 exsultabunt
1001 2895 1137 2935 ossa
1165 2877 1494 2945 humiliata,
1521 2902 1549 2928 ››
1581 2877 1898 2933 humilian-

238 2971 320 3027 tis
351 2968 581 3025 scilicet
608 2967 868 3024 animam
899 2983 1068 3023 suam
1102 2967 1267 3039 iusti.
1300 2967 1584 3023 Dicuntur
1599 2983 1735 3039 ergo
1765 2984 1900 3023 ossa

241 3060 493 3115 virtutes
529 3075 543 3125 ;
577 3056 858 3112 dicuntur
895 3073 1030 3112 ossa
1058 3056 1216 3112 velut
1245 3057 1484 3128 quidam
1532 3056 1712 3112 animi
1772 3073 1895 3112 mo-

239 3154 342 3205 tus
371 3145 460 3202 vel
493 3145 724 3211 animae,
757 3144 855 3217 qui
890 3150 1083 3201 motus
1112 3144 1503 3200 humiliantur
1532 3145 1805 3218 peccatis,
1838 3151 1893 3200 et

240 3234 543 3293 exsultant
572 3233 768 3307 gratiae
802 3234 917 3305 (38)
945 3233 1195 3291 ccclesiis
1227 3250 1465 3290 munere
1498 3252 1510 3289 :
1539 3234 1817 3289 dicuntur
1844 3240 1901 3290 et
1929 3225 1971 3291 C

241 3341 383 3382 ossa
410 3321 612 3396 populi
643 3321 1037 3378 Ecclesiarum
1070 3341 1082 3391 ;
1116 3323 1272 3379 unde
1303 3322 1484 3379 habes
1512 3323 1732 3379 dictum
1763 3328 1820 3378 et
1840 3324 1898 3378 in

241 3412 476 3487 psalmo
511 3427 525 3466 ;
561 3432 589 3461 α
618 3410 741 3466 Νοιι
774 3415 863 3467 est
891 3410 1301 3467 absconditum
1342 3429 1405 3467 os
1464 3427 1684 3479 meum,
1743 3413 1897 3484 quod

242 3500 435 3559 fecisti
466 3500 527 3555 in
558 3499 909 3555 abscondito
936 3501 1111 3569 (Psal.
1146 3516 1409 3568 cxxxvm,
1446 3502 1554 3569 15).
1592 3522 1619 3548 ››
1664 3500 1741 3555 Os
1799 3516 1898 3556 su-

240 3609 344 3649 um
377 3590 701 3647 Ecclesiam
733 3588 899 3659 dixit,
947 3593 1005 3645 et
1061 3588 1248 3661 plebis
1304 3590 1522 3645 devotas
1581 3594 1899 3645 conventus

239 3697 466 3750 sacros,
500 3678 778 3751 quoniam
811 3694 1021 3735 sumus
1065 3679 1330 3735 membra
1373 3679 1630 3751 corporis
1688 3678 1899 3734 Christi

234 3770 310 3827 de
337 3783 517 3826 carne
544 3767 753 3840 ipsius,
788 3772 844 3822 et
873 3767 945 3821 de
976 3768 1211 3823 ossibus
1245 3770 1393 3839 ejus.
1431 3768 1549 3822 Hoc
1582 3766 1766 3838 igitur
1811 3767 1898 3821 di-

231 3858 335 3928 cit,
367 3855 513 3930 quia
545 3855 808 3920 Ecclesia
839 3855 1067 3911 Domini
1100 3856 1300 3913 omnia
1329 3873 1503 3929 opera
1552 3856 1749 3912 divina
1804 3872 1901 3911 co-

235 3949 510 4021 gnoscet,
543 3951 600 4001 et
629 3945 805 4000 fidem
839 3946 1284 4002 resurrectionis
1316 3947 1578 4018 accipiet.

309 4037 405 4091 61.
439 4033 757 4106 Sequitur:
793 4055 820 4082 ‹‹
854 4035 1059 4090 Averte
1103 4034 1309 4090 faciem
1342 4039 1503 4091 tuam
1561 4053 1595 4089 a
1649 4034 1901 4105 peccatis

233 4124 416 4190 meis,
447 4126 507 4178 et
535 4122 1101 4194 omnesiniquitates
1116 4140 1277 4179 meas
1308 4123 1434 4179 dele
1463 4124 1630 4192 (Psal.
1660 4141 1712 4193 1.,
1742 4125 1849 4194 11).
1874 4146 1900 4171 ››

235 4212 475 4270 Usitata
504 4215 596 4266 est
624 4210 973 4284 deprecatio,
1007 4216 1073 4267 ut
1102 4227 1201 4267 eos
1243 4229 1392 4283 quos
1448 4212 1728 4282 laesimus,
1762 4212 1905 4268 obli-

234 4300 389 4357 visci
421 4297 761 4354 offensionis
791 4297 1039 4371 propria:
1070 4298 1456 4371 postulemus‘.
1501 4298 1795 4354 Moralitcr
1814 4318 1901 4355 er-

235 4407 315 4464 go
340 4389 530 4444 Deum
565 4393 729 4460 rogat
760 4387 1046 4460 Propheta
1085 4391 1149 4441 ut
1179 4393 1400 4443 avertat
1430 4388 1638 4444 faciem
1670 4405 1839 4444 suam
1871 4407 1905 4444 a

235 4475 505 4551 peccatis
536 4475 685 4547 ejus,
718 4483 775 4533 et
803 4479 1087 4547 tanquam
1119 4476 1331 4532 oblivia
1362 4480 1735 4549 peccatorum
1775 4479 1903 4548 ejus

236 4613 430 4667 datur
459 4608 794 4677 conjunctio
842 4611 917 4674 et,

236 4697 456 4738 manu.
490 4680 701 4735 Melius
731 4680 1242 4752 tamen_Vinc......
1274 4682 1404 4751 quia
1452 4680 1667 4752 quando
1722 4698 1776 4752 se
1831 4685 1914 4736 in-

234 4755 394 4820 duit,
421 4755 533 4818 etc,
564 4753 746 4822 fuerat
774 4750 981 4806 munda
1011 4751 1205 4822 delicto
1235 4768 1255 4812 ,ο
1288 4750 1321 4805 a
1350 4750 1472 4822 quo
1500 4769 1613 4807 non
1662 4751 1911 4809 multum

241 4822 477 4882 recedit
506 4821 636 4877 Alb.
664 4822 811 4878 alter
849 4822 1058 4877 ludens
1091 4821 1184 4877 his
1212 4822 1408 4895 verbis
1439 4840 1450 4876 :
1497 4840 1617 4877 mm
1670 4827 1913 4895 profecto

238 4895 563 4969 quap_do_se
591 4896 842 4969 induit_._..
877 4894 1346 4969 fueritmundata
1376 4894 1591 4969 delicto.

324 4967 442 5035 (36)
473 4965 689 5021 Omnes
719 4965 858 5021 edit.
887 4970 946 5021 et
975 4964 1215 5047 quidam
1250 4981 1416 5047 mss?
1449 4969 1510 5021 in
1559 4967 1669 5023 loco
1694 4983 1914 5039 pascua:

242 5054 407 5095 mss.
442 5053 655 5108 magno
687 5052 955 5099 numero,
975 5037 1046 5108 in
1078 5037 1190 5108 loco
1215 5037 1399 5091 viridi.

328 5110 447 5179 (37)
479 5106 907 5180 Eucharistiam
941 5106 1248 5180 significat,
1283 5124 1461 5180 quam
1494 5108 1665 5162 etiam
1697 5108 1789 5161 alii
1814 5109 1912 5164 Pa-

238 5187 417 5235 trum
452 5179 892 5251 simpliciterhet
922 5179 1040 5251 per
1079 5179 1546 5251 antonomasiam
1608 5196 1913 5234 sacramen-

243 5248 623 5308 consuerunt
651 5248 963 5322 appellare.
989 5248 1108 5322 Nec
1140 5249 1331 5322 solum
1371 5250 1476 5304 hoe
1513 5251 1633 5302 loco
1693 5251 1771 5303 ita
1830 5251 1909 5303 lo-

296 5324 471 5377 uitur
496 5321 865 5385 Ambrosius,
900 5321 999 5377 sed
1030 5337 1160 5376 cum
1190 5321 1327 5375 alibi
1363 5338 1533 5390 saepe,
1568 5326 1691 5373 tum
1728 5323 1782 5374 in
1810 5323 1907 5376 lib.

292 5410 327 5449 e
362 5393 675 5449 lnitiandis.
700 5408 825 5464 cap.
854 5393 888 5445 8
917 5398 974 5448 et
1001 5392 1054 5458 9,
1088 5392 1189 5447 ubi
1219 5392 1393 5464 etiam
1428 5391 1581 5464 hunc
1607 5393 1803 5464 ipsum
1829 5392 1908 5447 lo-

240 5480 400 5522 cum
432 5465 652 5535 profert
683 5464 753 5518 ad
772 5462 921 5519 'eum
951 5464 1238 5535 modum;
1276 5485 1304 5513 «
1344 5462 1513 5515 Venit
1542 5462 1719 5533 igitur
1776 5466 1907 5533 (sci-

238 5537 401 5593 licet
440 5534 615 5606 rplebs
671 5535 1009 5607 baptizata);
1044 5540 1101 5590 et
1126 5534 1331 5607 videns
1364 5542 1796 5607 sacrosanctum
1832 5536 1910 5590 al-

238 5614 388 5665 tare
438 5605 851 5679 compositum,
894 5605 1225 5679 exclamans
1282 5605 1405 5679 ait:
1469 5626 1496 5654 »
1553 5605 1779 5679 Parasti
1830 5609 1909 5662 in-

238 5681 549 5749 conspectu
571 5675 693 5734 meo
717 5694 982 5745 mensam,
1018 5701 1046 5727 ‹‹
1078 5677 1237 5733 Hanc
1294 5675 1629 5749 loquentem
1686 5678 1911 5734 inducit

1928 1852 1977 1916 B

2008 570 2307 639 praeterit,
2334 573 2599 632 oblivisci
2631 597 2745 636 non
2779 586 2972 653 potest
2998 583 3153 639 sicut
3182 597 3310 648 nos,
3343 595 3493 651 quos
3519 578 3684 635 brevi

2008 656 2341 715 intervallo
2374 666 2655 736 temporis
2686 688 2889 726 eorum
2931 689 3056 744 quae
3090 668 3537 743 cognoverimus
3570 683 3687 723 me-

2009 743 2214 799 moria
2244 750 2629 827 subterfugit.
2662 760 2793 815 Ideo
2833 743 2980 817 bene
3010 761 3091 816 ait
3122 763 3188 814 ut
3244 758 3452 812 faciem
3511 771 3682 811 suam

2010 837 2266 899 avertat,
2304 854 2426 894 non
2458 844 2531 899 ab
2561 846 2709 918 ipso,
2745 865 2816 904 ne
2847 849 3077 905 deficiat
3105 845 3426 901 destitutus
3462 858 3475 899 :
3519 844 3621 900 sed
3647 860 3683 899 a

2013 923 2301 1008 peccatis,
2336 931 2403 981 ut
2433 932 2584 990 vires
2614 953 2729 992 non
2754 938 2981 1008 possint
3032 936 3247 990 habere
3304 935 3541 1005 peccata
3597 932 3680 1004 ip-

2013 1006 2166 1097 είιξεο
2202 1011 2370 1075 Quos
2401 1021 2557 1077 enim
2590 1006 2801 1097 aspicit
2830 1026 3131 1089 Dominus,
3153 1020 3470 1091 illuminat,
3501 1024 3560 1076 et
3614 1020 3674 1075 in

2011 1096 2181 1152 vultu
2215 1103 2459 1163 Domini
2490 1096 2676 1182 pietas
2708 1118 2881 1185 atque
2920 1111 3284 1183 indulgentia
3339 1114 3444 1164 est.
3504 1109 3671 1164 Ideo-

2012 1202 2127 1258 que
2158 1188 2255 1243 hic
2290 1189 2424 1263 ipse
2453 1200 2533 1255 ait
2566 1220 2578 1256 :
2612 1226 2639 1251 «
2672 1203 2753 1259 De
2786 1202 2949 1257 vultu
2981 1205 3081 1255 tuo
3116 1197 3411 1270 judicium
3469 1213 3668 1253 meum

2008 1279 2252 1350 prodeat
2275 1279 2454 1349 (Psal.
2488 1307 2603 1361 xvr,
2633 1294 2689 1363 2)
2724 1310 2736 1359 ;
2774 1315 2801 1341 ››
2833 1292 2905 1345 de
2931 1287 3094 1343 vultu
3124 1287 3279 1342 enim
3310 1285 3539 1341 Domini
3569 1301 3666 1340 ve-

2009 1367 2126 1432 nia,
2148 1382 2267 1421 non
2295 1385 2468 1440 pcena
2498 1379 2777 1449 procedit.
2815 1375 3130 1447 Rogandus
3162 1378 3251 1430 est
3275 1390 3410 1447 ergo
3441 1378 3504 1429 ut
3557 1388 3665 1428 nos

2009 1456 2277 1529 aspiciat,
2314 1468 2537 1521 avertat
2594 1473 2792 1522 autem
2842 1465 3048 1519 faciem
3097 1480 3264 1518 suam
3320 1481 3354 1518 a
3408 1461 3665 1534 peccatis

2012 1546 2339 1607 nostris.ut
2368 1551 2560 1609 deleat
2588 1573 2674 1611 ea.
2710 1556 2848 1618 Quae
2876 1552 3033 1606 enim
3066 1569 3180 1607 non
3212 1551 3437 1624 aspicit,
3486 1549 3664 1620 delet,

2011 1640 2068 1691 et
2099 1651 2229 1705 quae
2261 1635 2557 1709 deleverit,
2592 1660 2660 1698 ea
2693 1640 2976 1696 memoria
2992 1641 3358 1712 sepelientur,
3392 1640 3546 1696 sicut
3574 1639 3663 1710 ip-

2014 1740 2077 1779 se
2108 1724 2395 1781 Dominus
2427 1729 2511 1782 ait
2545 1746 2558 1782 :
2592 1754 2619 1779 ‹‹
2654 1732 2775 1800 Ego
2809 1745 2965 1795 sum,
2996 1745 3100 1800 ego
3157 1748 3287 1785 sum
3350 1729 3449 1801 qui
3498 1726 3663 1783 deleo

2012 1813 2354 1885 iniquitates
2377 1819 2537 1883 tuas,
2570 1824 2629 1873 et
2658 1833 2888 1872 memor
2917 1833 3031 1872 non
3062 1836 3157 1874 ero
3192 1836 3203 1874 :
3236 1823 3300 1873 tu
3333 1821 3527 1873 autem
3549 1830 3669 1870 me-
3742 1880 3743 1883 η

2018 1918 2147 1957 mor
2176 1906 2299 1958 esto
2330 1907 2386 1957 et
2407 1904 2766 1974 judicemur
2796 1907 2918 1974 (Isa.
2952 1925 3106 1977 xuii,
3138 1910 3228 1977 25,
3258 1906 3373 1979 26).
3399 1929 3427 1957 »

2086 2037 2175 2091 62.
2222 2037 2535 2092 Peccatum
2602 2041 2810 2094 autem
2866 2047 2966 2099 aut
3021 2045 3270 2101 donatur
3324 2044 3419 2115 (De
3471 2042 3668 2114 pcenit.

2014 2125 2152 2181 dist.
2186 2126 2239 2189 3,
2291 2142 2414 2196 cap.
2468 2127 2584 2180 Ille
2634 2142 2767 2195 rex,
2822 2132 2851 2200 §
2903 2138 3187 2191 Peccatum
3242 2137 3337 2190 aut
3391 2130 3670 2203 donatur),

2015 2218 2117 2270 aut
2155 2213 2397 2280 deletur,
2431 2219 2548 2268 aut
2607 2216 2881 2289 tegitur:
2942 2223 3187 2281 donatur
3242 2240 3344 2298 per
3398 2220 3671 2296 gratiam,

2013 2302 2239 2358 deletur
2271 2319 2374 2375 per
2404 2303 2781 2375 sanguinem
2807 2314 3014 2384 crucis,
3044 2314 3259 2388 tegitur
3287 2330 3390 2387 per
3418 2310 3679 2368 charita-

2013 2395 2152 2448 tem.
2184 2391 2465 2447 Similiter
2499 2396 2566 2447 et
2594 2392 2906 2470 iniquitas,
2939 2420 3068 2475 quae
3097 2405 3419 2460 aestimatur
3444 2400 3686 2459 habitu-

2014 2481 2087 2536 do
2119 2481 2334 2536 mcntis
2367 2481 2632 2551 injustte.
2676 2486 2837 2545 Licet
2863 2491 3121 2549 Joannes
3152 2494 3209 2550 in
3240 2491 3486 2566 epistola
3542 2508 3679 2548 eum

2014 2568 2115 2640 qui
2150 2569 2346 2625 fecerit
2377 2577 2716 2646 peccatum,
2751 2579 2904 2635 698
2953 2585 3011 2635 et
3041 2582 3414 2655 iniquitatem
3469 2581 3680 2639 fecisse

2013 2657 2244 2744 dixerit,
2278 2658 2429 2714 sicut
2458 2660 2754 2719 habemus
2786 2666 3074 2738 scriptum
3112 2689 3125 2726 :
3160 2695 3186 2720 ‹‹
3223 2672 3426 2727 Omnis
3456 2670 3557 2744 qui
3591 2672 3679 2727 fa-

2011 2743 2090 2797 cit
2122 2750 2446 2815 peccatum,
2477 2752 2537 2803 et
2572 2749 2949 2822 iniquitatem
2987 2755 3128 2812 facit
3157 2761 3206 2831 (I
3228 2761 3383 2815 Joan.
3418 2743 3510 2826 ιιι,
3540 2763 3618 2829 4),
3646 2792 3675 2819 ››

2010 2836 2333 2922 peccatum,
2368 2839 2457 2888 est
2486 2835 2792 2909 iniquitas,
2826 2841 2968 2911 quia
3014 2841 3073 2897 in
3108 2852 3343 2915 peccato
3400 2849 3530 2922 ipso
3560 2854 3673 2909 ini-

2011 2920 2207 2991 quitas
2237 2926 2375 2987 est;
2416 2927 2639 2990 tamen,
2702 2932 2768 2982 ut
2820 2929 2993 2984 nobis
3052 2932 3303 3000 videtur,
3355 2920 3667 3007 peccatum

2006 3023 2154 3079 opus
2184 3013 2272 3064 est
2301 3010 2653 3083 iniquitatis,
2682 3015 2963 3087 iniquitas
2991 3024 3185 3076 autem
3220 3027 3509 3094 operatrix
3541 3030 3660 3085 cul-

2007 3113 2091 3188 pa:
2122 3100 2296 3188 atque
2329 3099 2545 3156 delicti.
2580 3102 2719 3158 Plus
2749 3109 2839 3159 est
2868 3122 3007 3176 ergo
3038 3108 3150 3180 (39)
3179 3114 3242 3164 ut
3270 3112 3400 3181 ipsa
3436 3115 3657 3188 iniqui-

2008 3187 2098 3240 tas
2131 3185 2415 3253 deleatur,
2448 3192 2749 3246 excidatur
2777 3193 2944 3249 radix
2974 3200 3032 3250 et
3073 3198 3460 3257 seminarium
3525 3185 3658 3275 pec-

2011 3278 2273 3329 catorum
2308 3294 2319 3339 ;
2354 3278 2511 3335 mala
2538 3278 2777 3335 tollatur
2832 3282 3017 3349 radix,
3053 3302 3124 3340 ne
3180 3286 3369 3343 malos
3427 3289 3660 3351 fructus

2012 3362 2181 3418 faciat
2215 3383 2227 3431 ;
2262 3366 2564 3423 aboleatur
2592 3370 2804 3425 erroris
2835 3372 3029 3429 omnis
3061 3374 3324 3441 affectus,
3384 3378 3663 3437 universa

2009 3450 2384 3524 iniquitatum
2414 3472 2628 3527 genera
2658 3456 2958 3516 tollantur.

2080 3586 2168 3641 65.
2207 3587 2406 3657 Itaque
2438 3589 2934 3660 quemadmodum
2994 3594 3221 3651 intrans
3280 3596 3340 3651 in
3396 3599 3660 3658 animam

2010 3671 2309 3743 sapientiae
2336 3672 2648 3747 disciplina
2678 3676 3132 3749 imprudentiam
3166 3681 3339 3753 tollit,
3372 3691 3430 3740 et
3471 3689 3660 3745 scien-

2010 3761 2498 3833 tiaignorantiam
2525 3781 2537 3819 :
2563 3764 2647 3819 sic
2680 3766 2933 3836 perfecta
2958 3768 3140 3824 virtus
3173 3771 3571 3845 iniquitatem,
3605 3785 3662 3833 et

2011 3850 2277 3906 remissio
2298 3858 2670 3922 peccatorum
2698 3854 2853 3911 delet
2884 3873 3057 3912 omne
3104 3862 3431 3930 peccatum.
3495 3863 3659 3921 Unde

2014 3938 2286 4011 praeclare
2315 3941 2630 4012 Apostolus
2662 3942 2777 3999 ait:
2813 3968 2840 3994 «
2875 3944 3022 4007 Quia
3051 3945 3289 4001 donavit
3320 3948 3492 4005 nobis
3522 3967 3655 4022 pec-
3738 3988 3743 3991 ‹

2014 4032 2142 4082 cata
2175 4028 2457 4084 Dominus
2485 4030 2679 4100 Jesus,
2712 4032 2912 4087 delens
2936 4033 3394 4107 chirographum
3420 4036 3655 4111 decreti,

2013 4118 2167 4189 quod
2200 4122 2323 4171 erat
2352 4119 2709 4174 contrarium
2752 4121 2943 4193 nobis,
2977 4128 3034 4177 et
3090 4123 3310 4195 ipsum,
3342 4123 3556 4198 inquit,
3589 4129 3662 4184 de

2015 4207 2206 4262 medio
2243 4206 2397 4275 tulit,
2430 4208 2677 4280 aftigens
2708 4208 2851 4265 illud
2883 4212 3041 4265 cruci
3072 4213 3295 4284 (Loloss.
3331 4231 3389 4281 ιι,
3426 4215 3512 4284 13,
3554 4218 3657 4287 14).

2014 4294 2232 4351 Delcvit
2252 4296 2539 4368 sanguine
2565 4314 2670 4352 suo
2692 4303 3087 4355 atramentum
3109 4302 3254 4367 Evae,
3274 4301 3489 4360 delevit
3512 4304 3662 4360 obli-

2014 4385 2309 4456 gationem
2341 4385 2695 4441 haereditatis
2728 4388 3008 4443 obnoxiae.
3042 4390 3210 4446 Fides
3240 4389 3420 4463 igitur
3459 4406 3663 4466 pecca-

2015 4479 2142 4527 tum
2175 4474 2407 4529 minuit.
2442 4475 2510 4529 Et
2539 4474 2666 4529 ideo
2725 4475 3011 4533 Dominus
3068 4479 3371 4536 dimittens
3428 4490 3667 4555 peccata

1020 4624 1156 4681 uam
1215 4607 1391 4663 habet
1429 4608 1597 4663 Corb.
1624 4680 1633 4681 ί
1659 4611 1913 4667 secunda
1941 4595 1989 4659 D
2021 4606 2197 4661 David
2231 4606 2432 4662 dicens
2468 4626 2479 4663 :
2514 4630 2540 4656 ››
2575 4609 2839 4665 Dominus
2894 4616 3069 4681 pascit
3121 4632 3276 4671 me...
3330 4617 3552 4672 Parasti
3606 4620 3670 4673 in

2021 4687 2447 4753 conspectuumeo
2476 4696 2719 4753 mensam
2747 4682 3007 4738 adversus
3037 4702 3141 4750 eos,
3176 4693 3288 4744 etc.

2094 4752 2204 4820 (38)
2236 4750 2383 4804 Edit.
2420 4752 2584 4806 Rom.
2619 4751 2776 4809 hunc
2806 4753 2999 4809 locum
3031 4757 3266 4814 exhibet
3300 4758 3356 4813 in
3388 4757 3538 4813 hanc
3561 4758 3668 4812 for-

2024 4837 2179 4901 mam
2216 4839 2227 4875 :
2263 4823 2627 4901 Humiliantrs
2656 4826 2802 4879 enim
2820 4829 3081 4901 animum
3109 4846 3266 4883 suam
3286 4830 3431 4901 justi
3468 4828 3668 4901 dicun-

2023 4900 2119 4971 tur
2143 4910 2161 4971 τ·
2194 4908 2317 4963 ergo
2347 4910 2465 4971 ossa
2514 4896 2740 4971 virtutes
2796 4898 3095 4953 dicuntur:
3150 4896 3299 4971 ipsa'
3323 4900 3473 4954 enim
3526 4900 3669 4971 velut

2023 4965 2245 5040 quidam
2272 4967 2451 5040 animi
2479 4975 2654 5040 motus
2684 4969 3058 5023 humiliantur
3083 4965 3345 5040 peccatis,
3400 4974 3453 5024 et
3508 4970 3666 5024 exul-

2023 5039 2142 5088 tant
2170 5038 2389 5112 gratiat’,
2421 5040 2529 5090 elc.
2566 5037 2706 5092 Alia:
2737 5056 2868 5093 vero
2900 5056 3033 5112 cum
3083 5037 3258 5112 mss.)
3295 5057 3669 5112 summopere

2025 5107 2418 5191 cpnsentiunt,
2452 5111 3027 5191 prfeterquaniuquod
3051 5109 3197 5191 ‘alibi
3249 5111 3450 5191 legas,_
3488 5107 3669 5191 humi-

2024 5178 2290 5232 lilmtes...
2324 5178 2697 5234 ossa’virtutcs
2730 5201 2748 5245 ,-
2780 5178 2917 5233 alibi
2968 5186 3185 5243 autem,
3247 5178 3671 5237 humiliantis...

2021 5252 2411 5324 oss-arz'rtutis.
2437 5251 2642 5324 (Neque
2670 5250 2836 5304 nobis
2863 5251 3057 5324 visum
3094 5257 3183 5306 est
3230 5254 3303 5307 ab
3332 5252 3477 5324 ipsis
3512 5270 3667 5308 recc-

2021 5321 2300 5394 dendum,
2336 5321 2445 5373 nisi
2484 5322 2539 5373 in
2575 5321 3011 5394 punctuatione,
3061 5340 3275 5394 quam,
3341 5321 3408 5379 ut
3463 5341 3676 5381 sensus

2020 5392 2229 5446 clarior
2260 5398 2438 5454 iii‘l‘t‘i,
2474 5391 2733 5445 nonnihil
2768 5391 3230 5450 immutavifuus.

2093 5468 2209 5541 (3‘0)
2236 5467 2452 5541 Unities
2656 5468 2710 5516 et
2742 5480 2896 5541 mss._
2929 5464 3171 5541 aliquot,
3206 5484 3366 5523 omne
3392 5471 3679 5541 peccatum

2021 5545 2095 5612 est
2126 5537 2392 5612 iniquitas
2427 5550 2437 5597 ;
2473 5533 2571 5587 alii
2604 5550 2745 5588 mss.
2782 5535 3007 5612 majori
3032 5533 3275 5612 humero
3306 5543 3364 5595 et
3392 5533 3675 5612 'antiqui-

2018 5608 2467 5687 tate,‘pecratlurz
2497 5620 2628 5687 opus
2685 5614 2760 5660 cst
2824 5607 3205 5687 iniquitatis...
3237 5613 3369 5669 Plus
3397 5619 3476 5668 est
3527 5607 3677 5681 ergo,

2041 5677 2324 5748 Gratiam,
2354 5677 2518 5731 Prius
2542 5680 2620 5731 est
2648 5693 2794 5748 ergo,
2828 5677 2937 5734 etc.
