4116 6188
540 352 674 455 'm

2012 358 2077 463 s'.
2126 399 2497 467 AMBROSII

3783 372 3884 480 oio

550 523 782 617 dicebat
812 540 824 581 :
858 547 887 576 «
931 523 1059 582 Fiat
1088 525 1222 583 tibi.
1252 527 1575 585 secundum
1636 530 1805 587 fidem
1858 537 2019 589 tuam
2081 534 2190 606 (40)
2224 535 2277 603 Α
2305 534 2552 594 divitum
2582 538 2900 598 amandare
2926 544 3366 599 consueverunt
3395 542 3674 617 mancipia
3698 561 3805 617 sua,
3845 552 3887 603 et

544 612 757 687 (Matth.
789 633 911 685 VIII,
944 617 1055 688 13).
1094 640 1122 665 ››

1170 752 1395 809 CAPUT
1432 754 1572 810 XIV.

547 863 657 920 Cor
684 860 1108 938 mundamsolis
1140 861 1316 938 inesse
1345 865 1615 938 renovatis
1648 882 1660 930 ;
1694 871 1852 936 atque
1882 866 2023 920 inibi
2051 881 2196 938 quae-

622 948 755 988 nam
773 934 886 987 sint
911 933 1139 1006 viscera,
1171 935 1357 1005 quisve
1383 936 1631 1004 spiritus,
1683 933 1914 1006 quorum
1945 933 2072 992 hoc'
2093 939 2196 994 loci

621 1009 841 1060 sanctus
872 1004 1144 1075 Propheta
1174 1004 1443 1059 imminit.
1494 1004 1758 1061 Arcrsnm
1812 1010 2034 1063 Domini
2062 1010 2194 1064 vul-

622 1085 757 1158 turn,
787 1078 973 1158 gravis
996 1077 1255 1158 supplicii
1286 1078 1397 1158 loco
1427 1093 1586 1158 esse;
1616 1085 1670 1133 et
1696 1081 2015 1158 guommodo
2056 1081 2198 1158 idem

621 1165 654 1203 a
680 1149 833 1222 facie.
854 1164 955 1203 sua
977 1149 1262 1222 (proficiat.
1291 1149 1659 1222 Atrocissimae
1689 1149 1817 1204 huic
1845 1166 2023 1221 ptl'nd,’
2080 1154 2199 1222 qui-

622 1236 752 1289 nam
782 1218 1025 1273 obnoxii.
1058 1224 1187 1273 Post
1216 1236 1333 1289 qua’.
1378 1220 1633 1275 nonnihil
1687 1218 2104 1292 perstringitur'
2134 1222 2199 1277 de

624 1291 874 1345 libertate
901 1307 965 1345 ac
993 1292 1207 1345 unitate
1234 1292 1529 1347 voluntatis
1558 1294 1618 1346 in
1663 1291 1945 1348 Trinitate;

619 1426 708 1480 64.
744 1425 1063 1497 Sequitur:
1094 1447 1119 1473 ‹‹
1151 1425 1260 1479 Cor
1294 1426 1580 1480 mundum
1616 1442 1749 1481 crea
1780 1426 1838 1480 in
1877 1443 1988 1493 me,
2026 1432 2197 1492 Deus,

550 1519 609 1571 et
639 1514 916 1586 spiritum
950 1518 1169 1569 rectum
1200 1513 1413 1568 innova
1445 1514 1502 1567 in
1526 1498 1850 1570 visceribus
1878 1516 2024 1571 meis
2048 1518 2201 1585 (Psal

553 1622 602 1671 L,
642 1604 747 1673 12).
775 1603 1057 1674 Superius
1080 1602 1352 1657 mundari
1376 1603 1446 1657 ab
1477 1603 1720 1658 occultis
1757 1621 1818 1659 se
1850 1605 1993 1675 petit
2025 1607 2199 1675 (I’sal,

550 1709 711 1759 xvm,
750 1692 837 1763 13)
874 1710 886 1757 ;
921 1690 1012 1745 hic
1039 1690 1297 1762 postulat
1327 1708 1426 1744 cor
1479 1693 1766 1746 mundum
1823 1693 2005 1747 creari
2065 1693 2199 1759 sibi,

553 1782 711 1853 quod
743 1780 795 1836 ei
828 1778 1093 1851 provenit
1123 1779 1223 1850 qui
1257 1783 1571 1835 renovatur
1617 1780 1827 1852 spiritu
1862 1797 1874 1834 :
1938 1781 1994 1836 in
2056 1798 2201 1837 novo

2308 642 2413 697 per
2443 628 2724 699 agellulos
2759 628 3016 702 relegare
3070 631 3204 702 (43),
3237 635 3294 687 et
3328 631 3447 688 haec
3504 650 3661 705 pcena
3710 636 3890 707 gravior

2305 715 2648 773 aestimatur.
2682 718 2942 791 Denique
2970 718 3161 775 solent
3191 720 3382 794 magis
3414 738 3475 778 se
3503 722 3693 777 otl‘erre
3738 725 3890 782 verba.

2306 804 2491 860 ribus.
2524 807 2581 860 Si
2615 808 2767 879 apud
2802 807 3070 863 homines
3098 809 3207 865 hoc
3234 826 3413 883 grave
3454 811 3691 878 ducitur,
3720 818 3889 883 quanto

2307 895 2495 966 magis
2524 897 2678 966 apud
2708 897 3025 952 Dominum
3057 898 3244 955 Deum
3277 903 3564 955 nostrum.
3620 900 3772 963 Quasi
3804 919 3888 958 non

2307 981 2442 1037 hinc
2474 983 2639 1039 dolor
2696 984 3067 1057 parricidalis
3126 987 3554 1059 (reprimendus
3612 989 3890 1061 quidem,si

2307 1089 2422 1142 qua
2501 1090 2633 1126 eum
2695 1074 2881 1145 pietas
2936 1081 3259 1147 temperare
3318 1076 3616 1147 potuisset)
3668 1078 3888 1148 eruperit,

2307 1161 2462 1231 quod
2497 1161 2699 1215 faciem
2733 1178 2902 1216 suam
2936 1163 3091 1218 Deus
3125 1180 3157 1217 a
3188 1163 3328 1218 Cain
3362 1164 3696 1219 muneribus
3716 1165 3887 1227 avertit;

2304 1249 2557 1320 respexit
2588 1257 2782 1306 autem
2817 1269 2993 1323 super
3027 1268 3270 1308 munera
3299 1253 3460 1309 Abel.
3520 1252 3705 1325 Itaque
3753 1255 3884 1309 tacito

2306 1336 2492 1408 vultu,
2529 1338 2776 1394 alterum
2812 1339 3186 1396 innocentem
3234 1342 3650 1413 pronuntiavit,
3699 1342 3888 1397 alterum

2308 1432 2692 1498 peccatorem.
2728 1429 2873 1500 Ergo
2922 1430 3089 1500 quasi
3125 1429 3368 1485 ultimus
3426 1446 3623 1486 servus
3673 1429 3887 1485 bumiliat

2312 1533 2373 1570 se
2407 1534 2419 1582 ;
2454 1520 2513 1570 et
2542 1518 2711 1587 quasi
2746 1517 2803 1571 in
2836 1523 3072 1588 peccato
3132 1518 3553 1589 deprehensus,
3610 1523 3661 1573 et
3712 1519 3887 1572 offensa

2313 1620 2466 1672 reus,
2501 1605 2766 1660 obsecrat
2792 1611 2857 1660 ut
2889 1606 3215 1678 flagellatur
3244 1607 3461 1680 potius,
3494 1623 3663 1678 quam
3683 1606 3888 1679 projicia-

2314 1698 2408 1748 tur
2438 1711 2472 1749 a
2503 1694 2646 1750 tacie
2676 1693 2928 1750 Domini.

2382 1803 2472 1857 68.
2506 1801 2806 1866 Quomodo
2839 1800 3110 1874 projiciat
3158 1803 3310 1859 Deus
3343 1819 3379 1858 a
3439 1801 3582 1858 facie
3634 1818 3746 1865 sua,
3791 1799 3889 1854 audi

553 1868 711 1925 enim
743 1867 982 1924 homine
1014 1884 1112 1922 cor
1136 1868 1423 1921 mundum
1452 1876 1557 1934 est,
1589 1869 1649 1924 in
1681 1886 1796 1940 quo
1818 1874 2076 1925 veterum
2109 1870 2187 1926 de

2313 1890 2603 1945 dicentem
2641 1908 2653 1945 :
2695 1916 2714 1939 ι»
2753 1867 2964 1946 Tollite
3006 1908 3143 1947 eum
3176 1892 3235 1946 in
3296 1892 3566 1947 tenebras
3619 1889 3885 1953 exteriores,

554 1957 826 2014 lictorum
859 1956 1028 2011 fuerit
1061 1956 1252 2011 deleta
1290 1956 1587 2019 colluvies,
1644 1974 1747 2012 nec
1803 1957 2083 2030 inscripta
2114 1976 2201 2014 re-

522 2045 839 2102 ~manserit
869 2045 1069 2116 aliqua
1100 2044 1427 2117 iniquitatis
1456 2046 1698 2117 efﬁgies.
1736 2047 1967 2102 Grande
2004 2052 2201 2103 autem

524 2170 527 2175 ι
557 2138 778 2191 munus
807 2138 916 2201 est,
945 2133 1138 2189 cordis
1168 2148 1296 2188 esse
1327 2134 1551 2189 mundi.
1588 2134 1748 2190 Unde
1805 2136 2050 2208 pulchre
2104 2137 2202 2191 Sa-

553 2224 786 2280 lomon:
822 2247 849 2273 α
875 2223 1017 2287 Quis
1046 2222 1395 2293 gloriabitur
1423 2227 1653 2279 castum
1712 2241 1773 2279 se
1832 2224 2044 2280 habere
2105 2242 2203 2280 cor

558 2315 738 2387 (Prov.
770 2330 864 2380 xx,
897 2314 953 2382 9)
984 2312 1011 2366 ‘l
1042 2311 1110 2367 Et
1139 2312 1426 2367 Dominus
1451 2312 1512 2366 in
1548 2313 1856 2383 Evangelio
1891 2332 1904 2369 :
1953 2336 1980 2363 ‹‹
2044 2314 2199 2368 Beati

557 2404 779 2459 mundo
809 2402 1003 2467 corde,
1036 2400 1148 2473 ipsi
1179 2400 1335 2457 enim
1371 2406 1552 2456 Deum
1585 2402 1866 2457 videbunt
1903 2403 2109 2473 (Matth.
2145 2419 2200 2471 v,

555 2494 631 2563 8).
670 2514 698 2539 η
729 2490 1020 2563 Propheta
1050 2490 1226 2544 etiam
1258 2490 1437 2545 David
1495 2506 1595 2545 eor
1644 2478 1931 2546 mundum
1990 2490 2203 2547 habere

556 2581 848 2653 cupiebat,
878 2596 951 2636 ne
982 2596 1017 2634 a
1045 2577 1190 2635 facie
1219 2579 1449 2635 Domini
1490 2579 1887 2651 projiceretur.

624 2673 713 2728 65.
748 2676 811 2724 In
843 2686 957 2741 quo
982 2673 1176 2724 autem
1208 2686 1307 2723 cor
1338 2669 1626 2723 mundum
1659 2673 1767 2735 est,
1802 2669 2114 2725 innovatur
2143 2669 2201 2724 in

553 2760 682 2831 ejus
712 2758 1093 2815 interioribus
1125 2757 1389 2829 spiritus.
1424 2757 1661 2813 Viscera
1692 2758 1847 2813 enim
1868 2758 2025 2814 velut
2058 2760 2202 2813 inte-

556 2850 709 2905 riora
739 2854 878 2903 sunt
907 2846 1164 2917 corporis
1199 2846 1320 2901 :ita
1345 2846 1458 2915 (41)
1501 2850 1640 2901 sunt
1695 2851 1752 2901 et
1809 2846 2203 2919 intelligibilia

554 2938 776 2993 viscera
798 2936 1027 2999 animae,
1061 2940 1125 2989 ut
1150 2939 1289 2989 sunt
1330 2934 1553 2989 viscera
1610 2935 2021 2990 misericordias
2078 2936 2204 3002 (Co-

559 3027 683 3082 loss.
718 3041 799 3093 lu,
834 3024 941 3095 42),
980 3028 1042 3079 ut
1071 3026 1209 3078 sunt
1240 3022 1519 3077 interiora
1549 3039 1672 3093 qua:
1707 3023 2057 3079 benedicunt
2088 3024 2202 3080 Do—

557 3115 811 3180 minum,
843 3114 913 3169 de
943 3112 1159 3184 quibus
1191 3111 1270 3164 ait
1300 3127 1313 3165 :
1349 3134 1375 3159 ‹‹
1410 3111 1678 3175 Benedic,
1710 3112 2068 3175 animamea,
2093 3112 2203 3167 Do-

561 3205 810 3271 minum,
843 3206 901 3257 et
938 3201 1136 3257 omnia
1166 3199 1443 3255 interiora
1507 3215 1637 3254 mea
1667 3216 1877 3254 nomen
1931 3205 2199 3256 sanctum

552 3295 681 3364 ejus
712 3292 886 3364 (Psal.
922 3308 1020 3357 cn,
1054 3290 1127 3358 1).
1164 3311 1191 3337 ››
1238 3288 1471 3344 Viscera
1502 3294 1697 3343 autem
1757 3288 1964 3343 animm
2025 3290 2190 3344 adin-

549 3381 851 3437 ventiones
884 3394 1167 3434 sensuum
1199 3382 1356 3445 sunt,
1390 3378 1553 3432 bonae
1571 3377 1944 3449 cogitationis
1974 3378 2190 3445 studia,

546 3469 828 3526 virtutum
864 3466 1308 3540 perseverantia,
1337 3472 1630 3538 postremo
1679 3465 1790 3521 illae
1822 3483 1948 3538 quae
2003 3468 2193 3523 Grece

546 3557 782 3622 εὐνομίαι.
815 3558 1114 3613 dicuntur.

614 3650 706 3703 66.
750 3649 962 3704 Rectus
989 3650 1185 3703 autem
1218 3644 1459 3716 spiritus
1512 3645 1611 3715 qui
1643 3645 1790 3701 bene
1838 3646 2057 3717 dirigit,
2090 3646 2188 3719 qui

544 3736 781 3793 deducit
802 3736 861 3791 in
892 3735 1046 3790 viam
1079 3739 1322 3798 rectam,
1355 3732 1447 3786 hic
1477 3738 1567 3787 est
1597 3733 1843 3803 spiritus
1876 3735 2137 3791 veritatis
2172 3761 2187 3801 ;

538 3823 625 3880 vel
656 3828 809 3881 certe
839 3827 994 3880 recta
1023 3821 1281 3877 hominis
1324 3820 1682 3876 conscientia
1740 3821 1917 3877 nullis
1977 3822 2188 3879 inﬂexa

538 3913 811 3985 peccatis,
844 3912 929 3967 vel
963 3910 1207 3983 spiritus
1238 3909 1341 3980 qui
1372 3910 1431 3963 in
1462 3898 1699 3965 homine
1731 3916 1837 3965 est.
1872 3911 1995 3967 Non
2036 3930 2184 3983 pree-

536 4002 898 4058 termisimus
921 3999 1063 4071 quid
1082 3998 1177 4053 alii
1195 3998 1452 4053 sentiant
1487 4015 1500 4063 ;
1534 4002 1730 4051 tamen
1771 3998 1939 4053 nobis
1960 4000 2188 4055 videtur

538 4092 689 4145 699
721 4088 1001 4160 quoniam
1033 4087 1103 4141 de
1136 4084 1427 4157 mysteriis
1458 4084 1598 4140 dicit
1650 4085 1837 4152 lectio,
1865 4092 1921 4141 et
1976 4088 2185 4143 futurm

536 4178 728 4250 gratia
778 4175 1171 4233 renovationis
1230 4175 1341 4245 (42)
1391 4173 1756 4244 exprimitur,
1812 4175 2183 4249 Spiritusque

534 4265 723 4322 sancti
752 4265 968 4321 infusio
1000 4262 1349 4336 postulatur.

604 4356 694 4407 67.
724 4353 940 4409 Deinde
970 4353 1237 4423 sequitur
1271 4369 1284 4406 :
1318 4375 1345 4400 ‹‹
1380 4350 1460 4405 Ne
1493 4351 1764 4422 projieias
1796 4368 1888 4407 me
1945 4370 1979 4407 a
2035 4353 2181 4409 faeie

532 4445 639 4496 tua
670 4466 684 4507 ;
714 4445 769 4497 et
798 4441 1082 4513 Spiritum
1116 4445 1391 4497 sanctum
1428 4446 1597 4494 tuum
1630 4457 1702 4495 ne
1733 4442 1964 4496 auferas
1995 4460 2027 4496 a
2086 4459 2177 4498 me

534 4530 705 4601 (Psal.
741 4547 792 4595 L,
816 4532 914 4600 l3).
946 4553 973 4578 ››
1006 4530 1065 4583 Si
1098 4530 1230 4600 quis
1263 4546 1369 4584 nos
1429 4529 1731 4584 ollenderit
1788 4529 2176 4600 servulorum,

532 4622 792 4675 avertere
822 4619 896 4673 ab
922 4634 987 4673 eo
1031 4617 1254 4672 vultum
1316 4617 1593 4673 solemus.
1658 4617 1923 4690 Plerique
1978 4624 2173 4676 autem
2206 4638 2252 4702 υ

601 4801 708 4873 (40)
742 4799 887 4856 Edit.
925 4798 1113 4868 Rom.,
1147 4797 1380 4867 Con/ide,
1413 4797 1521 4866 ﬁlii
1548 4799 1903 4854 remittuntur
1922 4801 2026 4854 tibi
2049 4817 2173 4873 pec-

526 4883 647 4928 cata
677 4874 793 4927 tua.

599 4943 709 5015 (41)
744 4947 826 4999 ita
858 4946 971 4998 vet.
1007 4942 1144 4997 edit.
1171 4945 1228 5015 et
1256 4938 1662 5015 antiquissimi
1688 4957 1854 5015 mss,
1882 4942 2048 4996 Item.
2073 4961 2175 4998 au-

527 5010 645 5071 tem
677 5010 815 5070 edit.
851 5032 981 5069 cum
1017 5010 1437 5069 recentioribus
1472 5027 1613 5064 mss.
1649 5010 1823 5066 habet
1856 5030 1867 5066 :
1905 5016 2171 5070 interiora

523 5090 651 5141 sunt
681 5089 882 5141 anima:
911 5104 931 5148 ;
962 5088 1100 5140 sicut
1130 5087 1277 5140 enim
1308 5085 1509 5138 viscera
1539 5090 1667 5136 sunt
1725 5085 1990 5139 interiora
2046 5102 2168 5140 cor-

518 5160 692 5229 poris,
722 5158 820 5225 ita,
854 5166 961 5212 etc.
995 5158 1103 5213 Sed
1133 5173 1265 5211 cum
1301 5156 1519 5229 priores
1556 5153 1898 5229 legitimum
1928 5173 2165 5229 sensum

524 5226 799 5295 efficiant,
836 5230 1223 5298 posteriorum
1257 5226 1569 5298 scriptores
1602 5226 1824 5281 calamo
1886 5226 2166 5284 indulsis-

526 5314 587 5352 se
618 5300 890 5355 credibile
920 5305 1008 5355 est

595 5370 706 5454 (fi?)
738 5372 878 5453 Mas.
914 5372 1397 5454 aliquot,‘/lnliiﬂr;c
1434 5370 1626 5437 gratiis
1684 5371 1983 5447 renoralio.
2018 5370 2161 5454 litur-

523 5454 627 5495 sus
657 5439 765 5497 hoc
797 5442 924 5515 ipso
956 5439 1077 5498 loco
1108 5439 1243 5498 edit.
1280 5443 1572 5515 Era.__cum
1606 5442 2003 5515 paucis_r_nss.,
2040 5440 2162 5511 Spi-

522 5509 1045 5586 tmsancti-inlusio
1076 5514 1363 5586 postulari.
1402 5511 1503 5563 libi
1534 5515 1585 5561 ct
1608 5509 2162 5586 innnnulircpctunt

520 5581 761 5637 verbum
794 5581 1028 5641 viilélur.
1076 5581 1237 5640 'l'ldit.
1271 5600 1401 5638 vero
1459 5586 1612 5643 Am..
1654 5582 1806 5643 Uill.,
1870 5583 2030 5638 item.
2096 5601 2160 5638 ac

520 5653 708 5724 major
738 5672 880 5711 mss.
917 5673 1195 5711 numerus
1227 5671 1358 5710 cum
1392 5660 1593 5708 nostra
1624 5651 1868 5708 lectione
1918 5654 2156 5709 faciunt.

517 5724 851 5782 Notandum
884 5744 1054 5797 porro
1084 5742 1282 5782 vocem
1309 5726 1587 5796 quoniam,
1621 5724 1679 5778 in
1737 5725 1845 5780 hac
1901 5726 2159 5782 oratione

2314 1978 2390 2033 ibi
2423 1979 2532 2034 erit
2563 1980 2735 2034 ﬂetus
2765 1984 2821 2035 et
2852 1981 3069 2035 stridor
3098 1980 3365 2035 dentium
3396 1980 3605 2048 (Matth.
3634 1995 3755 2041 xm,
3782 1978 3886 2045 43).»

2311 2066 2417 2130 Qui
2450 2085 2565 2123 non
2594 2069 2962 2135 emendatur,
2997 2086 3030 2123 a
3060 2069 3206 2124 facie
3238 2069 3364 2137 ejus
3400 2068 3458 2123 in
3486 2066 3720 2124 tenebris
3767 2081 3889 2120 cons-

2312 2155 2546 2210 tituitur
2577 2157 2711 2225 (44).
2750 2157 2883 2211 Ideo
2905 2157 3111 2227 justus
3144 2173 3213 2211 ne
3242 2156 3519 2212 tenebras
3540 2154 3783 2228 patiatur,
3806 2154 3890 2208 ait:

2319 2268 2346 2295 ‹‹
2380 2244 2620 2300 Vultum
2654 2251 2846 2313 tuum,
2882 2245 3145 2312 Domine,
3179 2245 3479 2317 requiram
3514 2267 3539 2295 ››
3586 2245 3734 2316 (Psal.
3780 2258 3890 2305 xxvi,

2311 2336 2386 2403 8).
2424 2333 2529 2389 Ubi
2562 2335 2720 2389 enim
2752 2335 2984 2389 Domini
3013 2334 3235 2399 vultus,
3279 2334 3362 2389 ibi
3396 2333 3592 2390 lumen
3645 2338 3739 2399 est,
3784 2330 3891 2385 sicut

2313 2422 2599 2494 scriptum
2634 2430 2722 2479 est
2754 2440 2767 2478 :
2801 2447 2828 2474 ‹‹
2866 2424 3092 2479 Faciem
3123 2428 3282 2479 tuam
3317 2422 3593 2478 illumina
3618 2438 3772 2493 super
3806 2435 3889 2474 ser-

2314 2526 2445 2564 vum
2480 2517 2645 2566 tuum
2676 2514 2850 2581 (Psal.
2882 2529 3073 2578 cxvm,
3110 2512 3250 2582 135).
3286 2534 3314 2560 ››
3366 2511 3627 2582 Denique
3679 2508 3762 2564 ubi
3806 2505 3887 2579 pri-

2327 2616 2488 2655 mum
2521 2601 2775 2655 intuitus
2808 2600 3040 2655 Petrum
3074 2600 3236 2669 vidit,
3268 2605 3327 2655 et
3366 2599 3729 2654 illuminavit.

2381 2718 2471 2770 6t).
2507 2715 2738 2770 Grande
2794 2716 2975 2788 igitur
3022 2714 3410 2787 supplicium,
3467 2714 3664 2787 projici
3712 2729 3741 2768 a
3785 2709 3888 2766 facie

2313 2803 2434 2859 Dei.
2453 2803 2748 2874 Proiectus
2770 2809 2858 2859 est
2880 2804 3065 2859 Adam
3090 2820 3223 2859 cum
3246 2803 3319 2858 de
3344 2802 3616 2875 paradiso
3634 2802 3803 2864 exiret,
3817 2813 3889 2852 nec

2312 2891 2607 2948 immerito
2637 2894 2748 2963 (45)
2784 2910 2797 2957 ;
2831 2892 2955 2963 ipse
2985 2892 3144 2946 enim
3183 2899 3318 2946 ante
3366 2909 3430 2947 se
3487 2890 3827 2947 absconderat
3866 2902 3889 2939 a

2314 2980 2456 3036 facie
2491 2981 2605 3037 Dei.
2641 2981 2824 3036 Exivit
2854 2986 2911 3035 et
2953 2981 3091 3035 Cain
3154 2997 3187 3035 a
3239 2980 3390 3036 facie
3440 2979 3559 3047 Dei,
3596 2995 3699 3033 non
3748 2973 3888 3031 solum

2315 3076 2446 3141 post
2476 3069 2821 3141 parricidale
2852 3068 3260 3135 commissum,
3292 3069 3398 3125 sed
3432 3068 3605 3123 etiam
3644 3067 3886 3139 postquam

2315 3158 2495 3214 Deum
2529 3160 2752 3232 putavit
2780 3174 2907 3214 esse
2941 3157 3281 3229 fallendum,
3318 3163 3387 3212 ut
3425 3159 3641 3212 crimen
3692 3154 3885 3224 negaret.

2318 3247 2588 3303 Peccator
2617 3248 2794 3320 igitur
2819 3246 3143 3303 excluditur
3174 3264 3207 3301 a
3239 3245 3388 3301 facie
3420 3246 3519 3301 Dei
3554 3263 3568 3300 :
3607 3246 3780 3316 justus
3818 3255 3887 3293 au-

2308 3340 2424 3392 tem
2454 3336 2593 3393 dicit
2625 3353 2639 3392 :
2675 3360 2702 3386 ‹‹
2736 3338 2876 3393 Ecce
2907 3352 3013 3409 ego
3042 3336 3168 3407 (lea.
3201 3352 3278 3402 v1,
3343 3337 3400 3407 8)
3434 3357 3462 3384 »
3523 3334 3758 3403 Denique
3802 3330 3886 3399 ipse

2305 3426 2481 3481 David
2515 3443 2646 3481 cum
2679 3426 2901 3481 videret
2931 3424 3168 3480 interire
3200 3424 3512 3496 pepulum,
3574 3419 3882 3489 semetipsum

2303 3514 2515 3570 obtulit
2544 3516 2742 3572 dicens
2777 3532 2789 3569 :
2827 3543 2850 3565 υ
2886 3516 3001 3586 Ego
3046 3529 3199 3580 sum,
3261 3529 3372 3585 ego
3432 3510 3676 3585 peccavi,
3727 3514 3773 3563 et
3810 3519 3883 3575 ego

2302 3607 2500 3673 pastor
2525 3602 2676 3659 male
2702 3603 2807 3659 feci
2834 3569 3490 3674 ὡφιέιχλίίῖζίε
3548 3621 3573 3649 n
3626 3600 3677 3653 et
3717 3596 3784 3650 sic
3827 3569 3955 3699 ira:

2302 3691 2530 3746 Domini
2562 3692 2830 3764 mitigata
2859 3698 2967 3759 est,
3001 3696 3059 3746 et
3085 3691 3256 3746 venia
3286 3690 3528 3746 donata.

2368 3807 2457 3861 70.
2491 3805 2678 3863 Simul
2704 3806 2959 3863 ostendit
2989 3806 3127 3878 quia
3157 3805 3346 3861 sancti
3381 3794 3879 3877 permanent,crimi-

2299 3894 2425 3949 nosi
2464 3896 2871 3968 projiciuntur.
2909 3896 3157 3967 Ideoque
3190 3894 3482 3949 servanda
3510 3897 3596 3949 est
3622 3888 3767 3947 nobis
3788 3899 3879 3958 gra-

2297 3984 2376 4038 tia
2402 3984 2701 4056 spiritalis,
2738 4002 2807 4041 ne
2830 3988 3065 4058 propter
3093 3988 3329 4056 peccata
3361 3986 3559 4038 nostra
3590 3980 3837 4036 auferatur
3856 3987 3877 4023 ι

2296 4073 2485 4125 nobis.
2520 4074 2642 4127 Non
2675 4074 2827 4128 enim
2862 4075 3168 4145 projicitur
3198 4073 3253 4127 in
3290 4090 3409 4144 quo
3440 4071 3683 4144 Spiritus
3699 4068 3876 4123 sanctus

2294 4165 2419 4216 est:
2456 4162 2551 4215 sed
2598 4162 2880 4217 inoffenso
2940 4161 3203 4217 muneris
3236 4162 3328 4216 sui
3394 4163 3585 4216 fructu
3634 4158 3796 4213 studet
3832 4164 3873 4203 se

2294 4248 2539 4305 Domino
2574 4267 2802 4323 semper
2830 4250 3058 4319 offerre,
3088 4251 3241 4307 sicut
3275 4249 3373 4307 ille
3427 4250 3528 4323 qui
3559 4243 3751 4305 dicenti
3796 4239 3872 4295 Do-

2293 4338 2474 4404 mino,
2511 4362 2537 4387 ‹‹
2570 4338 2865 4410 Numquid
2900 4344 2957 4393 et
2989 4357 3087 4395 vos
3141 4339 3317 4394 vultis
3380 4339 3689 4394 discedere.
3720 4356 3742 4380 »
3787 4342 3868 4382 r95-

2290 4426 2496 4496 pomlit
2526 4443 2536 4481 :
2573 4451 2597 4475 ‹‹
2635 4427 2897 4497 Domine,
2931 4428 3003 4483 ad
3036 4443 3210 4499 quem
3244 4426 3469 4482 ibimus
3499 4424 3528 4480 ?
3578 4422 3743 4479 Verba
3777 4415 3868 4470 vita

2289 4519 2513 4570 aeternae
2547 4516 2743 4582 babes,
2774 4522 2828 4570 et
2859 4530 2965 4571 nos
2998 4516 3294 4571 credimus
3328 4518 3507 4586 (Joan.
3544 4531 3615 4583 vr,
3641 4512 3720 4573 69,
3747 4506 3829 4571 70.“
3850 4522 3866 4545 “

2355 4624 2445 4675 71.
2481 4620 2665 4677 Simul
2695 4620 2836 4677 illud
2869 4622 3393 4687 considerandum,
3427 4620 3566 4692 quia
3594 4632 3699 4673 non
3724 4608 3864 4667 aufer-

2284 4803 2350 4853 ut
2380 4796 2517 4871 alibi
2551 4815 2701 4871 sazpe
2732 4797 2898 4871 apud
2919 4797 3075 4871 hunc
3109 4793 3525 4871 Patrcmsumi
3558 4807 3652 4871 [πρ
3688 4788 3861 4871 (ἔπιες,-

2284 4887 2413 4924 rum
2429 4867 2519 4939 δτι,
2550 4855 2824 4940 idemque
2854 4869 3185 4941 significare
3214 4885 3278 4923 ac
3311 4866 3359 4922 si
3385 4855 3752 4941 scriberetur;

2281 4942 2442 4995 dolur
2471 4942 2624 4997 lectio
2654 4939 3033 5011 doing/steriis
3086 4941 3329 4995 dicere...
3376 4939 3559 5009 gratia
3612 4941 3855 5000 exprimi...

2282 5015 2486 5083 in/‘usio
2516 5028 2580 5082 po
2590 5020 2667 5065 sta
2677 5013 2805 5067 lari.

2351 5064 2466 5154 (4.3)
2494 5064 2629 5137 Mss.
2664 5064 2906 5154 aliquot,
2937 5083 3227 5138 emendare
3255 5083 3706 5136 consueverunt...
3749 5064 3857 5137 agd-

2280 5156 2356 5211 [οε
2389 5155 2650 5221 religare.
3042 5224 3049 5225 ί
3153 5222 3162 5225 _
3456 5222 3542 5225 _A
3682 5217 3690 5225 .

2348 5226 2459 5297 (44)
2494 5220 2631 5280 Mss.
2662 5227 2911 5296 quatuor
2942 5222 3199 5280 melioris
3230 5227 3400 5278 notas.
3428 5222 3577 5297 (Quia
3603 5220 3690 5291 qui
3728 5220 3853 5284 ρνιυι·

2275 5300 2418 5352 citur
2446 5295 2480 5352 α
2508 5300 2650 5368 facie
2677 5295 2794 5365 ejus
2824 5297 2901 5357 in,
2913 5298 3148 5352 tenebris
3175 5295 3549 5368 constituitur.

2348 5370 2459 5438 (45)
2489 5341 2721 5423 Cunctae
2751 5341 2901 5420 edit:
2925 5383 2992 5421 ac
3024 5384 3168 5423 mss.
3214 5383 3326 5420 non
3393 5361 3589 5438 pauci,_
3625 5341 3851 5438 AdatnLdf

2270 5419 2529 5509 pitied/ise
2551 5455 2645 5492 nec
2674 5441 2969 5493 immerito.
3002 5438 3111 5492 Alii
3143 5443 3267 5492 octo
3292 5419 3684 5509 vetustissimi,

2272 5498 2395 5564 cum
2444 5510 2509 5564 dc
2580 5511 2830 5579 paradiso
2886 5512 3083 5574 exiret,
3143 5526 3237 5564 nec
3292 5508 3587 5579 immerito.
3638 5498 3849 5579 C0193”:

2272 5582 2383 5637 dus
2416 5569 2648 5647 sensus,
2679 5596 2811 5635 cum
2845 5581 2900 5627 τὸ
2933 5569 3196 5652 ρνολέσιηδ
3243 5582 3342 5652 etsi,
3376 5592 3490 5652 non
3524 5573 3604 5652 ad.
3643 5569 3847 5652 vocata}

2265 5653 2544 5724 paradiso,
2576 5637 2678 5708 sed
2711 5652 2781 5707 ad
2815 5637 3002 5717 voces,
3024 5637 3065 5707 ἀ
3096 5653 3236 5722 facie
3258 5637 3497 5713 Domini,
3522 5637 3695 5699 referri
3721 5643 3848 5703 οροβ

2272 5728 2408 5780 teat.

3978 4838 3979 4925 ψ

3973 5100 3975 5207 l

3971 5244 3973 5349 γ
