4116 6188
274 352 377 422 92!

1388 338 1782 412 APOLOGIA
1823 336 2295 402 PROPBETE
2340 339 2613 407 DAVID.

3608 344 3726 407 922

274 495 365 548 tur
395 484 665 563 Spiritus
706 484 821 544 nisi
850 483 1079 543 Domini
1109 482 1396 541 voluntate
1426 480 1538 549 (36)
1564 496 1577 545 ;
1611 475 1761 532 sicut
1812 491 1928 529 non
1961 472 2013 537 Α
2045 477 2229 548 impii
2265 479 2342 534 ad
2374 483 2430 536 te
2461 487 2870 542 convertentur
2899 485 3069 559 (Psal.
3106 505 3157 552 L,
3188 486 3297 558 45).
3334 510 3362 536 ››
3394 483 3496 542 Ille
3527 484 3726 557 praeci-

275 580 445 636 datur
466 576 585 634 nisi
610 574 847 633 Domini
869 574 1165 631 voluntate
1196 591 1207 629 :
1235 573 1333 645 qui
1358 572 1560 642 utique
1583 582 1713 622 cum
1739 565 1932 634 datur,

274 687 385 726 non
420 667 603 740 quasi
637 670 880 722 coactus
911 668 1205 735 Operatur,
1240 660 1339 718 sed
1372 677 1475 734 pro
1506 674 1614 713 sua
1640 654 1935 711 voluntate

273 758 576 825 dividitur,
636 754 794 810 sicut
844 754 1130 824 scriptum
1182 756 1288 817 est,
1339 750 1565 803 dicente
1623 743 1932 815 Apostolo:

282 870 302 899 ι
340 848 474 904 Haec
524 849 725 902 autem
776 840 983 898 omnia
1035 843 1307 912 operatur
1354 854 1506 892 unus
1556 838 1730 906 atque
1782 832 1937 888 idem

277 936 548 1009 Spiritus,
588 931 860 987 dividens
905 928 1162 1001 singulis
1192 931 1364 1000 prout
1402 926 1525 980 vult
1579 926 1623 995 (Ι
1668 923 1788 978 Cor.
1836 938 1936 988 xu,

277 1027 380 1097 11).
422 1047 449 1073 ››
482 1027 625 1077 Cum
661 1019 840 1093 igitur
871 1034 995 1072 non
1033 1017 1332 1072 auferatur
1360 1014 1471 1070 nisi
1498 1012 1724 1088 Domini
1745 1010 1943 1067 volun-

274 1119 404 1178 tate,
440 1107 858 1183 apparetquia
894 1123 1021 1160 una
1051 1103 1359 1160 Trinitatis
1391 1102 1660 1158 voluntas
1692 1104 1797 1156 est.

826 1213 864 1267 7
884 1213 1003 1267 οε)
1035 1210 1262 1266 CAPUT
1288 1210 1402 1265 XV.

279 1307 626 1365 Rationalem
644 1312 909 1359 naturam
962 1302 1179 1355 lwliliaz
1221 1298 1484 1353 salutaris
1502 1298 1676 1352 solum
1696 1310 1951 1364 capacem

349 1395 493 1439 esse;
528 1391 752 1446 eamque
777 1371 1097 1444 principali
1123 1372 1317 1441 spiritu
1367 1368 1683 1437 conﬁrmari
1700 1384 1718 1425 ,ο
1748 1369 1799 1420 et
1828 1366 1950 1437 quis

351 1452 451 1505 ille
480 1450 730 1519 spiritus.

352 1560 445 1610 72.
508 1577 536 1603 «
597 1552 792 1608 Redde
846 1547 997 1603 mihi
1058 1546 1314 1602 laetitiam
1374 1544 1653 1601 salutaris
1712 1543 1836 1609 tui;
1898 1548 1955 1597 et

290 1644 507 1718 spiritu
540 1636 847 1715 principali
880 1636 1168 1691 confirma
1199 1651 1290 1689 me
1322 1635 1490 1706 (Psal.
1536 1651 1585 1703 ι,
1636 1633 1746 1703 14).
1796 1651 1821 1681 n
1851 1631 1955 1686 Cui

290 1734 567 1793 debetur,
628 1732 684 1784 et
735 1725 1038 1791 redditur;
1092 1724 1355 1779 redditur
1409 1720 1675 1778 rationali
1736 1725 1955 1775 natura:

292 1821 505 1877 laetitia
549 1814 825 1873 salutaris
857 1814 993 1884 (47).
1058 1813 1279 1867 Lietitia
1326 1817 1516 1867 autem
1568 1814 1624 1863 et
1672 1809 1955 1881 gaudium

296 1912 536 1968 fructus
559 1909 648 1962 est
667 1902 1412 1976 Spiritus.Firmamentum
1434 1916 1667 1972 quoque
1692 1902 1959 1954 nostrum

298 1998 555 2071 spiritus
585 1993 928 2066 principalis
958 1997 1064 2045 cst.
1120 1990 1379 2060 Denique
1410 1989 1458 2043 is
1503 1988 1599 2059 qui
1654 1986 1958 2059 principali

302 2086 697 2145 conﬁrmatur
753 2080 984 2155 spiritu,
1047 2096 1163 2134 non
1212 2084 1299 2133 est
1346 2077 1627 2133 obnoxius
1677 2076 1963 2143 servituti,

304 2174 501 2233 nescit
527 2173 741 2227 servire
775 2174 1028 2241 peccato,
1065 2168 1249 2223 nescit
1280 2166 1525 2229 fluitare,
1561 2165 1746 2220 nescit
1775 2181 1967 2221 errare

306 2280 416 2320 nec
448 2262 647 2318 studio
676 2263 842 2314 nutat
874 2258 1132 2312 incertus
1163 2274 1176 2324 ;
1213 2256 1311 2311 sed
1360 2256 1626 2309 ﬁrmatus
1675 2254 1731 2307 in
1780 2258 1966 2325 petra,

309 2352 505 2410 solido
537 2348 833 2405 stabilitur
862 2345 1125 2417 vestigio.

381 2441 475 2493 73.
514 2440 695 2503 Quem
730 2442 1009 2509 putamus
1053 2432 1166 2488 dici
1218 2432 1487 2504 spiritum
1540 2430 1971 2502 principalem?

312 2527 592 2600 Plerique
637 2525 910 2597 spiritum
962 2526 1186 2579 rectum
1236 2522 1304 2577 ad
1353 2519 1665 2577 Dominum
1716 2519 1975 2577 referunt

316 2618 551 2680 Jesum,
585 2613 721 2685 quia
770 2615 1075 2683 peccatum
1130 2609 1335 2663 mundi
1386 2608 1650 2676 abstulit,
1700 2610 1755 2662 et
1801 2625 1974 2665 omne

316 2703 630 2761 hominum
662 2716 850 2773 genus
881 2698 972 2753 sui
1004 2695 1310 2770 sanguinis
1335 2696 1615 2753 effusione
1644 2696 1972 2763 renovavit;

321 2798 381 2851 et
412 2795 542 2847 ideo
570 2791 793 2845 dictum
822 2792 949 2843 est:
984 2810 1011 2835 ‹‹
1047 2786 1333 2858 Spiritum
1382 2791 1606 2841 rectum
1665 2785 1877 2840 innova
1917 2785 1978 2841 in

322 2880 653 2936 visceribus
684 2878 830 2932 meis
864 2898 890 2923 ››
920 2875 1074 2948 (Ibid.
1116 2874 1202 2945 12)
1239 2891 1250 2928 :
1284 2873 1567 2946 Spiritum
1599 2878 1790 2928 autem
1844 2891 1981 2929 san-

328 2972 516 3032 ctum,
550 2966 622 3022 de
653 2982 768 3037 quo
802 2962 941 3019 dicit
971 2980 982 3017 :
1016 2979 1049 3031 ρ
1080 2961 1360 3034 Spiritum
1391 2966 1557 3017 tuum
1592 2978 1664 3016 ne
1693 2962 1922 3018 auferas
1949 2980 1982 3018 a

330 3074 425 3113 me
472 3054 628 3126 (Ibid.
682 3054 790 3123 19),
856 3075 883 3099 ››
943 3051 1227 3123 Spiritum
1284 3049 1622 3123 intelligunt
1672 3050 1978 3105 veritatis:

331 3150 606 3202 sanctum
654 3140 936 3215 Spiritum
994 3155 1127 3195 vero
1180 3138 1585 3211 principalem,
1646 3138 1831 3193 Deum
1885 3143 1984 3194 Pa-

2045 583 2218 638 puus
2250 574 2345 622 est
2375 572 2752 643 gubernator,
2779 577 2878 649 qui
2904 578 3212 651 scopuloso
3235 579 3292 632 in
3315 576 3509 631 littore
3530 575 3727 631 navim

2047 654 2360 726 gubernat
2388 677 2400 714 :
2431 660 2527 716 ille
2557 664 2756 721 doctor
2787 667 2993 735 bonus,
3029 669 3128 740 qui
3168 667 3405 722 duriora
3451 664 3609 720 acuit
3638 664 3724 718 in-

2053 742 2229 816 genia
2265 747 2339 800 ad
2368 751 2719 809 eruditionis
2759 758 3120 827 profectum:
3156 755 3251 810 ille
3282 752 3529 809 bellator
3558 768 3728 825 egre-

2055 832 2221 904 εἰυε,
2283 835 2412 891 dux
2463 840 2771 909 mirabilis,
2822 847 2921 916 qui
2968 845 3291 900 timidiores
3342 841 3606 897 accendit
3663 841 3723 897 in

2059 920 2363 992 praelium,
2408 929 2839 1003 exploratisque
2888 934 3145 988 locorum
3194 928 3465 1001 ingeniis,
3515 929 3721 997 fulcit;

2062 1012 2129 1063 ut
2156 1008 2403 1067 inﬁrma
2450 1018 2660 1076 virium
2712 1022 3082 1076 commodata
3127 1016 3394 1074 stationis
3443 1021 3722 1089 opportu-

2063 1099 2244 1152 nitate
2305 1114 2703 1176 compenset:
2765 1108 2858 1163 ille
2913 1107 3185 1163 similiter
3236 1121 3485 1175 magnus
3542 1104 3720 1160 etiam

2063 1188 2195 1243 ﬁdei
2227 1185 2461 1247 zelator
2489 1197 2618 1267 (48),
2654 1198 2752 1269 qui
2781 1198 3015 1267 iniquos
3045 1196 3231 1248 docet.
3266 1193 3427 1248 Unde
3477 1192 3723 1265 pulchre

2060 1278 2177 1334 ait:
2218 1300 2239 1324 ι
2277 1274 2516 1339 Docebo
2548 1286 2801 1356 iniquos.
2836 1307 2864 1335 »
2889 1285 3013 1338 Non
3032 1280 3176 1335 dixit
3207 1299 3220 1336 :
3248 1282 3717 1353 nocebojustos;

2060 1372 2356 1423 noverunt
2385 1373 2543 1428 enim
2566 1376 2713 1445 justi
2747 1374 2873 1427 vias
2904 1369 3132 1427 Domini
3161 1388 3173 1423 :
3208 1371 3328 1433 sed,
3383 1393 3411 1419 «
3461 1371 3721 1443 iniquos,

2061 1455 2274 1528 inquit,
2313 1456 2553 1517 doccho.
2589 1486 2616 1513 ››
2651 1464 2795 1518 71η
2844 1457 3101 1528 Denique
3148 1463 3349 1515 auctor
3398 1458 3721 1532 prudentie

2062 1551 2119 1602 et
2150 1542 2438 1615 magister
2466 1550 2732 1605 omnium
2766 1548 2945 1603 dicit:
2978 1567 3004 1595 ‹‹
3037 1546 3161 1601 Non
3200 1549 3330 1603 veni
3370 1551 3564 1621 justos
3612 1564 3719 1602 vo—

2064 1651 2215 1701 care,
2252 1634 2355 1689 sed
2386 1643 2721 1706 peccatores
2756 1637 2968 1707 (Matth.
2996 1652 3073 1702 Ix,
3119 1636 3215 1707 l3).
3260 1659 3286 1688 »
3338 1638 3405 1693 Et
3454 1638 3723 1695 medicus

2066 1722 2162 1778 ille
2188 1722 2446 1779 caelestis
2479 1743 2491 1779 :
2528 1750 2555 1775 ‹‹
2592 1728 2718 1781 Non
2752 1740 2902 1794 opus
2930 1726 3017 1777 est
3047 1724 3227 1794 sanis,
3270 1725 3485 1798 inquit,
3533 1724 3724 1781 medi-

2069 1829 2193 1871 cus.
2228 1812 2328 1867 sed
2359 1812 2616 1869 inﬁrmis
2648 1812 2816 1885 (Ibid.
2850 1811 2955 1882 12).
2993 1834 3019 1860 ››

2140 1904 2229 1956 Ἱὸ.
2260 1900 2389 1956 Sive
2420 1901 2633 1972 igtitur
2665 1917 2737 1956 ex
2769 1915 3013 1969 persona
3042 1900 3199 1958 illius
3220 1902 3318 1975 qui
3343 1905 3542 1973 gentes
3567 1918 3730 1957 voca-

2071 1990 2176 2056 vit,
2210 1989 2330 2045 sive
2371 2006 2438 2043 ex
2486 2006 2624 2054 sua,
2676 1990 2829 2044 bene
2876 1992 3099 2061 posuit:
3154 2016 3174 2042 σ
3230 1992 3449 2049 Docebo
3492 1992 3732 2065 iniquos

2073 2079 2195 2134 vias
2219 2084 2408 2141 tuas,»
2428 2077 2582 2148 quia
2605 2083 2972 2138 commutare
2991 2081 3228 2139 vitiosos
3250 2083 3488 2139 affectus
3516 2085 3728 2155 potest,

2080 2168 2575 2240 propositumque
2635 2174 2969 2225 convertere
3027 2172 3286 2227 doctrina
3346 2170 3615 2239 ccelestis,
3681 2176 3741 2229 et

2079 2256 2334 2327 operatio
2367 2253 2581 2308 divina
2611 2255 2914 2332 sacrilegis
2952 2261 3277 2333 pectoribus
3318 2262 3511 2319 studia
3554 2263 3742 2337 pieta-

2080 2347 2154 2401 tis
2186 2344 2493 2399 infundere
2525 2359 2542 2408 ;
2585 2347 2650 2397 ut
2684 2342 2749 2400 hi
2780 2349 2875 2419 qui
2909 2350 3032 2406 sine
3062 2350 3186 2422 lege
3204 2352 3488 2425 vivebant,
3512 2370 3746 2411 conver-

2081 2439 2279 2489 tantur
2310 2433 2379 2487 ad
2418 2431 2751 2490 Dominum
2784 2440 3113 2511 verum,qui
3146 2446 3277 2498 ante
3308 2443 3743 2502 avortebantur:

2083 2521 2297 2593 regalis
2329 2536 2565 2592 quoque
2600 2525 2871 2596 exemplo
2898 2528 3275 2598 pmnitentiaa,
3308 2531 3368 2586 hi
3400 2532 3497 2608 qui
3530 2534 3746 2608 iniqui-

2084 2616 2234 2666 tates
2284 2614 2339 2664 et
2386 2611 2599 2665 acerba
2646 2620 2921 2668 exercent
2966 2616 3192 2688 ﬂagitia
3241 2598 3648 2694 corrigantur;
3696 2632 3754 2683 et

2089 2701 2201 2757 fide
2230 2703 2403 2771 atque
2428 2716 2602 2772 opere
2633 2703 2921 2768 conversi,
2963 2704 3242 2762 doctrina:
3293 2712 3616 2770 remedium
3651 2733 3750 2773 sa-

2088 2788 2297 2843 lutaris
2327 2789 2635 2857 accipiant,
2674 2791 3084 2861 ingrediantur
3115 2798 3342 2851 Domini
3365 2800 3509 2869 vias,
3534 2802 3592 2858 in
3618 2807 3749 2877 qui-

2087 2878 2202 2932 bus
2259 2875 2453 2932 nullos
2511 2880 2725 2933 erroris
2786 2880 3113 2950 anfractus,
3183 2884 3345 2941 nulla
3405 2875 3750 2950 diverticula

2093 2964 2403 3038 praecipitis
2435 2966 2825 3038 prolapsionis
2858 2967 3179 3027 oll‘endant.
3212 2973 3374 3029 Sicut
3404 2977 3560 3034 enim
3586 2978 3748 3039 bonaa

2090 3053 2218 3107 vitae
2252 3053 2568 3124 specimen.
2601 3060 2657 3109 ct
2688 3055 2919 3109 virtutis
2951 3059 3250 3131 exemplar
3278 3062 3335 3115 in
3370 3063 3442 3118 iis
3488 3068 3629 3123 viris
3662 3075 3752 3126 est

2094 3142 2189 3213 qui
2223 3141 2509 3199 inoffensa
2540 3143 2664 3197 vita:
2713 3160 2830 3199 sua:
2869 3148 3135 3217 tempora
3184 3153 3616 3218 percurrerint:
3668 3158 3750 3213 ita

330 3241 481 3289 trem
514 3232 894 3287 arbitrantur.
920 3229 1105 3292 Quam
1139 3228 1434 3282 moraliter
1465 3234 1659 3283 autem
1686 3228 1801 3280 ait:
1837 3250 1864 3276 «
1900 3227 1980 3283 Ne
2013 3211 2056 3277 (ἶ
2094 3211 2215 3302 qui,
2249 3233 2534 3285 anteactis
2566 3231 2967 3286 renuntiantes
2997 3211 3254 3305 ilagitiis,
3285 3236 3373 3289 vel
3423 3211 3747 3298 increduli:

328 3321 607 3397 projicias
638 3335 731 3375 me
774 3337 807 3375 a
850 3318 993 3373 facie
1042 3321 1144 3371 tua
1190 3315 1400 3389 (Ibid),
1454 3338 1481 3365 »
1528 3315 1773 3371 ﬁdeliter
1813 3316 1983 3372 timet

330 3410 548 3468 auferri
583 3409 694 3465 sibi
727 3422 905 3479 quam
955 3405 1179 3478 accepit
1207 3405 1454 3478 gratiam
1485 3422 1499 3472 ;
1550 3404 1796 3476 ideoque
1843 3403 1981 3459 alibi

329 3501 452 3556 ait:
490 3521 517 3547 ‹‹
550 3496 712 3553 Oculi
744 3495 855 3550 mei
888 3510 1122 3567 semper
1150 3494 1221 3548 ad
1256 3494 1566 3549 Dominum
1612 3492 1777 3565 (Psal.
1827 3510 1978 3558 vim,

329 3589 442 3660 15).
487 3610 517 3637 ››
577 3586 645 3642 Et
700 3586 760 3639 in
819 3583 1277 3656 posterioribus:
1335 3605 1363 3631 «
1425 3582 1565 3638 Ecce
1619 3582 1773 3636 sicut
1830 3582 1981 3637 oculi

329 3692 633 3733 servorum
664 3674 722 3729 in
757 3673 1033 3729 manibus
1066 3670 1443 3728 dominorum
1467 3686 1731 3735 suorum,
1754 3674 1809 3725 et
1830 3671 1980 3726 sicut

329 3764 484 3822 oculi
520 3762 738 3821 ancillae
770 3763 830 3818 in
873 3761 1149 3817 manibus
1197 3758 1444 3815 dominae
1495 3775 1654 3814 sum:
1706 3758 1784 3814 ita
1829 3759 1981 3815 oculi

328 3854 517 3909 nostri
551 3854 621 3908 ad
644 3852 959 3907 Dominum
980 3850 1166 3906 Deum
1192 3853 1479 3915 nostrum,
1504 3847 1687 3903 donec
1712 3846 1982 3903 miserea-

330 3947 431 3999 tur
460 3942 627 3998 nobis
657 3940 827 4011 (Psal.
861 3955 1033 4004 cxxu,
1065 3939 1120 4010 2)
1158 3959 1204 3991 υ.
1238 3937 1401 3993 Certe
1450 3936 1544 3991 hic
1594 3939 1682 3991 est
1725 3936 1980 4008 Spiritus

331 4034 537 4087 doctor
565 4035 620 4084 et
650 4028 939 4101 princeps,
988 4028 1088 4098 qui
1138 4031 1300 4098 regat
1348 4030 1628 4091 mentem,
1676 4025 1983 4081 confirmet

329 4122 627 4188 affectum,
664 4134 778 4191 quo
807 4116 945 4172 velit
974 4115 1188 4182 trahat,
1222 4120 1276 4170 et
1309 4115 1366 4169 in
1399 4113 1757 4187 superiorem
1799 4115 1978 4169 vitam

330 4206 567 4279 dirigat.

400 4298 492 4351 74.
520 4299 667 4350 Sunt
697 4301 753 4351 et
783 4293 882 4367 qui
914 4291 1242 4363 acceperint
1272 4290 1543 4362 spiritum
1575 4289 1855 4360 hominis,
1881 4290 1980 4363 qui

328 4388 394 4443 in
426 4387 553 4459 ipso
580 4389 686 4441 est.
728 4385 861 4440 Ideo
896 4382 977 4437 ait
1016 4380 1364 4454 Apostolus:
1396 4402 1421 4428 ‹‹
1474 4377 1613 4442 Quis
1661 4378 1818 4434 enim
1869 4380 1980 4435 scit

329 4475 662 4541 hominum,
696 4491 821 4545 qua:
854 4471 1113 4526 hominis
1145 4474 1304 4535 sunt,
1338 4468 1451 4523 nisi
1483 4466 1723 4539 spiritus
1768 4470 1865 4539 qui
1916 4471 1976 4524 in

2094 3319 2229 3375 tatis
2269 3320 2586 3388 erroribus,
2638 3320 3076 3376 emendaverint
3117 3339 3353 3377 cursum
3403 3330 3746 3395 posterioris

2094 3406 2300 3473 aetatis,
2331 3407 2425 3463 bis
2456 3409 2525 3463 ad
2568 3407 2921 3463 imitandum
2973 3410 3253 3483 propositi
3297 3418 3461 3480 sunt,
3506 3417 3606 3487 qui
3658 3418 3745 3472 vel

2092 3511 2264 3567 opere
2297 3494 2381 3550 vel
2412 3495 2759 3569 cogitatione
2788 3494 3087 3553 labuntur.

2160 3586 2248 3638 77.
2312 3584 2635 3656 Sequitur:
2694 3608 2721 3633 ‹‹
2780 3585 2988 3641 Libera
3046 3605 3139 3642 me
3201 3588 3272 3642 de
3326 3592 3743 3663 sanguinibus,

2094 3676 2263 3737 Deus,
2301 3676 2447 3727 Deus
2472 3672 2680 3728 salutis
2708 3688 2813 3727 mm
2846 3673 3019 3744 (Psal.
3055 3693 3093 3739 ι,
3134 3676 3240 3746 19).
3280 3697 3306 3723 ››
3360 3677 3426 3733 Et
3470 3681 3541 3735 ad
3597 3681 3743 3737 Uria:

2093 3764 2336 3815 mortem
2371 3765 2559 3832 potest
2592 3760 2812 3826 referri,
2864 3762 3017 3833 quod
3069 3762 3356 3817 mandatae
3402 3768 3562 3823 necis
3615 3770 3744 3839 ejus

2093 3848 2383 3914 conscius,
2416 3850 2643 3904 veniam
2675 3849 2819 3903 tanti
2854 3853 3055 3920 poscat
3085 3850 3352 3915 admissi,
3387 3857 3443 3905 et
3473 3858 3743 3925 quamvis

2092 3953 2188 3992 rex
2219 3934 2451 4009 legibus
2500 3936 2826 4006 absolutus,
2875 3954 2994 3993 suae
3044 3942 3238 3993 tamen
3296 3954 3430 3993 reus
3480 3941 3558 3996 sit
3604 3959 3739 3998 con-

2092 4025 2383 4081 scientias:
2418 4027 2632 4099 quibus
2679 4026 2927 4081 vinculis
2981 4042 3042 4081 se
3090 4026 3327 4081 enodari
3378 4027 3740 4095 desiderans,

2093 4116 2354 4169 divinum
2387 4116 2500 4170 sibi
2532 4121 2801 4188 precatur
2830 4115 3135 4183 auxilium,
3169 4119 3230 4170 ut
3259 4117 3329 4171 ab
3361 4118 3520 4171 omni
3545 4119 3739 4174 crimi-

2094 4204 2184 4259 nis
2216 4205 2528 4276 perpetrati
2558 4205 2687 4261 labe
2720 4206 3053 4260 mandetur.
3089 4206 3158 4260 Et
3206 4220 3403 4260 revera
3447 4222 3581 4262 cum
3631 4207 3740 4262 mi-

2090 4292 2169 4348 tis
2210 4296 2266 4347 et
2322 4294 2492 4349 corde
2549 4298 2893 4349 mansuetus
2950 4292 3182 4366 egregia
3228 4310 3461 4364 semper
3516 4295 3744 4351 dederit

2093 4386 2329 4438 sanctus
2387 4383 2673 4455 Propheta
2719 4400 2836 4437 suae
2889 4382 3360 4439 mansuetudinis
3405 4386 3463 4439 et
3507 4384 3741 4455 pietatis

2093 4472 2368 4542 insignia,
2401 4472 2479 4526 ita
2510 4478 2575 4527 ut
2604 4471 2952 4527 adversariis
2983 4473 3107 4526 suis
3133 4473 3467 4544 frequenter
3505 4473 3739 4546 ignove-

328 4565 462 4638 ipso
494 4566 581 4620 est
608 4564 650 4636 (ι
682 4563 800 4618 Cor.
837 4578 902 4631 II,
938 4561 1044 4631 11).
1096 4581 1122 4607 ι)
1175 4558 1281 4623 Qui
1327 4560 1520 4628 potest
1567 4555 1713 4611 scire
1761 4559 1981 4627 omnia,
2014 4578 2060 4642 Ι)
2095 4560 2190 4627 rit,
2224 4564 2399 4631 atque
2432 4561 2503 4616 ab
2527 4576 2725 4616 eorum
2755 4576 2894 4615 nece
2915 4560 3263 4631 putatavcrit
3287 4560 3736 4618 abstinendum:

330 4670 510 4725 quem
540 4651 799 4708 hominis
829 4649 1025 4705 oculta
1055 4664 1170 4703 non
1204 4643 1433 4713 fallunt,
1467 4647 1655 4716 potest
1686 4644 1743 4699 in
1784 4644 1980 4701 homi-

332 4757 407 4797 ne
437 4742 651 4797 habere
676 4739 1091 4813 principatum.

956 4852 1191 4908 CAPUT
1222 4850 1364 4906 XVI.

331 4948 513 5003 Periti
568 4944 800 5002 doctoris
849 4959 962 4999 esse
1020 4944 1235 5013 iniquos
1291 4941 1408 4996 vias
1463 4941 1685 5013 Domini
1741 4938 1978 4995 educere.

409 5017 679 5086 Quomodo
750 5016 806 5070 id
864 5023 979 5071 tum
1022 5011 1247 5086 Chi-isti,
1297 5020 1411 5067 tum
1464 5011 1691 5086 Doridis
1734 5027 1980 5086 persona:

406 5083 870 5154 accommodetur;
902 5085 1097 5157 quidve
1131 5085 1359 5139 liberari
1405 5098 1459 5137 se
1505 5083 1569 5137 de
1612 5083 1980 5151 sanguinibus

407 5163 521 5215 oret
547 5161 837 5231 Propheta.

406 5277 495 5331 75.
527 5273 841 5347 Sequitur:
902 5296 929 5321 ‹‹
985 5269 1209 5326 Docebo
1255 5268 1488 5340 iniquos
1533 5266 1658 5322 vias
1713 5270 1868 5336 tuas,
1927 5274 1983 5324 et

410 5452 519 5525 (46)
552 5451 1037 5509 Desiderabantnr
1066 5447 1125 5503 in
1156 5448 1321 5525 edit.,
1353 5449 1491 5525 sicut
1527 5461 1637 5502 non
1679 5445 1845 5525 datu:
1868 5448 1983 5525 nisi

333 5518 556 5582 Domini
586 5525 1036 5593 voluntate;qum
1063 5520 1237 5575 verba
1263 5519 1322 5593 in
1355 5523 1616 5593 nostram
1647 5518 1974 5593 mss.Corb.

335 5609 522 5664 Hem.,
554 5595 772 5651 Theod.
806 5610 871 5649 ac
900 5588 1062 5649 Dion.
1100 5591 1407 5664 autoritate
1444 5588 1832 5664 restituimus.

320 5670 327 5676 ’
410 5661 719 5737 (-i7)ltom.
784 5664 945 5731 edit.,
1007 5664 1107 5718 Cui
1161 5661 1406 5729 debetur,
1468 5661 1663 5715 laetitia
1718 5661 1979 5717 salutaris

2095 4666 2209 4703 non
2241 4655 2329 4704 est
2361 4649 2575 4704 mirum
2609 4648 2761 4721 quod
2795 4653 2914 4703 tam
2948 4650 3200 4721 graviter
3228 4649 3411 4704 doleat
3458 4649 3737 4705 fundendi

2093 4738 2399 4809 sanguinis
2430 4739 2650 4793 innoxii
2684 4737 2795 4793 sibi
2848 4738 3179 4810 Obrepsisse
3228 4739 3552 4811 peccatum.
3609 4737 3736 4792 Ideo

2093 4824 2327 4880 liberari
2361 4842 2421 4881 se
2452 4842 2485 4880 a
2516 4825 2927 4899 sanguinibus,
2962 4826 3068 4881 hoc
3095 4831 3186 4881 est
3216 4844 3249 4881 a
3280 4823 3531 4896 peccatis
3583 4840 3735 4877 mor-

2092 4912 2962 4984 talibus,postuIavit.Laudavit
2993 4914 3300 4969 Dominum
3340 4917 3515 4966 Deum
3536 4927 3733 4977 suum,

2091 5001 2378 5073 iustitiam
2441 5003 2666 5059 Domini
2726 5001 3100 5075 praedicavit;
3160 5000 3405 5070 ideoque
3461 4997 3731 5056 addidit:

2092 5114 2119 5140 ‹‹
2154 5089 2478 5147 Exsultabit
2506 5092 2706 5164 lingua
2738 5108 2867 5147 mea
2905 5088 3199 5160 justitiam
3247 5092 3409 5143 tuam
3455 5087 3658 5159 (Ibid)
3706 5111 3734 5139 ››

2694 5178 2924 5234 CAPUT
2960 5177 3128 5233 XVII.

2094 5268 2347 5324 Duvzrlem
2378 5271 2551 5325 verbis
2581 5271 2697 5324 suis
2724 5271 3007 5339 peccatum
3034 5267 3142 5321 sibi
3183 5266 3472 5322 dimissum
3512 5267 3734 5337 signiﬁ-

2088 5447 2377 5515 rcdditur;
2413 5444 2660 5501 redditur
2688 5450 2865 5498 autem
2920 5445 3186 5500 rationali
3230 5446 3462 5501 naturae.
3520 5444 3734 5499 Lwtitia

2090 5523 2537 5661 velitiixﬁtcliquot
2583 5603 2650 5641 ex
2697 5585 2960 5656 antiquis
3003 5588 3153 5657 cod.,
3203 5588 3331 5660 ﬁdei
3376 5588 3728 5660 praedicator.
