4116 6188
496 235 615 306 923

1940 235 2004 300 S.
2049 230 2426 302 AMBROSII

3709 244 3804 307 924

565 390 708 448 care,
768 389 888 427 cum
949 376 1099 448 Deus
1141 371 1412 448 peccatori
1477 387 1534 428 os
1597 369 1858 448 occludet.
1927 370 2139 448 Eadem
2166 374 2221 439 Α
2251 387 2406 438 mus,
2439 369 2758 428 aeternitate
2788 366 3035 443 primus,
3079 325 3407 425 humilitate
3448 367 3688 430 ultimus:
3729 392 3806 448 per

565 445 731 516 verba,
750 453 914 498 etiam
945 443 1157 500 Christo
1177 445 1486 509 convenire,
1518 447 1719 516 quippe
1747 445 1844 514 qui
1872 460 2031 498 verus
2068 445 2137 498 sit

567 515 752 578 David,
787 533 820 568 a
847 531 948 586 quo
977 518 1169 583 futura
1197 517 1439 585 gentium
1469 517 1832 584 congregatio,
1865 520 1917 569 et
1962 517 2140 570 Eccle-

561 589 772 641 siarum
802 587 1058 653 [nudatio
1097 591 1489 658 prsesignelur,
1537 594 1806 658 postremo
1854 587 2142 640 nonnullis

561 658 624 713 de
652 659 920 728 sacriﬁcio
953 658 1155 714 Christi
1180 667 1342 730 atque
1365 667 1673 730 martyrum
1690 659 1978 730 propositis
2009 673 2142 728 opus

561 730 854 785 clauditur.

562 837 654 892 78.
691 860 716 885 «
752 835 1012 903 Domine,
1045 835 1203 890 labia
1251 852 1382 890 mea
1428 836 1673 907 aperias,
1723 839 1779 890 et
1827 851 1892 889 os
1940 849 2138 888 meum

493 924 864 980 annuntiabit
888 923 1121 980 laudem
1152 928 1314 980 tuam
1349 925 1515 995 (Psal.
1541 942 1589 988 L,
1625 925 1732 994 l7).
1770 946 1798 973 ››
1854 923 1959 989 Qui
2011 921 2137 978 lau-

492 1014 594 1067 dat
641 1011 978 1080 Dominum,
1031 1014 1102 1067 ab
1162 1012 1418 1067 inimicis
1467 1011 1591 1066 suis
1639 1011 1748 1068 erit
1796 1011 2014 1077 salvus,
2076 1014 2140 1065 ut

491 1101 775 1174 scriptum
807 1105 897 1157 est
925 1103 1097 1168 (Paul.
1131 1119 1270 1168 xvn,
1302 1103 1367 1172 t).
1406 1103 1470 1156 Et
1509 1106 1660 1155 certe
1693 1117 1871 1172 supra
1916 1099 2140 1154 dixerat

490 1188 549 1242 in
584 1191 1036 1262 quadragesimo
1085 1207 1236 1246 nono
1287 1189 1549 1262 psalmo:
1607 1213 1634 1238 ‹‹
1692 1188 1983 1244 Peccatori
2033 1205 2136 1244 au-

489 1284 604 1334 tem
637 1279 779 1334 dixit
816 1284 1004 1335 Deus:
1040 1281 1226 1346 Quare
1258 1284 1320 1334 tu
1355 1277 1926 1350 ennarrasjustitias
1977 1293 2138 1331 meas

489 1369 660 1438 (Psal.
695 1386 844 1432 xux,
878 1369 993 1423 46?
1028 1392 1054 1417 ››
1089 1368 1231 1424 Cum
1259 1385 1394 1440 ergo
1445 1385 1546 1438 per
1591 1384 1656 1422 os
1706 1382 1882 1422 suum
1930 1365 2142 1420 dixerit

487 1458 639 1528 quod
677 1462 1034 1529 peccatorum
1067 1456 1426 1528 prohibuerit
1478 1460 1628 1510 Deus
1680 1472 1818 1510 suas
1866 1470 2139 1509 enarrare

473 1546 762 1616 justitias,
799 1546 1000 1616 utique
1033 1547 1156 1617 ipse
1186 1546 1512 1600 enarrando
1557 1543 1850 1614 justitiam
1899 1542 2022 1609 Dei,
2046 1542 2138 1596 de-

483 1635 724 1690 claravit
753 1635 1141 1689 commissum
1176 1634 1284 1688 hoc
1316 1649 1690 1704 nequaquam
1723 1632 1834 1686 sibi
1877 1631 2137 1701 imputa-

481 1728 607 1778 tum
639 1739 766 1778 esse
799 1727 1100 1794 peccatum
1133 1723 1264 1791 (49).

550 1815 640 1866 79.
678 1811 745 1865 Et
767 1810 1032 1866 addidit:
1070 1833 1097 1859 «
1131 1811 1310 1865 Labia
1341 1827 1469 1866 mea
1499 1810 1816 1883 aperies,et
1842 1827 1906 1864 os
1930 1824 2126 1863 meum

480 1899 855 1954 annuntiabit
901 1898 1137 1954 laudem
1186 1903 1370 1954 tuam.
1411 1923 1430 1948 ι
1486 1899 1562 1953 Os
1610 1897 1931 1970 peccatoris
1972 1897 2127 1953 Deus

478 1989 722 2053 claudit,
765 2006 836 2044 ne
865 1989 1138 2059 loquatur
1163 1988 1428 2059 justitias
1460 1988 1596 2044 Dei:
1623 1987 1771 2059 justi
1817 1986 2022 2058 aperit,
2063 1991 2127 2040 ut

477 2077 770 2149 loquatur.
821 2079 1001 2148 Cujus
1049 2091 1184 2147 ergo
1235 2076 1389 2131 labia
1436 2076 1645 2147 aperit,
1701 2075 1856 2130 hunc
1904 2074 2125 2147 peccati

407 2189 422 2198 δ
475 2165 726 2222 absolvit
756 2171 940 2222 reatu.
978 2165 1143 2221 Illius
1174 2170 1370 2221 autem
1403 2165 1591 2238 aperit
1623 2165 1779 2220 labia
1817 2161 2120 2230 Dominus,

482 2256 633 2310 702
689 2255 788 2326 qui
831 2254 1042 2325 accipit
1088 2255 1325 2309 verbum
1379 2255 1437 2308 in
1485 2254 1784 2324 apertione
1839 2253 1957 2308 oris
2007 2251 2119 2306 sui.

478 2343 639 2399 Unde
669 2348 725 2399 et
765 2343 1077 2416 Apostolus
1127 2344 1270 2415 petit
1329 2359 1390 2398 se
1450 2343 1712 2414 adjuvari
1761 2340 2122 2397 orationibus

476 2429 683 2503 plebis,
717 2436 781 2486 ut
810 2431 1104 2503 aperiatur
1134 2431 1243 2485 sibi
1286 2430 1504 2486 ostium
1553 2429 1711 2484 verbi
1760 2429 1832 2484 ad
1875 2428 2123 2499 loquen-

475 2521 616 2575 dum
649 2519 990 2593 mysterium
1031 2519 1243 2576 Christi
1295 2520 1517 2590 (Coloss.
1569 2536 1643 2586 IV,
1694 2519 1769 2589 3).
1834 2517 2121 2588 Linguam

472 2625 603 2664 vero
653 2625 754 2680 pro
804 2625 1072 2664 sermone
1121 2608 1444 2679 accipimus
1487 2608 1617 2679 ejus
1657 2607 1754 2679 qui
1788 2605 2119 2662 exsultatin

475 2698 570 2752 Dei
602 2697 896 2752 laudibus.
933 2698 1094 2753 Unde
1124 2702 1180 2752 et
1208 2697 1354 2752 illud
1396 2697 1480 2752 sic
1509 2697 1870 2751 aestimatur:
1903 2717 1931 2743 ‹‹
1988 2693 2119 2748 Lin-

467 2803 584 2859 gua
614 2804 745 2842 mea
774 2787 1042 2843 calamus
1075 2786 1279 2842 scriba:
1309 2785 1584 2842 velociter
1613 2783 1925 2840 scribentis
1947 2783 2116 2852 (ρδαι.

469 2893 618 2940 xuv,
650 2879 727 2946 2),
760 2899 788 2925 »
824 2892 1016 2931 sermo
1045 2875 1276 2930 infusus
1309 2873 1626 2947 Prophetaz.

541 2967 629 3020 80.
655 2966 816 3031 Quod
851 2965 898 3021 si
921 2982 986 3020 ex
1017 2980 1264 3036 persona
1294 2963 1504 3017 Christi
1537 2961 1756 3017 dictum
1799 2960 2120 3032 accipimus

470 3055 601 3110 vide
634 3071 704 3109 ne
734 3054 926 3109 scriba
956 3053 1033 3108 sit
1059 3052 1331 3107 velociter
1369 3051 1632 3106 scribens
1688 3050 1947 3105 Verbum
1995 3047 2116 3119 Dei,

475 3143 630 3214 quod
664 3142 871 3198 animae
902 3143 1126 3197 viscera
1157 3144 1479 3212 percurrat
1527 3145 1586 3195 et
1632 3143 1916 3210 penetret,
1951 3143 2009 3192 et
2037 3137 2120 3192 in-

472 3233 690 3288 scribat
717 3231 777 3286 in
809 3247 876 3286 ea
905 3230 994 3285 vel
1023 3235 1241 3284 natura:
1275 3229 1446 3295 dona,
1492 3227 1582 3283 vel
1629 3226 1864 3298 gratiae;
1915 3225 2118 3298 lingua

473 3325 667 3374 autem
701 3320 778 3373 sit
808 3323 1079 3374 sanctum
1114 3316 1257 3371 illud
1288 3332 1500 3387 corpus
1530 3319 1723 3370 ortum
1757 3332 1823 3370 ex
1855 3313 2114 3386 Virgine,

470 3425 585 3478 quo
633 3412 877 3462 vacuata
927 3410 1065 3462 sunt
1111 3421 1330 3461 venena
1375 3403 1679 3476 serpentis,
1730 3408 1785 3458 et
1825 3404 2117 3477 Evangelii

469 3513 645 3568 Opera
671 3500 790 3550 toto
820 3497 959 3550 orbe
990 3495 1340 3550 celebranda
1371 3495 1620 3548 decursa
1666 3497 1821 3548 sunt.
1879 3495 2120 3550 Accedit

473 3585 540 3640 ad
570 3584 972 3639 evacuandum
999 3583 1482 3655 peccatum,quod
1510 3581 1903 3639 humilitatem
1926 3599 2120 3638 susce-

471 3674 592 3744 pit;
626 3673 896 3728 contrivit
933 3690 1032 3728 cor
1074 3689 1271 3737 suum,
1327 3671 1482 3742 quod
1532 3671 1722 3742 magis
1762 3671 2117 3728 sacriﬁcium

476 3762 755 3817 Dominus
803 3761 996 3833 elegit,
1049 3775 1224 3833 quam
1285 3759 1626 3815 holocausta
1682 3776 1786 3831 pro
1841 3761 2116 3831 peccatis,

471 3867 598 3922 qua:
657 3850 982 3905 secundum
1033 3849 1220 3920 legem
1269 3848 1462 3904 offerri
1521 3847 1805 3903 solebant.
1861 3849 2121 3920 Denique

469 3955 648 4010 supra
677 3939 793 3994 ait:
832 3960 857 3986 ‹‹
888 3937 1235 3992 Holocausta
1259 3941 1316 3991 et
1346 3953 1450 4008 pro
1482 3941 1718 4006 peccato
1757 3951 1872 3990 non
1919 3941 2119 4009 postu-

469 4026 650 4094 lasti;
714 4032 852 4084 tunc
912 4026 1075 4082 dixi:
1137 4026 1280 4081 Ecce
1337 4025 1504 4081 venio
1567 4025 1747 4094 (Psal.
1810 4042 2003 4092 xxxnx,
2062 4025 2120 4092 7,

467 4117 547 4184 8,)
580 4116 668 4170 nid
704 4122 811 4182 est,
845 4133 960 4171 non
994 4115 1261 4186 rapinam
1284 4113 1603 4168 arbitratus
1633 4129 1762 4169 esse
1792 4129 1884 4168 me
1926 4130 2120 4184 aequa-

467 4203 581 4259 lem
617 4210 750 4272 Deo,
781 4205 948 4260 venio
979 4205 1226 4259 formam
1261 4203 1410 4258 servi
1457 4201 1786 4274 accipiens;
1838 4202 2006 4257 venio
2058 4201 2120 4257 in

467 4294 659 4364 specie
715 4291 1104 4364 susceptionis
1164 4292 1456 4358 humanae,
1505 4291 1562 4346 in
1614 4292 1854 4347 veritate
1906 4292 2116 4360 crucis,

470 4381 678 4436 mortis
710 4381 1040 4436 humilitate
1069 4380 1462 4436 obedientiam
1501 4379 1889 4451 probaturus:
1950 4387 2012 4436 ut
2060 4380 2120 4436 in

471 4467 800 4523 obedientia
828 4467 1105 4524 deleatur.

540 4557 630 4610 8|.
665 4556 866 4612 Merito
899 4573 1035 4628 ergo
1065 4564 1120 4612 et
1153 4558 1245 4612 hic
1291 4556 1470 4612 dicit:
1507 4581 1533 4606 «
1586 4557 1873 4622 Quoniam
1923 4558 1970 4614 si
2020 4575 2118 4614 vo-

471 4644 705 4712 luisses,
742 4645 1095 4701 sacrificium
1145 4647 1438 4702 dedissem
1491 4647 1712 4718 utique,
1761 4646 2119 4703 holocaustis

472 4751 584 4789 non
617 4733 1019 4790 delectuberis.
1055 4734 1416 4790 Sacriﬁcium
1451 4735 1562 4790 Deo
1611 4734 1854 4806 spiritus
1901 4736 2120 4791 contri-

471 4822 744 4878 bulatus:
779 4840 875 4878 cor
905 4823 1220 4878 contritum
1272 4827 1328 4876 et
1376 4821 1749 4877 humiliatum
1800 4827 1950 4878 Deus
2003 4840 2119 4878 non

471 4913 696 4982 spernit
729 4913 898 4984 (Paul.
936 4930 985 4977 L,
1022 4914 1106 4976 18,
1144 4910 1252 4981 10).
1285 4934 1311 4959 ››
1344 4911 1413 4966 Et
1441 4911 1596 4966 sicut
1627 4927 1808 4983 supra
1836 4910 1975 4977 dixi,
1998 4928 2119 4968 cer-

471 5005 592 5056 tum
637 5007 726 5057 est
756 5002 1032 5074 mysterio
1089 5000 1394 5056 convenire
1453 5000 1604 5070 quod
1668 5000 1792 5071 ipse
1841 5001 2122 5058 Dominus

469 5089 641 5145 Jesus
671 5090 898 5146 videtur
930 5090 1024 5144 hic
1065 5106 1297 5162 quoque
1327 5106 1396 5144 ex
1417 5105 1520 5142 sua
1547 5103 1794 5160 persona
1817 5087 1997 5160 loqui,
2022 5091 2121 5160 qui

473 5179 742 5249 superius
771 5179 912 5234 illud
948 5196 1207 5250 personae
1259 5195 1379 5232 suae
1409 5176 1663 5232 evidenti
1714 5176 2123 5234 testiﬁcatione

471 5265 849 5338 deprompsit.
886 5273 1014 5340 Ipse
1045 5269 1201 5323 enim
1234 5283 1404 5322 verus
1455 5265 1652 5334 David,
1687 5283 1899 5321 manus
1930 5268 2120 5336 fortis,

469 5370 642 5409 verus
672 5357 934 5422 humilis,
968 5363 1142 5428 atque
1171 5355 1774 5427 mansuetus,primus
1805 5360 1861 5410 et
1882 5355 2125 5412 novissi-

541 5550 650 5618 (49)
686 5549 824 5605 Mss.
860 5569 970 5606 non
1006 5553 1195 5622 pauci,
1222 5569 1319 5608 suo
1350 5553 1682 5624 imputatum
1729 5567 1842 5607 esse
1883 5557 2119 5622 peccato,

2252 462 2425 530 cujus
2461 459 2854 516 obedientiam
2905 456 3149 514 humani
3195 457 3420 530 generis
3464 459 3613 532 culpa
3649 462 3805 532 deleta,

2251 550 2450 604 refusa
2471 549 2704 621 justitia
2733 552 2840 604 est.
2874 549 3022 620 Ipse,
3052 547 3320 618 inquam,
3350 547 3510 603 Jesus
3539 551 3721 606 umbra
3757 554 3808 608 ti-

2254 638 2348 693 nis
2369 643 2427 692 et
2474 637 2640 710 legis,
2691 636 2922 693 advenit
2967 635 3321 692 humilitatis
3369 635 3619 708 magister
3659 639 3810 696 docere

2251 727 2534 798 superbos
2565 741 2763 791 sensu,
2793 730 2848 781 et
2877 729 3106 781 tumore
3136 724 3323 780 cordis
3355 724 3570 780 inflatos
3597 727 3658 780 ad
3684 745 3812 783 man-

2251 816 2621 882 suetudinem
2657 820 2713 871 et
2743 813 3178 888 simplicitatem
3199 830 3329 870 esse
3350 815 3814 886 migrandum.0uo-

2253 905 2426 960 modo
2458 903 2639 977 igitur
2670 905 2730 960 in
2757 907 2891 976 typo
2921 904 3052 974 ejus
3084 901 3343 975 mysterii
3375 907 3649 974 peccatum
3673 905 3813 976 impu'

2248 993 2358 1048 tari
2386 997 2597 1066 potest,
2630 1009 2764 1048 cum
2804 993 2864 1047 in
2895 993 3021 1064 ipso
3051 989 3325 1064 mysterio
3355 990 3431 1046 sit
3456 991 3690 1047 remissio
3722 1009 3814 1062 pec-

2248 1085 2509 1137 catorum
2530 1081 2558 1136 ?
2587 1081 2712 1137 Nisi
2742 1082 2886 1137 forte
2921 1081 3048 1136 ideo
3080 1080 3254 1136 David
3286 1079 3631 1150 iniquitatem
3669 1097 3814 1145 suam,

2249 1177 2672 1242 peccatumque
2700 1171 3002 1227 confessus
3030 1173 3121 1226 est
3141 1169 3267 1240 eius
3293 1168 3549 1236 admissi;
3571 1173 3629 1222 ut
3652 1173 3700 1223 et
3722 1167 3813 1240 ipse

2248 1260 2318 1314 ad
2352 1259 2756 1316 remissionem
2789 1259 3030 1331 peccati,
3062 1261 3119 1313 et
3142 1258 3388 1330 gratiam
3421 1255 3658 1328 mysterii
3681 1258 3816 1328 perti-

2248 1354 2428 1403 nerct.

2317 1445 2407 1500 83.
2441 1447 2586 1502 Nam
2620 1446 2761 1518 quid
2795 1445 2906 1501 sibi
2936 1443 3062 1500 vult
3089 1443 3242 1517 quod
3271 1443 3360 1499 vir
3379 1447 3659 1516 peccatum
3684 1461 3816 1499 suum

2249 1534 2554 1600 conﬁtens,
2617 1535 2688 1590 de
2742 1534 2878 1590 Sion
2922 1539 2980 1590 et
3029 1531 3354 1590 Jerusalem
3404 1531 3591 1604 psallit
3633 1531 3816 1587 dicens:

2248 1646 2274 1671 ‹‹
2310 1622 2576 1688 Beneiac,
2626 1624 2886 1690 Domine,
2936 1621 2997 1678 in
3020 1623 3173 1679 bona
3199 1621 3501 1677 voluntare
3530 1624 3618 1676 tua
3643 1621 3820 1685 Sion,ut

2164 1739 2211 1802 B
2247 1711 2605 1802 aediﬁcentur
2629 1712 2788 1802 muri
2813 1711 3142 1802 Jerusalem
3174 1710 3339 1778 (Ibid.
3372 1711 3462 1778 20)
3488 1726 3499 1764 :
3526 1733 3561 1802 »_
3582 1709 3682 1763 nisi
3722 1709 3822 1780 quia

2240 1799 2546 1856 accelerari
2590 1801 2638 1856 ei
2690 1799 2876 1872 placet
2923 1799 3187 1856 Ecclesiae
3236 1798 3713 1871 congregationem
3748 1813 3821 1868 per

2235 1889 2598 1945 vocationem
2629 1889 2931 1962 geniium:
2984 1905 3112 1961 qua
3165 1905 3280 1944 non
3332 1886 3553 1944 ancillae
3602 1885 3708 1952 ﬁlii,
3749 1885 3822 1941 sed

2236 1975 2429 2034 libera:
2482 1977 2833 2046 Jerusalem,
2891 1977 3049 2034 illius
3107 1994 3232 2049 quas
3285 1976 3344 2031 in
3398 1975 3537 2031 coelo
3583 1979 3678 2044 est,
3723 1973 3820 2028 ﬁdei

2237 2083 2355 2121 sua
2388 2067 2719 2139 prosapiam
2750 2071 2868 2122 toto
2891 2067 3029 2123 orbe
3055 2066 3412 2122 diffunderet
3440 2069 3496 2121 et
3530 2061 3822 2136 spiritalium

2235 2160 2400 2226 septa
2430 2172 2732 2211 murorum
2753 2155 3027 2211 doctrina:
3050 2154 3386 2228 apostolica:
3409 2153 3665 2209 fundaret
3683 2167 3822 2206 asser-

2232 2243 2408 2300 tione.

2302 2336 2389 2389 83.
2425 2333 2572 2389 Muri
2607 2333 2804 2406 itaque
2856 2331 3184 2389 Jerusalem
3235 2332 3372 2387 ﬁdei
3422 2325 3824 2402 propugnacula,

2231 2423 2698 2495 disputationum
2730 2421 3411 2489 munimenta,virtutum
3433 2417 3680 2474 culmina
3697 2418 3828 2478 sunt;

2233 2513 2388 2566 muri
2415 2511 2743 2568 Jerusalem
2783 2509 3173 2568 Eeclesiarum
3203 2513 3528 2565 conventus
3575 2510 3700 2561 sunt
3739 2508 3827 2557 toto

2230 2601 2370 2656 orbe
2403 2601 2646 2668 fundati,
2683 2599 2936 2658 Ecclesia
2965 2599 3122 2655 enim
3153 2597 3296 2654 dicit
3322 2615 3334 2652 :
3370 2621 3399 2646 ‹‹
3429 2597 3546 2670 Ego
3574 2609 3770 2657 murus,
3787 2598 3829 2645 et

2230 2689 2413 2746 ubera
2442 2707 2572 2746 mea
2600 2690 2780 2746 turris
2809 2691 2990 2758 (Cant.
3016 2688 3259 2757 νιιι,18).
3300 2710 3329 2736 ››
3352 2687 3423 2743 Et
3452 2687 3594 2742 bene
3613 2681 3744 2738 muri
3763 2680 3831 2735 Je-

2228 2777 2484 2834 rusalem
2515 2777 2902 2834 Eeclesiarum
2933 2773 3344 2834 conventicula
3375 2777 3550 2830 sunt:
3599 2768 3830 2843 quoniam

2229 2866 2500 2938 quisquis
2520 2868 2673 2923 bona
2694 2866 2806 2923 ﬁde
2825 2870 2999 2939 atque
3019 2880 3191 2937 opere
3213 2863 3546 2935 ingreditur
3565 2855 3832 2915 Ecclesiam

2230 2954 2296 3008 ﬁt
2325 2971 2586 3028 superna:
2618 2953 2777 3010 illius
2807 2953 2946 3010 civis
2977 2958 3034 3009 et
3063 2951 3255 3008 incola
3303 2950 3559 3007 civitatis
3604 2963 3715 3019 qua:
3756 2943 3830 2997 de-

2229 3044 2458 3099 scendit
2483 3044 2553 3099 de
2577 3042 2739 3099 coelo.
2770 3043 2886 3099 Hos
2918 3057 3118 3098 muros
3149 3039 3418 3112 lapidum
3451 3037 3687 3094 aediﬁcat
3711 3039 3832 3088 stru-

2229 3136 2394 3187 ctura
2423 3132 2704 3188 vivorum.

2301 3231 2451 3286 708
2475 3231 2564 3286 84.
2600 3229 2814 3286 Videns
2844 3229 3022 3303 igitur
3050 3227 3382 3286 Jerusalem
3411 3241 3607 3282 veram
3635 3226 3687 3278 et
3703 3219 3833 3281 Sion,

2227 3317 2407 3373 dixit:
2441 3317 2582 3373 Cum
2615 3318 2980 3375 benedixeris
3009 3318 3070 3373 in
3103 3318 3256 3373 bona
3285 3315 3589 3374 voluntate
3627 3315 3718 3366 tua
3742 3307 3830 3374 (50)

2225 3405 2556 3462 Jerusulem
2584 3410 2641 3462 et
2669 3407 2831 3476 Sion,
2879 3430 2906 3457 ‹‹
2955 3411 3097 3462 tunc
3145 3406 3480 3478 acceptabis
3530 3397 3838 3458 sacriﬁcium

2224 3495 2465 3566 justitia;
2492 3497 2662 3566 (Psat.
2697 3513 2749 3560 L,
2779 3496 2893 3566 2t),
2927 3517 2954 3544 ››
2985 3495 3095 3550 hoc
3124 3499 3214 3550 est
3233 3491 3598 3550 sacriﬁcium
3618 3483 3837 3557 corporis

2227 3583 2570 3656 Cbristi,qui
2596 3584 2838 3652 ait,cum
2870 3585 2942 3641 de
2965 3584 3201 3656 propria
3221 3582 3503 3656 passione
3523 3577 3843 3650 loqueretur;

2226 3694 2254 3722 ‹‹
2291 3673 2526 3744 Aperite
2557 3671 2702 3728 mihi
2733 3677 2932 3746 portas
2953 3671 3227 3744 justitiae,
3257 3677 3316 3728 et
3360 3672 3664 3744 ingressus
3692 3663 3744 3718 in
3771 3674 3846 3716 eas

2229 3763 2550 3818 confitebor
2578 3762 2822 3818 Domino
2849 3762 3019 3833 (μω-ι.
3057 3778 3231 3827 cxvn,
3261 3761 3380 3831 49).
3414 3784 3442 3809 ››
3479 3759 3550 3814 Et
3593 3755 3653 3811 in
3698 3751 3848 3806 Evan-

2228 3849 2378 3922 gelio
2438 3851 2520 3905 ait
2578 3851 2649 3906 ad
2679 3851 3004 3907 Joannem:
3042 3873 3070 3900 ‹‹
3131 3850 3268 3907 Sine
3325 3850 3549 3916 modo;
3605 3846 3686 3900 sic
3724 3839 3847 3896 enim

2230 3943 2457 4010 oportet
2486 3955 2593 3996 nos
2623 3938 2872 4012 implere
2899 3955 3134 3995 omnem
3174 3938 3484 4011 justitiam
3537 3933 3734 4007 (Matth.
3780 3942 3846 3992 in,

2230 4027 2342 4099 45).
2377 4050 2403 4076 ››
2435 4028 2504 4082 Et
2533 4027 2721 4082 infra:
2755 4051 2782 4077 «
2817 4027 2975 4084 Beati
3005 4027 3105 4098 qui
3137 4027 3614 4100 persecutionem
3653 4018 3847 4094 patiun-

2228 4122 2327 4172 tur
2375 4121 2613 4189 propter
2657 4116 2954 4188 justitiam
3010 4116 3219 4188 (Matth.
3273 4135 3329 4184 ν,
3396 4116 3511 4187 10).
3573 4135 3600 4164 ››
3649 4104 3848 4167 Justiti;

2230 4205 2492 4261 Christus
2522 4210 2631 4262 est.
2663 4205 3025 4261 Sacrificium
3069 4222 3204 4279 ergo
3250 4205 3478 4261 Christi
3531 4192 3846 4271 acceptabile

2231 4295 2496 4351 futurum
2527 4293 2682 4350 Patri
2711 4294 2940 4350 asserit.
2970 4293 3087 4351 Hoc
3117 4299 3206 4351 est
3234 4309 3374 4366 ergo
3408 4293 3482 4348 de
3534 4305 3647 4364 quo
3692 4290 3743 4342 et
3767 4297 3844 4338 su-

2230 4400 2336 4456 pra
2362 4383 2444 4439 ait
2467 4401 2480 4440 :
2500 4407 2527 4433 «
2551 4383 2884 4440 Sacriﬁcate
2912 4382 3264 4438 sacriﬁcium
3280 4381 3558 4453 justitia,
3582 4383 3639 4434 et
3657 4375 3848 4447 sperate

2153 4473 2200 4538 D
2233 4471 2293 4528 in
2329 4471 2574 4528 Domino
2595 4471 2933 4543 (Psal.1v,6).
2953 4493 2980 4519 »
2996 4470 3124 4527 Haec
3145 4475 3236 4527 est
3247 4469 3586 4543 justitiam
3607 4456 3849 4538 spiritalis

2229 4560 2464 4628 oblatio,
2499 4565 2557 4616 et
2585 4558 2992 4615 holocaustum
3024 4559 3298 4616 ferventis
3329 4555 3684 4621 devotionis,
3713 4554 3763 4605 et
3787 4546 3852 4599 in-

2230 4649 2478 4704 fusionis
2511 4648 2762 4720 Spiritus
2793 4649 3000 4715 sancti,
3035 4648 3191 4720 quod
3223 4646 3390 4714 dicit,
3428 4647 3714 4704 futurum,
3742 4648 3850 4690 cum

2228 4739 2301 4793 ad
2333 4737 2478 4792 illud
2516 4736 2776 4808 spiritale
2806 4735 3036 4793 Domini
3067 4737 3250 4793 altare
3277 4735 3569 4809 cmperint
3599 4720 3852 4788 admoveri

2232 4827 2384 4882 104
2413 4825 2622 4880 animae
2651 4825 3036 4893 credentium,
3087 4842 3216 4897 quae
3264 4822 3676 4879 renuntiantes
3725 4809 3852 4897 volu-

2232 4914 2495 4987 ptatibus
2526 4920 2700 4986 atque
2751 4911 2994 4982 deliciis,
3046 4895 3327 4985 tanquam
3379 4916 3646 4966 aratrum
3694 4906 3747 4959 in
3787 4895 3850 4952 “'-

2230 5003 2492 5058 sceribus
2533 5003 2660 5058 suis
2688 5002 2928 5068 ducant,
2963 5005 3028 5058 ut
3058 5003 3285 5057 fructus
3315 5000 3559 5071 possint
3600 4997 3739 5051 ferre
3767 4987 3849 5059 ρὶε

2229 5089 2490 5145 culturae.

2301 5180 2390 5233 85.
2437 5177 2537 5233 Vel
2584 5183 2738 5234 certe
2786 5179 2904 5235 ita:
2953 5179 3100 5237 Cum
3144 5177 3520 5236 benedixeris
3569 5169 3850 5230 Ecclesium

2231 5283 2300 5323 ex
2337 5266 2610 5340 gentibus
2671 5269 3046 5340 acquisitam,
3097 5273 3154 5325 et
3203 5265 3473 5342 spiritale
3532 5256 3848 5322 sacriﬁcium

2224 5354 2467 5428 justitia:
2499 5357 2738 5428 cmperit
2770 5358 3147 5430 frequentari,
3179 5362 3315 5415 tunc
3351 5362 3414 5413 et
3446 5358 3730 5424 martyres
3749 5358 3851 5401 san-

2303 5553 2416 5624 (50)
2446 5551 2683 5625 Aliquot
2711 5568 2878 5620 mss.,
2910 5569 3036 5610 cum
3070 5554 3278 5612 dixeris
3323 5555 3388 5608 in
3438 5551 3714 5608 voluntate
3753 5547 3848 5596 tua.
