4116 6188
1094 332 1489 400 APOLOGIA
1531 323 1787 395 DAVID'
1811 324 1837 396 τι

2069 332 2152 394 Α.
2188 325 2267 377 '-—
2293 326 2769 394 ADMONITIO.
3533 340 3654 405 996
3690 364 3694 371 .

209 478 277 536 cti
299 477 397 550 qui
442 490 628 533 suum
677 488 786 547 pro
837 469 1075 527 Christo
1115 485 1327 541 corpus
1381 465 1704 524 obtulerint
1734 482 1869 521 cxa—
1901 485 1949 550 Α
1985 464 2169 535 (Apoc.
2204 482 2286 528 v1,
2314 464 2393 533 9),
2429 466 2495 517 ut
2524 461 2743 518 Christi
2775 461 2887 519 sibi
2919 463 3177 535 gratiam
3211 480 3647 533 mercarentur;

205 568 467 631 randum,
490 569 781 635 tanquam
801 558 1174 614 vitulisacris
1198 558 1486 613 altaribus
1515 556 1866 622 oif'erentur;
1983 554 2074 608 cui
2109 560 2197 609 est
2232 553 2421 606 honor
2452 558 2511 605 et
2541 550 2743 623 gloria,
2778 552 2930 617 laus,
2964 559 3337 627 perpetuitas
3371 578 3504 618 cum
3536 565 3650 621 Deo

209 658 348 714 sicut
379 656 442 712 in
493 649 849 726 Apocalypsi
893 645 1147 703 Joannis
1185 646 1471 718 scriptum
1514 642 1871 709 invenimus,
1984 642 2150 698 Patre
2181 647 2237 697 et
2269 639 2497 712 Spiritu
2529 647 2733 696 sancto
2767 659 2801 696 a
2832 642 3064 698 smeulis
3096 650 3155 701 et
3194 665 3349 706 nunc
3396 656 3453 707 et
3496 670 3648 709 sem-

212 746 335 819 quia
366 745 479 801 sub
509 741 679 799 altari
725 742 901 795 erant
954 735 1172 791 animas
1220 751 1421 791 eorum
1469 732 1571 804 qui
1622 748 1725 802 pro
1756 737 1872 786 Do-
1985 750 2107 803 per,
2139 736 2197 787 et
2226 730 2287 785 in
2320 728 2526 784 omnia
2556 729 2769 786 saecula
2789 731 3163 792 szsculorum.
3193 747 3398 796 Amen.

211 835 338 893 mini
373 834 514 890 Jesu
547 830 787 887 nomine
817 841 1071 899 corpora
1092 840 1201 879 sua
1225 823 1569 879 obtulerunt
1589 821 1873 891 martyrio

166 996 3656 1042 'Mb

556 1155 665 1240 IN
729 1148 1299 1237 AL'I'ERAM
1358 1143 1807 1229 DAVIDIS
1866 1141 2557 1230 APOLOGIAM
2621 1147 3296 1240 ADMONITIO.

294 1528 479 1599 Hujus
510 1522 645 1579 libri
677 1521 832 1577 idem
858 1522 945 1575 est
975 1521 1153 1587 atque
1188 1511 1511 1585 superioris
1543 1514 1977 1599 argumentum.
2009 1513 2085 1599 In
2104 1525 2169 1565 eo
2204 1508 2428 1581 quippe
2460 1512 2810 1599 ostenditur,
2845 1517 2997 1588 quod
3031 1520 3179 1575 sacri
3211 1522 3437 1578 codices
3482 1523 3655 1577 Davi—

230 1619 353 1674 dem
380 1597 728 1687 prodantin
760 1608 1064 1681 geminum
1096 1601 1325 1658 crimen
1360 1599 1653 1665 incidisse,
1687 1597 1955 1653 adulterii
1987 1597 2206 1653 scilicet
2241 1603 2425 1669 atque
2480 1597 2802 1671 homicidii,
2858 1623 2972 1661 non
3021 1626 3151 1665 esse
3204 1627 3309 1664 cur
3337 1611 3655 1684 quisquam

233 1686 575 1762 oll‘endatur.
605 1700 1028 1755 Verumtamen
1060 1692 1183 1748 sive
1214 1689 1348 1762 styli
1381 1689 1731 1761 elegantiam
1763 1691 2011 1758 spectes,
2046 1687 2167 1742 sive
2199 1686 2499 1741 tractandi
2551 1691 2831 1747 rationem
2883 1699 2939 1750 et
2985 1699 3391 1764 (scenomiam,
3428 1705 3653 1757 utrum-

235 1809 341 1867 que
370 1808 525 1864 opus
556 1788 708 1843 inter
738 1803 799 1841 se
827 1783 988 1839 haud
1021 1795 1230 1853 parum
1265 1776 1548 1833 dissidere
1579 1775 1922 1847 comperics.
1955 1774 2564 1867 Enimveroﬂstudiose
2595 1786 2977 1853 accurateque
3008 1783 3117 1838 hoc
3149 1785 3206 1838 in
3232 1792 3346 1840 tres
3368 1794 3561 1858 partes
3583 1792 3657 1845 ab

236 1863 467 1938 auctore
498 1893 607 1933 suo
637 1874 892 1930 divisum
925 1870 1056 1926 fuit.
1091 1869 1156 1923 In
1191 1866 1380 1938 prima
1409 1865 1492 1921 sic
1523 1865 1859 1937 disputatur
1887 1870 2088 1919 contra
2116 1863 2370 1935 gentiles
2403 1864 2551 1937 (cap.
2586 1868 2641 1935 5,
2680 1886 2842 1925 num.
2876 1872 2991 1943 3|),
3024 1877 3090 1927 ut
3117 1873 3319 1944 lapsus
3342 1879 3660 1935 conditioni

237 1970 550 2033 tribuatur,
582 1960 918 2021 emendatio
947 1957 1187 2013 virtuti:
1223 1956 1281 2009 in
1310 1955 1565 2030 secunda
1596 1954 1875 2009 adversus
1904 1952 2139 2008 Judzsos
2169 1953 2614 2009 demonstratur
2644 1957 2763 2013 ideo
2794 1961 3015 2032 lapsum
3042 1978 3154 2017 esse
3181 1968 3436 2021 sanctum
3478 1970 3666 2026 David

236 2057 563 2129 mainptius
592 2053 913 2110 Iudaeorum
935 2034 1174 2120 perfidia
1198 2042 1788 2113 cluudicaret(lbid.);
1850 2041 1905 2095 in
1963 2039 2136 2095 tertia
2192 2040 2481 2129 docentur
2536 2041 2855 2102 Christiani
2913 2049 3024 2104 hac
3078 2049 3137 2103 in
3195 2050 3441 2110 historia
3466 2057 3661 2115 inesse
3720 2060 3723 2065 ’

243 2128 430 2204 multa
460 2141 740 2215 mysteria
769 2144 826 2194 et
854 2139 1097 2210 ﬁguras,
1159 2147 1285 2204 qum
1313 2134 1555 2201 gratiam
1607 2146 1816 2218 quoque
1841 2132 2168 2201 promissam
2190 2128 2523 2200 jamdudum
2553 2135 2858 2189 conciliant
2889 2137 3110 2207 (Ibid.).
3145 2142 3208 2194 In
3271 2142 3458 2213 prima
3497 2153 3662 2218 parte
3742 2162 3768 2179 .

244 2241 446 2292 auctor
477 2230 704 2287 futilem
735 2226 1105 2283 ethnicorum
1137 2219 1523 2290 objectionem
1557 2217 1767 2272 refellit
1796 2218 1944 2290 (cap.
1976 2220 2030 2282 3,
2066 2235 2225 2272 num.
2260 2218 2295 2272 6
2325 2222 2380 2272 st
2410 2221 2558 2288 seq.)
2593 2237 2709 2290 qua
2740 2222 2825 2278 illi
2882 2225 3321 2286 deblaterabant
3340 2234 3467 2290 vitae
3500 2217 3665 2295 inno-

246 2323 498 2381 centiam
530 2317 935 2390 nequidquam
958 2310 1169 2384 jactari
1202 2326 1235 2364 a
1264 2307 1630 2371 Christianis,
1663 2308 1896 2378 quando
1926 2323 2126 2363 eorum
2160 2306 2454 2378 principes
2502 2308 2811 2367 adulteriis
2874 2319 3051 2385 atque
3094 2315 3423 2381 homicidiis
3465 2325 3667 2386 foedati

246 2407 749 2477 eontaminatique
779 2400 1144 2458 exstitissent
1168 2441 1179 2453 .
1212 2396 1271 2451 in
1305 2395 1484 2452 altera
1503 2395 1742 2462 Judaeis,
1765 2397 1864 2467 qui
1889 2394 2158 2451 Davidcm
2180 2398 2279 2449 aut
2303 2393 2677 2451 Salomonem
2703 2398 2899 2457 fuisse
2926 2418 3123 2461 verum
3147 2407 3415 2470 Messium
3446 2421 3669 2475 astrue-

246 2504 411 2566 bant,
443 2494 579 2551 falsi
611 2491 895 2581 convictis
917 2495 1066 2581 (cap,
1095 2488 1147 2581 4,
1182 2487 1445 2581 nui-1112.1.
1471 2487 1529 2581 et
1551 2483 1699 2581 seq.)
1723 2481 1976 2581 validam
2010 2481 2211 2581 adjicit
2247 2482 2703 2581 confutationem
2765 2487 2935 2581 (cap.
2968 2491 3019 2558 4,
3072 2511 3228 2554 num.
3280 2501 3348 2555 26
3399 2506 3454 2559 ct
3493 2524 3613 2579 seq.
3653 2511 3668 2581 )

249 2586 680 2648 haereticorum,
710 2580 810 2653 qui
843 2577 1206 2667 divinitatem
1236 2571 1806 2667 Qhristiinﬁciantes
1833 2570 2220 2667 ipsorummet
2240 2571 2581 2667 fin-daaorum
2615 2576 2950 2667 aequabant
2979 2582 3060 2639 vel
3108 2592 3458 2660 superabant
3497 2570 3669 2667 perii;

250 2680 444 2735 diam:
482 2674 541 2729 in
573 2675 872 2762 postrema
898 2666 1173 2762 denique,
1206 2663 1589 2762 ubiquatuor
1619 2677 1831 2762 magna
1863 2659 2137 2762 mysteria
2166 2660 2414 2762 sub‘l-iac
2444 2660 2692 2762 hiem—ria
2721 2665 2976 2762 Dauidis
3010 2659 3241 2737 menda
3267 2659 3672 2762 aperuit-(cap.

249 2771 308 2839 7,
339 2780 507 2822 num.
539 2762 607 2816 37
638 2763 696 2815 et
727 2760 898 2848 seq),
919 2754 1212 2848 prephette
1230 2751 1459 2848 Nathan
1484 2748 2086 2848 parabolam‘explicat
2106 2749 2357 2848 (capit,
2376 2752 2624 2848 nemp?)
2644 2756 2699 2848 et
2721 2754 2882 2848 seq)?
2911 2762 3124 2829 qulbus
3145 2748 3380 2829 demu‘m
3411 2748 3675 2848 prio‘m-m

256 2836 472 2927 psalmi
504 2844 979 2940 quinquagesimi
1010 2858 1286 2940 versuum
1318 2839 1586 2938 adjungit
1613 2836 2212 2940 expositipnemjcap.
2249 2840 2333 2940 i2,
2361 2856 2521 2904 num,
2636 2845 2694 2895 et
2713 2845 2898 2940 seq.)
2927 2849 3198 2913 Quamvis
3223 2836 3428 2919 auten;
3447 2866 3675 2940 signifi-

256 2926 350 2999 cet
374 2939 653 2996 Davidem
684 2935 807 2990 illic
839 2950 943 3006 pro
974 2948 1036 2988 se
1064 2930 1222 3002 loqui
1258 2946 1325 3019 ac
1357 2946 1417 2984 se
1448 2928 1643 3019 ipsum
1675 2926 2003 3019 defendere,
2034 2928 2285 3019 ingenue
2304 2932 2505 3019 tamen
2540 2929 2848 3019 fatendum
2884 2943 2976 2993 est
3006 2943 3288 3019 quidquid
3326 2952 3399 3009 ibi
3459 2926 3678 3016 dicitur

257 3034 426 3087 extra
454 3024 814 3100 propositam
844 3018 1041 3093 vagari
1071 3016 1397 3083 materiam,
1433 3032 1497 3070 ac
1527 3014 1903 3105 potissimum
1935 3014 1994 3069 in
2017 3013 2319 3105 revincend
2331 3013 2377 3069 is
2406 3015 2637 3105 Arianis
2669 3021 2850 3090 atque
2881 3013 3219 3091 Manichaeis
3241 3042 3476 3099 versari.
3497 3013 3681 3105 Caute—-

260 3134 397 3174 rum
425 3133 541 3171 non
581 3113 720 3168 licet
749 3115 906 3167 certo
948 3108 1330 3180 pronuntiare
1359 3104 1499 3177 quid
1538 3122 1723 3160 causae
1757 3102 1850 3170 sit,
1910 3120 2015 3158 cur
2044 3104 2327 3175 integram
2389 3104 2600 3176 psalmi
2635 3122 2750 3161 non
2810 3110 3137 3175 habeamus
3166 3102 3676 3196 explanationem}

260 3212 465 3264 utrum
499 3202 722 3260 scilicet
753 3198 969 3269 injuria
998 3197 1303 3269 temporis,
1333 3212 1407 3250 an
1430 3194 1733 3265 scriptoris
1761 3192 2134 3282 negligentia,
2168 3209 2238 3247 an
2283 3192 2533 3265 denique
2567 3194 2816 3266 ipsemet
2868 3212 3074 3260 auctor
3101 3225 3206 3280 per
3227 3192 3381 3270 vocis
3411 3192 3681 3282 debilila;

259 3302 380 3353 tem
414 3295 488 3348 de
512 3309 629 3364 qua
658 3292 719 3345 in
749 3289 858 3343 hoc
889 3304 1059 3359 opere
1088 3283 1468 3357 conqueritur
1496 3282 1644 3354 (cap.
1675 3283 1730 3352 5,
1762 3297 1925 3335 num.
1993 3280 2069 3348 8),
2105 3296 2400 3334 sermones
2431 3283 2770 3340 continuare
2798 3286 2969 3344 fuerit
2997 3296 3349 3364 prohibitus.

336 3381 566 3439 Etenim
599 3384 760 3435 extra
789 3375 1238 3432 controversiam
1268 3378 1358 3430 est
1386 3371 1850 3426 lucubrationem
1882 3367 2033 3463 hanc
2064 3368 2435 3424 sermonibus
2466 3369 2562 3441 qui
2597 3371 2669 3424 ab
2698 3387 2764 3427 eo
2797 3392 2910 3431 non
2943 3383 3126 3438 semel
3148 3385 3487 3449 indicantur
3515 3399 3675 3463 (Ibid,

256 3478 316 3531 et
345 3490 475 3543 cap.
511 3470 596 3536 11,
632 3483 796 3523 num.
828 3465 1237 3531 53),:onstare.
1273 3462 1390 3517 Hos
1420 3458 1518 3514 ille
1544 3459 1603 3514 in
1634 3456 1893 3514 Ecclesia
1922 3455 2132 3512 diebus
2162 3456 2347 3528 (Ibid).
2381 3458 2627 3514 diversis
2659 3459 2864 3519 habuit
2894 3475 3027 3536 post
3053 3472 3277 3541 veteris
3311 3455 3670 3543 Τθειαώθοιί

266 3568 446 3632 atque
475 3554 771 3628 Evangelii
802 3552 1075 3608 lectiones
1117 3553 1264 3623 (cap.
1300 3568 1339 3614 ι,
1370 3564 1535 3603 num.
1572 3550 1621 3640 1ἶ
1655 3552 1711 3602 et
1740 3563 1866 3618 cap.
1899 3547 1953 3612 7,
1998 3561 2161 3599 num.
2194 3545 2307 3640 38)..
2360 3546 2482 3610 Quo
2514 3546 2627 3640 loci
2669 3565 2784 3640 non
2818 3553 2921 3608 abs
2971 3574 3031 3612 re
3066 3560 3185 3617 fore
3231 3569 3591 3640 putavimus,
3627 3578 3679 3632 si

261 3647 506 3707 lectoris
535 3645 725 3717 gratia
780 3643 1225 3698 observaremus
1256 3642 1554 3695 auctorem
1608 3635 1763 3691 hunc
1795 3651 1908 3691 non
1964 3650 2132 3690 secus
2157 3650 2223 3689 ac
2278 3634 2472 3704 ipsum
2502 3636 2875 3697 Ambrosium
2927 3642 2984 3698 in
3018 3650 3195 3705 certis
3244 3654 3369 3709 suis
3402 3634 3679 3730 Operibus

264 3753 441 3794 voces
496 3735 693 3790 tectum
753 3735 811 3786 et
864 3731 1147 3785 tedionem
1205 3743 1437 3799 semper
1493 3740 1797 3796 usurpare,
1859 3739 1973 3777 non
2031 3739 2164 3777 vero
2221 3738 2391 3776 voces
2446 3728 2724 3779 cantatum
2782 3734 2885 3783 aut
2915 3731 3180 3802 similes;
3243 3743 3399 3798 unde
3432 3728 3678 3808 forsitan

267 3823 464 3896 colligi
499 3821 683 3895 possit
714 3820 990 3876 lectiones
1019 3823 1076 3874 et
1104 3814 1417 3890 Evangelia
1445 3814 1505 3870 in
1536 3813 1790 3907 liturgiis
1820 3828 1886 3868 eo
1918 3815 2185 3907 tempore
2210 3811 2429 3866 cantari
2462 3829 2834 3907 nequaquam
2867 3819 3058 3889 solita,
3086 3825 3185 3879 sed
3221 3828 3448 3886 recitari
3479 3852 3492 3900 ;
3522 3844 3682 3907 post-

266 3930 453 3987 quam
481 3910 878 3967 recitationem
911 3907 1161 3980 populus
1191 3907 1369 3961 fidem
1401 3920 1570 3959 suam
1599 3902 1897 3973 animique
1928 3899 2294 3995 -obsequium
2345 3902 2596 3973 quadam
2650 3906 2821 3975 quasi
2871 3908 3292 3970 acclamatione
3322 3899 3675 3995 testabatur,

268 4002 433 4075 quod
468 4000 706 4074 signant
735 3996 837 4052 illa
866 3995 1120 4052 auctoris
1151 3994 1331 4051 nostri
1365 3995 1558 4059 verba,
1591 4008 1755 4062 quam
1778 3992 1892 4062 pio,
1925 3989 2135 4061 inquit,
2168 3992 2445 4061 prosecuti
2472 3994 2598 4047 estis
2626 4009 2852 4051 assensu
2882 3997 3031 4070 (cap.
3064 4002 3118 4067 7,
3153 4019 3317 4059 num.
3350 4007 3461 4077 38).

339 4091 521 4147 Porro
553 4086 902 4159 simpliciter
930 4091 1226 4143 auctorem
1258 4086 1525 4139 nostrum
1556 4079 1808 4136 dicimus
1834 4098 1847 4148 ;
1882 4078 2155 4153 est'enim
2186 4096 2299 4134 non
2330 4077 2472 4136 levis
2498 4085 2891 4141 controversia
2922 4087 3182 4157 possitne
3212 4090 3322 4147 hoc
3369 4111 3517 4166 opus
3548 4116 3678 4157 vere

258 4176 592 4250 adjudicari
628 4174 955 4230 Ambrosio.
980 4166 1285 4237 Erasmus,
1334 4187 1507 4243 aquo
1563 4168 1928 4259 primoillud
1978 4167 2194 4259 publici
2220 4168 2375 4238 juris
2427 4170 2642 4225 factum
2678 4178 2786 4240 est,
2839 4176 3067 4231 monuit
3091 4178 3294 4252 (Epist.
3347 4182 3487 4240 huic
3516 4189 3678 4259 Operi

260 4264 523 4341 praeﬁxa)
555 4264 732 4320 etiam
763 4262 813 4320 si
844 4262 978 4318 huic
1004 4261 1118 4333 ipsi
1151 4260 1306 4317 Patri
1338 4259 1725 4316 ascriberetur
1752 4258 1811 4314 in
1845 4274 1911 4314 eo
1942 4273 2116 4328 quem
2148 4258 2441 4314 detexerat
2470 4261 2888 4335 manuscripto,
2923 4262 3166 4322 minime
3204 4271 3401 4326 tamen
3430 4258 3675 4332 Ambro-

258 4355 506 4411 sianum
535 4353 712 4407 videri
741 4370 755 4418 ;
785 4352 884 4407 sed
917 4350 1106 4405 eidem
1138 4348 1358 4404 auctori
1409 4347 1785 4402 tribuendum
1820 4346 1990 4417 cujus
2031 4350 2170 4400 sunt
2198 4344 2333 4400 libri
2380 4348 2455 4401 De
2481 4351 2762 4404 vocatione
2807 4354 3072 4419 gentium.
3108 4354 3211 4409 Cui
3262 4359 3498 4429 quidem
3540 4379 3676 4421 αθη-

255 4460 424 4501 cura:
455 4440 817 4497 stabilienda:
848 4456 963 4495 non
996 4438 1153 4494 aliud
1176 4439 1608 4493 ﬁrmamentum
1632 4433 2069 4507 praestruit,nisi
2086 4434 2219 4507 styli
2244 4435 2933 4512 diversitatem.Namque
2950 4447 3245 4500 auctorem
3271 4449 3668 4509 (\mbrosianae

256 4530 543 4589 dictionis
600 4529 810 4586 asserit
839 4545 969 4585 esse
1022 4530 1104 4583 ita
1130 4527 1369 4598 feliciter
1420 4524 1707 4591 aemulum,
1740 4527 1801 4578 ut
1859 4522 2074 4578 dotibus
2103 4524 2287 4595 aliquo
2340 4528 2667 4595 praecurrat.
2702 4527 2839 4582 Nam
2896 4534 2949 4583 et
2977 4532 3215 4602 explicui.
3273 4536 3591 4609 dilucidius,
3625 4546 3674 4598 et

255 4623 456 4675 minus
486 4636 521 4673 a
551 4635 612 4673 re
638 4619 966 4690 digreditur,
1000 4624 1096 4672 etc.
1131 4614 1400 4671 Gillotius
1430 4629 1459 4668 e
1491 4612 1779 4668 contrario
1809 4611 2061 4667 antistiti
2088 4618 2288 4667 nostro
2321 4614 2717 4684 patrocinatur
2747 4617 3012 4687 (Admon.
3068 4621 3125 4676 in
3162 4622 3265 4679 hoc
3314 4629 3507 4699 opus),
3539 4648 3674 4685 mu-

260 4709 433 4765 nitus
464 4724 754 4764 consensu
787 4706 1344 4777 manuscriptorum,
1396 4719 1543 4774 quos
1574 4718 1688 4756 non
1738 4717 1913 4773 parvo
1960 4717 2202 4756 numero
2252 4701 2664 4772 conquisierat,
2698 4711 2755 4759 et
2806 4706 2862 4760 in
2904 4709 3120 4779 quibus
3168 4718 3410 4783 utraque
3442 4717 3674 4771 Davidis

254 4795 553 4870 Apologia
581 4796 1031 4853 Mediolanensis
1057 4792 1351 4851 Ambrosii
1380 4790 1617 4848 titulum
1647 4806 1717 4846 ex
1746 4806 1913 4862 aequo
1943 4791 2305 4862 praeferrens,
2336 4790 2659 4849 Theodosio
2701 4796 2964 4867 Augusto
3012 4802 3475 4872 nuncupabatur.
3510 4806 3673 4868 Quod

257 4903 407 4944 vero
464 4884 808 4942 elocutionis
866 4884 1267 4957 opponebatur
1317 4880 1730 4952 discrepantia,
1789 4880 1944 4935 idem
2002 4880 2229 4951 reponit
2284 4896 2499 4935 novum
2554 4899 2667 4936 non
2714 4900 2843 4940 esse
2875 4886 2923 4940 si
2955 4893 3195 4942 sanctus
3223 4889 3424 4944 doctor
3455 4908 3557 4961 pro
3590 4910 3671 4958 re,

258 4980 422 5049 loco,
454 4984 732 5049 tempore,
766 4973 1031 5047 personis
1062 4972 1278 5045 stylum
1310 4970 1575 5026 mutavit.
1610 4967 2004 5024 Nihilominus
2034 4973 2227 5022 tamen
2261 4968 2519 5040 plerique
2544 4973 2930 5041 posteriorum
2963 4976 3294 5030 criticorum
3328 4978 3575 5048 pedibus
3613 4981 3672 5036 in

257 5068 500 5127 Επειεωί
524 5065 872 5123 sententiam
904 5062 1244 5126 discessere,
1278 5058 1494 5131 singuli
1520 5057 1754 5114 interim
1789 5074 1995 5112 novam
2027 5056 2282 5128 aliquam
2305 5058 2587 5115 rationem
2613 5060 2970 5132 adjicientes.
2996 5062 3385 5121 Bellarminus
3408 5073 3677 5124 autumat

258 5161 371 5229 (De
403 5157 602 5227 Script.
635 5153 799 5225 Eccl.)
830 5148 1202 5206 Ambrosium
1233 5148 1305 5203 de
1334 5145 1645 5203 scribenda
1675 5146 1931 5201 secunda
1962 5144 2241 5218 Apologia
2285 5147 2694 5219 cogitationem
2747 5150 3089 5221 neutiquam
3138 5151 3318 5208 fuisse
3368 5162 3674 5229 susceptu-

258 5262 449 5302 rum:
484 5245 557 5300 ad
590 5243 711 5298 haec
742 5243 813 5296 ab
843 5241 1090 5294 Auctore
1121 5235 1383 5307 ejusdem
1419 5232 1755 5306 posterioris
1785 5232 2076 5306 Apologia:
2105 5236 2299 5305 negari
2329 5235 2662 5291 adulterium
2695 5237 2913 5292 Davidis
2937 5240 3105 5307 fuisse
3132 5255 3321 5296 verum
3340 5242 3676 5301 adulterium

256 5338 320 5392 et
345 5333 644 5403 allegorice
670 5325 1142 5400 interpretandum
1169 5326 1396 5391 censeri,
1430 5339 1564 5377 cum
1595 5319 1938 5377 Ambrosius
1969 5322 2026 5376 in
2057 5321 2247 5393 priore
2277 5322 2555 5395 Apologia
2587 5323 2728 5379 illud
2779 5330 3078 5395 peccatum
3129 5335 3408 5399 agnoscat
3456 5349 3516 5388 re
3548 5333 3677 5405 ipsa

263 5423 463 5495 fuisse
494 5420 841 5476 admissum.
875 5417 1171 5488 Approbat
1200 5412 1395 5469 omnia
1424 5409 1762 5467 Bellarmini
1792 5418 2137 5483 argumenta
2167 5411 2511 5468 Possevinus
2541 5414 2759 5482 (Appar.
2794 5414 2929 5483 suc.)
2955 5430 3087 5469 cum
3121 5432 3190 5471 ea
3231 5420 3425 5475 tamen
3472 5438 3676 5495 excep-

258 5512 464 5580 tione,
499 5514 562 5565 ut
591 5508 691 5581 qui
722 5502 803 5563 ita
828 5502 1124 5575 maluerit,
1158 5500 1453 5557 existimet
1513 5503 1783 5554 sanctum
1845 5500 2137 5556 doctorem
2170 5506 2225 5556 ct
2258 5501 2409 5555 vario
2441 5499 2588 5571 style
2620 5500 2724 5561 uti,
2752 5504 2808 5554 et
2842 5500 3036 5572 plures
3075 5504 3311 5563 Davidis
3363 5510 3676 5583 Apologias

258 5599 536 5656 scribere
568 5597 848 5668 potuisse,
882 5610 994 5648 non
1027 5589 1198 5647 secus
1229 5604 1294 5642 ac
1324 5587 1594 5642 eumdem
1627 5585 1822 5657 ipsum
1854 5588 2050 5661 plures
2079 5589 2260 5645 libros
2288 5589 2351 5644 de
2380 5590 2822 5659 Interpel/utioiw
2873 5591 3039 5647 David
3081 5595 3388 5669 scripsisse
3419 5616 3679 5672 comper-

258 5696 408 5744 tum
458 5690 566 5743 est.
615 5684 887 5741 Nicolaus
932 5682 1113 5737 Faber
1142 5679 1331 5751 (Epist.
1365 5676 1633 5732 adFront.
1667 5676 1821 5747 Duc.)
1852 5682 2062 5748 praeter
2090 5679 2418 5750 superiores
2451 5677 2723 5746 rationes,
2760 5678 2918 5735 hunc
2974 5680 3192 5741 librum
3242 5687 3322 5743 ait
3381 5705 3497 5744 non
3535 5692 3674 5744 Am-

258 5775 484 5847 brosii,
532 5774 632 5833 sed
689 5770 1039 5846 Origeniani
1068 5767 1374 5839 cujusdam
1423 5782 1570 5837 esse,
1621 5765 1723 5839 qui
1767 5766 2127 5839 Scripturam
2177 5766 2248 5823 ad
2298 5764 2603 5839 allegorias
2638 5768 2998 5830 transferens
3044 5772 3395 5835 lavationem
3435 5776 3676 5836 Bethsa-
