4052 6196
423 319 543 388 927
1867 311 1937 381 8.
1977 312 2023 381 Α

2245 311 2353 381 SI!
3713 313 3845 383 918

425 458 546 517 beas
571 457 864 514 inﬁcietur
891 455 1041 530 (cap.
1073 453 1127 525 8,
1146 469 1310 512 num.
1342 454 1456 520 39).
1485 450 1801 526 Utriusque
1830 458 2026 511 autem
2056 452 2310 512 rationes
2339 449 2562 508 diluere
2592 454 2837 510 conatur
2864 450 3125 526 Theoph.
3166 452 3528 528 Raynandus
3558 456 3704 511 tom.
3734 452 3840 526 XI,

425 548 501 604 De
531 549 687 604 libris
740 546 1097 618 conﬁgendis,
1131 549 1279 619 part.
1314 562 1352 600 1.
1395 548 1538 600 erot.
1579 545 1659 613 IO,
1694 561 1856 599 num.
1892 544 2013 609 185,
2042 558 2213 616 quem
2245 539 2504 598 consule.
2536 544 2866 598 Hermanus
2895 542 2957 598 in
2986 559 3094 598 suo
3141 543 3213 599 de
3262 543 3674 600 Ambrosianis
3697 560 3846 616 ope-

425 635 589 693 ribus
608 636 855 708 judicio,
891 652 1005 692 non
1038 652 1225 709 pauca
1250 651 1378 706 quas
1410 634 1469 689 in
1499 632 1692 706 priore
1719 632 2001 705 Apologia
2025 632 2187 688 dicta
2216 631 2466 695 fuerant,
2513 629 2572 685 in
2615 628 2723 685 hac
2765 629 2970 687 itidem
3022 631 3331 703 posteriori
3384 631 3498 705 legi
3526 633 3847 688 observat:

423 742 536 781 non
569 742 706 800 ergo
737 725 1013 782 credibile
1044 723 1225 780 videri
1261 740 1322 778 ea
1356 722 1700 796 repetitione
1732 738 1907 777 usum
1937 722 2120 778 fuisse
2151 719 2564 776 Ambrosium:
2597 724 2877 791 praeterea
2894 723 3162 775 sanctum
3183 721 3579 793 Augustinum
3602 720 3854 776 laudan-

423 814 497 870 do
527 814 869 888 Apologiam
900 814 1077 869 David
1112 829 1417 882 nunquam
1447 828 1575 867 eam
1606 810 1859 882 primam
1890 809 2216 882 appellare:
2253 808 2566 875 secundam
2597 808 2757 863 Sixto
2789 808 3034 864 Senensi
3056 825 3298 881 prorsus
3318 810 3682 882 incognitam
3706 826 3719 862 :
3746 809 3857 864 de-

423 906 600 976 nique
627 903 813 975 ipsius
844 911 1161 967 auctorem,
1194 905 1484 972 quantum
1516 916 1583 954 ex
1613 899 1897 954 haereticis
1927 915 2177 970 quorum
2210 895 2479 952 meminit
2510 895 2782 970 colligere
2812 901 2921 966 est,
2955 897 3109 954 haud
3143 898 3332 953 serius
3364 899 3569 970 quinto
3617 898 3849 955 seculo

422 993 781 1065 scriptitasse
813 991 899 1062 (In
931 990 1045 1045 ﬁne
1082 990 1217 1046 Vitae
1245 990 1430 1043 Ambr.
1461 987 1606 1043 Gall.
1637 987 1907 1060 scripta).

492 1083 554 1136 In
591 1082 694 1134 hac
724 1079 1060 1134 diversitate
1089 1078 1425 1149 opinionem
1461 1081 1719 1131 nostram
1751 1076 2003 1148 ingenue
2028 1076 2413 1148 proferemus,
2450 1073 2701 1130 liberum
2749 1074 3069 1146 unicuique
3116 1075 3513 1148 relinquentes
3560 1083 3622 1132 ut
3653 1093 3851 1149 quam

420 1171 700 1242 potiorem
733 1185 859 1223 esse
892 1166 1142 1232 duxerit,
1173 1165 1579 1238 amplectatur.
1613 1164 1673 1219 Id
1707 1164 1763 1219 in
1789 1163 2037 1236 gratiam
2068 1163 2283 1220 Gillotii
2314 1163 2678 1219 aflirmemus
2709 1162 2866 1229 licet,
2899 1180 3016 1219 non
3048 1164 3221 1220 modo
3251 1164 3311 1220 in
3338 1164 3411 1220 iis
3431 1166 3647 1237 quibus
3680 1182 3849 1221 usus

419 1266 507 1315 est
536 1258 772 1328 scriptis
803 1255 1122 1321 codicibus,
1155 1271 1354 1309 verum
1389 1253 1563 1309 etiam
1599 1252 1657 1306 in
1689 1251 1847 1308 Italis
1887 1253 2191 1323 exquibus
2238 1253 2635 1323 Milleloquium
2690 1268 2864 1307 suum
2915 1251 3167 1309 Urbinas
3211 1253 3568 1326 compilavit,
3600 1272 3849 1311 necnon

420 1350 478 1404 in
511 1349 628 1403 illis
659 1348 728 1401 ad
764 1363 910 1418 quos
944 1344 1216 1399 eumdem
1249 1341 1672 1414 castigavimus
1701 1344 2033 1406 tractatum,
2066 1341 2356 1396 Ambrosii
2386 1339 2829 1411 inscriptionem
2863 1340 3122 1413 reperiri.
3171 1343 3282 1397 Sed
3334 1348 3392 1398 et
3414 1342 3771 1398 Guillelmus
3812 1360 3853 1398 a

420 1438 632 1493 Sancto
692 1433 1051 1490 Theoderico
1080 1431 1140 1486 in
1198 1429 1554 1503 expositione
1584 1429 1800 1485 Cantici
1855 1428 2213 1485 canticorum
2263 1428 2336 1483 ab
2383 1444 2446 1484 se
2477 1445 2543 1483 ex
2588 1427 2978 1484 tmbrosianis
3009 1429 3314 1485 sententiis
3357 1429 3615 1498 collecta,
3648 1449 3847 1504 quam

419 1542 526 1582 suo
558 1525 684 1580 loco
714 1522 925 1578 edituri
964 1538 1192 1585 sumus,
1224 1518 1513 1574 Ambrosii
1547 1518 1865 1573 secundam
1892 1517 2231 1590 Apologiam
2265 1517 2427 1573 citat.
2459 1516 2674 1573 Verum
2708 1532 2842 1572 cum
2873 1516 2979 1573 hic
3008 1522 3212 1574 auctor
3241 1535 3356 1575 non
3388 1519 3467 1575 sit
3510 1520 3848 1576 admodum

418 1614 646 1686 antiqui
677 1611 802 1677 aevi,
837 1614 1035 1681 utpote
1066 1608 1171 1681 qui
1206 1608 1295 1663 vix
1323 1611 1461 1663 ante
1490 1622 1712 1661 annum
1746 1607 1886 1662 1545
1915 1606 2070 1662 diem
2100 1605 2328 1674 obierit,
2363 1606 2666 1662 fatendum
2699 1610 2787 1663 est
2819 1622 2925 1663 nos
2976 1606 3037 1662 in
3089 1607 3522 1681 manuscriptos
3569 1625 3637 1666 ea
3662 1614 3853 1667 aetate

420 1704 607 1758 multo
637 1700 988 1756 vetustiores
1019 1716 1135 1753 non
1167 1696 1464 1752 incidisse.

488 1790 630 1846 Addi
654 1788 828 1843 etiam
862 1803 965 1860 pro
997 1783 1307 1841 Gillotiana
1339 1782 1623 1839 sententia
1658 1786 1846 1855 potest
1875 1787 2172 1839 auctorem
2202 1800 2318 1856 quo
2349 1784 2423 1839 de
2452 1783 2703 1856 agimus,
2737 1783 2904 1856 queri
2961 1785 3117 1858 quod
3145 1801 3246 1858 per
3288 1787 3652 1857 frag:litatem
3689 1804 3855 1845 vom

418 1882 482 1935 ut
504 1880 631 1954 ipse
654 1876 937 1948 loquitur,
962 1890 1177 1931 munem
1203 1876 1396 1930 seriem
1428 1889 1533 1929 non
1564 1888 1781 1944 possum
1808 1873 2028 1943 explere
2057 1877 2321 1929 tractatus
2369 1874 2518 1945 (cap.
2550 1874 2606 1943 5,
2636 1888 2800 1928 num.
2847 1872 2961 1945 28).
3014 1876 3201 1942 Quam
3252 1875 3491 1948 quidem
3537 1876 3854 1948 querimo-

416 1967 573 2023 niam
605 1965 662 2020 in
694 1964 859 2020 libris
891 1979 1123 2035 quoque
1152 1963 1224 2018 de
1271 1962 1639 2019 Sacramentis
1668 1962 1962 2016 advertere
2011 1965 2099 2017 est
2123 1961 2247 2031 (lib.
2306 1980 2351 2030 ly
2379 1978 2507 2034 cap.
2557 1963 2667 2030 16).
2701 1961 3000 2034 Numquid
3054 1966 3249 2018 autem
3282 1980 3346 2020 ea
3397 1963 3569 2020 liceat
3601 1981 3851 2021 accom-

416 2056 653 2111 modare
682 2051 989 2109 Ambrosio
1033 2055 1231 2107 nostro
1254 2049 1281 2105 ?
1311 2050 1475 2106 Certe
1520 2050 1914 2121 Augustinum
1946 2049 2017 2104 de
2072 2049 2200 2122 ipso
2234 2048 2558 2122 reperimus
2602 2049 2865 2107 locutum
2896 2050 2955 2106 in
3005 2050 3127 2107 haec
3157 2052 3367 2108 verba:
3420 2054 3745 2125 Quanquam
3782 2065 3849 2112 ει

409 2161 575 2201 causa
601 2141 885 2198 servandac
912 2143 1074 2208 vocis,
1108 2157 1225 2211 quae
1255 2140 1345 2195 illi
1370 2140 1539 2211 facile
1566 2137 1989 2205 obtundebalur,
2022 2140 2124 2204 etc,
2159 2139 2282 2209 (lib.
2315 2142 2643 2211 v1.00n/‘ess.
2699 2156 2827 2211 cap.
2876 2141 2930 2208 3,
2965 2157 3131 2196 num.
3176 2141 3252 2213 3).
3283 2141 3396 2197 Sed
3445 2141 3502 2197 in
3548 2148 3841 2216 promptu

413 2232 670 2290 succurit
721 2248 788 2287 ea
838 2228 1165 2302 responsio,
1208 2246 1322 2285 non
1356 2227 1657 2284 insolitum
1707 2244 1836 2284 esse
1866 2227 2397 2293 concionatoribus,
2449 2233 2516 2283 ut
2543 2230 2702 2284 vocis
2750 2245 2869 2284 suae
2898 2234 3177 2287 accusent
3222 2229 3621 2303 fragilitatem.
3675 2232 3841 2289 Hinc

410 2321 684 2389 Basilius,
745 2320 982 2375 Homllm
1039 2320 1097 2373 in
1152 2320 1428 2389 psalmum
1476 2319 1745 2388 primum,
1806 2315 2010 2387 queriti

2242 2362 2245 2371 ,
2277 2316 2576 2373 difﬁcilem
2609 2334 2738 2374 esse
2766 2329 2859 2387 τὴν
2889 2326 3061 2377 διακον
3088 2345 3150 2376 αν
3172 2331 3259 2377 τοῦ
3290 2328 3440 2391 λόγου
3472 2329 3550 2377 διὰ
3574 2333 3670 2389 τὴν
3702 2331 3842 2382 σύν·

409 2426 588 2476 τροφον
617 2409 870 2461 ἀσθένειαν
898 2410 985 2466 τῆς
1015 2409 1175 2471 φωνῆς
1202 2406 1330 2468 ἡμᾶς
1359 2404 1701 2464 ἐπιλειπούσης
1719 2436 1733 2452 .

482 2491 643 2555 Quod
672 2490 744 2546 ad
780 2487 945 2543 Fabri
977 2486 1312 2558 Opinionem
1344 2484 1573 2552 attinet,
1605 2487 1899 2540 auctorem
1930 2500 1962 2540 e
1992 2489 2146 2540 secta
2173 2484 2640 2557 Origenistarum
2671 2484 2875 2555 fuisse,
2909 2502 3045 2543 enm
3076 2486 3461 2544 Bethsabeam
3491 2494 3622 2545 ante
3670 2490 3843 2562 regis

410 2580 693 2654 palatium
725 2577 951 2632 lavasse
980 2574 1311 2647 negaverit;
1346 2572 1771 2644 respondemus
1800 2570 1857 2627 id
1891 2590 2032 2629 sane
2052 2572 2113 2628 in
2145 2572 2281 2629 Uria
2308 2573 2504 2645 objici.
2538 2573 2913 2630 Manifestum
2946 2574 3164 2648 quippe
3181 2576 3484 2649 estipsum
3507 2577 3650 2633 locis
3681 2578 3844 2635 bene

411 2667 615 2725 multis
646 2666 795 2739 (cap.
841 2666 896 2733 2,
926 2680 1091 2720 num.
1122 2664 1177 2718 5.
1213 2679 1338 2734 cap.
1383 2663 1437 2729 3,
1473 2678 1632 2718 nam.
1689 2662 1775 2733 l2,
1808 2665 1865 2717 et
1907 2661 2067 2734 alibi)
2099 2665 2284 2718 totam
2333 2662 2590 2719 historiae
2623 2663 2837 2719 seriem
2885 2679 2991 2736 pro
3023 2679 3156 2719 vera
3198 2664 3546 2732 admittere;
3582 2666 3743 2722 unde
3778 2668 3839 2722 si

410 2757 785 2828 postmodum
814 2753 977 2808 illam
1011 2766 1125 2807 non
1156 2750 1413 2817 litterali,
1447 2752 1546 2806 sed
1573 2749 1882 2823 allegorice
1914 2767 2092 2807 sensu
2118 2743 2519 2824 accipiendam
2562 2752 2874 2825 signiﬁcet,
2910 2752 2967 2807 in
3016 2754 3127 2808 hoc
3160 2753 3411 2810 maxime
3460 2759 3701 2810 secutus
3732 2761 3836 2811 est

410 2847 647 2903 beatum
679 2842 1080 2909 Ambrosium,
1116 2840 1215 2913 qui
1248 2856 1362 2896 non
1396 2839 1573 2895 semel
1596 2840 1655 2894 in
1689 2839 2046 2895 enucleando
2078 2856 2320 2896 sensum
2354 2842 2667 2914 mysticum
2697 2840 2955 2897 historia:
2986 2842 3290 2898 veritatem
3331 2842 3564 2915 penitus
3588 2844 3839 2900 videtur

409 2937 726 2992 destruere.
757 2934 906 3003 Lege
937 2934 1135 2985 notam
1166 2928 1358 2984 verbis
1389 2946 1419 2983 e
1447 2945 1574 3000 cap.
1607 2929 1661 2995 8,
1695 2945 1858 2983 num.
1890 2928 1981 2994 39,
2012 2929 2073 2985 in
2104 2928 2242 2985 edit.
2278 2930 2445 2985 Rom.
2471 2928 2717 2987 revulsis
2744 2929 3137 3002 suppositam.

478 3026 550 3080 At
600 3021 850 3096 primam
900 3025 1131 3074 tantum
1178 3017 1517 3090 Apologiam
1565 3019 1637 3072 ab
1668 3018 1996 3090 Augustino
2044 3020 2339 3092 cognitam
2372 3022 2540 3092 urget
2589 3019 3027 3076 eruditissimus
3057 3005 3405 3093 Theologus.
3459 3021 3637 3095 Esto;
3676 3022 3834 3094 quid

409 3114 564 3170 enim
599 3110 954 3167 incommodi
977 3109 1025 3165 si
1055 3106 1453 3163 Ambrosianas
1485 3105 1925 3163 lucubrationes
1957 3106 2015 3162 in
2049 3124 2260 3163 manus
2289 3106 2601 3181 Augustini
2634 3124 2749 3164 non
2781 3124 2985 3165 omnes
3014 3107 3430 3181 pervenerint?
3454 3109 3654 3182 Neque
3686 3128 3829 3169 vero

409 3220 477 3258 ex
506 3201 740 3257 silentio
766 3199 907 3254 Sixti
940 3197 1099 3253 aliud
1131 3196 1425 3261 conficias,
1462 3194 1574 3249 nisi
1604 3200 1708 3250 aut
1737 3194 1820 3249 illi
1849 3197 2151 3267 cognitum
2180 3213 2298 3252 non
2326 3188 2507 3253 fuisse
2537 3198 2695 3253 hunc
2724 3196 2964 3267 librum,
2999 3200 3102 3253 aut
3130 3197 3324 3269 ipsum
3361 3198 3434 3253 de
3483 3215 3549 3254 eo
3581 3204 3830 3256 senten-

408 3291 552 3347 tiam
585 3292 732 3347 ferre
756 3286 1036 3344 noluisse.
1071 3286 1180 3342 Sed
1214 3301 1319 3341 nec
1348 3284 1525 3341 etiam
1557 3288 1647 3341 est
1676 3285 1829 3356 quod
1859 3285 2105 3341 miretur
2136 3285 2351 3358 aliquis
2381 3284 2430 3341 si
2482 3285 2685 3342 doctor
2728 3289 2926 3343 noster
2969 3286 3267 3360 geminam
3312 3287 3492 3343 David
3524 3287 3835 3345 defensio-

412 3396 542 3435 nem
579 3376 898 3450 scripserit,
931 3391 1065 3431 cum
1097 3375 1222 3444 ipse
1251 3377 1527 3428 testatum
1562 3373 1863 3444 reliquerit
1892 3390 1926 3428 a
1955 3390 2018 3430 se
2050 3373 2250 3446 plures
2281 3373 2464 3430 libros
2497 3375 2563 3430 de
2590 3375 2735 3457 Elia:
2757 3376 2924 3445 gestis
2969 3362 3092 3446 (lib.
3125 3375 3189 3431 de
3234 3376 3359 3431 Elia
3389 3380 3439 3431 et
3476 3377 3660 3449 Jejun.
3695 3394 3833 3453 cap.

408 3473 464 3535 3,
528 3484 689 3524 num.
748 3468 824 3537 5),
889 3481 955 3519 ac
990 3468 1068 3519 De
1114 3463 1341 3518 historia
1396 3462 1587 3534 Ioseph
1642 3461 1765 3534 (lib.
1827 3463 1901 3517 De
1950 3463 2149 3535 Joseph'
2196 3465 2442 3519 Patr-iur.
2502 3480 2628 3536 cap.
2674 3466 2731 3532 6,
2785 3468 2951 3519 num.
3000 3464 3091 3533 30,
3133 3469 3192 3520 et
3239 3481 3365 3537 cap.
3414 3467 3471 3531 7,
3512 3482 3679 3521 num.
3733 3469 3833 3540 38)

412 3555 766 3630 compositos
794 3569 954 3609 esse:
990 3567 1242 3623 cumque
1266 3551 1441 3607 etiam
1476 3567 1631 3607 nunc
1661 3549 1832 3607 binos
1863 3551 1991 3623 ejus
2022 3551 2081 3606 in
2106 3551 2506 3608 Abrahamum
2536 3550 2718 3609 libros
2748 3551 3097 3620 habeamus,
3127 3551 3227 3608 ubi
3257 3553 3492 3610 eosdem
3523 3570 3831 3611 sacrarum

411 3646 758 3722 paginarum
789 3642 967 3707 locos,
990 3641 1126 3695 licet
1157 3656 1271 3695 non
1304 3642 1505 3695 eodem
1537 3656 1713 3696 sensu
1745 3640 2012 3712 explicat,
2045 3640 2249 3697 multis
2274 3644 2468 3697 tamen
2514 3641 2820 3697 sententiis
2850 3657 2999 3713 quas
3034 3641 3160 3714 jam
3192 3644 3326 3697 ante
3371 3640 3599 3699 calamo
3623 3660 3830 3700 exara-

412 3738 571 3792 verat
598 3731 837 3789 iteratis.
1466 3774 1471 3781 .
2928 3784 2937 3793 ,

487 3830 561 3878 De
593 3822 725 3893 styli
774 3837 909 3876 vero
940 3819 1275 3875 diversitate
1320 3833 1497 3889 quam
1521 3817 1647 3886 jam
1698 3817 1863 3873 initio
1904 3817 2253 3889 agnovimus
2301 3833 2430 3874 esse
2462 3807 2856 3885 manifestam,
2908 3823 2972 3875 ut
3001 3821 3159 3892 quod
3212 3804 3527 3888 sentimus,
3560 3823 3825 3894 apertius

410 3909 869 3984 explicatiusque
922 3906 1287 3980 proferamus
1330 3905 1425 3961 hic
1467 3909 1672 3960 auctor
1726 3905 1958 3960 tametsi
2007 3905 2428 3962 Ambrosianas
2495 3905 2819 3965 locutiones
2875 3910 3150 3982 frequens
3217 3909 3475 3977 adhibet,
3532 3910 3684 3967 alias
3738 3916 3826 3967 ta-

414 4018 546 4057 men
574 4001 776 4055 crebro
808 3999 1053 4068 usurpat
1083 4012 1210 4067 qua
1242 3992 1386 4049 nihil
1418 3993 1650 4065 sapiant
1702 3993 2095 4049 Ambrosiani.
2152 3984 2270 4051 Hoc
2336 3999 2531 4051 autem
2599 3996 2851 4054 maxime
2916 3995 3037 4053 illic
3103 3998 3396 4066 observes,
3467 3999 3566 4055 ubi
3596 3999 3825 4056 audito-

413 4106 501 4145 res
532 4104 672 4144 suos
720 4085 931 4141 blande
963 4083 1312 4156 appellando
1361 4096 1564 4137 eorum
1596 4081 1705 4135 sibi
1758 4081 2216 4139 benevolentiam
2244 4083 2530 4140 conciliat.
2590 4085 2699 4140 Sed
2733 4101 2838 4141 nec
2888 4084 3030 4141 illud
3063 4085 3297 4142 difﬁteri
3346 4086 3483 4143 licet
3538 4105 3651 4144 non
3703 4106 3827 4145 esse

414 4178 593 4234 moris
623 4175 931 4231 Ambrosio
981 4178 1098 4229 tam
1131 4171 1299 4228 anxie
1346 4174 1626 4241 tantaque
1659 4187 1791 4226 cum
1846 4175 1968 4227 arte
1998 4184 2167 4228 suam
2213 4172 2415 4246 partiri
2446 4174 2776 4242 materiam,
2827 4175 3079 4249 ejusque
3109 4168 3382 4233 membra
3431 4177 3687 4235 subinde
3729 4196 3828 4235 au-

416 4267 671 4321 ditorum
706 4264 824 4319 sive
853 4263 1132 4318 lectorum
1165 4260 1381 4316 animis
1409 4259 1691 4330 ingerere.
1726 4260 1847 4315 Huc
1878 4259 2051 4315 etiam
2086 4261 2221 4316 addi
2252 4266 2479 4333 poterat
2508 4262 2616 4319 hoc
2646 4264 2703 4318 in
2751 4280 2924 4336 opere
2953 4264 3271 4320 nonnullos
3315 4266 3631 4337 Scripturze
3672 4267 3825 4323 locos

416 4354 585 4427 paulo
618 4352 783 4407 aliter
814 4350 1001 4416 citari,
1034 4367 1210 4423 quam
1245 4350 1304 4404 in
1335 4348 1614 4405 admissis
1645 4348 1938 4405 Ambrosii
1968 4340 2266 4422 operibus,
2292 4354 2709 4424 auctoremque
2738 4353 2953 4409 alicubi
2987 4354 3137 4426 (cap.
3166 4352 3299 4422 ult.,
3332 4372 3499 4411 num.
3544 4357 3658 4425 66).
3689 4355 3825 4412 Vul-

416 4449 549 4515 gata
574 4440 837 4495 versione
871 4456 1044 4495 usum
1075 4438 1276 4495 videri.
2000 4454 2005 4459 ‘

485 4529 619 4592 Quae
652 4526 886 4599 quidem
920 4528 1174 4583 rationes
1199 4528 1248 4583 si
1299 4527 1623 4583 habeantur
1655 4526 1873 4582 idoneae
1896 4531 1960 4581 ut
1990 4526 2098 4583 hoc
2142 4529 2336 4600 operis
2359 4528 2667 4585 Ambrosio
2714 4529 3101 4601 adjudicetur,
3134 4532 3346 4603 poterit
3392 4532 3572 4588 etiam
3623 4532 3824 4605 conjici

415 4635 483 4674 ex
516 4618 588 4671 iis
620 4615 916 4687 quaeinibi
948 4615 1019 4671 de
1048 4615 1279 4671 duabus
1308 4614 1522 4671 Christi
1571 4614 1969 4671 voluntatibus
2018 4619 2192 4687 atque
2240 4616 2675 4688 operationibus
2719 4619 3035 4675 traduntur
3083 4620 3230 4692 (cap.
3252 4622 3309 4685 7,
3351 4636 3517 4677 num.
3566 4622 3655 4688 38,
3702 4638 3818 4693 cap.

417 4708 502 4775 l2,
538 4721 703 4761 num.
734 4704 825 4768 62,
857 4705 946 4770 64,
979 4707 1036 4758 et
1067 4703 1243 4774 aliis),
1277 4711 1570 4759 anctorem
1598 4708 1730 4775 post
1760 4709 2021 4759 exortam
2054 4704 2568 4761 Monothelitarum
2596 4706 2867 4763 haeresim
2900 4707 2959 4762 in
2990 4707 3133 4762 vivis
3166 4709 3375 4780 egisse.
3432 4710 3496 4764 In
3538 4726 3606 4764 ea
3635 4716 3817 4764 autem

412 4793 702 4852 sententia
731 4790 956 4847 clarum
987 4795 1077 4847 est
1105 4791 1322 4862 ipsum,
1358 4791 1628 4863 quisquis
1661 4791 1759 4848 ille
1790 4792 1886 4861 sit,
1912 4793 2356 4850 Ambrosianam
2388 4793 2734 4868 Apologiam
2766 4794 2877 4852 sibi
2907 4796 3284 4869 proposuisse
3332 4792 3711 4861 imitandum,
3760 4800 3813 4850 et

414 4902 527 4942 non
561 4882 753 4939 solum
786 4896 852 4935 ex
884 4896 952 4936 ea
993 4881 1049 4934 in
1076 4895 1225 4951 opus
1272 4896 1447 4934 suum
1479 4880 1732 4951 plurima
1761 4897 1891 4951 quae
1921 4879 2276 4954 amplificata
2295 4882 2442 4956 stylo
2473 4899 2582 4940 suo
2633 4885 3096 4941 accommodavit
3123 4887 3270 4959 (cap.
3323 4886 3376 4953 3,
3414 4885 3813 4949 transtulisse;

415 4973 515 5029 sed
561 4969 739 5028 etiam
798 4985 866 5025 ex
923 4967 1054 5024 aliis
1115 4967 1301 5023 sancti
1362 4967 1616 5023 doctoris
1675 4970 2291 5042 commentationibus,
2348 4972 2604 5028 maxime
2659 4987 2729 5029 ex
2785 4989 2852 5029 eo
2910 4974 3037 5030 loco
3096 4974 3424 5042 Comment,
3484 4975 3544 5029 in
3577 4974 3813 5044 Evange-

416 5061 557 5117 lium
628 5060 815 5125 Luem,
884 5057 983 5112 ubi
1044 5074 1150 5112 cur
1203 5071 1235 5111 e
1289 5056 1693 5128 peccatoribus
1751 5057 2038 5131 originem
2096 5061 2308 5115 ducere
2365 5060 2597 5118 Christo
2652 5061 2960 5134 placuerit,
3023 5057 3437 5136 inquiritur.Et
3492 5063 3604 5119 hoc
3645 5072 3803 5132 argu-

416 5153 678 5205 mentum
727 5147 1022 5204 videretur
1068 5162 1253 5201 unum
1304 5147 1573 5201 sufficere
1623 5146 1695 5200 ad
1736 5147 2149 5203 vindicandam
2198 5150 2503 5206 Ambrosio
2550 5152 2870 5207 secundam
2919 5149 3078 5207 illam
3122 5153 3488 5227 Apologiam,
3540 5168 3668 5207 cum
3697 5163 3799 5204 non

417 5237 605 5292 multo
636 5243 766 5308 post
796 5234 1042 5292 lectores
1072 5235 1143 5290 ad
1174 5234 1552 5306 scriptionem
1584 5235 1902 5306 quamdam
1928 5236 2207 5305 remittat,
2229 5253 2409 5310 quam
2434 5238 2561 5311 ipse
2589 5240 2648 5295 in
2679 5238 2988 5297 historiam
3021 5242 3199 5299 David
3229 5240 3686 5307 elucubraverit;
3717 5234 3805 5293 sed

348 5357 371 5369 -
418 5324 466 5377 ei
500 5325 710 5379 rationi
744 5324 897 5380 istuc
927 5325 1127 5392 ot'licit,
1162 5324 1317 5396 quod
1348 5339 1476 5395 quae
1509 5324 1767 5395 proxime
1798 5328 1931 5379 ante
1963 5330 2348 5382 memoratam
2395 5327 2731 5385 citationem
2784 5328 3084 5403 leguntur,
3130 5329 3193 5386 in
3236 5331 3430 5404 prima
3452 5331 3798 5406 reperiuntur

416 5409 715 5480 Apologia.
749 5412 850 5468 llis
882 5412 1277 5484 igiturcausis
1335 5412 1593 5479 adducti,
1627 5411 1877 5468 liberum
1935 5412 2007 5469 de
2036 5417 2272 5472 auctore
2327 5416 2507 5488 hujus
2530 5415 2715 5474 libelli
2771 5416 2975 5476 lectori
3000 5435 3131 5478 esse
3187 5419 3519 5488 voluimus;
3576 5427 3803 5488 cumque

417 5496 624 5551 saltem
648 5499 748 5565 jus
779 5500 932 5554 sitin
967 5505 1267 5573 arrihiguo,
1301 5502 1732 5573 possessionem
1765 5518 1892 5573 quae
1924 5502 2208 5560 hactenus
2256 5520 2436 5575 penes
2489 5506 2871 5563 Ambrosium
2932 5507 3060 5574 fuit,
3092 5508 3282 5564 eidem
3342 5524 3462 5564 non
3495 5504 3803 5580 putavimus

420 5585 841 5639 abrogandam.

420 5586 841 5654 abrogandam.
