4052 6196
1744 515 2185 523 ᾒ-ς-τσψ-φ-οσμον-ς-οο,
2199 519 2225 522 ,ρ
2276 518 2391 523 ,μυ-ν
2426 516 2635 522 -κΑ-.-»Αν-ν...

1443 349 1838 415 APOLOGIA
1879 350 2125 415 DAVlD
2168 350 2503 415 ALTERA.

929 722 1747 881 SANCTI
1939 618 3033 880 AMBROStt

3558 335 3678 423 930

2276 518 2391 523 ,μυ-ν
2426 515 2893 522 -κΑ--»Αν-νμν-....ιὴρμ.τ,ᾲ

2156 527 2621 541 -.-ηήὑ-Λο---Ὴ-ς-
2642 534 2783 540 -———

1511 996 2084 1056 MEDIOLANENSIS
2122 996 2438 1053 EPISCOPI

1187 1189 2032 1325 APOLOGIA
2139 1193 2747 1319 ALTERA

1446 1451 2061 1539 PROPHETfE
2127 1453 2472 1538 DAVID
2491 1521 2508 1537 .

1774 1636 2181 1647 ——_————

680 1760 910 1816 τοῦ-7
948 1760 1178 1817 CAPUT
1208 1761 1515 1818 PRIMUM.

264 1846 540 1922 Quosdam
563 1845 771 1922 oﬂ‘endi
794 1866 949 1920 posse
982 1849 1123 1922 quod
1154 1853 1213 1906 in
1269 1851 1604 1906 adulterium
1664 1849 1919 1907 inciderit

338 1920 537 1983 David,
565 1919 616 1973 et
654 1919 902 1976 Christus
930 1919 1171 1976 oblatam
1196 1923 1306 1976 sibi
1333 1922 1642 1978 adulteram
1679 1922 1919 1977 absolve-

334 1994 418 2044 rit
446 1994 726 2064 :maxime
759 2008 886 2046 vero
923 1993 1069 2060 quod
1120 1994 1269 2051 idem
1325 1994 1590 2064 propheta
1642 1996 1922 2064 peccatum

336 2063 678 2130 evulgaverit
707 2079 884 2118 suum.
919 2063 1041 2130 Sed,
1088 2069 1151 2120 ut
1187 2063 1359 2119 David
1411 2063 1698 2128 erraverit,
1757 2063 1922 2118 Chri-

334 2140 479 2207 stum
515 2148 707 2207 errare
742 2149 851 2189 non
904 2137 1141 2207 potuisse
1179 2136 1483 2192 ostenditur
1509 2153 1531 2197 ;
1585 2135 1922 2207 proindeque

333 2203 699 2279 σᾳ*ρίράωᾴοδ
736 2222 842 2271 eos,
900 2203 998 2278 cui
1046 2207 1146 2262 Dei
1198 2208 1462 2279 potentia
1500 2203 1600 2264 vcl'
1626 2203 1919 2279 providen-

336 2274 433 2332 tiae
463 2274 780 2332 detrahunt.

339 2382 389 2435 1.
422 2384 690 2438 Fortasse
721 2381 1032 2455 plerosque
1064 2383 1278 2457 psalmi
1327 2385 1541 2441 titulus
1592 2383 1919 2453 offenderit,

262 2486 444 2542 quem
477 2471 726 2527 audistis
756 2471 867 2545 legi
894 2489 906 2528 :
942 2474 1099 2545 quod
1129 2474 1350 2529 venerit
1379 2474 1449 2529 ad
1482 2473 1659 2530 David
1691 2473 1920 2529 Nathan

258 2558 570 2630 propheta,
603 2576 735 2615 cum
781 2560 1019 2616 intravit
1076 2562 1145 2618 ad
1210 2562 1566 2619 Bethsabee:
1624 2563 1921 2634 simulque

261 2648 444 2703 etiam
478 2665 590 2704 non
643 2649 993 2706 mediocrem
1051 2650 1395 2725 scrupulum
1450 2669 1679 2709 movere
1734 2651 1923 2724 potuit

260 2736 559 2808 imperitis
598 2738 888 2810 Evangelii
922 2739 1111 2807 lectio,
1145 2756 1273 2812 qua:
1303 2740 1552 2797 decursa
1573 2746 1683 2809 est,
1716 2740 1775 2796 in
1805 2756 1921 2812 quo

260 2824 602 2881 advertistis
631 2825 956 2882 adulteram
984 2826 1211 2883 Christo
1240 2827 1517 2896 oblatam,
1535 2829 1921 2902 eamdemque

259 2911 395 2968 sine
409 2913 787 2970 damnatione
801 2916 1105 2972 dimissam
1128 2919 1305 2986 (Joan.
1339 2935 1458 2974 VIII.
1477 2919 1587 2989 11).
1618 2919 1765 2974 Nam
1786 2934 1919 2990 pro-

262 3000 418 3057 lecto
447 3002 497 3057 si
530 3003 664 3074 quis
680 3020 748 3059 ea
775 3004 1021 3061 auribus
1043 3005 1290 3079 accipiat
1304 3006 1529 3075 otiosis,
1557 3008 1917 3064 incentivum

264 3090 766 3159 errorisincurrit,
798 3110 930 3149 cum
958 3094 1109 3167 leget
1140 3097 1326 3151 sancti
1343 3094 1449 3151 viri
1471 3095 1845 3164 adulterium,
1864 3099 1921 3151 et
1948 3134 1996 3198 B

264 3178 532 3198 ,ι
599 3183 611 3198 .
706 3181 721 3198 .
774 3184 809 3198 ..
1054 3183 1065 3198 .
1626 3185 1641 3198 .
1790 3184 1884 3198 ...

258 3178 542 3236 adultera
562 3181 986 3239 absolutionem
1014 3201 1027 3251 ;
1052 3183 1308 3239 humano
1327 3185 1748 3257 propemodum
1772 3184 1917 3239 divi-

258 3283 462 3341 noque
492 3271 694 3342 lapsus
725 3271 1013 3344 exemplo.
1033 3273 1187 3344 quod
1220 3277 1276 3328 et
1305 3272 1481 3329 homo
1511 3275 1737 3346 putavit
1756 3272 1918 3329 adul-

256 3358 479 3413 terium
494 3376 623 3416 esse
637 3361 989 3423 faciendum,
1011 3368 1067 3416 et
1085 3366 1234 3417 Deus
1253 3361 1541 3418 censuerit
1565 3361 1917 3418 adulterium

254 3460 381 3502 non
410 3463 539 3503 esse
576 3449 1003 3506 damnandum.
1039 3449 1289 3506 Lubrica
1317 3450 1498 3523 igitur
1555 3452 1626 3506 ad
1684 3450 1915 3523 lapsum

254 3535 355 3590 via
384 3536 471 3592 vel
502 3538 682 3594 venia:
716 3538 803 3594 vel
832 3539 1336 3610 concupiscentiae.

343 3633 397 3684 2.
430 3627 663 3684 Accedit
693 3627 858 3697 illud,
893 3629 1045 3700 quod
1083 3628 1240 3701 ipsas
1257 3628 1411 3684 faces
1435 3628 1722 3700 juvenilis
1750 3627 1918 3683 lasci-

250 3719 363 3775 vias
394 3718 622 3774 videtur
650 3718 1003 3785 accendere;
1038 3717 1176 3789 quia
1207 3718 1561 3773 adulterium
1591 3734 1765 3773 suum
1800 3733 1914 3772 non

253 3807 584 3873 erubuerit,
616 3822 730 3861 non
765 3805 1035 3861 celaverit
1067 3822 1079 3859 :
1126 3807 1224 3861 sed
1274 3807 1527 3878 quadam
1560 3806 1739 3861 divini
1792 3823 1914 3862 car-

251 3896 442 3955 minis
475 3894 879 3969 przedicaiione
907 3894 1181 3968 vulgarit.
1213 3895 1365 3961 Quid
1394 3912 1529 3969 ergo
1560 3900 1679 3952 tam
1720 3894 1914 3969 impu-

253 3987 432 4053 dens,
463 3989 583 4040 tam
615 3982 978 4055 improvidus
1007 3987 1247 4041 sanctus
1278 3983 1454 4040 David
1510 3984 1638 4053 fuit,
1681 3989 1745 4040 ut
1791 3985 1917 4056 ipse

246 4091 433 4130 suum
465 4076 726 4129 cantaret
754 4071 1093 4144 oprobrium
1128 4089 1140 4127 :
1177 4073 1430 4129 maxime
1482 4087 1616 4128 cum
1675 4073 1799 4146 ipse
1853 4073 1911 4128 in

244 4163 370 4219 alio
400 4178 656 4234 quoque,
698 4161 800 4232 qui
834 4160 1005 4216 hodie
1021 4160 1303 4217 decursus
1319 4160 1663 4234 est,psalmo
1682 4162 1909 4219 dixerit:

248 4276 279 4301 ‹‹
325 4251 667 4322 Usquequo,
700 4254 1052 4321 peccatores,
1089 4249 1351 4318 Domine,
1386 4267 1691 4323 usquequo
1717 4267 1915 4324 pecca-

243 4346 412 4395 tores
432 4337 841 4412 gloriabuntur
857 4337 1025 4409 (Psal.
1050 4354 1208 4406 καίει,
1232 4339 1286 4410 3)
1307 4337 1336 4393 ?
1356 4360 1385 4389 ››
1399 4337 1564 4394 Alios
1585 4339 1656 4395 de
1679 4345 1911 4411 peccato

241 4426 493 4502 gloriari
540 4427 835 4499 prohibet,
893 4431 951 4482 et
980 4426 1105 4498 ipse
1135 4426 1312 4483 etiam
1369 4433 1596 4483 sacrato
1654 4428 1910 4484 carmine

243 4515 554 4590 gloriatur.
587 4515 888 4580 Quomodo
918 4515 1099 4587 igitur
1130 4514 1243 4571 ista
1284 4512 1708 4588 distinguimus
1738 4516 1766 4572 ξ)

321 4606 377 4661 3.
412 4606 549 4661 Esto
579 4609 798 4672 tamen,
824 4604 1001 4659 David
1023 4603 1354 4676 petulanter
1374 4605 1682 4660 errraverit
1702 4624 1715 4662 :
1737 4624 1906 4663 num-

243 4693 396 4768 quid
430 4696 489 4749 et
514 4693 782 4750 Christus
804 4693 1036 4761 erravit,
1070 4696 1135 4748 ut
1163 4697 1438 4766 putemus
1469 4708 1602 4749 eum
1643 4710 1756 4751 non
1818 4714 1906 4752 re-

243 4788 417 4839 ctum
447 4781 729 4838 habuisse
754 4781 1043 4854 judicium
1067 4781 1094 4836 ?
1117 4782 1271 4838 Bene
1298 4799 1435 4855 ergo
1466 4784 1636 4855 quasi
1688 4785 1762 4840 ad
1808 4802 1907 4843 eos

243 4871 430 4928 David
466 4871 638 4927 hodie
670 4870 1037 4944 prOpbetavit
1066 4871 1304 4926 dicens:
1335 4893 1364 4921 «
1399 4872 1727 4947 Intelligite,
1761 4874 1903 4931 insi-

243 4960 500 5034 pientes,
538 4960 689 5016 708
721 4964 777 5015 et
806 4958 976 5015 stulti
1020 4958 1332 5032 aliquando
1354 4962 1539 5034 sapite
1572 4962 1732 5035 (Ibid.
1764 4965 1839 5033 8).
1875 4988 1904 5015 ››

243 5050 553 5114 Quomodo
584 5048 740 5105 enim
785 5048 1053 5105 Christus
1106 5050 1299 5121 potuit
1328 5050 1562 5107 errare?
1622 5051 1731 5108 Fas
1787 5070 1902 5109 non

245 5143 341 5196 est
380 5142 445 5194 ut
474 5138 585 5194 hoc
613 5137 808 5194 veniat
835 5138 894 5193 in
927 5153 1138 5194 sensus
1168 5143 1419 5195 nostros.
1453 5162 1480 5189 «
1501 5140 1905 5213 Quiplantavit

245 5243 454 5283 aurem
487 5244 603 5283 non
635 5228 823 5293 audit,
868 5232 968 5282 aut
998 5228 1099 5299 qui
1130 5228 1298 5285 ﬁnxit
1324 5227 1583 5298 oculum,
1617 5246 1733 5286 non
1766 5247 1902 5287 con-

244 5316 515 5373 siderat?
542 5316 649 5381 Qui
683 5315 924 5390 corripit
972 5320 1195 5390 gentes,
1229 5332 1342 5372 non
1375 5321 1615 5390 arguet;
1641 5319 1742 5390 qui
1799 5320 1900 5377 do-

316 5458 744 5531 (l)Edit.Gill.
801 5460 859 5516 in
920 5460 1205 5532 margine,
1263 5460 1337 5515 ad
1392 5459 1561 5517 Rom.
1612 5461 1671 5516 in
1721 5466 1898 5529 textu,

235 5534 526 5658 geccatum
573 5540 874 5615 appareat;
895 5533 1155 5614 ⁸δοὸνίιυη
1210 5534 1413 5602 tamen,
1473 5538 1581 5587 etc.
1640 5537 1715 5588 At
1748 5535 1897 5617 .cdil.

295 5619 378 5658 ra.
412 5609 471 5658 et
497 5602 701 5658 eadem
733 5602 867 5658 Glll.
890 5620 949 5658 in
982 5618 1244 5658 corpore.
1266 5614 1401 5658 cum
1425 5618 1569 5658 mss.
1602 5606 1897 5658 omnibus.

295 5619 378 5659 ra.
412 5609 471 5658 et
497 5602 701 5660 eadem
733 5602 867 5659 Gill.
890 5603 949 5658 in
982 5618 1244 5675 corpore,
1266 5614 1401 5659 cum
1425 5618 1569 5660 mss.
1602 5604 1898 5674 omnibus,

236 5681 527 5753 peccatum
580 5682 839 5754 appareat
883 5675 1252 5755 subreptum:
1309 5679 1513 5765 tamen,
1566 5679 1674 5737 eto.
1736 5677 1901 5754 Quod

1943 1770 1994 1831 Α
2024 1765 2113 1815 cet
2145 1760 2440 1815 hominem
2474 1761 2778 1816 scientiam
2813 1762 2970 1831 (Ibid.
3003 1766 3036 1816 9
3067 1763 3681 1841 ~lO)?»Christusergo

2030 1850 2387 1920 interrogare
2419 1849 2674 1921 culpam,
2708 1856 2757 1905 et
2781 1851 3455 1923 accusationemjustam
3483 1857 3683 1912 audire

2030 1939 2321 1993 nescivit?
2345 1937 2613 1994 Christus
2648 1941 3033 2011 petulantiam
3068 1940 3256 2012 potuit
3305 1946 3628 2014 approbare
3657 1946 3684 2000 ?

2027 2026 2314 2095 Christus,
2334 2026 2431 2099 qui
2456 2028 2694 2100 corripit
2715 2037 2931 2100 gentes,
2969 2030 3330 2100 urguendum
3356 2031 3681 2090 adulteram

2030 2133 2146 2173 non
2187 2116 2457 2188 putavit?
2502 2116 2789 2177 Christus.
2852 2118 2947 2189 qui
3009 2118 3162 2174 novit
3218 2120 3683 2195 uniuscujusque

2029 2205 2220 2260 cordis
2250 2206 2499 2273 interna,
2534 2212 2591 2260 et
2621 2206 2922 2261 scientiam
2957 2208 3124 2263 «locet
3179 2208 3345 2282 legis,
3398 2216 3501 2265 aut
3560 2212 3680 2267 falli

2030 2294 2220 2365 potuit
2249 2300 2459 2362 errato,
2516 2300 2619 2351 aut
2675 2303 2876 2351 contra
2931 2296 3079 2368 legis
3127 2298 3337 2353 seriem
3361 2299 3627 2371 judicare
3656 2302 3684 2334 "

2027 2383 2097 2437 Et
2126 2384 2421 2453 quomodo
2451 2382 2574 2455 ipse
2605 2384 2785 2439 dixit:
2822 2409 2847 2433 ‹‹
2885 2385 3007 2439 Non
3042 2387 3167 2443 veni
3199 2385 3388 2461 legem
3436 2388 3678 2458 solvere,

2030 2472 2132 2526 sed
2152 2471 2686 2543 adimpleroWauh.
2703 2490 2756 2538 ν,
2774 2475 2859 2544 17)
2882 2473 2909 2526 ?
2933 2496 2957 2524 ι)
2981 2474 3386 2548 Christus,qui
3403 2478 3680 2536 condem-

2031 2563 2131 2614 nat
2159 2558 2408 2629 occulta,
2440 2560 2629 2631 potuit
2659 2560 3033 2618 dissimulare
3066 2562 3300 2634 vulgata
3321 2564 3349 2619 ?
3389 2565 3679 2635 Christus,

2029 2648 2128 2719 qui
2162 2648 2296 2703 fecit
2325 2652 2817 2720 tempora,potest
2847 2650 3071 2706 nescire
3103 2655 3409 2723 tempora?
3438 2655 3542 2718 Qui
3572 2673 3681 2710 no-

2028 2735 2109 2791 vit
2137 2734 2520 2808 cogitationes
2550 2736 2858 2793 hominum
2890 2755 3088 2806 vanas,
3132 2757 3247 2795 non
3291 2746 3449 2798 novnt
3503 2743 3679 2800 etiam

2029 2826 2377 2881 criminosas
2394 2825 2421 2880 ?

2100 2915 2153 2969 ἆ.
2190 2914 2257 2968 Et
2294 2914 2423 2970 ideo
2459 2915 2603 2970 satis
2640 2914 2758 2970 illis
2816 2932 3164 2987 responsum
3225 2918 3322 2985 sit,
3379 2920 3475 2991 qui
3546 2938 3679 2979 cum

2028 3002 2358 3058 Creatorem
2393 3021 2601 3076 negare
2632 3022 2746 3059 non
2779 3006 3024 3075 possint,
3059 3012 3273 3078 negant
3325 3012 3522 3064 tamen
3579 3028 3679 3082 po-

2028 3094 2272 3147 tentiam
2304 3094 2589 3147 Creatoris
2618 3109 2630 3145 :
2666 3093 2767 3164 qui
2799 3108 2931 3148 cum
2983 3095 3333 3166 sapientiam
3367 3099 3678 3167 fateantur,

2027 3180 2426 3253 insipientiam
2455 3186 2746 3247 asserunt,
2780 3181 3106 3253 objiciendo
3138 3183 3187 3238 ei
3223 3184 3678 3256 imprudentiam

2025 3271 2381 3326 futurorum.
2404 3270 2482 3325 De
2508 3286 2623 3341 quo
2648 3287 2877 3341 possem
2890 3269 3147 3325 uslatius
3164 3272 3384 3329 dicere:
3410 3276 3508 3328 sed
3527 3276 3679 3332 alius

2026 3359 2362 3432 propositus
2392 3360 2563 3414 nobis
2594 3359 2820 3415 videtur
2871 3375 3001 3415 esse
3060 3364 3361 3417 tractatus.
3422 3364 3492 3418 Et
3552 3364 3682 3421 licet

2027 3449 2384 3503 diversarum
2418 3449 2599 3502 series
2629 3450 2875 3504 decursa
2904 3449 2983 3503 sit
3019 3447 3357 3517 lectionum,
3409 3452 3462 3505 in
3521 3471 3679 3508 eam-

2026 3537 2156 3591 dem
2190 3541 2385 3591 tamen
2419 3536 2797 3592 assertionem
2832 3536 3161 3608 proficiunt,
3183 3540 3503 3597 etmaxime
3520 3542 3679 3614 psal-

2027 3628 2107 3679 mi
2139 3625 2345 3680 titulus
2373 3630 2430 3680 et
2458 3625 2804 3695 Evangeiica
2827 3624 3019 3680 lectio.
3055 3626 3164 3681 Sed
3188 3630 3457 3697 quamvis
3479 3648 3677 3687 conve-

2026 3714 2149 3769 niat
2182 3730 2296 3769 uno
2328 3715 2592 3781 assertio,
2622 3719 2816 3769 tamen
2844 3716 3013 3784 juxta
3052 3715 3315 3770 ordinem
3362 3718 3674 3775 lectionum

2026 3803 2102 3858 sit
2132 3803 2272 3859 ordo
2305 3806 2624 3858 tractatus:
2659 3809 2714 3858 et
2746 3803 2873 3857 ideo
2903 3804 2973 3858 de
3014 3804 3183 3859 titulo
3244 3806 3452 3876 psalmi
3510 3810 3676 3880 prius

2026 3892 2397 3948 tractandum
2428 3892 2678 3946 videtur.

2694 4005 2922 4062 CAPUT
2954 4007 3021 4061 ll.

2024 4100 2309 4170 Proposito
2338 4105 2658 4170 argumento
2687 4106 2875 4152 auctor
2902 4097 2996 4170 [lic
3036 4113 3142 4152 non
3202 4098 3369 4170 facile
3416 4099 3675 4169 judican-

2094 4167 2224 4225 4tum
2253 4170 2465 4242 scribit.
2501 4169 2629 4242 7am
2659 4186 2766 4240 quo
2819 4167 3029 4233 ordine,
3078 4177 3129 4242 et
3156 4169 3305 4240 apud
3333 4167 3463 4242 ques
3492 4172 3672 4225 homi-

2093 4257 2186 4296 nes
2217 4240 2388 4296 David
2413 4236 2681 4296 errantis—
2705 4255 2933 4295 causam
2961 4242 3033 4295 sit
3089 4236 3431 4311 defensuruf,
3493 4243 3671 4313 expli-

2091 4318 2198 4368 cat.

2090 4431 2144 4484 5.
2178 4427 2483 4499 Proposita
2504 4430 2594 4482 est
2624 4424 2882 4490 historia,
2917 4443 3043 4497 qua:
3075 4426 3429 4483 adulterium
3463 4428 3674 4487 habeat

1937 4499 1982 4565 C
2019 4522 2076 4573 et
2105 4516 2510 4572 homicidium.
2544 4515 2688 4569 Nam
2720 4514 2800 4568 ita
2854 4516 3179 4586 reperimus
3237 4517 3297 4570 in
3332 4517 3480 4573 libro
3529 4520 3671 4573 scri-

2019 4611 2185 4679 ptum
2212 4622 2339 4661 esse
2370 4605 2702 4676 Regnorum
2716 4620 2740 4658 ἐ
2768 4604 2907 4674 quia
2937 4603 3113 4660 David
3152 4622 3248 4660 rex
3291 4622 3426 4662 cum
3465 4607 3667 4663 dcam-

2018 4695 2245 4751 bularct
2277 4694 2333 4748 in
2366 4695 2539 4748 domo
2571 4709 2700 4762 sua,
2731 4691 3021 4749 lavantem
3058 4710 3119 4748 se
3150 4693 3297 4749 Uria!
3328 4695 3473 4750 vidit
3528 4711 3667 4749 uxo-

2017 4801 2161 4852 rem,
2196 4782 2528 4853 amavitque
2560 4781 2737 4850 illico,
2772 4785 2827 4835 et
2859 4781 3042 4851 jussit
3101 4784 3386 4838 accersiri.
3451 4782 3667 4837 Deinde

2013 4873 2203 4928 virum
2234 4874 2362 4943 ejus
2393 4872 2783 4939 innocentem,
2818 4876 2882 4925 ut
2922 4871 3224 4942 Scriptura
3269 4870 3513 4934 inducit,
3546 4869 3665 4924 bel-
3772 4887 3777 4897 ·

2013 4962 2298 5018 latoribus
2328 4960 2501 5031 objici
2528 4960 2713 5030 jussit
2744 4958 3066 5026 acerrimis,
3105 4965 3169 5013 ut
3198 4960 3251 5011 vi
3288 4959 3438 5013 709
3469 4957 3663 5028 oppri-

2014 5056 2273 5108 meretur
2305 5048 2495 5105 hostili
2521 5050 2589 5121 (ll
2622 5054 2748 5117 Reg.
2780 5065 2857 5110 x1,
2889 5048 3069 5116 2-16).
3106 5046 3233 5099 Hmc
3296 5048 3447 5099 facta
3503 5051 3660 5115 sunt,

2014 5158 2117 5197 nec
2148 5144 2437 5213 negantur
2463 5155 2476 5193 :
2512 5136 2802 5210 quomodo
2829 5135 3009 5206 igitur
3038 5133 3427 5189 defenduntur
3447 5132 3474 5187 ?
3513 5134 3663 5191 Bene

2013 5231 2290 5286 admonet
2319 5225 2660 5299 Evangelica
2690 5223 2860 5280 lectio
2890 5224 3066 5291 (Joan.
3130 5239 3252 5284 vm,
3316 5222 3426 5292 11),
3485 5222 3659 5279 etiam

2012 5335 2145 5374 cum
2176 5320 2477 5390 peccatum
2511 5315 2787 5386 appareat
2815 5312 3157 5382 subreptum
3187 5329 3200 5379 ;
3236 5315 3429 5367 tamen
3464 5312 3538 5383 (t)
3572 5313 3664 5370 rte-

2012 5462 2252 5535 qui-lem
2284 5475 2400 5516 non
2431 5453 2655 5511 malum
2690 5469 2927 5535 sensum
2959 5450 3660 5535 elﬁcietitainterpretan-

2010 5525 2094 5590 t'i:
2127 5534 2305 5589 etiam
2335 5543 2467 5584 cum
2492 5529 2770 5597 appareat
2826 5527 3128 5597 peccatum
3182 5525 3433 5597 cuipiam
3495 5526 3659 5580 obre-

2011 5606 2202 5681 psisse
2231 5618 2394 5681 anon
2424 5593 2622 5681 tamen
2653 5602 2752 5681 est
2758 5593 3087 5681 cujuslibet
3111 5593 3463 5654 sententiam
3489 5598 3659 5665 ferre,

2009 5666 2114 5738 sed
2139 5673 2384 5759 judicia,
2408 5668 2689 5730 nimirum
2712 5666 2948 5727 Christi.
