  <div class='ocr_page' id='page_1' title='image "/cluster/home/n/w/nwhite01/storage/ocr_20150623/14/hvd.32044048207138/471.png"; bbox 0 0 4052 6196; ppageno 0'>
   <div class='ocr_carea' id='block_1_1' title="bbox 485 273 2607 379">
    <p class='ocr_par' dir='ltr' id='par_1_1' title="bbox 485 273 2607 379">
     <span class='ocr_line' id='line_1_1' title="bbox 485 273 2607 379; baseline -0.005 -1"><span class='ocrx_word' id='word_1_1' title='bbox 485 314 586 379; x_wconf 71' lang='lat' dir='ltr'>si</span> <span class='ocrx_word' id='word_1_2' title='bbox 1932 312 1998 373; x_wconf 90' lang='lat' dir='ltr'>s.</span> <span class='ocrx_word' id='word_1_3' title='bbox 2044 273 2420 375; x_wconf 78' lang='lat' dir='ltr'>AMBROSII</span> <span class='ocrx_word' id='word_1_4' title='bbox 2502 322 2503 327; x_wconf 46' lang='grc' dir='ltr'>ι</span> <span class='ocrx_word' id='word_1_5' title='bbox 2600 360 2607 368; x_wconf 81' lang='lat'>.</span> 
     </span>
    </p>
   </div>
   <div class='ocr_carea' id='block_1_2' title="bbox 3724 308 3897 381">
    <p class='ocr_par' dir='ltr' id='par_1_2' title="bbox 3724 308 3897 381">
     <span class='ocr_line' id='line_1_2' title="bbox 3724 308 3897 381; baseline 0.012 -3"><span class='ocrx_word' id='word_1_6' title='bbox 3724 308 3897 381; x_wconf 54' lang='grc'><strong>’931</strong></span> 
     </span>
    </p>
   </div>
   <div class='ocr_carea' id='block_1_3' title="bbox 3886 392 3901 427">
    <p class='ocr_par' dir='ltr' id='par_1_3' title="bbox 3886 392 3901 427">
     <span class='ocr_line' id='line_1_3' title="bbox 3886 392 3901 427; baseline 0 0"><span class='ocrx_word' id='word_1_7' title='bbox 3886 392 3901 427; x_wconf 88' lang='grc' dir='ltr'>ι</span> 
     </span>
    </p>
   </div>
   <div class='ocr_carea' id='block_1_4' title="bbox 481 424 3875 521">
    <p class='ocr_par' dir='ltr' id='par_1_4' title="bbox 481 424 3875 521">
     <span class='ocr_line' id='line_1_4' title="bbox 481 424 3875 521; baseline 0 -18"><span class='ocrx_word' id='word_1_8' title='bbox 481 453 610 503; x_wconf 70' lang='lat' dir='ltr'>bere</span> <span class='ocrx_word' id='word_1_9' title='bbox 644 443 1014 515; x_wconf 84' lang='lat' dir='ltr'>cssejudicis</span> <span class='ocrx_word' id='word_1_10' title='bbox 1035 424 1377 513; x_wconf 76' lang='lat' dir='ltr'>judicium:</span> <span class='ocrx_word' id='word_1_11' title='bbox 1423 458 1488 499; x_wconf 90' lang='lat' dir='ltr'>ac</span> <span class='ocrx_word' id='word_1_12' title='bbox 1546 458 1867 500; x_wconf 84' lang='lat' dir='ltr'>memorem</span> <span class='ocrx_word' id='word_1_13' title='bbox 1922 460 2137 498; x_wconf 83' lang='lat' dir='ltr'>unum-</span> <span class='ocrx_word' id='word_1_14' title='bbox 2171 447 2219 510; x_wconf 81' lang='grc' dir='ltr'><strong>Λ</strong></span> <span class='ocrx_word' id='word_1_15' title='bbox 2253 447 2473 517; x_wconf 65' lang='lat' dir='ltr'>diligat,</span> <span class='ocrx_word' id='word_1_16' title='bbox 2504 447 2735 521; x_wconf 79' lang='lat' dir='ltr'>culpam</span> <span class='ocrx_word' id='word_1_17' title='bbox 2785 448 3071 520; x_wconf 78' lang='lat' dir='ltr'>praedicet,</span> <span class='ocrx_word' id='word_1_18' title='bbox 3132 446 3379 506; x_wconf 89' lang='lat' dir='ltr'>crimina</span> <span class='ocrx_word' id='word_1_19' title='bbox 3435 448 3743 517; x_wconf 81' lang='lat' dir='ltr'>defendat;</span> <span class='ocrx_word' id='word_1_20' title='bbox 3801 467 3875 521; x_wconf 83' lang='lat' dir='ltr'>qu</span> 
     </span>
    </p>
   </div>
   <div class='ocr_carea' id='block_1_5' title="bbox 475 533 2129 609">
    <p class='ocr_par' dir='ltr' id='par_1_5' title="bbox 475 533 2129 609">
     <span class='ocr_line' id='line_1_5' title="bbox 475 533 2129 609; baseline -0.002 -18"><span class='ocrx_word' id='word_1_21' title='bbox 475 550 769 609; x_wconf 86' lang='lat' dir='ltr'>quomque</span> <span class='ocrx_word' id='word_1_22' title='bbox 797 549 926 588; x_wconf 87' lang='lat' dir='ltr'>esse</span> <span class='ocrx_word' id='word_1_23' title='bbox 956 537 1223 605; x_wconf 81' lang='lat' dir='ltr'>oportere</span> <span class='ocrx_word' id='word_1_24' title='bbox 1255 550 1373 587; x_wconf 68' lang='lat' dir='ltr'>suae</span> <span class='ocrx_word' id='word_1_25' title='bbox 1432 533 1785 589; x_wconf 79' lang='lat' dir='ltr'>conditionis</span> <span class='ocrx_word' id='word_1_26' title='bbox 1816 539 1872 587; x_wconf 85' lang='lat' dir='ltr'>et</span> <span class='ocrx_word' id='word_1_27' title='bbox 1917 534 2129 588; x_wconf 80' lang='lat' dir='ltr'>meriti.</span> 
     </span>
    </p>
   </div>
   <div class='ocr_carea' id='block_1_6' title="bbox 472 622 2131 697">
    <p class='ocr_par' dir='ltr' id='par_1_6' title="bbox 472 622 2131 697">
     <span class='ocr_line' id='line_1_6' title="bbox 472 622 2131 697; baseline -0.002 -18"><span class='ocrx_word' id='word_1_28' title='bbox 472 640 635 697; x_wconf 71' lang='lat' dir='ltr'>saepe</span> <span class='ocrx_word' id='word_1_29' title='bbox 668 622 824 678; x_wconf 89' lang='lat' dir='ltr'>enim</span> <span class='ocrx_word' id='word_1_30' title='bbox 848 622 1025 678; x_wconf 88' lang='lat' dir='ltr'>etiam</span> <span class='ocrx_word' id='word_1_31' title='bbox 1060 623 1119 675; x_wconf 88' lang='lat' dir='ltr'>in</span> <span class='ocrx_word' id='word_1_32' title='bbox 1143 622 1465 691; x_wconf 86' lang='lat' dir='ltr'>judicando</span> <span class='ocrx_word' id='word_1_33' title='bbox 1498 622 1693 691; x_wconf 85' lang='lat' dir='ltr'>majus</span> <span class='ocrx_word' id='word_1_34' title='bbox 1712 626 2035 693; x_wconf 85' lang='lat' dir='ltr'>peccatum.</span> <span class='ocrx_word' id='word_1_35' title='bbox 2063 624 2131 692; x_wconf 92' lang='lat' dir='ltr'>ju</span> 
     </span>
    </p>
   </div>
   <div class='ocr_carea' id='block_1_7' title="bbox 474 710 2134 784">
    <p class='ocr_par' dir='ltr' id='par_1_7' title="bbox 474 710 2134 784">
     <span class='ocr_line' id='line_1_7' title="bbox 474 710 2134 784; baseline -0.003 -14"><span class='ocrx_word' id='word_1_36' title='bbox 474 713 609 770; x_wconf 90' lang='lat' dir='ltr'>dicii</span> <span class='ocrx_word' id='word_1_37' title='bbox 641 716 750 783; x_wconf 85' lang='lat' dir='ltr'>est,</span> <span class='ocrx_word' id='word_1_38' title='bbox 785 728 961 784; x_wconf 88' lang='lat' dir='ltr'>quam</span> <span class='ocrx_word' id='word_1_39' title='bbox 994 717 1292 783; x_wconf 88' lang='lat' dir='ltr'>peccatum</span> <span class='ocrx_word' id='word_1_40' title='bbox 1327 711 1515 781; x_wconf 82' lang='lat' dir='ltr'>ipsius</span> <span class='ocrx_word' id='word_1_41' title='bbox 1547 712 1616 765; x_wconf 88' lang='lat' dir='ltr'>de</span> <span class='ocrx_word' id='word_1_42' title='bbox 1649 727 1763 782; x_wconf 92' lang='lat' dir='ltr'>quo</span> <span class='ocrx_word' id='word_1_43' title='bbox 1795 710 2134 782; x_wconf 88' lang='lat' dir='ltr'>t&#39;ueritjudi-</span> 
     </span>
    </p>
   </div>
   <div class='ocr_carea' id='block_1_8' title="bbox 475 800 2131 872">
    <p class='ocr_par' dir='ltr' id='par_1_8' title="bbox 475 800 2131 872">
     <span class='ocr_line' id='line_1_8' title="bbox 475 800 2131 872; baseline -0.004 -12"><span class='ocrx_word' id='word_1_44' title='bbox 475 808 701 860; x_wconf 71' lang='lat' dir='ltr'>catum.</span> <span class='ocrx_word' id='word_1_45' title='bbox 755 803 902 858; x_wconf 88' lang='lat' dir='ltr'>Nam</span> <span class='ocrx_word' id='word_1_46' title='bbox 963 802 1010 856; x_wconf 90' lang='lat' dir='ltr'>si</span> <span class='ocrx_word' id='word_1_47' title='bbox 1063 800 1466 872; x_wconf 66' lang='lat' dir='ltr'>praescriptum</span> <span class='ocrx_word' id='word_1_48' title='bbox 1517 804 1606 856; x_wconf 87' lang='lat' dir='ltr'>est</span> <span class='ocrx_word' id='word_1_49' title='bbox 1679 818 1714 855; x_wconf 89' lang='lat' dir='ltr'>a</span> <span class='ocrx_word' id='word_1_50' title='bbox 1780 800 2131 872; x_wconf 86' lang='lat' dir='ltr'>quibusdam</span> 
     </span>
    </p>
   </div>
   <div class='ocr_carea' id='block_1_9' title="bbox 475 890 2132 966">
    <p class='ocr_par' dir='ltr' id='par_1_9' title="bbox 475 890 2132 966">
     <span class='ocr_line' id='line_1_9' title="bbox 475 890 2132 966; baseline -0.004 -17"><span class='ocrx_word' id='word_1_51' title='bbox 475 893 842 966; x_wconf 81' lang='lat' dir='ltr'>sapientibus</span> <span class='ocrx_word' id='word_1_52' title='bbox 864 891 1065 945; x_wconf 89' lang='lat' dir='ltr'>mundi</span> <span class='ocrx_word' id='word_1_53' title='bbox 1095 891 1195 961; x_wconf 79' lang='lat'>(2),</span> <span class='ocrx_word' id='word_1_54' title='bbox 1216 897 1279 945; x_wconf 89' lang='lat' dir='ltr'>ut</span> <span class='ocrx_word' id='word_1_55' title='bbox 1310 890 2009 961; x_wconf 86' lang='lat' dir='ltr'>injudicandocaveatur,</span> <span class='ocrx_word' id='word_1_56' title='bbox 2038 905 2132 944; x_wconf 91' lang='lat' dir='ltr'>ne-</span> 
     </span>
    </p>
   </div>
   <div class='ocr_carea' id='block_1_10' title="bbox 474 978 2128 1052">
    <p class='ocr_par' dir='ltr' id='par_1_10' title="bbox 474 978 2128 1052">
     <span class='ocr_line' id='line_1_10' title="bbox 474 978 2128 1052; baseline -0.003 -15"><span class='ocrx_word' id='word_1_57' title='bbox 474 983 664 1052; x_wconf 88' lang='lat' dir='ltr'>major</span> <span class='ocrx_word' id='word_1_58' title='bbox 684 996 852 1052; x_wconf 58' lang='lat' dir='ltr'>paena</span> <span class='ocrx_word' id='word_1_59' title='bbox 886 995 1064 1050; x_wconf 89' lang='lat' dir='ltr'>quam</span> <span class='ocrx_word' id='word_1_60' title='bbox 1098 981 1276 1050; x_wconf 87' lang='lat' dir='ltr'>culpa</span> <span class='ocrx_word' id='word_1_61' title='bbox 1308 979 1403 1046; x_wconf 86' lang='lat' dir='ltr'>sit,</span> <span class='ocrx_word' id='word_1_62' title='bbox 1428 978 1605 1050; x_wconf 84' lang='lat' dir='ltr'>idque</span> <span class='ocrx_word' id='word_1_63' title='bbox 1627 982 2128 1049; x_wconf 80' lang='lat' dir='ltr'>servaturzquan-</span> 
     </span>
    </p>
   </div>
   <div class='ocr_carea' id='block_1_11' title="bbox 474 1065 2129 1143">
    <p class='ocr_par' dir='ltr' id='par_1_11' title="bbox 474 1065 2129 1143">
     <span class='ocr_line' id='line_1_11' title="bbox 474 1065 2129 1143; baseline -0.004 -17"><span class='ocrx_word' id='word_1_64' title='bbox 474 1079 531 1127; x_wconf 88' lang='lat' dir='ltr'>to</span> <span class='ocrx_word' id='word_1_65' title='bbox 563 1069 755 1143; x_wconf 86' lang='lat' dir='ltr'>magis</span> <span class='ocrx_word' id='word_1_66' title='bbox 782 1068 840 1122; x_wconf 88' lang='lat' dir='ltr'>id</span> <span class='ocrx_word' id='word_1_67' title='bbox 875 1066 1230 1122; x_wconf 88' lang='lat' dir='ltr'>servandum</span> <span class='ocrx_word' id='word_1_68' title='bbox 1260 1067 1510 1131; x_wconf 89' lang='lat' dir='ltr'>videtur,</span> <span class='ocrx_word' id='word_1_69' title='bbox 1534 1073 1598 1119; x_wconf 90' lang='lat' dir='ltr'>ut</span> <span class='ocrx_word' id='word_1_70' title='bbox 1618 1065 2027 1137; x_wconf 82' lang='lat' dir='ltr'>unusquisque</span> <span class='ocrx_word' id='word_1_71' title='bbox 2059 1067 2129 1120; x_wconf 88' lang='lat' dir='ltr'>de</span> 
     </span>
    </p>
   </div>
   <div class='ocr_carea' id='block_1_12' title="bbox 473 1153 2126 1230">
    <p class='ocr_par' dir='ltr' id='par_1_12' title="bbox 473 1153 2126 1230">
     <span class='ocr_line' id='line_1_12' title="bbox 473 1153 2126 1230; baseline -0.005 -15"><span class='ocrx_word' id='word_1_72' title='bbox 473 1158 1005 1230; x_wconf 85' lang='lat' dir='ltr'>aliojudicaturus,</span> <span class='ocrx_word' id='word_1_73' title='bbox 1043 1156 1113 1210; x_wconf 91' lang='lat' dir='ltr'>de</span> <span class='ocrx_word' id='word_1_74' title='bbox 1163 1172 1224 1210; x_wconf 89' lang='lat' dir='ltr'>se</span> <span class='ocrx_word' id='word_1_75' title='bbox 1257 1155 1381 1226; x_wconf 89' lang='lat' dir='ltr'>ipso</span> <span class='ocrx_word' id='word_1_76' title='bbox 1414 1154 1573 1227; x_wconf 87' lang='lat' dir='ltr'>prius</span> <span class='ocrx_word' id='word_1_77' title='bbox 1597 1153 1838 1225; x_wconf 88' lang='lat' dir='ltr'>judicct,</span> <span class='ocrx_word' id='word_1_78' title='bbox 1872 1170 1977 1209; x_wconf 87' lang='lat' dir='ltr'>nec</span> <span class='ocrx_word' id='word_1_79' title='bbox 2014 1154 2126 1207; x_wconf 87' lang='lat' dir='ltr'>mi-</span> 
     </span>
    </p>
   </div>
   <div class='ocr_carea' id='block_1_13' title="bbox 473 1242 2129 1314">
    <p class='ocr_par' dir='ltr' id='par_1_13' title="bbox 473 1242 2129 1314">
     <span class='ocr_line' id='line_1_13' title="bbox 473 1242 2129 1314; baseline -0.005 -10"><span class='ocrx_word' id='word_1_80' title='bbox 473 1267 615 1304; x_wconf 83' lang='lat' dir='ltr'>nora</span> <span class='ocrx_word' id='word_1_81' title='bbox 643 1248 701 1302; x_wconf 91' lang='lat' dir='ltr'>in</span> <span class='ocrx_word' id='word_1_82' title='bbox 736 1246 848 1301; x_wconf 90' lang='lat' dir='ltr'>alio</span> <span class='ocrx_word' id='word_1_83' title='bbox 880 1250 1071 1300; x_wconf 82' lang='lat' dir='ltr'>errata</span> <span class='ocrx_word' id='word_1_84' title='bbox 1100 1245 1470 1310; x_wconf 89' lang='lat' dir='ltr'>condemnet,</span> <span class='ocrx_word' id='word_1_85' title='bbox 1521 1260 1653 1298; x_wconf 89' lang='lat' dir='ltr'>cum</span> <span class='ocrx_word' id='word_1_86' title='bbox 1688 1244 1814 1314; x_wconf 89' lang='lat' dir='ltr'>ipse</span> <span class='ocrx_word' id='word_1_87' title='bbox 1865 1242 2129 1314; x_wconf 81' lang='lat' dir='ltr'>graviora</span> 
     </span>
    </p>
   </div>
   <div class='ocr_carea' id='block_1_14' title="bbox 472 1332 2125 1405">
    <p class='ocr_par' dir='ltr' id='par_1_14' title="bbox 472 1332 2125 1405">
     <span class='ocr_line' id='line_1_14' title="bbox 472 1332 2125 1405; baseline -0.005 -11"><span class='ocrx_word' id='word_1_88' title='bbox 472 1336 834 1394; x_wconf 85' lang='lat' dir='ltr'>commiserit</span> <span class='ocrx_word' id='word_1_89' title='bbox 862 1334 891 1389; x_wconf 87' lang='lat'><strong>?</strong></span> <span class='ocrx_word' id='word_1_90' title='bbox 921 1334 1060 1399; x_wconf 87' lang='lat' dir='ltr'>Quis</span> <span class='ocrx_word' id='word_1_91' title='bbox 1091 1348 1153 1387; x_wconf 87' lang='lat' dir='ltr'>es</span> <span class='ocrx_word' id='word_1_92' title='bbox 1179 1333 1354 1405; x_wconf 82' lang='lat' dir='ltr'>igitur</span> <span class='ocrx_word' id='word_1_93' title='bbox 1383 1336 1466 1399; x_wconf 91' lang='lat' dir='ltr'>tu,</span> <span class='ocrx_word' id='word_1_94' title='bbox 1498 1332 1594 1404; x_wconf 90' lang='lat' dir='ltr'>qui</span> <span class='ocrx_word' id='word_1_95' title='bbox 1636 1332 1814 1386; x_wconf 90' lang='lat' dir='ltr'>David</span> <span class='ocrx_word' id='word_1_96' title='bbox 1858 1336 2125 1386; x_wconf 88' lang='lat' dir='ltr'>sanctum</span> 
     </span>
    </p>
   </div>
   <div class='ocr_carea' id='block_1_15' title="bbox 471 1419 2125 1496">
    <p class='ocr_par' dir='ltr' id='par_1_15' title="bbox 471 1419 2125 1496">
     <span class='ocr_line' id='line_1_15' title="bbox 471 1419 2125 1496; baseline -0.004 -15"><span class='ocrx_word' id='word_1_97' title='bbox 471 1424 958 1496; x_wconf 82' lang='lat' dir='ltr'>virumjudicas?</span> <span class='ocrx_word' id='word_1_98' title='bbox 991 1421 1202 1478; x_wconf 87' lang='lat' dir='ltr'>Gentili</span> <span class='ocrx_word' id='word_1_99' title='bbox 1233 1421 1602 1483; x_wconf 67' lang='lat' dir='ltr'>dlCO,Jt1d&amp;L&#39;O</span> <span class='ocrx_word' id='word_1_100' title='bbox 1625 1421 1775 1488; x_wconf 87' lang='lat' dir='ltr'>dico,</span> <span class='ocrx_word' id='word_1_101' title='bbox 1799 1419 2125 1475; x_wconf 86' lang='lat' dir='ltr'>Christiano</span> 
     </span>
    </p>
   </div>
   <div class='ocr_carea' id='block_1_16' title="bbox 473 1509 2126 1582">
    <p class='ocr_par' dir='ltr' id='par_1_16' title="bbox 473 1509 2126 1582">
     <span class='ocr_line' id='line_1_16' title="bbox 473 1509 2126 1582; baseline -0.006 -10"><span class='ocrx_word' id='word_1_102' title='bbox 473 1518 642 1581; x_wconf 87' lang='lat' dir='ltr'>dico;</span> <span class='ocrx_word' id='word_1_103' title='bbox 694 1519 751 1569; x_wconf 90' lang='lat' dir='ltr'>ct</span> <span class='ocrx_word' id='word_1_104' title='bbox 791 1513 918 1567; x_wconf 88' lang='lat' dir='ltr'>ideo</span> <span class='ocrx_word' id='word_1_105' title='bbox 950 1510 1237 1582; x_wconf 80' lang='lat' dir='ltr'>tripertito</span> <span class='ocrx_word' id='word_1_106' title='bbox 1277 1510 1423 1563; x_wconf 85' lang='lat' dir='ltr'>mihi</span> <span class='ocrx_word' id='word_1_107' title='bbox 1481 1509 1933 1579; x_wconf 84' lang='lat' dir='ltr'>distinguendus</span> <span class='ocrx_word' id='word_1_108' title='bbox 1998 1526 2126 1565; x_wconf 88' lang='lat' dir='ltr'>esse</span> 
     </span>
    </p>
   </div>
   <div class='ocr_carea' id='block_1_17' title="bbox 471 1597 2123 1669">
    <p class='ocr_par' dir='ltr' id='par_1_17' title="bbox 471 1597 2123 1669">
     <span class='ocr_line' id='line_1_17' title="bbox 471 1597 2123 1669; baseline -0.007 -9"><span class='ocrx_word' id='word_1_109' title='bbox 471 1607 702 1660; x_wconf 84' lang='lat' dir='ltr'>videtur</span> <span class='ocrx_word' id='word_1_110' title='bbox 733 1605 1034 1665; x_wconf 84' lang='lat' dir='ltr'>tractatus,</span> <span class='ocrx_word' id='word_1_111' title='bbox 1063 1617 1215 1654; x_wconf 90' lang='lat' dir='ltr'>unus</span> <span class='ocrx_word' id='word_1_112' title='bbox 1245 1599 1523 1653; x_wconf 74' lang='lat' dir='ltr'>adversus</span> <span class='ocrx_word' id='word_1_113' title='bbox 1553 1598 1823 1669; x_wconf 76' lang='lat' dir='ltr'>gentiles,</span> <span class='ocrx_word' id='word_1_114' title='bbox 1850 1597 1999 1653; x_wconf 88' lang='lat' dir='ltr'>alius</span> <span class='ocrx_word' id='word_1_115' title='bbox 2024 1597 2123 1651; x_wconf 86' lang='lat' dir='ltr'>ad-</span> 
     </span>
    </p>
   </div>
   <div class='ocr_carea' id='block_1_18' title="bbox 469 1687 1810 1758">
    <p class='ocr_par' dir='ltr' id='par_1_18' title="bbox 469 1687 1810 1758">
     <span class='ocr_line' id='line_1_18' title="bbox 469 1687 1810 1758; baseline -0.009 -7"><span class='ocrx_word' id='word_1_116' title='bbox 469 1711 674 1751; x_wconf 88' lang='lat' dir='ltr'>versus</span> <span class='ocrx_word' id='word_1_117' title='bbox 704 1692 960 1753; x_wconf 67' lang='lat' dir='ltr'>Judaaos,</span> <span class='ocrx_word' id='word_1_118' title='bbox 995 1690 1202 1743; x_wconf 89' lang='lat' dir='ltr'>tertius</span> <span class='ocrx_word' id='word_1_119' title='bbox 1235 1688 1387 1758; x_wconf 87' lang='lat' dir='ltr'>apud</span> <span class='ocrx_word' id='word_1_120' title='bbox 1429 1687 1810 1742; x_wconf 80' lang='lat' dir='ltr'>Christianos.</span> 
     </span>
    </p>
   </div>
   <div class='ocr_carea' id='block_1_19' title="bbox 1106 1776 1464 1832">
    <p class='ocr_par' dir='ltr' id='par_1_19' title="bbox 1106 1776 1464 1832">
     <span class='ocr_line' id='line_1_19' title="bbox 1106 1776 1464 1832; baseline -0.011 0"><span class='ocrx_word' id='word_1_121' title='bbox 1106 1776 1339 1832; x_wconf 83' lang='lat' dir='ltr'>CAPUT</span> <span class='ocrx_word' id='word_1_122' title='bbox 1372 1776 1464 1830; x_wconf 89' lang='lat' dir='ltr'>Ill.</span> 
     </span>
    </p>
   </div>
   <div class='ocr_carea' id='block_1_20' title="bbox 473 1865 2123 1933">
    <p class='ocr_par' dir='ltr' id='par_1_20' title="bbox 473 1865 2123 1933">
     <span class='ocr_line' id='line_1_20' title="bbox 473 1865 2123 1933; baseline -0.007 -5"><span class='ocrx_word' id='word_1_123' title='bbox 473 1872 704 1928; x_wconf 79' lang='lat' dir='ltr'>Gentiles</span> <span class='ocrx_word' id='word_1_124' title='bbox 733 1872 917 1923; x_wconf 83' lang='lat' dir='ltr'>monet</span> <span class='ocrx_word' id='word_1_125' title='bbox 952 1874 1153 1921; x_wconf 79' lang='lat' dir='ltr'>nelam</span> <span class='ocrx_word' id='word_1_126' title='bbox 1208 1872 1495 1925; x_wconf 80' lang='lat' dir='ltr'>errantem,</span> <span class='ocrx_word' id='word_1_127' title='bbox 1557 1880 1720 1933; x_wconf 84' lang='lat' dir='ltr'>quam</span> <span class='ocrx_word' id='word_1_128' title='bbox 1774 1865 2123 1933; x_wconf 65' lang='lat' dir='ltr'>paenitentiam</span> 
     </span>
    </p>
   </div>
   <div class='ocr_carea' id='block_1_21' title="bbox 542 1935 2123 2010">
    <p class='ocr_par' dir='ltr' id='par_1_21' title="bbox 542 1935 2123 2010">
     <span class='ocr_line' id='line_1_21' title="bbox 542 1935 2123 2010; baseline -0.006 -11"><span class='ocrx_word' id='word_1_129' title='bbox 542 1941 712 1999; x_wconf 87' lang='lat' dir='ltr'>David</span> <span class='ocrx_word' id='word_1_130' title='bbox 741 1940 1058 2010; x_wconf 66' lang='lat' dir='ltr'>respiciant.</span> <span class='ocrx_word' id='word_1_131' title='bbox 1103 1954 1232 2008; x_wconf 69' lang='lat' dir='ltr'>quia</span> <span class='ocrx_word' id='word_1_132' title='bbox 1287 1938 1429 2010; x_wconf 79' lang='lat' dir='ltr'>sicut</span> <span class='ocrx_word' id='word_1_133' title='bbox 1484 1935 1625 2010; x_wconf 70' lang='lat' dir='ltr'>illud</span> <span class='ocrx_word' id='word_1_134' title='bbox 1680 1937 1757 1989; x_wconf 82' lang='lat' dir='ltr'>est</span> <span class='ocrx_word' id='word_1_135' title='bbox 1780 1936 2123 2010; x_wconf 79' lang='lat' dir='ltr'>_hominibus</span> 
     </span>
    </p>
   </div>
   <div class='ocr_carea' id='block_1_22' title="bbox 541 2007 2123 2075">
    <p class='ocr_par' dir='ltr' id='par_1_22' title="bbox 541 2007 2123 2075">
     <span class='ocr_line' id='line_1_22' title="bbox 541 2007 2123 2075; baseline -0.006 -6"><span class='ocrx_word' id='word_1_136' title='bbox 541 2007 845 2074; x_wconf 70' lang='lat' dir='ltr'>commune,</span> <span class='ocrx_word' id='word_1_137' title='bbox 877 2012 955 2063; x_wconf 83' lang='lat' dir='ltr'>ita</span> <span class='ocrx_word' id='word_1_138' title='bbox 986 2010 1083 2062; x_wconf 86' lang='lat' dir='ltr'>hoc</span> <span class='ocrx_word' id='word_1_139' title='bbox 1112 2007 1299 2062; x_wconf 79' lang='lat' dir='ltr'>rerum</span> <span class='ocrx_word' id='word_1_140' title='bbox 1343 2008 1400 2060; x_wconf 82' lang='lat' dir='ltr'>in</span> <span class='ocrx_word' id='word_1_141' title='bbox 1469 2007 1703 2075; x_wconf 78' lang='lat' dir='ltr'>regibus.</span> <span class='ocrx_word' id='word_1_142' title='bbox 1777 2007 1908 2060; x_wconf 83' lang='lat' dir='ltr'>Tum</span> <span class='ocrx_word' id='word_1_143' title='bbox 1957 2023 2123 2075; x_wconf 83' lang='lat' dir='ltr'>quam</span> 
     </span>
    </p>
   </div>
   <div class='ocr_carea' id='block_1_23' title="bbox 538 2076 2124 2156">
    <p class='ocr_par' dir='ltr' id='par_1_23' title="bbox 538 2076 2124 2156">
     <span class='ocr_line' id='line_1_23' title="bbox 538 2076 2124 2156; baseline -0.006 -15"><span class='ocrx_word' id='word_1_144' title='bbox 538 2085 782 2156; x_wconf 81' lang='lat' dir='ltr'>proclive</span> <span class='ocrx_word' id='word_1_145' title='bbox 833 2080 1104 2156; x_wconf 17' lang='lat' dir='ltr'>sit‘vinci</span> <span class='ocrx_word' id='word_1_146' title='bbox 1161 2078 1408 2156; x_wconf 63' lang='lat' dir='ltr'>libidine,</span> <span class='ocrx_word' id='word_1_147' title='bbox 1450 2076 1714 2156; x_wconf 67' lang='lat' dir='ltr'>declarat,</span> <span class='ocrx_word' id='word_1_148' title='bbox 1771 2088 1820 2132; x_wconf 82' lang='lat' dir='ltr'>et</span> <span class='ocrx_word' id='word_1_149' title='bbox 1876 2076 2124 2132; x_wconf 74' lang='lat' dir='ltr'>adductis</span> 
     </span>
    </p>
   </div>
   <div class='ocr_carea' id='block_1_24' title="bbox 541 2150 1751 2217">
    <p class='ocr_par' dir='ltr' id='par_1_24' title="bbox 541 2150 1751 2217">
     <span class='ocr_line' id='line_1_24' title="bbox 541 2150 1751 2217; baseline -0.008 -6"><span class='ocrx_word' id='word_1_150' title='bbox 541 2150 855 2211; x_wconf 67' lang='lat' dir='ltr'>Isauctorum</span> <span class='ocrx_word' id='word_1_151' title='bbox 883 2153 1129 2207; x_wconf 82' lang='lat' dir='ltr'>virorum</span> <span class='ocrx_word' id='word_1_152' title='bbox 1154 2150 1418 2217; x_wconf 67' lang='lat' dir='ltr'>exeinptz&#39;s</span> <span class='ocrx_word' id='word_1_153' title='bbox 1446 2150 1751 2215; x_wconf 82' lang='lat' dir='ltr'>conﬁrmat.</span> 
     </span>
    </p>
   </div>
   <div class='ocr_carea' id='block_1_25' title="bbox 542 2235 2122 2311">
    <p class='ocr_par' dir='ltr' id='par_1_25' title="bbox 542 2235 2122 2311">
     <span class='ocr_line' id='line_1_25' title="bbox 542 2235 2122 2311; baseline -0.004 -12"><span class='ocrx_word' id='word_1_154' title='bbox 542 2246 596 2299; x_wconf 85' lang='lat'>6.</span> <span class='ocrx_word' id='word_1_155' title='bbox 634 2243 864 2298; x_wconf 81' lang='lat' dir='ltr'>Primus</span> <span class='ocrx_word' id='word_1_156' title='bbox 904 2256 1043 2311; x_wconf 89' lang='lat' dir='ltr'>ergo</span> <span class='ocrx_word' id='word_1_157' title='bbox 1099 2238 1386 2293; x_wconf 85' lang='lat' dir='ltr'>adversus</span> <span class='ocrx_word' id='word_1_158' title='bbox 1428 2236 1677 2308; x_wconf 73' lang='lat' dir='ltr'>gentiles</span> <span class='ocrx_word' id='word_1_159' title='bbox 1727 2235 1867 2290; x_wconf 88' lang='lat' dir='ltr'>mihi</span> <span class='ocrx_word' id='word_1_160' title='bbox 1931 2252 2122 2292; x_wconf 87' lang='lat' dir='ltr'>sermo</span> 
     </span>
    </p>
   </div>
   <div class='ocr_carea' id='block_1_26' title="bbox 471 2326 2125 2404">
    <p class='ocr_par' dir='ltr' id='par_1_26' title="bbox 471 2326 2125 2404">
     <span class='ocr_line' id='line_1_26' title="bbox 471 2326 2125 2404; baseline -0.005 -16"><span class='ocrx_word' id='word_1_161' title='bbox 471 2339 580 2399; x_wconf 89' lang='lat' dir='ltr'>est,</span> <span class='ocrx_word' id='word_1_162' title='bbox 616 2331 717 2404; x_wconf 89' lang='lat' dir='ltr'>qui</span> <span class='ocrx_word' id='word_1_163' title='bbox 749 2329 1092 2403; x_wconf 90' lang='lat' dir='ltr'>plerumque</span> <span class='ocrx_word' id='word_1_164' title='bbox 1124 2327 1418 2396; x_wconf 83' lang='lat' dir='ltr'>objectare</span> <span class='ocrx_word' id='word_1_165' title='bbox 1471 2330 1935 2380; x_wconf 86' lang='lat' dir='ltr'>consueverunt:</span> <span class='ocrx_word' id='word_1_166' title='bbox 1980 2326 2125 2380; x_wconf 86' lang='lat' dir='ltr'>Ecce</span> 
     </span>
    </p>
   </div>
   <div class='ocr_carea' id='block_1_27' title="bbox 471 2413 2123 2495">
    <p class='ocr_par' dir='ltr' id='par_1_27' title="bbox 471 2413 2123 2495">
     <span class='ocr_line' id='line_1_27' title="bbox 471 2413 2123 2495; baseline -0.007 -17"><span class='ocrx_word' id='word_1_167' title='bbox 471 2420 765 2495; x_wconf 88' lang='lat' dir='ltr'>quomodo</span> <span class='ocrx_word' id='word_1_168' title='bbox 796 2415 1111 2474; x_wconf 74' lang='lat' dir='ltr'>Christiani</span> <span class='ocrx_word' id='word_1_169' title='bbox 1146 2414 1535 2470; x_wconf 88' lang='lat' dir='ltr'>innocentiam</span> <span class='ocrx_word' id='word_1_170' title='bbox 1565 2417 1914 2485; x_wconf 86' lang='lat' dir='ltr'>sequuntur,</span> <span class='ocrx_word' id='word_1_171' title='bbox 1948 2413 2123 2468; x_wconf 82' lang='lat' dir='ltr'>ﬁdem</span> 
     </span>
    </p>
   </div>
   <div class='ocr_carea' id='block_1_28' title="bbox 473 2501 2123 2584">
    <p class='ocr_par' dir='ltr' id='par_1_28' title="bbox 473 2501 2123 2584">
     <span class='ocr_line' id='line_1_28' title="bbox 473 2501 2123 2584; baseline -0.007 -18"><span class='ocrx_word' id='word_1_172' title='bbox 473 2510 807 2584; x_wconf 80' lang='lat' dir='ltr'>praeferunt,</span> <span class='ocrx_word' id='word_1_173' title='bbox 844 2505 1184 2577; x_wconf 76' lang='lat' dir='ltr'>religionem</span> <span class='ocrx_word' id='word_1_174' title='bbox 1217 2508 1587 2568; x_wconf 83' lang='lat' dir='ltr'>venerantur,</span> <span class='ocrx_word' id='word_1_175' title='bbox 1629 2501 1955 2557; x_wconf 79' lang='lat' dir='ltr'>castitatem</span> <span class='ocrx_word' id='word_1_176' title='bbox 2023 2503 2123 2557; x_wconf 88' lang='lat' dir='ltr'>do-</span> 
     </span>
    </p>
   </div>
   <div class='ocr_carea' id='block_1_29' title="bbox 469 2588 2124 2669">
    <p class='ocr_par' dir='ltr' id='par_1_29' title="bbox 469 2588 2124 2669">
     <span class='ocr_line' id='line_1_29' title="bbox 469 2588 2124 2669; baseline -0.006 -14"><span class='ocrx_word' id='word_1_177' title='bbox 469 2603 621 2666; x_wconf 89' lang='lat' dir='ltr'>cent,</span> <span class='ocrx_word' id='word_1_178' title='bbox 654 2612 906 2669; x_wconf 90' lang='lat' dir='ltr'>quorum</span> <span class='ocrx_word' id='word_1_179' title='bbox 940 2593 1233 2666; x_wconf 85' lang='lat' dir='ltr'>principes</span> <span class='ocrx_word' id='word_1_180' title='bbox 1261 2596 1318 2667; x_wconf 80' lang='lat' dir='ltr'>et</span> <span class='ocrx_word' id='word_1_181' title='bbox 1355 2590 1673 2646; x_wconf 86' lang='lat' dir='ltr'>homicidia</span> <span class='ocrx_word' id='word_1_182' title='bbox 1727 2594 1784 2646; x_wconf 92' lang='lat' dir='ltr'>et</span> <span class='ocrx_word' id='word_1_183' title='bbox 1840 2588 2124 2645; x_wconf 88' lang='lat' dir='ltr'>adulteria</span> 
     </span>
    </p>
   </div>
   <div class='ocr_carea' id='block_1_30' title="bbox 468 2679 2125 2758">
    <p class='ocr_par' dir='ltr' id='par_1_30' title="bbox 468 2679 2125 2758">
     <span class='ocr_line' id='line_1_30' title="bbox 468 2679 2125 2758; baseline -0.005 -15"><span class='ocrx_word' id='word_1_184' title='bbox 468 2688 675 2744; x_wconf 83' lang='lat' dir='ltr'>fecisse</span> <span class='ocrx_word' id='word_1_185' title='bbox 706 2682 1084 2758; x_wconf 88' lang='lat' dir='ltr'>produntur?</span> <span class='ocrx_word' id='word_1_186' title='bbox 1115 2682 1243 2752; x_wconf 91' lang='lat' dir='ltr'>Ipse</span> <span class='ocrx_word' id='word_1_187' title='bbox 1275 2680 1454 2736; x_wconf 80' lang='lat' dir='ltr'>David</span> <span class='ocrx_word' id='word_1_188' title='bbox 1490 2680 1558 2734; x_wconf 91' lang='lat' dir='ltr'>de</span> <span class='ocrx_word' id='word_1_189' title='bbox 1590 2679 1761 2750; x_wconf 85' lang='lat' dir='ltr'>cujus</span> <span class='ocrx_word' id='word_1_190' title='bbox 1792 2696 2022 2751; x_wconf 84' lang='lat' dir='ltr'>genere,</span> <span class='ocrx_word' id='word_1_191' title='bbox 2062 2684 2125 2734; x_wconf 89' lang='lat' dir='ltr'>ut</span> 
     </span>
    </p>
   </div>
   <div class='ocr_carea' id='block_1_31' title="bbox 467 2768 2124 2847">
    <p class='ocr_par' dir='ltr' id='par_1_31' title="bbox 467 2768 2124 2847">
     <span class='ocr_line' id='line_1_31' title="bbox 467 2768 2124 2847; baseline -0.006 -15"><span class='ocrx_word' id='word_1_192' title='bbox 467 2776 683 2847; x_wconf 83' lang='lat' dir='ltr'>dicitis,</span> <span class='ocrx_word' id='word_1_193' title='bbox 736 2773 895 2830; x_wconf 88' lang='lat' dir='ltr'>nasci</span> <span class='ocrx_word' id='word_1_194' title='bbox 948 2771 1213 2827; x_wconf 89' lang='lat' dir='ltr'>Christus</span> <span class='ocrx_word' id='word_1_195' title='bbox 1259 2769 1451 2841; x_wconf 89' lang='lat' dir='ltr'>elegit,</span> <span class='ocrx_word' id='word_1_196' title='bbox 1513 2768 1827 2823; x_wconf 89' lang='lat' dir='ltr'>homicidia</span> <span class='ocrx_word' id='word_1_197' title='bbox 1891 2786 1998 2823; x_wconf 87' lang='lat' dir='ltr'>sua</span> <span class='ocrx_word' id='word_1_198' title='bbox 2069 2774 2124 2822; x_wconf 91' lang='lat' dir='ltr'>et</span> 
     </span>
    </p>
   </div>
   <div class='ocr_carea' id='block_1_32' title="bbox 396 2857 2121 2935">
    <p class='ocr_par' dir='ltr' id='par_1_32' title="bbox 396 2857 2121 2935">
     <span class='ocr_line' id='line_1_32' title="bbox 396 2857 2121 2935; baseline -0.006 -14"><span class='ocrx_word' id='word_1_199' title='bbox 396 2932 397 2935; x_wconf 21' lang='grc' dir='ltr'><strong>η</strong></span> <span class='ocrx_word' id='word_1_200' title='bbox 468 2864 754 2920; x_wconf 87' lang='lat' dir='ltr'>adulteria</span> <span class='ocrx_word' id='word_1_201' title='bbox 778 2860 1124 2916; x_wconf 86' lang='lat' dir='ltr'>decantavit.</span> <span class='ocrx_word' id='word_1_202' title='bbox 1157 2862 1226 2913; x_wconf 89' lang='lat' dir='ltr'>Et</span> <span class='ocrx_word' id='word_1_203' title='bbox 1255 2857 1456 2929; x_wconf 81' lang='lat' dir='ltr'>quales</span> <span class='ocrx_word' id='word_1_204' title='bbox 1488 2861 1735 2930; x_wconf 90' lang='lat' dir='ltr'>possunt</span> <span class='ocrx_word' id='word_1_205' title='bbox 1763 2874 1890 2912; x_wconf 86' lang='lat' dir='ltr'>esse</span> <span class='ocrx_word' id='word_1_206' title='bbox 1946 2857 2121 2912; x_wconf 87' lang='lat' dir='ltr'>disci-</span> 
     </span>
    </p>
   </div>
   <div class='ocr_carea' id='block_1_33' title="bbox 469 2946 1589 3024">
    <p class='ocr_par' dir='ltr' id='par_1_33' title="bbox 469 2946 1589 3024">
     <span class='ocr_line' id='line_1_33' title="bbox 469 2946 1589 3024; baseline -0.006 -17"><span class='ocrx_word' id='word_1_207' title='bbox 469 2953 616 3024; x_wconf 83' lang='lat' dir='ltr'>puli,</span> <span class='ocrx_word' id='word_1_208' title='bbox 647 2966 897 3023; x_wconf 90' lang='lat' dir='ltr'>quorum</span> <span class='ocrx_word' id='word_1_209' title='bbox 929 2948 1076 3005; x_wconf 90' lang='lat' dir='ltr'>tales</span> <span class='ocrx_word' id='word_1_210' title='bbox 1108 2946 1374 3020; x_wconf 84' lang='lat' dir='ltr'>magistri</span> <span class='ocrx_word' id='word_1_211' title='bbox 1396 2950 1536 3001; x_wconf 90' lang='lat' dir='ltr'>sunt</span> <span class='ocrx_word' id='word_1_212' title='bbox 1562 2947 1589 3001; x_wconf 75' lang='lat' dir='ltr'>‘I</span> 
     </span>
    </p>
   </div>
   <div class='ocr_carea' id='block_1_34' title="bbox 538 3033 2121 3110">
    <p class='ocr_par' dir='ltr' id='par_1_34' title="bbox 538 3033 2121 3110">
     <span class='ocr_line' id='line_1_34' title="bbox 538 3033 2121 3110; baseline -0.003 -15"><span class='ocrx_word' id='word_1_213' title='bbox 538 3044 597 3095; x_wconf 91' lang='lat'>7.</span> <span class='ocrx_word' id='word_1_214' title='bbox 627 3040 775 3107; x_wconf 91' lang='lat' dir='ltr'>Quid</span> <span class='ocrx_word' id='word_1_215' title='bbox 808 3038 1028 3110; x_wconf 85' lang='lat' dir='ltr'>igitur?</span> <span class='ocrx_word' id='word_1_216' title='bbox 1058 3037 1349 3109; x_wconf 85' lang='lat' dir='ltr'>Negamus</span> <span class='ocrx_word' id='word_1_217' title='bbox 1377 3036 1615 3101; x_wconf 85' lang='lat' dir='ltr'>factum,</span> <span class='ocrx_word' id='word_1_218' title='bbox 1641 3051 1713 3090; x_wconf 90' lang='lat' dir='ltr'>an</span> <span class='ocrx_word' id='word_1_219' title='bbox 1744 3033 2121 3106; x_wconf 85' lang='lat' dir='ltr'>repudiamus</span> 
     </span>
    </p>
   </div>
   <div class='ocr_carea' id='block_1_35' title="bbox 469 3123 2115 3204">
    <p class='ocr_par' dir='ltr' id='par_1_35' title="bbox 469 3123 2115 3204">
     <span class='ocr_line' id='line_1_35' title="bbox 469 3123 2115 3204; baseline -0.005 -18"><span class='ocrx_word' id='word_1_220' title='bbox 469 3129 815 3204; x_wconf 85' lang='lat' dir='ltr'>magistrum</span> <span class='ocrx_word' id='word_1_221' title='bbox 842 3127 868 3181; x_wconf 90' lang='lat'><strong>?</strong></span> <span class='ocrx_word' id='word_1_222' title='bbox 901 3126 1053 3181; x_wconf 89' lang='lat' dir='ltr'>Nihil</span> <span class='ocrx_word' id='word_1_223' title='bbox 1086 3126 1316 3180; x_wconf 89' lang='lat' dir='ltr'>horum.</span> <span class='ocrx_word' id='word_1_224' title='bbox 1338 3124 1450 3179; x_wconf 88' lang='lat' dir='ltr'>Sed</span> <span class='ocrx_word' id='word_1_225' title='bbox 1482 3124 1582 3195; x_wconf 91' lang='lat' dir='ltr'>qui</span> <span class='ocrx_word' id='word_1_226' title='bbox 1614 3123 1866 3195; x_wconf 90' lang='lat' dir='ltr'>speciem</span> <span class='ocrx_word' id='word_1_227' title='bbox 1898 3123 2115 3193; x_wconf 84' lang='lat' dir='ltr'>objicit,</span> 
     </span>
    </p>
   </div>
   <div class='ocr_carea' id='block_1_36' title="bbox 466 3212 2117 3284">
    <p class='ocr_par' dir='ltr' id='par_1_36' title="bbox 466 3212 2117 3284">
     <span class='ocr_line' id='line_1_36' title="bbox 466 3212 2117 3284; baseline -0.005 -10"><span class='ocrx_word' id='word_1_228' title='bbox 466 3217 946 3274; x_wconf 78' lang='lat' dir='ltr'>communitatem</span> <span class='ocrx_word' id='word_1_229' title='bbox 980 3215 1326 3269; x_wconf 86' lang='lat' dir='ltr'>consideret.</span> <span class='ocrx_word' id='word_1_230' title='bbox 1360 3212 1594 3284; x_wconf 88' lang='lat' dir='ltr'>Species</span> <span class='ocrx_word' id='word_1_231' title='bbox 1627 3212 1759 3266; x_wconf 88' lang='lat' dir='ltr'>facti</span> <span class='ocrx_word' id='word_1_232' title='bbox 1793 3215 1902 3279; x_wconf 89' lang='lat' dir='ltr'>est,</span> <span class='ocrx_word' id='word_1_233' title='bbox 1957 3228 2117 3267; x_wconf 88' lang='lat' dir='ltr'>com-</span> 
     </span>
    </p>
   </div>
   <div class='ocr_carea' id='block_1_37' title="bbox 466 3300 2117 3373">
    <p class='ocr_par' dir='ltr' id='par_1_37' title="bbox 466 3300 2117 3373">
     <span class='ocr_line' id='line_1_37' title="bbox 466 3300 2117 3373; baseline -0.006 -10"><span class='ocrx_word' id='word_1_234' title='bbox 466 3308 727 3364; x_wconf 85' lang='lat' dir='ltr'>munitas</span> <span class='ocrx_word' id='word_1_235' title='bbox 751 3311 992 3360; x_wconf 77' lang='lat' dir='ltr'>naturae.</span> <span class='ocrx_word' id='word_1_236' title='bbox 1026 3302 1181 3357; x_wconf 92' lang='lat' dir='ltr'>Nihil</span> <span class='ocrx_word' id='word_1_237' title='bbox 1208 3318 1344 3372; x_wconf 89' lang='lat' dir='ltr'>ergo</span> <span class='ocrx_word' id='word_1_238' title='bbox 1379 3300 1588 3355; x_wconf 89' lang='lat' dir='ltr'>mirum</span> <span class='ocrx_word' id='word_1_239' title='bbox 1623 3301 1671 3354; x_wconf 84' lang='lat' dir='ltr'>si</span> <span class='ocrx_word' id='word_1_240' title='bbox 1707 3301 1859 3354; x_wconf 90' lang='lat' dir='ltr'>intra</span> <span class='ocrx_word' id='word_1_241' title='bbox 1879 3316 2117 3373; x_wconf 83' lang='lat' dir='ltr'>genera-</span> 
     </span>
    </p>
   </div>
   <div class='ocr_carea' id='block_1_38' title="bbox 464 3388 2117 3466">
    <p class='ocr_par' dir='ltr' id='par_1_38' title="bbox 464 3388 2117 3466">
     <span class='ocr_line' id='line_1_38' title="bbox 464 3388 2117 3466; baseline -0.005 -15"><span class='ocrx_word' id='word_1_242' title='bbox 464 3396 689 3451; x_wconf 86' lang='lat' dir='ltr'>litatem</span> <span class='ocrx_word' id='word_1_243' title='bbox 721 3394 945 3466; x_wconf 88' lang='lat' dir='ltr'>species</span> <span class='ocrx_word' id='word_1_244' title='bbox 975 3396 1082 3446; x_wconf 92' lang='lat' dir='ltr'>est.</span> <span class='ocrx_word' id='word_1_245' title='bbox 1116 3396 1383 3461; x_wconf 77' lang='lat' dir='ltr'>Agnosco</span> <span class='ocrx_word' id='word_1_246' title='bbox 1416 3389 1573 3443; x_wconf 90' lang='lat' dir='ltr'>enim</span> <span class='ocrx_word' id='word_1_247' title='bbox 1605 3388 1903 3443; x_wconf 88' lang='lat' dir='ltr'>hominem</span> <span class='ocrx_word' id='word_1_248' title='bbox 1936 3388 2117 3443; x_wconf 84' lang='lat' dir='ltr'>fuisse</span> 
     </span>
    </p>
   </div>
   <div class='ocr_carea' id='block_1_39' title="bbox 466 3477 2119 3550">
    <p class='ocr_par' dir='ltr' id='par_1_39' title="bbox 466 3477 2119 3550">
     <span class='ocr_line' id='line_1_39' title="bbox 466 3477 2119 3550; baseline -0.007 -10"><span class='ocrx_word' id='word_1_249' title='bbox 466 3485 668 3549; x_wconf 84' lang='lat' dir='ltr'>David,</span> <span class='ocrx_word' id='word_1_250' title='bbox 694 3488 753 3538; x_wconf 89' lang='lat' dir='ltr'>et</span> <span class='ocrx_word' id='word_1_251' title='bbox 782 3481 929 3536; x_wconf 88' lang='lat' dir='ltr'>nihil</span> <span class='ocrx_word' id='word_1_252' title='bbox 962 3479 1175 3534; x_wconf 88' lang='lat' dir='ltr'>mirum</span> <span class='ocrx_word' id='word_1_253' title='bbox 1203 3497 1215 3533; x_wconf 88' lang='lat'><strong>:</strong></span> <span class='ocrx_word' id='word_1_254' title='bbox 1250 3494 1503 3550; x_wconf 89' lang='lat' dir='ltr'>agnosco</span> <span class='ocrx_word' id='word_1_255' title='bbox 1526 3493 1859 3542; x_wconf 85' lang='lat' dir='ltr'>commune,</span> <span class='ocrx_word' id='word_1_256' title='bbox 1912 3482 1974 3531; x_wconf 91' lang='lat' dir='ltr'>ut</span> <span class='ocrx_word' id='word_1_257' title='bbox 2020 3477 2119 3531; x_wconf 82' lang='lat' dir='ltr'>hu-</span> 
     </span>
    </p>
   </div>
   <div class='ocr_carea' id='block_1_40' title="bbox 465 3564 2118 3646">
    <p class='ocr_par' dir='ltr' id='par_1_40' title="bbox 465 3564 2118 3646">
     <span class='ocr_line' id='line_1_40' title="bbox 465 3564 2118 3646; baseline -0.007 -15"><span class='ocrx_word' id='word_1_258' title='bbox 465 3591 561 3631; x_wconf 90' lang='lat' dir='ltr'>mo</span> <span class='ocrx_word' id='word_1_259' title='bbox 592 3578 808 3646; x_wconf 83' lang='lat' dir='ltr'>peccet.</span> <span class='ocrx_word' id='word_1_260' title='bbox 842 3570 955 3625; x_wconf 89' lang='lat' dir='ltr'>Nec</span> <span class='ocrx_word' id='word_1_261' title='bbox 994 3570 1152 3624; x_wconf 91' lang='lat' dir='ltr'>enim</span> <span class='ocrx_word' id='word_1_262' title='bbox 1202 3585 1349 3623; x_wconf 89' lang='lat' dir='ltr'>nova</span> <span class='ocrx_word' id='word_1_263' title='bbox 1406 3565 1717 3621; x_wconf 85' lang='lat' dir='ltr'>inﬁrmitas</span> <span class='ocrx_word' id='word_1_264' title='bbox 1770 3564 2118 3621; x_wconf 87' lang='lat' dir='ltr'>conditionis</span> 
     </span>
    </p>
   </div>
   <div class='ocr_carea' id='block_1_41' title="bbox 464 3655 2124 3731">
    <p class='ocr_par' dir='ltr' id='par_1_41' title="bbox 464 3655 2124 3731">
     <span class='ocr_line' id='line_1_41' title="bbox 464 3655 2124 3731; baseline -0.005 -14"><span class='ocrx_word' id='word_1_265' title='bbox 464 3663 757 3725; x_wconf 65' lang='lat' dir='ltr'>humanae,</span> <span class='ocrx_word' id='word_1_266' title='bbox 793 3660 1100 3731; x_wconf 84' lang='lat' dir='ltr'>magisque</span> <span class='ocrx_word' id='word_1_267' title='bbox 1123 3658 1337 3712; x_wconf 90' lang='lat' dir='ltr'>mirum</span> <span class='ocrx_word' id='word_1_268' title='bbox 1357 3655 1586 3710; x_wconf 90' lang='lat' dir='ltr'>videtur</span> <span class='ocrx_word' id='word_1_269' title='bbox 1616 3656 1665 3710; x_wconf 90' lang='lat' dir='ltr'>si</span> <span class='ocrx_word' id='word_1_270' title='bbox 1685 3655 1858 3710; x_wconf 90' lang='lat' dir='ltr'>homo</span> <span class='ocrx_word' id='word_1_271' title='bbox 1882 3659 2124 3726; x_wconf 85' lang='lat' dir='ltr'>peccato.</span> 
     </span>
    </p>
   </div>
   <div class='ocr_carea' id='block_1_42' title="bbox 465 3744 2118 3820">
    <p class='ocr_par' dir='ltr' id='par_1_42' title="bbox 465 3744 2118 3820">
     <span class='ocr_line' id='line_1_42' title="bbox 465 3744 2118 3820; baseline -0.005 -14"><span class='ocrx_word' id='word_1_272' title='bbox 465 3757 678 3817; x_wconf 85' lang='lat' dir='ltr'>careat,</span> <span class='ocrx_word' id='word_1_273' title='bbox 712 3766 889 3820; x_wconf 92' lang='lat' dir='ltr'>quam</span> <span class='ocrx_word' id='word_1_274' title='bbox 931 3749 979 3803; x_wconf 89' lang='lat' dir='ltr'>si</span> <span class='ocrx_word' id='word_1_275' title='bbox 1013 3752 1317 3818; x_wconf 88' lang='lat' dir='ltr'>peccatum</span> <span class='ocrx_word' id='word_1_276' title='bbox 1370 3744 1604 3816; x_wconf 89' lang='lat' dir='ltr'>aliquod</span> <span class='ocrx_word' id='word_1_277' title='bbox 1639 3744 1886 3799; x_wconf 69' lang='lat' dir='ltr'>affectet.</span> <span class='ocrx_word' id='word_1_278' title='bbox 1936 3744 2118 3815; x_wconf 87' lang='lat' dir='ltr'>Igitur</span> 
     </span>
    </p>
   </div>
   <div class='ocr_carea' id='block_1_43' title="bbox 468 3832 2115 3912">
    <p class='ocr_par' dir='ltr' id='par_1_43' title="bbox 468 3832 2115 3912">
     <span class='ocr_line' id='line_1_43' title="bbox 468 3832 2115 3912; baseline -0.005 -18"><span class='ocrx_word' id='word_1_279' title='bbox 468 3839 726 3912; x_wconf 87' lang='lat' dir='ltr'>peccavit</span> <span class='ocrx_word' id='word_1_280' title='bbox 756 3839 831 3909; x_wconf 90' lang='lat'>(3)</span> <span class='ocrx_word' id='word_1_281' title='bbox 864 3840 1103 3892; x_wconf 87' lang='lat' dir='ltr'>sanctus</span> <span class='ocrx_word' id='word_1_282' title='bbox 1137 3834 1337 3901; x_wconf 87' lang='lat' dir='ltr'>David,</span> <span class='ocrx_word' id='word_1_283' title='bbox 1373 3832 1534 3888; x_wconf 92' lang='lat' dir='ltr'>nullo</span> <span class='ocrx_word' id='word_1_284' title='bbox 1565 3832 1839 3903; x_wconf 85' lang='lat' dir='ltr'>ambiguo</span> <span class='ocrx_word' id='word_1_285' title='bbox 1869 3848 1970 3885; x_wconf 86' lang='lat' dir='ltr'>vos</span> <span class='ocrx_word' id='word_1_286' title='bbox 2027 3836 2115 3887; x_wconf 75' lang='lat' dir='ltr'>te-</span> 
     </span>
    </p>
   </div>
   <div class='ocr_carea' id='block_1_44' title="bbox 462 3919 2117 3996">
    <p class='ocr_par' dir='ltr' id='par_1_44' title="bbox 462 3919 2117 3996">
     <span class='ocr_line' id='line_1_44' title="bbox 462 3919 2117 3996; baseline -0.005 -14"><span class='ocrx_word' id='word_1_287' title='bbox 462 3929 634 3996; x_wconf 88' lang='lat' dir='ltr'>nebo,</span> <span class='ocrx_word' id='word_1_288' title='bbox 681 3925 815 3981; x_wconf 89' lang='lat' dir='ltr'>fecit</span> <span class='ocrx_word' id='word_1_289' title='bbox 870 3923 1250 3990; x_wconf 87' lang='lat' dir='ltr'>adulterium,</span> <span class='ocrx_word' id='word_1_290' title='bbox 1304 3926 1674 3976; x_wconf 86' lang='lat' dir='ltr'>commentus</span> <span class='ocrx_word' id='word_1_291' title='bbox 1731 3925 1818 3974; x_wconf 85' lang='lat' dir='ltr'>est</span> <span class='ocrx_word' id='word_1_292' title='bbox 1875 3919 2117 3975; x_wconf 86' lang='lat' dir='ltr'>homici-</span> 
     </span>
    </p>
   </div>
   <div class='ocr_carea' id='block_1_45' title="bbox 466 4008 2115 4084">
    <p class='ocr_par' dir='ltr' id='par_1_45' title="bbox 466 4008 2115 4084">
     <span class='ocr_line' id='line_1_45' title="bbox 466 4008 2115 4084; baseline -0.004 -13"><span class='ocrx_word' id='word_1_293' title='bbox 466 4016 652 4084; x_wconf 91' lang='lat' dir='ltr'>dium,</span> <span class='ocrx_word' id='word_1_294' title='bbox 687 4019 743 4070; x_wconf 92' lang='lat' dir='ltr'>et</span> <span class='ocrx_word' id='word_1_295' title='bbox 772 4017 1139 4069; x_wconf 87' lang='lat' dir='ltr'>commentus</span> <span class='ocrx_word' id='word_1_296' title='bbox 1166 4015 1254 4065; x_wconf 90' lang='lat' dir='ltr'>est</span> <span class='ocrx_word' id='word_1_297' title='bbox 1283 4014 1341 4064; x_wconf 87' lang='lat' dir='ltr'>et</span> <span class='ocrx_word' id='word_1_298' title='bbox 1371 4008 1608 4081; x_wconf 88' lang='lat' dir='ltr'>peregit.</span> <span class='ocrx_word' id='word_1_299' title='bbox 1643 4009 1905 4063; x_wconf 83' lang='lat' dir='ltr'>Peccavit</span> <span class='ocrx_word' id='word_1_300' title='bbox 1959 4008 2115 4079; x_wconf 90' lang='lat' dir='ltr'>quod</span> 
     </span>
    </p>
   </div>
   <div class='ocr_carea' id='block_1_46' title="bbox 462 4095 2116 4175">
    <p class='ocr_par' dir='ltr' id='par_1_46' title="bbox 462 4095 2116 4175">
     <span class='ocr_line' id='line_1_46' title="bbox 462 4095 2116 4175; baseline -0.006 -14"><span class='ocrx_word' id='word_1_301' title='bbox 462 4105 652 4161; x_wconf 89' lang='lat' dir='ltr'>solent</span> <span class='ocrx_word' id='word_1_302' title='bbox 681 4118 847 4175; x_wconf 86' lang='lat' dir='ltr'>reges</span> <span class='ocrx_word' id='word_1_303' title='bbox 873 4119 887 4169; x_wconf 90' lang='lat'>;</span> <span class='ocrx_word' id='word_1_304' title='bbox 922 4100 1022 4155; x_wconf 83' lang='lat' dir='ltr'>sed</span> <span class='ocrx_word' id='word_1_305' title='bbox 1055 4097 1456 4171; x_wconf 66' lang='lat' dir='ltr'>paenitentiam</span> <span class='ocrx_word' id='word_1_306' title='bbox 1480 4096 1663 4168; x_wconf 88' lang='lat' dir='ltr'>gessit</span> <span class='ocrx_word' id='word_1_307' title='bbox 1683 4102 1739 4152; x_wconf 91' lang='lat' dir='ltr'>et</span> <span class='ocrx_word' id='word_1_308' title='bbox 1765 4095 1941 4164; x_wconf 87' lang='lat' dir='ltr'>ﬂevit,</span> <span class='ocrx_word' id='word_1_309' title='bbox 1962 4097 2116 4168; x_wconf 91' lang='lat' dir='ltr'>quod</span> 
     </span>
    </p>
   </div>
   <div class='ocr_carea' id='block_1_47' title="bbox 461 4185 2117 4262">
    <p class='ocr_par' dir='ltr' id='par_1_47' title="bbox 461 4185 2117 4262">
     <span class='ocr_line' id='line_1_47' title="bbox 461 4185 2117 4262; baseline -0.006 -12"><span class='ocrx_word' id='word_1_310' title='bbox 461 4211 574 4249; x_wconf 90' lang='lat' dir='ltr'>non</span> <span class='ocrx_word' id='word_1_311' title='bbox 609 4191 801 4249; x_wconf 85' lang='lat' dir='ltr'>solent</span> <span class='ocrx_word' id='word_1_312' title='bbox 825 4205 1008 4262; x_wconf 89' lang='lat' dir='ltr'>reges.</span> <span class='ocrx_word' id='word_1_313' title='bbox 1047 4187 1290 4260; x_wconf 81' lang='lat' dir='ltr'>Rogavit</span> <span class='ocrx_word' id='word_1_314' title='bbox 1345 4185 1597 4252; x_wconf 86' lang='lat' dir='ltr'>veniam,</span> <span class='ocrx_word' id='word_1_315' title='bbox 1659 4200 1773 4239; x_wconf 91' lang='lat' dir='ltr'>non</span> <span class='ocrx_word' id='word_1_316' title='bbox 1835 4201 2117 4257; x_wconf 87' lang='lat' dir='ltr'>arrogans</span> 
     </span>
    </p>
   </div>
   <div class='ocr_carea' id='block_1_48' title="bbox 462 4273 2115 4354">
    <p class='ocr_par' dir='ltr' id='par_1_48' title="bbox 462 4273 2115 4354">
     <span class='ocr_line' id='line_1_48' title="bbox 462 4273 2115 4354; baseline -0.007 -16"><span class='ocrx_word' id='word_1_317' title='bbox 462 4281 788 4354; x_wconf 86' lang='lat' dir='ltr'>potestatis,</span> <span class='ocrx_word' id='word_1_318' title='bbox 823 4281 923 4335; x_wconf 90' lang='lat' dir='ltr'>sed</span> <span class='ocrx_word' id='word_1_319' title='bbox 946 4276 1309 4332; x_wconf 76' lang='lat' dir='ltr'>infirmitatis</span> <span class='ocrx_word' id='word_1_320' title='bbox 1340 4292 1458 4330; x_wconf 65' lang='lat' dir='ltr'>suae</span> <span class='ocrx_word' id='word_1_321' title='bbox 1490 4273 1800 4335; x_wconf 85' lang='lat' dir='ltr'>conscius;</span> <span class='ocrx_word' id='word_1_322' title='bbox 1860 4278 2115 4345; x_wconf 87' lang='lat' dir='ltr'>prostra-</span> 
     </span>
    </p>
   </div>
   <div class='ocr_carea' id='block_1_49' title="bbox 468 4362 2113 4437">
    <p class='ocr_par' dir='ltr' id='par_1_49' title="bbox 468 4362 2113 4437">
     <span class='ocr_line' id='line_1_49' title="bbox 468 4362 2113 4437; baseline -0.006 -12"><span class='ocrx_word' id='word_1_323' title='bbox 468 4377 566 4425; x_wconf 90' lang='lat' dir='ltr'>tus</span> <span class='ocrx_word' id='word_1_324' title='bbox 592 4370 652 4423; x_wconf 90' lang='lat' dir='ltr'>in</span> <span class='ocrx_word' id='word_1_325' title='bbox 686 4375 900 4425; x_wconf 89' lang='lat' dir='ltr'>terram</span> <span class='ocrx_word' id='word_1_326' title='bbox 940 4367 1128 4422; x_wconf 90' lang='lat' dir='ltr'>cilicio</span> <span class='ocrx_word' id='word_1_327' title='bbox 1177 4383 1238 4421; x_wconf 90' lang='lat' dir='ltr'>se</span> <span class='ocrx_word' id='word_1_328' title='bbox 1299 4363 1547 4437; x_wconf 91' lang='lat' dir='ltr'>operuit,</span> <span class='ocrx_word' id='word_1_329' title='bbox 1601 4362 1820 4418; x_wconf 90' lang='lat' dir='ltr'>oblitus</span> <span class='ocrx_word' id='word_1_330' title='bbox 1880 4362 2113 4433; x_wconf 89' lang='lat' dir='ltr'>imperii</span> 
     </span>
    </p>
   </div>
   <div class='ocr_carea' id='block_1_50' title="bbox 459 4459 1009 4528">
    <p class='ocr_par' dir='ltr' id='par_1_50' title="bbox 459 4459 1009 4528">
     <span class='ocr_line' id='line_1_50' title="bbox 459 4459 1009 4528; baseline 0.002 -17"><span class='ocrx_word' id='word_1_331' title='bbox 459 4463 517 4512; x_wconf 92' lang='lat' dir='ltr'>et</span> <span class='ocrx_word' id='word_1_332' title='bbox 549 4473 771 4512; x_wconf 90' lang='lat' dir='ltr'>memor</span> <span class='ocrx_word' id='word_1_333' title='bbox 808 4459 1009 4528; x_wconf 59' lang='lat' dir='ltr'>culpas.</span> 
     </span>
    </p>
   </div>
   <div class='ocr_carea' id='block_1_51' title="bbox 2246 536 3902 611">
    <p class='ocr_par' dir='ltr' id='par_1_51' title="bbox 2246 536 3902 611">
     <span class='ocr_line' id='line_1_51' title="bbox 2246 536 3902 611; baseline 0.004 -23"><span class='ocrx_word' id='word_1_334' title='bbox 2246 543 2407 605; x_wconf 81' lang='lat' dir='ltr'>putet</span> <span class='ocrx_word' id='word_1_335' title='bbox 2438 536 2549 591; x_wconf 89' lang='lat' dir='ltr'>sibi</span> <span class='ocrx_word' id='word_1_336' title='bbox 2583 538 2736 608; x_wconf 89' lang='lat' dir='ltr'>quod</span> <span class='ocrx_word' id='word_1_337' title='bbox 2770 554 2884 593; x_wconf 91' lang='lat' dir='ltr'>non</span> <span class='ocrx_word' id='word_1_338' title='bbox 2917 539 3100 605; x_wconf 92' lang='lat' dir='ltr'>decet,</span> <span class='ocrx_word' id='word_1_339' title='bbox 3136 556 3250 594; x_wconf 89' lang='lat' dir='ltr'>non</span> <span class='ocrx_word' id='word_1_340' title='bbox 3282 539 3453 596; x_wconf 88' lang='lat' dir='ltr'>licere</span> <span class='ocrx_word' id='word_1_341' title='bbox 3486 557 3499 595; x_wconf 92' lang='lat'>:</span> <span class='ocrx_word' id='word_1_342' title='bbox 3552 540 3654 611; x_wconf 90' lang='lat' dir='ltr'>qui</span> <span class='ocrx_word' id='word_1_343' title='bbox 3708 557 3776 595; x_wconf 87' lang='lat' dir='ltr'>se</span> <span class='ocrx_word' id='word_1_344' title='bbox 3831 540 3902 595; x_wconf 90' lang='lat' dir='ltr'>le-</span> 
     </span>
    </p>
   </div>
   <div class='ocr_carea' id='block_1_52' title="bbox 2241 624 3897 700">
    <p class='ocr_par' dir='ltr' id='par_1_52' title="bbox 2241 624 3897 700">
     <span class='ocr_line' id='line_1_52' title="bbox 2241 624 3897 700; baseline 0.004 -23"><span class='ocrx_word' id='word_1_345' title='bbox 2241 624 2413 695; x_wconf 88' lang='lat' dir='ltr'>gibus</span> <span class='ocrx_word' id='word_1_346' title='bbox 2443 625 2773 698; x_wconf 86' lang='lat' dir='ltr'>obstringat</span> <span class='ocrx_word' id='word_1_347' title='bbox 2802 626 2965 693; x_wconf 86' lang='lat' dir='ltr'>suis;</span> <span class='ocrx_word' id='word_1_348' title='bbox 2998 632 3055 682; x_wconf 89' lang='lat' dir='ltr'>et</span> <span class='ocrx_word' id='word_1_349' title='bbox 3085 628 3241 700; x_wconf 88' lang='lat' dir='ltr'>quod</span> <span class='ocrx_word' id='word_1_350' title='bbox 3274 645 3377 700; x_wconf 90' lang='lat' dir='ltr'>per</span> <span class='ocrx_word' id='word_1_351' title='bbox 3424 629 3716 698; x_wconf 74' lang='lat' dir='ltr'>justitiam</span> <span class='ocrx_word' id='word_1_352' title='bbox 3782 645 3897 683; x_wconf 89' lang='lat' dir='ltr'>non</span> 
     </span>
    </p>
   </div>
   <div class='ocr_carea' id='block_1_53' title="bbox 2240 711 3899 789">
    <p class='ocr_par' dir='ltr' id='par_1_53' title="bbox 2240 711 3899 789">
     <span class='ocr_line' id='line_1_53' title="bbox 2240 711 3899 789; baseline 0.002 -22"><span class='ocrx_word' id='word_1_353' title='bbox 2240 711 2395 779; x_wconf 89' lang='lat' dir='ltr'>licet,</span> <span class='ocrx_word' id='word_1_354' title='bbox 2431 730 2537 770; x_wconf 89' lang='lat' dir='ltr'>nec</span> <span class='ocrx_word' id='word_1_355' title='bbox 2597 731 2700 787; x_wconf 86' lang='lat' dir='ltr'>per</span> <span class='ocrx_word' id='word_1_356' title='bbox 2755 719 3102 783; x_wconf 86' lang='lat' dir='ltr'>potestatem</span> <span class='ocrx_word' id='word_1_357' title='bbox 3159 716 3332 771; x_wconf 85' lang='lat' dir='ltr'>licere</span> <span class='ocrx_word' id='word_1_358' title='bbox 3398 716 3715 789; x_wconf 83' lang='lat' dir='ltr'>agnoscat?</span> <span class='ocrx_word' id='word_1_359' title='bbox 3775 716 3899 772; x_wconf 87' lang='lat' dir='ltr'>Non</span> 
     </span>
    </p>
   </div>
   <div class='ocr_carea' id='block_1_54' title="bbox 2241 802 3905 877">
    <p class='ocr_par' dir='ltr' id='par_1_54' title="bbox 2241 802 3905 877">
     <span class='ocr_line' id='line_1_54' title="bbox 2241 802 3905 877; baseline 0.002 -21"><span class='ocrx_word' id='word_1_360' title='bbox 2241 802 2398 857; x_wconf 89' lang='lat' dir='ltr'>enim</span> <span class='ocrx_word' id='word_1_361' title='bbox 2424 803 2597 859; x_wconf 87' lang='lat' dir='ltr'>solvit</span> <span class='ocrx_word' id='word_1_362' title='bbox 2630 808 2888 876; x_wconf 87' lang='lat' dir='ltr'>potestas</span> <span class='ocrx_word' id='word_1_363' title='bbox 2929 806 3244 876; x_wconf 87' lang='lat' dir='ltr'>justitiam,</span> <span class='ocrx_word' id='word_1_364' title='bbox 3305 806 3403 861; x_wconf 88' lang='lat' dir='ltr'>sed</span> <span class='ocrx_word' id='word_1_365' title='bbox 3451 806 3684 877; x_wconf 86' lang='lat' dir='ltr'>justitia</span> <span class='ocrx_word' id='word_1_366' title='bbox 3744 811 3905 877; x_wconf 80' lang='lat' dir='ltr'>pote-</span> 
     </span>
    </p>
   </div>
   <div class='ocr_carea' id='block_1_55' title="bbox 2240 892 3905 966">
    <p class='ocr_par' dir='ltr' id='par_1_55' title="bbox 2240 892 3905 966">
     <span class='ocr_line' id='line_1_55' title="bbox 2240 892 3905 966; baseline 0.004 -23"><span class='ocrx_word' id='word_1_367' title='bbox 2240 894 2486 959; x_wconf 87' lang='lat' dir='ltr'>statem;</span> <span class='ocrx_word' id='word_1_368' title='bbox 2514 908 2619 946; x_wconf 89' lang='lat' dir='ltr'>nec</span> <span class='ocrx_word' id='word_1_369' title='bbox 2648 892 2879 965; x_wconf 89' lang='lat' dir='ltr'>legibus</span> <span class='ocrx_word' id='word_1_370' title='bbox 2908 910 3004 947; x_wconf 89' lang='lat' dir='ltr'>rex</span> <span class='ocrx_word' id='word_1_371' title='bbox 3040 892 3267 947; x_wconf 87' lang='lat' dir='ltr'>solutus</span> <span class='ocrx_word' id='word_1_372' title='bbox 3299 900 3406 952; x_wconf 87' lang='lat' dir='ltr'>est.</span> <span class='ocrx_word' id='word_1_373' title='bbox 3440 895 3540 948; x_wconf 87' lang='lat' dir='ltr'>sed</span> <span class='ocrx_word' id='word_1_374' title='bbox 3581 893 3741 966; x_wconf 82' lang='lat' dir='ltr'>leges</span> <span class='ocrx_word' id='word_1_375' title='bbox 3794 911 3905 950; x_wconf 89' lang='lat' dir='ltr'>suo</span> 
     </span>
    </p>
   </div>
   <div class='ocr_carea' id='block_1_56' title="bbox 2240 978 3901 1054">
    <p class='ocr_par' dir='ltr' id='par_1_56' title="bbox 2240 978 3901 1054">
     <span class='ocr_line' id='line_1_56' title="bbox 2240 978 3901 1054; baseline 0.002 -21"><span class='ocrx_word' id='word_1_376' title='bbox 2240 978 2412 1035; x_wconf 85' lang='lat' dir='ltr'>solvit</span> <span class='ocrx_word' id='word_1_377' title='bbox 2442 980 2727 1053; x_wconf 86' lang='lat' dir='ltr'>exemplo.</span> <span class='ocrx_word' id='word_1_378' title='bbox 2760 984 2846 1036; x_wconf 89' lang='lat' dir='ltr'>An</span> <span class='ocrx_word' id='word_1_379' title='bbox 2878 982 3003 1037; x_wconf 79' lang='lat' dir='ltr'>fieri</span> <span class='ocrx_word' id='word_1_380' title='bbox 3036 985 3229 1053; x_wconf 84' lang='lat' dir='ltr'>potest</span> <span class='ocrx_word' id='word_1_381' title='bbox 3260 987 3321 1037; x_wconf 88' lang='lat' dir='ltr'>ut</span> <span class='ocrx_word' id='word_1_382' title='bbox 3350 982 3449 1054; x_wconf 92' lang='lat' dir='ltr'>qui</span> <span class='ocrx_word' id='word_1_383' title='bbox 3493 983 3563 1038; x_wconf 92' lang='lat' dir='ltr'>de</span> <span class='ocrx_word' id='word_1_384' title='bbox 3609 981 3754 1039; x_wconf 85' lang='lat' dir='ltr'>aliIs</span> <span class='ocrx_word' id='word_1_385' title='bbox 3800 983 3901 1054; x_wconf 90' lang='lat' dir='ltr'>ju-</span> 
     </span>
    </p>
   </div>
   <div class='ocr_carea' id='block_1_57' title="bbox 2240 1069 3899 1142">
    <p class='ocr_par' dir='ltr' id='par_1_57' title="bbox 2240 1069 3899 1142">
     <span class='ocr_line' id='line_1_57' title="bbox 2240 1069 3899 1142; baseline 0.001 -20"><span class='ocrx_word' id='word_1_386' title='bbox 2240 1069 2428 1132; x_wconf 82' lang='lat' dir='ltr'>dicat,</span> <span class='ocrx_word' id='word_1_387' title='bbox 2462 1086 2568 1123; x_wconf 86' lang='lat' dir='ltr'>suo</span> <span class='ocrx_word' id='word_1_388' title='bbox 2600 1070 2724 1140; x_wconf 90' lang='lat' dir='ltr'>ipse</span> <span class='ocrx_word' id='word_1_389' title='bbox 2756 1069 2832 1123; x_wconf 89' lang='lat' dir='ltr'>sit</span> <span class='ocrx_word' id='word_1_390' title='bbox 2856 1069 3003 1124; x_wconf 90' lang='lat' dir='ltr'>liber</span> <span class='ocrx_word' id='word_1_391' title='bbox 3023 1069 3271 1140; x_wconf 86' lang='lat' dir='ltr'>judicio,</span> <span class='ocrx_word' id='word_1_392' title='bbox 3298 1076 3355 1125; x_wconf 90' lang='lat' dir='ltr'>et</span> <span class='ocrx_word' id='word_1_393' title='bbox 3394 1071 3452 1124; x_wconf 90' lang='lat' dir='ltr'>in</span> <span class='ocrx_word' id='word_1_394' title='bbox 3487 1087 3548 1125; x_wconf 87' lang='lat' dir='ltr'>se</span> <span class='ocrx_word' id='word_1_395' title='bbox 3578 1070 3899 1142; x_wconf 80' lang='lat' dir='ltr'>suscipiat,</span> 
     </span>
    </p>
   </div>
   <div class='ocr_carea' id='block_1_58' title="bbox 2240 1157 3066 1232">
    <p class='ocr_par' dir='ltr' id='par_1_58' title="bbox 2240 1157 3066 1232">
     <span class='ocr_line' id='line_1_58' title="bbox 2240 1157 3066 1232; baseline 0.002 -21"><span class='ocrx_word' id='word_1_396' title='bbox 2240 1157 2297 1212; x_wconf 89' lang='lat' dir='ltr'>in</span> <span class='ocrx_word' id='word_1_397' title='bbox 2333 1174 2447 1228; x_wconf 91' lang='lat' dir='ltr'>quo</span> <span class='ocrx_word' id='word_1_398' title='bbox 2478 1163 2533 1212; x_wconf 85' lang='lat' dir='ltr'>et</span> <span class='ocrx_word' id='word_1_399' title='bbox 2564 1158 2709 1214; x_wconf 91' lang='lat' dir='ltr'>alios</span> <span class='ocrx_word' id='word_1_400' title='bbox 2738 1158 3066 1232; x_wconf 82' lang='lat' dir='ltr'>astringat?</span> 
     </span>
    </p>
   </div>
   <div class='ocr_carea' id='block_1_59' title="bbox 2306 1254 3905 1330">
    <p class='ocr_par' dir='ltr' id='par_1_59' title="bbox 2306 1254 3905 1330">
     <span class='ocr_line' id='line_1_59' title="bbox 2306 1254 3905 1330; baseline 0.004 -24"><span class='ocrx_word' id='word_1_401' title='bbox 2306 1255 2359 1308; x_wconf 87' lang='lat'>9.</span> <span class='ocrx_word' id='word_1_402' title='bbox 2396 1255 2591 1309; x_wconf 87' lang='lat' dir='ltr'>Bonus</span> <span class='ocrx_word' id='word_1_403' title='bbox 2620 1270 2755 1326; x_wconf 87' lang='lat' dir='ltr'>ergo</span> <span class='ocrx_word' id='word_1_404' title='bbox 2781 1254 2982 1324; x_wconf 88' lang='lat' dir='ltr'>David,</span> <span class='ocrx_word' id='word_1_405' title='bbox 3015 1261 3069 1308; x_wconf 86' lang='lat' dir='ltr'>et</span> <span class='ocrx_word' id='word_1_406' title='bbox 3101 1255 3285 1309; x_wconf 85' lang='lat' dir='ltr'>multo</span> <span class='ocrx_word' id='word_1_407' title='bbox 3334 1256 3735 1312; x_wconf 83' lang='lat' dir='ltr'>admirabilior</span> <span class='ocrx_word' id='word_1_408' title='bbox 3794 1260 3905 1330; x_wconf 87' lang='lat' dir='ltr'>qui</span> 
     </span>
    </p>
   </div>
   <div class='ocr_carea' id='block_1_60' title="bbox 2237 1330 3903 1415">
    <p class='ocr_par' dir='ltr' id='par_1_60' title="bbox 2237 1330 3903 1415">
     <span class='ocr_line' id='line_1_60' title="bbox 2237 1330 3903 1415; baseline 0.002 -17"><span class='ocrx_word' id='word_1_409' title='bbox 2237 1346 2584 1415; x_wconf 87' lang='lat' dir='ltr'>potestatem</span> <span class='ocrx_word' id='word_1_410' title='bbox 2614 1342 2770 1411; x_wconf 89' lang='lat' dir='ltr'>vicit,</span> <span class='ocrx_word' id='word_1_411' title='bbox 2803 1359 2977 1414; x_wconf 91' lang='lat' dir='ltr'>quam</span> <span class='ocrx_word' id='word_1_412' title='bbox 3011 1330 3107 1414; x_wconf 86' lang='lat' dir='ltr'>qui</span> <span class='ocrx_word' id='word_1_413' title='bbox 3139 1360 3417 1399; x_wconf 88' lang='lat' dir='ltr'>amorem.</span> <span class='ocrx_word' id='word_1_414' title='bbox 3451 1346 3695 1400; x_wconf 87' lang='lat' dir='ltr'>Castitas</span> <span class='ocrx_word' id='word_1_415' title='bbox 3727 1347 3903 1401; x_wconf 86' lang='lat' dir='ltr'>enim</span> 
     </span>
    </p>
   </div>
   <div class='ocr_carea' id='block_1_61' title="bbox 2236 1430 3900 1504">
    <p class='ocr_par' dir='ltr' id='par_1_61' title="bbox 2236 1430 3900 1504">
     <span class='ocr_line' id='line_1_61' title="bbox 2236 1430 3900 1504; baseline 0.005 -18"><span class='ocrx_word' id='word_1_416' title='bbox 2236 1430 2462 1503; x_wconf 86' lang='lat' dir='ltr'>corpori</span> <span class='ocrx_word' id='word_1_417' title='bbox 2500 1447 2925 1502; x_wconf 87' lang='lat' dir='ltr'>nonnunquam</span> <span class='ocrx_word' id='word_1_418' title='bbox 2968 1432 3248 1497; x_wconf 77' lang='lat' dir='ltr'>defertur,</span> <span class='ocrx_word' id='word_1_419' title='bbox 3281 1434 3607 1504; x_wconf 84' lang='lat' dir='ltr'>frequenter</span> <span class='ocrx_word' id='word_1_420' title='bbox 3663 1435 3900 1494; x_wconf 83' lang='lat' dir='ltr'>errori:</span> 
     </span>
    </p>
   </div>
   <div class='ocr_carea' id='block_1_62' title="bbox 2236 1519 3903 1593">
    <p class='ocr_par' dir='ltr' id='par_1_62' title="bbox 2236 1519 3903 1593">
     <span class='ocr_line' id='line_1_62' title="bbox 2236 1519 3903 1593; baseline 0.002 -18"><span class='ocrx_word' id='word_1_421' title='bbox 2236 1524 2492 1593; x_wconf 87' lang='lat' dir='ltr'>potestas</span> <span class='ocrx_word' id='word_1_422' title='bbox 2528 1524 2639 1573; x_wconf 90' lang='lat' dir='ltr'>Deo</span> <span class='ocrx_word' id='word_1_423' title='bbox 2673 1519 2980 1585; x_wconf 87' lang='lat' dir='ltr'>subditur;</span> <span class='ocrx_word' id='word_1_424' title='bbox 3015 1525 3071 1574; x_wconf 90' lang='lat' dir='ltr'>et</span> <span class='ocrx_word' id='word_1_425' title='bbox 3096 1521 3329 1575; x_wconf 81' lang='lat' dir='ltr'>facilius</span> <span class='ocrx_word' id='word_1_426' title='bbox 3360 1522 3459 1593; x_wconf 86' lang='lat' dir='ltr'>qui</span> <span class='ocrx_word' id='word_1_427' title='bbox 3492 1538 3553 1577; x_wconf 89' lang='lat' dir='ltr'>se</span> <span class='ocrx_word' id='word_1_428' title='bbox 3579 1521 3639 1576; x_wconf 91' lang='lat' dir='ltr'>in</span> <span class='ocrx_word' id='word_1_429' title='bbox 3687 1539 3903 1578; x_wconf 86' lang='lat' dir='ltr'>amore</span> 
     </span>
    </p>
   </div>
   <div class='ocr_carea' id='block_1_63' title="bbox 2236 1608 3903 1682">
    <p class='ocr_par' dir='ltr' id='par_1_63' title="bbox 2236 1608 3903 1682">
     <span class='ocr_line' id='line_1_63' title="bbox 2236 1608 3903 1682; baseline 0.002 -19"><span class='ocrx_word' id='word_1_430' title='bbox 2236 1608 2524 1675; x_wconf 87' lang='lat' dir='ltr'>cohibeat,</span> <span class='ocrx_word' id='word_1_431' title='bbox 2558 1624 2734 1678; x_wconf 88' lang='lat' dir='ltr'>quam</span> <span class='ocrx_word' id='word_1_432' title='bbox 2758 1608 2817 1661; x_wconf 91' lang='lat' dir='ltr'>in</span> <span class='ocrx_word' id='word_1_433' title='bbox 2852 1611 3137 1679; x_wconf 88' lang='lat' dir='ltr'>potestate</span> <span class='ocrx_word' id='word_1_434' title='bbox 3175 1609 3524 1664; x_wconf 90' lang='lat' dir='ltr'>moderetur.</span> <span class='ocrx_word' id='word_1_435' title='bbox 3559 1610 3683 1665; x_wconf 84' lang='lat' dir='ltr'>Non</span> <span class='ocrx_word' id='word_1_436' title='bbox 3755 1626 3903 1682; x_wconf 81' lang='lat' dir='ltr'>ergo</span> 
     </span>
    </p>
   </div>
   <div class='ocr_carea' id='block_1_64' title="bbox 2240 1696 3903 1769">
    <p class='ocr_par' dir='ltr' id='par_1_64' title="bbox 2240 1696 3903 1769">
     <span class='ocr_line' id='line_1_64' title="bbox 2240 1696 3903 1769; baseline 0.001 -17"><span class='ocrx_word' id='word_1_437' title='bbox 2240 1696 2492 1769; x_wconf 86' lang='lat' dir='ltr'>ignoscis</span> <span class='ocrx_word' id='word_1_438' title='bbox 2520 1697 2675 1767; x_wconf 87' lang='lat' dir='ltr'>quod</span> <span class='ocrx_word' id='word_1_439' title='bbox 2710 1697 2905 1751; x_wconf 89' lang='lat' dir='ltr'>minus</span> <span class='ocrx_word' id='word_1_440' title='bbox 2937 1703 3046 1763; x_wconf 89' lang='lat' dir='ltr'>est,</span> <span class='ocrx_word' id='word_1_441' title='bbox 3081 1697 3140 1751; x_wconf 89' lang='lat' dir='ltr'>in</span> <span class='ocrx_word' id='word_1_442' title='bbox 3186 1715 3301 1769; x_wconf 88' lang='lat' dir='ltr'>quo</span> <span class='ocrx_word' id='word_1_443' title='bbox 3353 1700 3575 1768; x_wconf 85' lang='lat' dir='ltr'>majora</span> <span class='ocrx_word' id='word_1_444' title='bbox 3630 1699 3903 1754; x_wconf 80' lang='lat' dir='ltr'>miraris.</span> 
     </span>
    </p>
   </div>
   <div class='ocr_carea' id='block_1_65' title="bbox 2236 1784 3903 1859">
    <p class='ocr_par' dir='ltr' id='par_1_65' title="bbox 2236 1784 3903 1859">
     <span class='ocr_line' id='line_1_65' title="bbox 2236 1784 3903 1859; baseline 0.002 -19"><span class='ocrx_word' id='word_1_445' title='bbox 2236 1785 2484 1840; x_wconf 86' lang='lat' dir='ltr'>Lubrica</span> <span class='ocrx_word' id='word_1_446' title='bbox 2504 1785 2658 1839; x_wconf 90' lang='lat' dir='ltr'>enim</span> <span class='ocrx_word' id='word_1_447' title='bbox 2693 1784 2749 1838; x_wconf 91' lang='lat' dir='ltr'>in</span> <span class='ocrx_word' id='word_1_448' title='bbox 2782 1784 3059 1840; x_wconf 90' lang='lat' dir='ltr'>omnibus</span> <span class='ocrx_word' id='word_1_449' title='bbox 3082 1785 3419 1841; x_wconf 88' lang='lat' dir='ltr'>hominibus</span> <span class='ocrx_word' id='word_1_450' title='bbox 3454 1791 3509 1841; x_wconf 90' lang='lat' dir='ltr'>et</span> <span class='ocrx_word' id='word_1_451' title='bbox 3543 1804 3726 1859; x_wconf 88' lang='lat' dir='ltr'>prona</span> <span class='ocrx_word' id='word_1_452' title='bbox 3794 1806 3903 1845; x_wconf 82' lang='lat' dir='ltr'>na-</span> 
     </span>
    </p>
   </div>
   <div class='ocr_carea' id='block_1_66' title="bbox 2232 1873 3903 1946">
    <p class='ocr_par' dir='ltr' id='par_1_66' title="bbox 2232 1873 3903 1946">
     <span class='ocr_line' id='line_1_66' title="bbox 2232 1873 3903 1946; baseline 0.002 -18"><span class='ocrx_word' id='word_1_453' title='bbox 2232 1879 2365 1929; x_wconf 89' lang='lat' dir='ltr'>tura</span> <span class='ocrx_word' id='word_1_454' title='bbox 2406 1874 2718 1946; x_wconf 86' lang='lat' dir='ltr'>peccandi;</span> <span class='ocrx_word' id='word_1_455' title='bbox 2776 1873 3004 1929; x_wconf 88' lang='lat' dir='ltr'>lubrica</span> <span class='ocrx_word' id='word_1_456' title='bbox 3056 1875 3233 1929; x_wconf 83' lang='lat' dir='ltr'>etiam</span> <span class='ocrx_word' id='word_1_457' title='bbox 3278 1875 3335 1929; x_wconf 89' lang='lat' dir='ltr'>in</span> <span class='ocrx_word' id='word_1_458' title='bbox 3395 1876 3562 1929; x_wconf 87' lang='lat' dir='ltr'>bonis</span> <span class='ocrx_word' id='word_1_459' title='bbox 3620 1877 3903 1931; x_wconf 79' lang='lat' dir='ltr'>moribus</span> 
     </span>
    </p>
   </div>
   <div class='ocr_carea' id='block_1_67' title="bbox 2233 1961 3902 2034">
    <p class='ocr_par' dir='ltr' id='par_1_67' title="bbox 2233 1961 3902 2034">
     <span class='ocr_line' id='line_1_67' title="bbox 2233 1961 3902 2034; baseline 0.002 -17"><span class='ocrx_word' id='word_1_460' title='bbox 2233 1963 2466 2018; x_wconf 89' lang='lat' dir='ltr'>licentia</span> <span class='ocrx_word' id='word_1_461' title='bbox 2496 1961 2818 2034; x_wconf 86' lang='lat' dir='ltr'>potestatis,</span> <span class='ocrx_word' id='word_1_462' title='bbox 2853 1966 2907 2017; x_wconf 92' lang='lat' dir='ltr'>et</span> <span class='ocrx_word' id='word_1_463' title='bbox 2938 1962 3154 2018; x_wconf 89' lang='lat' dir='ltr'>oblatio</span> <span class='ocrx_word' id='word_1_464' title='bbox 3187 1963 3499 2019; x_wconf 82' lang='lat' dir='ltr'>facultatis.</span> <span class='ocrx_word' id='word_1_465' title='bbox 3555 1964 3674 2020; x_wconf 82' lang='lat' dir='ltr'>Non</span> <span class='ocrx_word' id='word_1_466' title='bbox 3723 1966 3902 2021; x_wconf 86' lang='lat' dir='ltr'>enim</span> 
     </span>
    </p>
   </div>
   <div class='ocr_carea' id='block_1_68' title="bbox 2233 2050 3905 2124">
    <p class='ocr_par' dir='ltr' id='par_1_68' title="bbox 2233 2050 3905 2124">
     <span class='ocr_line' id='line_1_68' title="bbox 2233 2050 3905 2124; baseline 0.002 -18"><span class='ocrx_word' id='word_1_467' title='bbox 2233 2052 2411 2106; x_wconf 87' lang='lat' dir='ltr'>distat</span> <span class='ocrx_word' id='word_1_468' title='bbox 2441 2051 2527 2105; x_wconf 91' lang='lat' dir='ltr'>ira</span> <span class='ocrx_word' id='word_1_469' title='bbox 2554 2050 2705 2123; x_wconf 88' lang='lat' dir='ltr'>regis</span> <span class='ocrx_word' id='word_1_470' title='bbox 2737 2052 2809 2105; x_wconf 86' lang='lat' dir='ltr'>ab</span> <span class='ocrx_word' id='word_1_471' title='bbox 2841 2050 2928 2105; x_wconf 91' lang='lat' dir='ltr'>ira</span> <span class='ocrx_word' id='word_1_472' title='bbox 2959 2050 3182 2107; x_wconf 89' lang='lat' dir='ltr'>leonis:</span> <span class='ocrx_word' id='word_1_473' title='bbox 3229 2054 3331 2107; x_wconf 87' lang='lat' dir='ltr'>sed</span> <span class='ocrx_word' id='word_1_474' title='bbox 3362 2053 3463 2124; x_wconf 91' lang='lat' dir='ltr'>qui</span> <span class='ocrx_word' id='word_1_475' title='bbox 3492 2052 3763 2109; x_wconf 82' lang='lat' dir='ltr'>stimulat</span> <span class='ocrx_word' id='word_1_476' title='bbox 3826 2055 3905 2109; x_wconf 88' lang='lat' dir='ltr'>il-</span> 
     </span>
    </p>
   </div>
   <div class='ocr_carea' id='block_1_69' title="bbox 2231 2140 3901 2211">
    <p class='ocr_par' dir='ltr' id='par_1_69' title="bbox 2231 2140 3901 2211">
     <span class='ocr_line' id='line_1_69' title="bbox 2231 2140 3901 2211; baseline 0.002 -16"><span class='ocrx_word' id='word_1_477' title='bbox 2231 2140 2353 2195; x_wconf 91' lang='lat' dir='ltr'>lum</span> <span class='ocrx_word' id='word_1_478' title='bbox 2385 2145 2442 2194; x_wconf 90' lang='lat' dir='ltr'>et</span> <span class='ocrx_word' id='word_1_479' title='bbox 2459 2140 2836 2206; x_wconf 86' lang='lat' dir='ltr'>admiscetur,</span> <span class='ocrx_word' id='word_1_480' title='bbox 2867 2144 3064 2211; x_wconf 90' lang='lat' dir='ltr'>peccat</span> <span class='ocrx_word' id='word_1_481' title='bbox 3085 2140 3145 2194; x_wconf 91' lang='lat' dir='ltr'>in</span> <span class='ocrx_word' id='word_1_482' title='bbox 3176 2140 3433 2195; x_wconf 88' lang='lat' dir='ltr'>animam</span> <span class='ocrx_word' id='word_1_483' title='bbox 3456 2158 3644 2196; x_wconf 85' lang='lat' dir='ltr'>suam.</span> <span class='ocrx_word' id='word_1_484' title='bbox 3670 2142 3901 2198; x_wconf 80' lang='lat' dir='ltr'>Caveat</span> 
     </span>
    </p>
   </div>
   <div class='ocr_carea' id='block_1_70' title="bbox 2238 2226 3902 2300">
    <p class='ocr_par' dir='ltr' id='par_1_70' title="bbox 2238 2226 3902 2300">
     <span class='ocr_line' id='line_1_70' title="bbox 2238 2226 3902 2300; baseline 0.002 -17"><span class='ocrx_word' id='word_1_485' title='bbox 2238 2245 2373 2300; x_wconf 88' lang='lat' dir='ltr'>ergo</span> <span class='ocrx_word' id='word_1_486' title='bbox 2403 2245 2476 2283; x_wconf 88' lang='lat' dir='ltr'>ne</span> <span class='ocrx_word' id='word_1_487' title='bbox 2507 2226 2768 2284; x_wconf 90' lang='lat' dir='ltr'>stimulet</span> <span class='ocrx_word' id='word_1_488' title='bbox 2798 2228 3008 2300; x_wconf 87' lang='lat' dir='ltr'>aliquis</span> <span class='ocrx_word' id='word_1_489' title='bbox 3059 2232 3429 2300; x_wconf 85' lang='lat' dir='ltr'>potestatem,</span> <span class='ocrx_word' id='word_1_490' title='bbox 3489 2247 3558 2287; x_wconf 90' lang='lat' dir='ltr'>ne</span> <span class='ocrx_word' id='word_1_491' title='bbox 3616 2231 3902 2287; x_wconf 64' lang='lat' dir='ltr'>cassibus</span> 
     </span>
    </p>
   </div>
   <div class='ocr_carea' id='block_1_71' title="bbox 2235 2317 3900 2390">
    <p class='ocr_par' dir='ltr' id='par_1_71' title="bbox 2235 2317 3900 2390">
     <span class='ocr_line' id='line_1_71' title="bbox 2235 2317 3900 2390; baseline 0.002 -17"><span class='ocrx_word' id='word_1_492' title='bbox 2235 2319 2432 2373; x_wconf 88' lang='lat' dir='ltr'>anima</span> <span class='ocrx_word' id='word_1_493' title='bbox 2456 2317 2684 2373; x_wconf 89' lang='lat' dir='ltr'>irretita</span> <span class='ocrx_word' id='word_1_494' title='bbox 2707 2319 3171 2390; x_wconf 89' lang='lat' dir='ltr'>corporeis,vitio</span> <span class='ocrx_word' id='word_1_495' title='bbox 3203 2335 3264 2374; x_wconf 90' lang='lat' dir='ltr'>se</span> <span class='ocrx_word' id='word_1_496' title='bbox 3290 2335 3401 2374; x_wconf 88' lang='lat' dir='ltr'>non</span> <span class='ocrx_word' id='word_1_497' title='bbox 3435 2321 3620 2390; x_wconf 87' lang='lat' dir='ltr'>possit</span> <span class='ocrx_word' id='word_1_498' title='bbox 3651 2335 3900 2376; x_wconf 82' lang='lat' dir='ltr'>exuere.</span> 
     </span>
    </p>
   </div>
   <div class='ocr_carea' id='block_1_72' title="bbox 2233 2406 3903 2481">
    <p class='ocr_par' dir='ltr' id='par_1_72' title="bbox 2233 2406 3903 2481">
     <span class='ocr_line' id='line_1_72' title="bbox 2233 2406 3903 2481; baseline 0.002 -19"><span class='ocrx_word' id='word_1_499' title='bbox 2233 2408 2361 2463; x_wconf 89' lang='lat' dir='ltr'>Non</span> <span class='ocrx_word' id='word_1_500' title='bbox 2380 2423 2518 2479; x_wconf 85' lang='lat' dir='ltr'>ergo</span> <span class='ocrx_word' id='word_1_501' title='bbox 2551 2406 2766 2463; x_wconf 88' lang='lat' dir='ltr'>mirum</span> <span class='ocrx_word' id='word_1_502' title='bbox 2798 2407 2849 2463; x_wconf 90' lang='lat' dir='ltr'>si</span> <span class='ocrx_word' id='word_1_503' title='bbox 2875 2407 3051 2463; x_wconf 89' lang='lat' dir='ltr'>etiam</span> <span class='ocrx_word' id='word_1_504' title='bbox 3085 2408 3261 2463; x_wconf 86' lang='lat' dir='ltr'>David</span> <span class='ocrx_word' id='word_1_505' title='bbox 3315 2409 3509 2480; x_wconf 89' lang='lat' dir='ltr'>specie</span> <span class='ocrx_word' id='word_1_506' title='bbox 3540 2407 3747 2481; x_wconf 89' lang='lat' dir='ltr'>lapsus</span> <span class='ocrx_word' id='word_1_507' title='bbox 3813 2416 3903 2467; x_wconf 85' lang='lat' dir='ltr'>est</span> 
     </span>
    </p>
   </div>
   <div class='ocr_carea' id='block_1_73' title="bbox 2234 2494 3899 2570">
    <p class='ocr_par' dir='ltr' id='par_1_73' title="bbox 2234 2494 3899 2570">
     <span class='ocr_line' id='line_1_73' title="bbox 2234 2494 3899 2570; baseline 0.002 -19"><span class='ocrx_word' id='word_1_508' title='bbox 2234 2494 2577 2568; x_wconf 85' lang='lat' dir='ltr'>potestatis:</span> <span class='ocrx_word' id='word_1_509' title='bbox 2612 2496 2713 2551; x_wconf 88' lang='lat' dir='ltr'>sed</span> <span class='ocrx_word' id='word_1_510' title='bbox 2748 2495 2932 2551; x_wconf 91' lang='lat' dir='ltr'>multo</span> <span class='ocrx_word' id='word_1_511' title='bbox 2963 2495 3222 2568; x_wconf 85' lang='lat' dir='ltr'>amplius</span> <span class='ocrx_word' id='word_1_512' title='bbox 3245 2497 3678 2565; x_wconf 84' lang='lat' dir='ltr'>admirandum,</span> <span class='ocrx_word' id='word_1_513' title='bbox 3731 2501 3899 2570; x_wconf 85' lang='lat' dir='ltr'>quod</span> 
     </span>
    </p>
   </div>
   <div class='ocr_carea' id='block_1_74' title="bbox 2235 2582 3245 2655">
    <p class='ocr_par' dir='ltr' id='par_1_74' title="bbox 2235 2582 3245 2655">
     <span class='ocr_line' id='line_1_74' title="bbox 2235 2582 3245 2655; baseline 0.001 -17"><span class='ocrx_word' id='word_1_514' title='bbox 2235 2584 2368 2639; x_wconf 84' lang='lat' dir='ltr'>fidei</span> <span class='ocrx_word' id='word_1_515' title='bbox 2401 2582 2893 2655; x_wconf 87' lang='lat' dir='ltr'>contemplatione</span> <span class='ocrx_word' id='word_1_516' title='bbox 2924 2588 3245 2640; x_wconf 83' lang='lat' dir='ltr'>revocatur.</span> 
     </span>
    </p>
   </div>
   <div class='ocr_carea' id='block_1_75' title="bbox 2306 2681 3904 2753">
    <p class='ocr_par' dir='ltr' id='par_1_75' title="bbox 2306 2681 3904 2753">
     <span class='ocr_line' id='line_1_75' title="bbox 2306 2681 3904 2753; baseline 0.001 -16"><span class='ocrx_word' id='word_1_517' title='bbox 2306 2685 2391 2737; x_wconf 92' lang='grc'>10.</span> <span class='ocrx_word' id='word_1_518' title='bbox 2424 2681 2672 2736; x_wconf 86' lang='lat' dir='ltr'>Videtur</span> <span class='ocrx_word' id='word_1_519' title='bbox 2701 2681 2880 2753; x_wconf 89' lang='lat' dir='ltr'>igitur</span> <span class='ocrx_word' id='word_1_520' title='bbox 2918 2682 3073 2753; x_wconf 90' lang='lat' dir='ltr'>quod</span> <span class='ocrx_word' id='word_1_521' title='bbox 3116 2686 3378 2753; x_wconf 75' lang='lat' dir='ltr'>potestas</span> <span class='ocrx_word' id='word_1_522' title='bbox 3406 2681 3528 2738; x_wconf 63' lang='lat' dir='ltr'>hac</span> <span class='ocrx_word' id='word_1_523' title='bbox 3582 2683 3904 2741; x_wconf 66' lang='lat' dir='ltr'>mularis</span> 
     </span>
    </p>
   </div>
   <div class='ocr_carea' id='block_1_76' title="bbox 2235 2769 3903 2847">
    <p class='ocr_par' dir='ltr' id='par_1_76' title="bbox 2235 2769 3903 2847">
     <span class='ocr_line' id='line_1_76' title="bbox 2235 2769 3903 2847; baseline 0.002 -21"><span class='ocrx_word' id='word_1_524' title='bbox 2235 2772 2569 2843; x_wconf 85' lang='lat' dir='ltr'>frequenter</span> <span class='ocrx_word' id='word_1_525' title='bbox 2600 2769 2742 2825; x_wconf 90' lang='lat' dir='ltr'>nihil</span> <span class='ocrx_word' id='word_1_526' title='bbox 2777 2769 2980 2843; x_wconf 89' lang='lat' dir='ltr'>prosit,</span> <span class='ocrx_word' id='word_1_527' title='bbox 3014 2773 3070 2826; x_wconf 90' lang='lat' dir='ltr'>et</span> <span class='ocrx_word' id='word_1_528' title='bbox 3099 2769 3447 2843; x_wconf 88' lang='lat' dir='ltr'>plerumque</span> <span class='ocrx_word' id='word_1_529' title='bbox 3475 2772 3663 2828; x_wconf 71' lang='lat' dir='ltr'>obsit:</span> <span class='ocrx_word' id='word_1_530' title='bbox 3723 2790 3903 2847; x_wconf 71' lang='lat' dir='ltr'>sepe</span> 
     </span>
    </p>
   </div>
   <div class='ocr_carea' id='block_1_77' title="bbox 2233 2859 3901 2932">
    <p class='ocr_par' dir='ltr' id='par_1_77' title="bbox 2233 2859 3901 2932">
     <span class='ocr_line' id='line_1_77' title="bbox 2233 2859 3901 2932; baseline 0.002 -15"><span class='ocrx_word' id='word_1_531' title='bbox 2233 2861 2391 2917; x_wconf 89' lang='lat' dir='ltr'>enim</span> <span class='ocrx_word' id='word_1_532' title='bbox 2424 2859 2606 2930; x_wconf 71' lang='lat' dir='ltr'>culpae</span> <span class='ocrx_word' id='word_1_533' title='bbox 2648 2860 2836 2914; x_wconf 84' lang='lat' dir='ltr'>exitus</span> <span class='ocrx_word' id='word_1_534' title='bbox 2890 2859 2948 2914; x_wconf 91' lang='lat' dir='ltr'>in</span> <span class='ocrx_word' id='word_1_535' title='bbox 3007 2860 3353 2915; x_wconf 89' lang='lat' dir='ltr'>auctoritate</span> <span class='ocrx_word' id='word_1_536' title='bbox 3407 2865 3497 2915; x_wconf 60' lang='lat' dir='ltr'>est</span> <span class='ocrx_word' id='word_1_537' title='bbox 3553 2864 3901 2932; x_wconf 61' lang='lat' dir='ltr'>potestatis.</span> 
     </span>
    </p>
   </div>
   <div class='ocr_carea' id='block_1_78' title="bbox 2230 2947 3901 3021">
    <p class='ocr_par' dir='ltr' id='par_1_78' title="bbox 2230 2947 3901 3021">
     <span class='ocr_line' id='line_1_78' title="bbox 2230 2947 3901 3021; baseline -0.001 -16"><span class='ocrx_word' id='word_1_538' title='bbox 2230 2949 2357 3005; x_wconf 92' lang='lat' dir='ltr'>Noli</span> <span class='ocrx_word' id='word_1_539' title='bbox 2389 2948 2590 3021; x_wconf 90' lang='lat' dir='ltr'>igitur,</span> <span class='ocrx_word' id='word_1_540' title='bbox 2622 2947 2958 3018; x_wconf 89' lang='lat' dir='ltr'>quicunque</span> <span class='ocrx_word' id='word_1_541' title='bbox 2988 2962 3051 3002; x_wconf 91' lang='lat' dir='ltr'>es</span> <span class='ocrx_word' id='word_1_542' title='bbox 3082 2963 3199 3013; x_wconf 85' lang='lat' dir='ltr'>rex,</span> <span class='ocrx_word' id='word_1_543' title='bbox 3235 2947 3306 3002; x_wconf 88' lang='lat' dir='ltr'>de</span> <span class='ocrx_word' id='word_1_544' title='bbox 3334 2947 3597 3018; x_wconf 86' lang='lat' dir='ltr'>potentia</span> <span class='ocrx_word' id='word_1_545' title='bbox 3623 2954 3684 3003; x_wconf 90' lang='lat' dir='ltr'>et</span> <span class='ocrx_word' id='word_1_546' title='bbox 3703 2949 3901 3004; x_wconf 84' lang='lat' dir='ltr'>facul-</span> 
     </span>
    </p>
   </div>
   <div class='ocr_carea' id='block_1_79' title="bbox 2230 3035 3896 3110">
    <p class='ocr_par' dir='ltr' id='par_1_79' title="bbox 2230 3035 3896 3110">
     <span class='ocr_line' id='line_1_79' title="bbox 2230 3035 3896 3110; baseline 0 -17"><span class='ocrx_word' id='word_1_547' title='bbox 2230 3042 2347 3093; x_wconf 84' lang='lat' dir='ltr'>tate</span> <span class='ocrx_word' id='word_1_548' title='bbox 2377 3051 2768 3110; x_wconf 70' lang='lat' dir='ltr'>prtesumere;</span> <span class='ocrx_word' id='word_1_549' title='bbox 2802 3052 2900 3091; x_wconf 92' lang='lat' dir='ltr'>cor</span> <span class='ocrx_word' id='word_1_550' title='bbox 2929 3035 3084 3091; x_wconf 91' lang='lat' dir='ltr'>enim</span> <span class='ocrx_word' id='word_1_551' title='bbox 3116 3035 3270 3108; x_wconf 90' lang='lat' dir='ltr'>regis</span> <span class='ocrx_word' id='word_1_552' title='bbox 3302 3036 3359 3090; x_wconf 90' lang='lat' dir='ltr'>in</span> <span class='ocrx_word' id='word_1_553' title='bbox 3393 3053 3572 3092; x_wconf 90' lang='lat' dir='ltr'>manu</span> <span class='ocrx_word' id='word_1_554' title='bbox 3628 3038 3896 3103; x_wconf 84' lang='lat' dir='ltr'>Domini,</span> 
     </span>
    </p>
   </div>
   <div class='ocr_carea' id='block_1_80' title="bbox 2235 3123 3898 3199">
    <p class='ocr_par' dir='ltr' id='par_1_80' title="bbox 2235 3123 3898 3199">
     <span class='ocr_line' id='line_1_80' title="bbox 2235 3123 3898 3199; baseline 0.001 -17"><span class='ocrx_word' id='word_1_555' title='bbox 2235 3126 2357 3182; x_wconf 73' lang='lat' dir='ltr'>Noli</span> <span class='ocrx_word' id='word_1_556' title='bbox 2386 3125 2492 3180; x_wconf 88' lang='lat' dir='ltr'>tibi</span> <span class='ocrx_word' id='word_1_557' title='bbox 2525 3126 2596 3179; x_wconf 88' lang='lat' dir='ltr'>de</span> <span class='ocrx_word' id='word_1_558' title='bbox 2628 3123 2977 3197; x_wconf 89' lang='lat' dir='ltr'>populorum</span> <span class='ocrx_word' id='word_1_559' title='bbox 3010 3125 3370 3194; x_wconf 89' lang='lat' dir='ltr'>subjectione</span> <span class='ocrx_word' id='word_1_560' title='bbox 3402 3125 3694 3180; x_wconf 85' lang='lat' dir='ltr'>blandiri:</span> <span class='ocrx_word' id='word_1_561' title='bbox 3747 3129 3898 3199; x_wconf 85' lang='lat' dir='ltr'>quia</span> 
     </span>
    </p>
   </div>
   <div class='ocr_carea' id='block_1_81' title="bbox 2232 3212 3896 3284">
    <p class='ocr_par' dir='ltr' id='par_1_81' title="bbox 2232 3212 3896 3284">
     <span class='ocr_line' id='line_1_81' title="bbox 2232 3212 3896 3284; baseline 0.001 -13"><span class='ocrx_word' id='word_1_562' title='bbox 2232 3232 2346 3272; x_wconf 91' lang='lat' dir='ltr'>non</span> <span class='ocrx_word' id='word_1_563' title='bbox 2378 3213 2700 3270; x_wconf 86' lang='lat' dir='ltr'>salvabitur</span> <span class='ocrx_word' id='word_1_564' title='bbox 2728 3229 2826 3268; x_wconf 84' lang='lat' dir='ltr'>rex</span> <span class='ocrx_word' id='word_1_565' title='bbox 2858 3229 2959 3284; x_wconf 88' lang='lat' dir='ltr'>per</span> <span class='ocrx_word' id='word_1_566' title='bbox 3004 3212 3437 3269; x_wconf 86' lang='lat' dir='ltr'>multitudinem</span> <span class='ocrx_word' id='word_1_567' title='bbox 3473 3214 3708 3270; x_wconf 88' lang='lat' dir='ltr'>virtutis</span> <span class='ocrx_word' id='word_1_568' title='bbox 3772 3233 3896 3272; x_wconf 76' lang='lat' dir='ltr'>sua:</span> 
     </span>
    </p>
   </div>
   <div class='ocr_carea' id='block_1_82' title="bbox 2227 3300 3890 3377">
    <p class='ocr_par' dir='ltr' id='par_1_82' title="bbox 2227 3300 3890 3377">
     <span class='ocr_line' id='line_1_82' title="bbox 2227 3300 3890 3377; baseline 0.001 -18"><span class='ocrx_word' id='word_1_569' title='bbox 2227 3322 2332 3360; x_wconf 89' lang='lat' dir='ltr'>nec</span> <span class='ocrx_word' id='word_1_570' title='bbox 2363 3304 2529 3377; x_wconf 88' lang='lat' dir='ltr'>gigas</span> <span class='ocrx_word' id='word_1_571' title='bbox 2552 3301 2749 3357; x_wconf 84' lang='lat' dir='ltr'>salvas</span> <span class='ocrx_word' id='word_1_572' title='bbox 2788 3302 2898 3356; x_wconf 82' lang='lat' dir='ltr'>erit</span> <span class='ocrx_word' id='word_1_573' title='bbox 2926 3302 2984 3356; x_wconf 92' lang='lat' dir='ltr'>in</span> <span class='ocrx_word' id='word_1_574' title='bbox 3019 3300 3393 3357; x_wconf 89' lang='lat' dir='ltr'>multitudine</span> <span class='ocrx_word' id='word_1_575' title='bbox 3438 3303 3674 3359; x_wconf 86' lang='lat' dir='ltr'>virtutis</span> <span class='ocrx_word' id='word_1_576' title='bbox 3733 3321 3890 3361; x_wconf 72' lang='lat' dir='ltr'>suae.</span> 
     </span>
    </p>
   </div>
   <div class='ocr_carea' id='block_1_83' title="bbox 2225 3389 3893 3464">
    <p class='ocr_par' dir='ltr' id='par_1_83' title="bbox 2225 3389 3893 3464">
     <span class='ocr_line' id='line_1_83' title="bbox 2225 3389 3893 3464; baseline 0.001 -17"><span class='ocrx_word' id='word_1_577' title='bbox 2225 3394 2350 3447; x_wconf 88' lang='lat' dir='ltr'>Non</span> <span class='ocrx_word' id='word_1_578' title='bbox 2385 3391 2539 3447; x_wconf 89' lang='lat' dir='ltr'>enim</span> <span class='ocrx_word' id='word_1_579' title='bbox 2572 3391 2631 3444; x_wconf 90' lang='lat' dir='ltr'>in</span> <span class='ocrx_word' id='word_1_580' title='bbox 2658 3389 2793 3445; x_wconf 88' lang='lat' dir='ltr'>altis</span> <span class='ocrx_word' id='word_1_581' title='bbox 2842 3389 3353 3445; x_wconf 88' lang='lat' dir='ltr'>tabernaculorum</span> <span class='ocrx_word' id='word_1_582' title='bbox 3412 3389 3693 3462; x_wconf 82' lang='lat' dir='ltr'>fastigiis,</span> <span class='ocrx_word' id='word_1_583' title='bbox 3755 3408 3893 3464; x_wconf 86' lang='lat' dir='ltr'>pre-</span> 
     </span>
    </p>
   </div>
   <div class='ocr_carea' id='block_1_84' title="bbox 2225 3476 3886 3551">
    <p class='ocr_par' dir='ltr' id='par_1_84' title="bbox 2225 3476 3886 3551">
     <span class='ocr_line' id='line_1_84' title="bbox 2225 3476 3886 3551; baseline 0.001 -16"><span class='ocrx_word' id='word_1_584' title='bbox 2225 3481 2492 3551; x_wconf 91' lang='lat' dir='ltr'>tiosoque</span> <span class='ocrx_word' id='word_1_585' title='bbox 2516 3483 2804 3534; x_wconf 89' lang='lat' dir='ltr'>tectorum</span> <span class='ocrx_word' id='word_1_586' title='bbox 2834 3476 3109 3542; x_wconf 86' lang='lat' dir='ltr'>culmine,</span> <span class='ocrx_word' id='word_1_587' title='bbox 3139 3479 3239 3533; x_wconf 91' lang='lat' dir='ltr'>sed</span> <span class='ocrx_word' id='word_1_588' title='bbox 3297 3495 3473 3550; x_wconf 89' lang='lat' dir='ltr'>super</span> <span class='ocrx_word' id='word_1_589' title='bbox 3525 3478 3886 3536; x_wconf 86' lang='lat' dir='ltr'>timentibus</span> 
     </span>
    </p>
   </div>
   <div class='ocr_carea' id='block_1_85' title="bbox 2222 3566 3884 3640">
    <p class='ocr_par' dir='ltr' id='par_1_85' title="bbox 2222 3566 3884 3640">
     <span class='ocr_line' id='line_1_85' title="bbox 2222 3566 3884 3640; baseline 0.001 -18"><span class='ocrx_word' id='word_1_590' title='bbox 2222 3584 2357 3623; x_wconf 90' lang='lat' dir='ltr'>eum</span> <span class='ocrx_word' id='word_1_591' title='bbox 2390 3569 2536 3622; x_wconf 89' lang='lat' dir='ltr'>bene</span> <span class='ocrx_word' id='word_1_592' title='bbox 2566 3566 2847 3638; x_wconf 89' lang='lat' dir='ltr'>placitum</span> <span class='ocrx_word' id='word_1_593' title='bbox 2878 3574 2967 3621; x_wconf 90' lang='lat' dir='ltr'>est</span> <span class='ocrx_word' id='word_1_594' title='bbox 2999 3567 3262 3633; x_wconf 88' lang='lat' dir='ltr'>Domino,</span> <span class='ocrx_word' id='word_1_595' title='bbox 3296 3574 3353 3622; x_wconf 88' lang='lat' dir='ltr'>et</span> <span class='ocrx_word' id='word_1_596' title='bbox 3383 3567 3475 3623; x_wconf 87' lang='lat' dir='ltr'>bis</span> <span class='ocrx_word' id='word_1_597' title='bbox 3498 3568 3598 3639; x_wconf 90' lang='lat' dir='ltr'>qui</span> <span class='ocrx_word' id='word_1_598' title='bbox 3629 3575 3884 3640; x_wconf 85' lang='lat' dir='ltr'>sperant</span> 
     </span>
    </p>
   </div>
   <div class='ocr_carea' id='block_1_86' title="bbox 2226 3654 3025 3727">
    <p class='ocr_par' dir='ltr' id='par_1_86' title="bbox 2226 3654 3025 3727">
     <span class='ocr_line' id='line_1_86' title="bbox 2226 3654 3025 3727; baseline -0.001 -17"><span class='ocrx_word' id='word_1_599' title='bbox 2226 3672 2402 3727; x_wconf 86' lang='lat' dir='ltr'>super</span> <span class='ocrx_word' id='word_1_600' title='bbox 2433 3654 2837 3710; x_wconf 88' lang='lat' dir='ltr'>misericordia</span> <span class='ocrx_word' id='word_1_601' title='bbox 2878 3655 3025 3725; x_wconf 77' lang='lat' dir='ltr'>ejus.</span> 
     </span>
    </p>
   </div>
   <div class='ocr_carea' id='block_1_87' title="bbox 2299 3742 3885 3816">
    <p class='ocr_par' dir='ltr' id='par_1_87' title="bbox 2299 3742 3885 3816">
     <span class='ocr_line' id='line_1_87' title="bbox 2299 3742 3885 3816; baseline 0.002 -18"><span class='ocrx_word' id='word_1_602' title='bbox 2299 3745 2382 3798; x_wconf 85' lang='grc'>11.</span> <span class='ocrx_word' id='word_1_603' title='bbox 2420 3743 2727 3798; x_wconf 88' lang='lat' dir='ltr'>Lubricam</span> <span class='ocrx_word' id='word_1_604' title='bbox 2761 3742 2941 3815; x_wconf 89' lang='lat' dir='ltr'>igitur</span> <span class='ocrx_word' id='word_1_605' title='bbox 2963 3743 3230 3798; x_wconf 90' lang='lat' dir='ltr'>videmus</span> <span class='ocrx_word' id='word_1_606' title='bbox 3252 3744 3323 3798; x_wconf 84' lang='lat' dir='ltr'>ad</span> <span class='ocrx_word' id='word_1_607' title='bbox 3348 3743 3485 3797; x_wconf 87' lang='lat' dir='ltr'>vitia</span> <span class='ocrx_word' id='word_1_608' title='bbox 3506 3748 3885 3816; x_wconf 84' lang='lat' dir='ltr'>potestatem,</span> 
     </span>
    </p>
   </div>
   <div class='ocr_carea' id='block_1_88' title="bbox 2225 3831 3885 3904">
    <p class='ocr_par' dir='ltr' id='par_1_88' title="bbox 2225 3831 3885 3904">
     <span class='ocr_line' id='line_1_88' title="bbox 2225 3831 3885 3904; baseline 0.002 -18"><span class='ocrx_word' id='word_1_609' title='bbox 2225 3849 2329 3888; x_wconf 91' lang='lat' dir='ltr'>nec</span> <span class='ocrx_word' id='word_1_610' title='bbox 2357 3836 2554 3887; x_wconf 89' lang='lat' dir='ltr'>tamen</span> <span class='ocrx_word' id='word_1_611' title='bbox 2584 3846 2816 3902; x_wconf 89' lang='lat' dir='ltr'>semper</span> <span class='ocrx_word' id='word_1_612' title='bbox 2844 3831 3115 3887; x_wconf 84' lang='lat' dir='ltr'>inﬂexam</span> <span class='ocrx_word' id='word_1_613' title='bbox 3147 3832 3390 3887; x_wconf 77' lang='lat' dir='ltr'>dixerim</span> <span class='ocrx_word' id='word_1_614' title='bbox 3420 3849 3433 3886; x_wconf 88' lang='lat'><strong>:</strong></span> <span class='ocrx_word' id='word_1_615' title='bbox 3469 3834 3752 3904; x_wconf 89' lang='lat' dir='ltr'>quoniam</span> <span class='ocrx_word' id='word_1_616' title='bbox 3798 3852 3885 3890; x_wconf 87' lang='lat' dir='ltr'>re-</span> 
     </span>
    </p>
   </div>
   <div class='ocr_carea' id='block_1_89' title="bbox 2223 3913 3882 3995">
    <p class='ocr_par' dir='ltr' id='par_1_89' title="bbox 2223 3913 3882 3995">
     <span class='ocr_line' id='line_1_89' title="bbox 2223 3913 3882 3995; baseline 0 -18"><span class='ocrx_word' id='word_1_617' title='bbox 2223 3922 2339 3995; x_wconf 90' lang='lat' dir='ltr'>gali</span> <span class='ocrx_word' id='word_1_618' title='bbox 2371 3924 2651 3993; x_wconf 85' lang='lat' dir='ltr'>potestate</span> <span class='ocrx_word' id='word_1_619' title='bbox 2681 3919 2995 3975; x_wconf 89' lang='lat' dir='ltr'>sublimem</span> <span class='ocrx_word' id='word_1_620' title='bbox 3027 3925 3084 3976; x_wconf 86' lang='lat' dir='ltr'>et</span> <span class='ocrx_word' id='word_1_621' title='bbox 3134 3921 3313 3976; x_wconf 85' lang='lat' dir='ltr'>David</span> <span class='ocrx_word' id='word_1_622' title='bbox 3372 3921 3625 3994; x_wconf 89' lang='lat' dir='ltr'>legimus</span> <span class='ocrx_word' id='word_1_623' title='bbox 3687 3913 3882 3979; x_wconf 87' lang='lat' dir='ltr'>cultus</span> 
     </span>
    </p>
   </div>
   <div class='ocr_carea' id='block_1_90' title="bbox 2224 4008 3883 4083">
    <p class='ocr_par' dir='ltr' id='par_1_90' title="bbox 2224 4008 3883 4083">
     <span class='ocr_line' id='line_1_90' title="bbox 2224 4008 3883 4083; baseline 0.001 -18"><span class='ocrx_word' id='word_1_624' title='bbox 2224 4011 2456 4067; x_wconf 84' lang='lat' dir='ltr'>auxisse</span> <span class='ocrx_word' id='word_1_625' title='bbox 2486 4009 2734 4078; x_wconf 89' lang='lat' dir='ltr'>divinos,</span> <span class='ocrx_word' id='word_1_626' title='bbox 2758 4012 2816 4063; x_wconf 91' lang='lat' dir='ltr'>et</span> <span class='ocrx_word' id='word_1_627' title='bbox 2839 4008 3209 4065; x_wconf 89' lang='lat' dir='ltr'>Salomonem</span> <span class='ocrx_word' id='word_1_628' title='bbox 3232 4009 3518 4083; x_wconf 89' lang='lat' dir='ltr'>templum</span> <span class='ocrx_word' id='word_1_629' title='bbox 3544 4010 3663 4066; x_wconf 89' lang='lat' dir='ltr'>Deo</span> <span class='ocrx_word' id='word_1_630' title='bbox 3687 4028 3883 4067; x_wconf 45' lang='lat' dir='ltr'>conss.</span> 
     </span>
    </p>
   </div>
   <div class='ocr_carea' id='block_1_91' title="bbox 2224 4115 2440 4155">
    <p class='ocr_par' dir='ltr' id='par_1_91' title="bbox 2224 4115 2440 4155">
     <span class='ocr_line' id='line_1_91' title="bbox 2224 4115 2440 4155; baseline -0.009 -1"><span class='ocrx_word' id='word_1_631' title='bbox 2224 4115 2440 4155; x_wconf 89' lang='lat' dir='ltr'>crasse.</span> 
     </span>
    </p>
   </div>
   <div class='ocr_carea' id='block_1_92' title="bbox 2288 4185 3880 4259">
    <p class='ocr_par' dir='ltr' id='par_1_92' title="bbox 2288 4185 3880 4259">
     <span class='ocr_line' id='line_1_92' title="bbox 2288 4185 3880 4259; baseline 0.001 -18"><span class='ocrx_word' id='word_1_632' title='bbox 2288 4189 2384 4241; x_wconf 64' lang='lat'>42.</span> <span class='ocrx_word' id='word_1_633' title='bbox 2420 4186 2586 4241; x_wconf 78' lang='lat' dir='ltr'>Nunc</span> <span class='ocrx_word' id='word_1_634' title='bbox 2618 4185 2761 4240; x_wconf 90' lang='lat' dir='ltr'>illud</span> <span class='ocrx_word' id='word_1_635' title='bbox 2795 4187 2950 4257; x_wconf 91' lang='lat' dir='ltr'>quod</span> <span class='ocrx_word' id='word_1_636' title='bbox 2995 4187 3469 4259; x_wconf 85' lang='lat' dir='ltr'>perstrinximus,</span> <span class='ocrx_word' id='word_1_637' title='bbox 3524 4205 3880 4249; x_wconf 79' lang='lat' dir='ltr'>asseramus,</span> 
     </span>
    </p>
   </div>
   <div class='ocr_carea' id='block_1_93' title="bbox 2226 4275 3876 4350">
    <p class='ocr_par' dir='ltr' id='par_1_93' title="bbox 2226 4275 3876 4350">
     <span class='ocr_line' id='line_1_93' title="bbox 2226 4275 3876 4350; baseline 0.001 -21"><span class='ocrx_word' id='word_1_638' title='bbox 2226 4275 2561 4331; x_wconf 79' lang='lat' dir='ltr'>facultatem</span> <span class='ocrx_word' id='word_1_639' title='bbox 2604 4275 2954 4346; x_wconf 91' lang='lat' dir='ltr'>imperandi,</span> <span class='ocrx_word' id='word_1_640' title='bbox 2995 4275 3353 4331; x_wconf 88' lang='lat' dir='ltr'>incentivum</span> <span class='ocrx_word' id='word_1_641' title='bbox 3394 4292 3524 4332; x_wconf 88' lang='lat' dir='ltr'>esse</span> <span class='ocrx_word' id='word_1_642' title='bbox 3580 4278 3876 4350; x_wconf 84' lang='lat' dir='ltr'>peccandi,</span> 
     </span>
    </p>
   </div>
   <div class='ocr_carea' id='block_1_94' title="bbox 2224 4364 3872 4437">
    <p class='ocr_par' dir='ltr' id='par_1_94' title="bbox 2224 4364 3872 4437">
     <span class='ocr_line' id='line_1_94' title="bbox 2224 4364 3872 4437; baseline 0.001 -18"><span class='ocrx_word' id='word_1_643' title='bbox 2224 4369 2282 4419; x_wconf 93' lang='lat' dir='ltr'>et</span> <span class='ocrx_word' id='word_1_644' title='bbox 2312 4365 2635 4420; x_wconf 91' lang='lat' dir='ltr'>secundum</span> <span class='ocrx_word' id='word_1_645' title='bbox 2670 4364 2924 4418; x_wconf 75' lang='lat' dir='ltr'>historias</span> <span class='ocrx_word' id='word_1_646' title='bbox 2978 4365 3187 4420; x_wconf 89' lang='lat' dir='ltr'>seriem</span> <span class='ocrx_word' id='word_1_647' title='bbox 3247 4382 3701 4437; x_wconf 84' lang='lat' dir='ltr'>prosequamur.</span> <span class='ocrx_word' id='word_1_648' title='bbox 3758 4367 3872 4422; x_wconf 82' lang='lat' dir='ltr'>Non</span> 
     </span>
    </p>
   </div>
   <div class='ocr_carea' id='block_1_95' title="bbox 2226 4452 3871 4525">
    <p class='ocr_par' dir='ltr' id='par_1_95' title="bbox 2226 4452 3871 4525">
     <span class='ocr_line' id='line_1_95' title="bbox 2226 4452 3871 4525; baseline -0.001 -17"><span class='ocrx_word' id='word_1_649' title='bbox 2226 4452 2612 4509; x_wconf 88' lang='lat' dir='ltr'>adulterasset</span> <span class='ocrx_word' id='word_1_650' title='bbox 2642 4452 2823 4507; x_wconf 83' lang='lat' dir='ltr'>David</span> <span class='ocrx_word' id='word_1_651' title='bbox 2880 4453 3056 4507; x_wconf 89' lang='lat' dir='ltr'>alieni</span> <span class='ocrx_word' id='word_1_652' title='bbox 3109 4455 3213 4525; x_wconf 88' lang='lat' dir='ltr'>jus</span> <span class='ocrx_word' id='word_1_653' title='bbox 3269 4453 3443 4520; x_wconf 90' lang='lat' dir='ltr'>thori,</span> <span class='ocrx_word' id='word_1_654' title='bbox 3505 4458 3564 4508; x_wconf 89' lang='lat' dir='ltr'>et</span> <span class='ocrx_word' id='word_1_655' title='bbox 3620 4454 3871 4511; x_wconf 84' lang='lat' dir='ltr'>fcederati</span> 
     </span>
    </p>
   </div>
   <div class='ocr_carea' id='block_1_96' title="bbox 533 4538 3867 4615">
    <p class='ocr_par' dir='ltr' id='par_1_96' title="bbox 533 4538 3867 4615">
     <span class='ocr_line' id='line_1_96' title="bbox 533 4538 3867 4615; baseline -0 -16"><span class='ocrx_word' id='word_1_656' title='bbox 533 4549 587 4599; x_wconf 84' lang='lat'>8.</span> <span class='ocrx_word' id='word_1_657' title='bbox 621 4545 800 4608; x_wconf 88' lang='lat' dir='ltr'>Quem</span> <span class='ocrx_word' id='word_1_658' title='bbox 836 4543 979 4597; x_wconf 90' lang='lat' dir='ltr'>mihi</span> <span class='ocrx_word' id='word_1_659' title='bbox 1014 4543 1261 4614; x_wconf 82' lang='lat' dir='ltr'>hujusce</span> <span class='ocrx_word' id='word_1_660' title='bbox 1292 4540 1448 4597; x_wconf 86' lang='lat' dir='ltr'>modi</span> <span class='ocrx_word' id='word_1_661' title='bbox 1472 4538 1726 4612; x_wconf 88' lang='lat' dir='ltr'>reperias</span> <span class='ocrx_word' id='word_1_662' title='bbox 1757 4539 1943 4593; x_wconf 88' lang='lat' dir='ltr'>virum</span> <span class='ocrx_word' id='word_1_663' title='bbox 1975 4540 2125 4595; x_wconf 72' lang='lat'>710</span> <span class='ocrx_word' id='word_1_664' title='bbox 2155 4543 2201 4607; x_wconf 89' lang='lat' dir='ltr'>D</span> <span class='ocrx_word' id='word_1_665' title='bbox 2232 4548 2404 4615; x_wconf 90' lang='lat' dir='ltr'>pacta</span> <span class='ocrx_word' id='word_1_666' title='bbox 2433 4542 2712 4613; x_wconf 81' lang='lat' dir='ltr'>coniugii,</span> <span class='ocrx_word' id='word_1_667' title='bbox 2746 4542 2860 4597; x_wconf 89' lang='lat' dir='ltr'>nisi</span> <span class='ocrx_word' id='word_1_668' title='bbox 2892 4543 3112 4597; x_wconf 89' lang='lat' dir='ltr'>nudam</span> <span class='ocrx_word' id='word_1_669' title='bbox 3142 4548 3201 4598; x_wconf 90' lang='lat' dir='ltr'>et</span> <span class='ocrx_word' id='word_1_670' title='bbox 3224 4542 3514 4598; x_wconf 86' lang='lat' dir='ltr'>lavantem</span> <span class='ocrx_word' id='word_1_671' title='bbox 3577 4545 3867 4600; x_wconf 83' lang='lat' dir='ltr'>mulierem</span> 
     </span>
    </p>
   </div>
   <div class='ocr_carea' id='block_1_97' title="bbox 465 4628 2122 4707">
    <p class='ocr_par' dir='ltr' id='par_1_97' title="bbox 465 4628 2122 4707">
     <span class='ocr_line' id='line_1_97' title="bbox 465 4628 2122 4707; baseline -0.004 -18"><span class='ocrx_word' id='word_1_672' title='bbox 465 4648 582 4707; x_wconf 92' lang='lat' dir='ltr'>quo</span> <span class='ocrx_word' id='word_1_673' title='bbox 613 4630 674 4685; x_wconf 91' lang='lat' dir='ltr'>in</span> <span class='ocrx_word' id='word_1_674' title='bbox 708 4635 992 4703; x_wconf 85' lang='lat' dir='ltr'>potestate</span> <span class='ocrx_word' id='word_1_675' title='bbox 1025 4631 1374 4686; x_wconf 86' lang='lat' dir='ltr'>consiitutus</span> <span class='ocrx_word' id='word_1_676' title='bbox 1404 4644 1518 4683; x_wconf 88' lang='lat' dir='ltr'>non</span> <span class='ocrx_word' id='word_1_677' title='bbox 1554 4628 1739 4700; x_wconf 89' lang='lat' dir='ltr'>magis</span> <span class='ocrx_word' id='word_1_678' title='bbox 1761 4632 1997 4700; x_wconf 88' lang='lat' dir='ltr'>peccata</span> <span class='ocrx_word' id='word_1_679' title='bbox 2015 4644 2122 4682; x_wconf 91' lang='lat' dir='ltr'>sua</span> 
     </span>
    </p>
   </div>
   <div class='ocr_carea' id='block_1_98' title="bbox 530 4741 2122 4819">
    <p class='ocr_par' dir='ltr' id='par_1_98' title="bbox 530 4741 2122 4819">
     <span class='ocr_line' id='line_1_98' title="bbox 530 4741 2122 4819; baseline -0.003 -18"><span class='ocrx_word' id='word_1_680' title='bbox 530 4747 606 4819; x_wconf 82' lang='lat'>(2)</span> <span class='ocrx_word' id='word_1_681' title='bbox 629 4747 870 4819; x_wconf 81' lang='lat' dir='ltr'>Quando</span> <span class='ocrx_word' id='word_1_682' title='bbox 901 4746 1136 4819; x_wconf 86' lang='lat' dir='ltr'>quidem</span> <span class='ocrx_word' id='word_1_683' title='bbox 1166 4761 1323 4819; x_wconf 69' lang='lat' dir='ltr'>rwna</span> <span class='ocrx_word' id='word_1_684' title='bbox 1352 4750 1426 4819; x_wconf 71' lang='lat' dir='ltr'>est</span> <span class='ocrx_word' id='word_1_685' title='bbox 1482 4758 1644 4819; x_wconf 59' lang='lat' dir='ltr'>noxae</span> <span class='ocrx_word' id='word_1_686' title='bbox 1675 4741 1976 4819; x_wconf 58' lang='grc' dir='ltr'>ὐίηίζίςζᾶν,</span> <span class='ocrx_word' id='word_1_687' title='bbox 2029 4743 2122 4813; x_wconf 87' lang='lat' dir='ltr'>leg</span> 
     </span>
    </p>
   </div>
   <div class='ocr_carea' id='block_1_99' title="bbox 459 4813 2119 4899">
    <p class='ocr_par' dir='ltr' id='par_1_99' title="bbox 459 4813 2119 4899">
     <span class='ocr_line' id='line_1_99' title="bbox 459 4813 2119 4899; baseline -0.004 -25"><span class='ocrx_word' id='word_1_688' title='bbox 459 4813 598 4875; x_wconf 68' lang='grc'>13“.’</span> <span class='ocrx_word' id='word_1_689' title='bbox 639 4818 765 4899; x_wconf 85' lang='lat' dir='ltr'>Dig.</span> <span class='ocrx_word' id='word_1_690' title='bbox 820 4813 961 4899; x_wconf 35' lang='lat' dir='ltr'>tit...</span> <span class='ocrx_word' id='word_1_691' title='bbox 1005 4818 1070 4873; x_wconf 85' lang='lat' dir='ltr'>de</span> <span class='ocrx_word' id='word_1_692' title='bbox 1138 4817 1287 4899; x_wconf 67' lang='lat' dir='ltr'>perb.</span> <span class='ocrx_word' id='word_1_693' title='bbox 1349 4816 1541 4884; x_wconf 81' lang='lat' dir='ltr'>signif.</span> <span class='ocrx_word' id='word_1_694' title='bbox 1603 4813 1712 4895; x_wconf 80' lang='lat' dir='ltr'>col.</span> <span class='ocrx_word' id='word_1_695' title='bbox 1776 4814 1940 4899; x_wconf 57' lang='grc' dir='ltr'>1835ζ</span> <span class='ocrx_word' id='word_1_696' title='bbox 1985 4821 2119 4899; x_wconf 50' lang='grc' dir='ltr'>γε)οι</span> 
     </span>
    </p>
   </div>
   <div class='ocr_carea' id='block_1_100' title="bbox 456 4885 2116 4961">
    <p class='ocr_par' dir='ltr' id='par_1_100' title="bbox 456 4885 2116 4961">
     <span class='ocr_line' id='line_1_100' title="bbox 456 4885 2116 4961; baseline -0.004 -14"><span class='ocrx_word' id='word_1_697' title='bbox 456 4885 837 4961; x_wconf 78' lang='lat' dir='ltr'>consequitur</span> <span class='ocrx_word' id='word_1_698' title='bbox 884 4889 1036 4943; x_wconf 90' lang='lat' dir='ltr'>inter</span> <span class='ocrx_word' id='word_1_699' title='bbox 1094 4893 1400 4958; x_wconf 88' lang='lat' dir='ltr'>utramque</span> <span class='ocrx_word' id='word_1_700' title='bbox 1456 4901 1576 4961; x_wconf 77' lang='lat' dir='ltr'>rem</span> <span class='ocrx_word' id='word_1_701' title='bbox 1634 4885 1877 4961; x_wconf 78' lang='lat' dir='ltr'>inveniri</span> <span class='ocrx_word' id='word_1_702' title='bbox 1910 4885 2116 4961; x_wconf 85' lang='lat' dir='ltr'>debere</span> 
     </span>
    </p>
   </div>
   <div class='ocr_carea' id='block_1_101' title="bbox 457 4955 2117 5035">
    <p class='ocr_par' dir='ltr' id='par_1_101' title="bbox 457 4955 2117 5035">
     <span class='ocr_line' id='line_1_101' title="bbox 457 4955 2117 5035; baseline -0.005 -16"><span class='ocrx_word' id='word_1_703' title='bbox 457 4955 911 5035; x_wconf 75' lang='lat' dir='ltr'>proportionem.</span> <span class='ocrx_word' id='word_1_704' title='bbox 953 4955 1321 5035; x_wconf 76' lang='lat' dir='ltr'>Quapropter</span> <span class='ocrx_word' id='word_1_705' title='bbox 1342 4955 1667 5035; x_wconf 81' lang='lat' dir='ltr'>conditores</span> <span class='ocrx_word' id='word_1_706' title='bbox 1690 4956 1903 5028; x_wconf 89' lang='lat' dir='ltr'>legum,</span> <span class='ocrx_word' id='word_1_707' title='bbox 1925 4957 2117 5012; x_wconf 77' lang='lat' dir='ltr'>varias</span> 
     </span>
    </p>
   </div>
   <div class='ocr_carea' id='block_1_102' title="bbox 458 5028 2114 5106">
    <p class='ocr_par' dir='ltr' id='par_1_102' title="bbox 458 5028 2114 5106">
     <span class='ocr_line' id='line_1_102' title="bbox 458 5028 2114 5106; baseline -0.004 -17"><span class='ocrx_word' id='word_1_708' title='bbox 458 5028 659 5106; x_wconf 77' lang='lat' dir='ltr'>poenas</span> <span class='ocrx_word' id='word_1_709' title='bbox 701 5033 887 5106; x_wconf 71' lang='lat' dir='ltr'>variis</span> <span class='ocrx_word' id='word_1_710' title='bbox 918 5028 1265 5106; x_wconf 72' lang='lat' dir='ltr'>criminibus</span> <span class='ocrx_word' id='word_1_711' title='bbox 1314 5028 1687 5099; x_wconf 85' lang='lat' dir='ltr'>assignando,</span> <span class='ocrx_word' id='word_1_712' title='bbox 1745 5044 2114 5106; x_wconf 73' lang='lat' dir='ltr'>summopere</span> 
     </span>
    </p>
   </div>
   <div class='ocr_carea' id='block_1_103' title="bbox 458 5099 2114 5181">
    <p class='ocr_par' dir='ltr' id='par_1_103' title="bbox 458 5099 2114 5181">
     <span class='ocr_line' id='line_1_103' title="bbox 458 5099 2114 5181; baseline -0.005 -21"><span class='ocrx_word' id='word_1_713' title='bbox 458 5099 523 5181; x_wconf 66' lang='lat' dir='ltr'>ut</span> <span class='ocrx_word' id='word_1_714' title='bbox 575 5106 667 5181; x_wconf 81' lang='lat' dir='ltr'>his</span> <span class='ocrx_word' id='word_1_715' title='bbox 696 5104 1279 5181; x_wconf 68' lang='lat' dir='ltr'>illaaresponderent,</span> <span class='ocrx_word' id='word_1_716' title='bbox 1324 5099 2114 5181; x_wconf 37' lang='lat' dir='ltr'>_prospcxerun_t._‘Sed_hac</span> 
     </span>
    </p>
   </div>
   <div class='ocr_carea' id='block_1_104' title="bbox 457 5169 2108 5243">
    <p class='ocr_par' dir='ltr' id='par_1_104' title="bbox 457 5169 2108 5243">
     <span class='ocr_line' id='line_1_104' title="bbox 457 5169 2108 5243; baseline -0.002 -14"><span class='ocrx_word' id='word_1_717' title='bbox 457 5176 528 5231; x_wconf 88' lang='lat' dir='ltr'>de</span> <span class='ocrx_word' id='word_1_718' title='bbox 559 5192 620 5230; x_wconf 91' lang='lat' dir='ltr'>re</span> <span class='ocrx_word' id='word_1_719' title='bbox 651 5175 709 5231; x_wconf 90' lang='lat' dir='ltr'>in</span> <span class='ocrx_word' id='word_1_720' title='bbox 744 5169 1080 5231; x_wconf 71' lang='lat' dir='ltr'>universum</span> <span class='ocrx_word' id='word_1_721' title='bbox 1114 5169 1548 5243; x_wconf 84' lang='lat' dir='ltr'>sapientissime</span> <span class='ocrx_word' id='word_1_722' title='bbox 1578 5169 1932 5243; x_wconf 66' lang='lat' dir='ltr'>praecipitur,</span> <span class='ocrx_word' id='word_1_723' title='bbox 1951 5174 2108 5243; x_wconf 81' lang='lat' dir='ltr'>tom.</span> 
     </span>
    </p>
   </div>
   <div class='ocr_carea' id='block_1_105' title="bbox 455 5240 2111 5318">
    <p class='ocr_par' dir='ltr' id='par_1_105' title="bbox 455 5240 2111 5318">
     <span class='ocr_line' id='line_1_105' title="bbox 455 5240 2111 5318; baseline -0.004 -17"><span class='ocrx_word' id='word_1_724' title='bbox 455 5246 661 5318; x_wconf 81' lang='lat' dir='ltr'>3pnnd</span> <span class='ocrx_word' id='word_1_725' title='bbox 703 5246 762 5301; x_wconf 82' lang='lat' dir='ltr'>if.</span> <span class='ocrx_word' id='word_1_726' title='bbox 812 5247 922 5318; x_wconf 88' lang='lat' dir='ltr'>leg.</span> <span class='ocrx_word' id='word_1_727' title='bbox 979 5248 1065 5300; x_wconf 80' lang='grc'>48.</span> <span class='ocrx_word' id='word_1_728' title='bbox 1130 5240 1219 5318; x_wconf 53' lang='lat' dir='ltr'>tit,</span> <span class='ocrx_word' id='word_1_729' title='bbox 1261 5242 1345 5318; x_wconf 84' lang='lat' dir='ltr'>_de</span> <span class='ocrx_word' id='word_1_730' title='bbox 1373 5240 1615 5318; x_wconf 48' lang='lat' dir='ltr'>pinnis,</span> <span class='ocrx_word' id='word_1_731' title='bbox 1652 5240 1993 5318; x_wconf 33' lang='lat' dir='ltr'>col.’__155t_3,</span> <span class='ocrx_word' id='word_1_732' title='bbox 2052 5241 2111 5295; x_wconf 92' lang='lat' dir='ltr'>in</span> 
     </span>
    </p>
   </div>
   <div class='ocr_carea' id='block_1_106' title="bbox 460 5312 2114 5387">
    <p class='ocr_par' dir='ltr' id='par_1_106' title="bbox 460 5312 2114 5387">
     <span class='ocr_line' id='line_1_106' title="bbox 460 5312 2114 5387; baseline -0.004 -16"><span class='ocrx_word' id='word_1_733' title='bbox 460 5312 614 5371; x_wconf 79' lang='lat' dir='ltr'>hunc</span> <span class='ocrx_word' id='word_1_734' title='bbox 647 5312 925 5373; x_wconf 53' lang='lat' dir='ltr'>modum&quot;:</span> <span class='ocrx_word' id='word_1_735' title='bbox 961 5340 987 5365; x_wconf 87' lang='grc'>‹‹</span> <span class='ocrx_word' id='word_1_736' title='bbox 1023 5312 1496 5387; x_wconf 78' lang='lat' dir='ltr'>Perspiciendum</span> <span class='ocrx_word' id='word_1_737' title='bbox 1539 5316 1625 5367; x_wconf 87' lang='lat' dir='ltr'>est</span> <span class='ocrx_word' id='word_1_738' title='bbox 1654 5312 1986 5387; x_wconf 70' lang='lat' dir='ltr'>judicanti,</span> <span class='ocrx_word' id='word_1_739' title='bbox 2040 5329 2114 5365; x_wconf 89' lang='lat' dir='ltr'>ne</span> 
     </span>
    </p>
   </div>
   <div class='ocr_carea' id='block_1_107' title="bbox 460 5383 2106 5457">
    <p class='ocr_par' dir='ltr' id='par_1_107' title="bbox 460 5383 2106 5457">
     <span class='ocr_line' id='line_1_107' title="bbox 460 5383 2106 5457; baseline -0.001 -19"><span class='ocrx_word' id='word_1_740' title='bbox 460 5387 600 5457; x_wconf 91' lang='lat' dir='ltr'>quid</span> <span class='ocrx_word' id='word_1_741' title='bbox 631 5395 731 5442; x_wconf 85' lang='lat' dir='ltr'>aut</span> <span class='ocrx_word' id='word_1_742' title='bbox 752 5389 981 5451; x_wconf 82' lang='lat' dir='ltr'>durius,</span> <span class='ocrx_word' id='word_1_743' title='bbox 1013 5393 1114 5442; x_wconf 90' lang='lat' dir='ltr'>aut</span> <span class='ocrx_word' id='word_1_744' title='bbox 1143 5383 1449 5441; x_wconf 76' lang='lat' dir='ltr'>remissius</span> <span class='ocrx_word' id='word_1_745' title='bbox 1479 5383 1905 5457; x_wconf 64' lang='lat' dir='ltr'>constituatur,</span> <span class='ocrx_word' id='word_1_746' title='bbox 1928 5399 2106 5452; x_wconf 90' lang='lat' dir='ltr'>quam</span> 
     </span>
    </p>
   </div>
   <div class='ocr_carea' id='block_1_108' title="bbox 461 5453 2109 5528">
    <p class='ocr_par' dir='ltr' id='par_1_108' title="bbox 461 5453 2109 5528">
     <span class='ocr_line' id='line_1_108' title="bbox 461 5453 2109 5528; baseline -0.001 -18"><span class='ocrx_word' id='word_1_747' title='bbox 461 5453 637 5528; x_wconf 69' lang='lat' dir='ltr'>eaaus</span> <span class='ocrx_word' id='word_1_748' title='bbox 661 5460 866 5528; x_wconf 90' lang='lat' dir='ltr'>poscit.</span> <span class='ocrx_word' id='word_1_749' title='bbox 897 5460 1010 5514; x_wconf 87' lang='lat' dir='ltr'>Nec</span> <span class='ocrx_word' id='word_1_750' title='bbox 1041 5458 1195 5513; x_wconf 91' lang='lat' dir='ltr'>enim</span> <span class='ocrx_word' id='word_1_751' title='bbox 1225 5462 1324 5511; x_wconf 88' lang='lat' dir='ltr'>aut</span> <span class='ocrx_word' id='word_1_752' title='bbox 1354 5453 1680 5528; x_wconf 82' lang='lat' dir='ltr'>severitatis</span> <span class='ocrx_word' id='word_1_753' title='bbox 1710 5458 1811 5508; x_wconf 90' lang='lat' dir='ltr'>aut</span> <span class='ocrx_word' id='word_1_754' title='bbox 1860 5453 2109 5528; x_wconf 82' lang='lat' dir='ltr'>clemen-</span> 
     </span>
    </p>
   </div>
   <div class='ocr_carea' id='block_1_109' title="bbox 460 5525 2111 5597">
    <p class='ocr_par' dir='ltr' id='par_1_109' title="bbox 460 5525 2111 5597">
     <span class='ocr_line' id='line_1_109' title="bbox 460 5525 2111 5597; baseline 0 -16"><span class='ocrx_word' id='word_1_755' title='bbox 460 5527 554 5581; x_wconf 74' lang='lat' dir='ltr'>tiae</span> <span class='ocrx_word' id='word_1_756' title='bbox 586 5525 768 5593; x_wconf 76' lang='lat' dir='ltr'>gloria</span> <span class='ocrx_word' id='word_1_757' title='bbox 808 5529 1131 5584; x_wconf 80' lang='lat' dir='ltr'>affectanda</span> <span class='ocrx_word' id='word_1_758' title='bbox 1185 5533 1304 5583; x_wconf 85' lang='lat' dir='ltr'>est:</span> <span class='ocrx_word' id='word_1_759' title='bbox 1366 5526 1465 5581; x_wconf 90' lang='lat' dir='ltr'>sed</span> <span class='ocrx_word' id='word_1_760' title='bbox 1526 5541 1811 5597; x_wconf 89' lang='lat' dir='ltr'>perpenso</span> <span class='ocrx_word' id='word_1_761' title='bbox 1862 5525 2111 5595; x_wconf 87' lang='lat' dir='ltr'>judicio,</span> 
     </span>
    </p>
   </div>
   <div class='ocr_carea' id='block_1_110' title="bbox 504 5596 2108 5670">
    <p class='ocr_par' dir='ltr' id='par_1_110' title="bbox 504 5596 2108 5670">
     <span class='ocr_line' id='line_1_110' title="bbox 504 5596 2108 5670; baseline 0.001 -19"><span class='ocrx_word' id='word_1_762' title='bbox 504 5602 636 5670; x_wconf 80' lang='lat' dir='ltr'>rout</span> <span class='ocrx_word' id='word_1_763' title='bbox 673 5615 1076 5670; x_wconf 15' lang='lat' dir='ltr'>quaequeﬁres</span> <span class='ocrx_word' id='word_1_764' title='bbox 1131 5602 1501 5670; x_wconf 81' lang='lat' dir='ltr'>expostulat._</span> <span class='ocrx_word' id='word_1_765' title='bbox 1532 5596 1933 5670; x_wconf 73' lang='lat' dir='ltr'>statuendum</span> <span class='ocrx_word' id='word_1_766' title='bbox 2002 5603 2108 5652; x_wconf 88' lang='lat' dir='ltr'>est.</span> 
     </span>
    </p>
   </div>
   <div class='ocr_carea' id='block_1_111' title="bbox 460 5614 2111 5740">
    <p class='ocr_par' dir='ltr' id='par_1_111' title="bbox 460 5614 2111 5740">
     <span class='ocr_line' id='line_1_111' title="bbox 504 5614 2108 5670; baseline 0.001 -19"><span class='ocrx_word' id='word_1_767' title='bbox 504 5614 636 5651; x_wconf 78' lang='lat' dir='ltr'>roui.</span> <span class='ocrx_word' id='word_1_768' title='bbox 683 5615 926 5670; x_wconf 78' lang='lat' dir='ltr'>quaeque</span> <span class='ocrx_word' id='word_1_769' title='bbox 986 5618 1076 5654; x_wconf 78' lang='lat' dir='ltr'>res</span> <span class='ocrx_word' id='word_1_770' title='bbox 1131 5614 1480 5669; x_wconf 73' lang='lat' dir='ltr'>expostumt.</span> <span class='ocrx_word' id='word_1_771' title='bbox 1557 5614 1933 5652; x_wconf 78' lang='lat' dir='ltr'>statuendum</span> <span class='ocrx_word' id='word_1_772' title='bbox 2002 5614 2108 5652; x_wconf 60' lang='lat' dir='ltr'>esu</span> 
     </span>
     <span class='ocr_line' id='line_1_112' title="bbox 460 5614 2111 5740; baseline 0.002 -17"><span class='ocrx_word' id='word_1_773' title='bbox 460 5614 639 5729; x_wconf 50' lang='lat' dir='ltr'>glans</span> <span class='ocrx_word' id='word_1_774' title='bbox 667 5668 727 5723; x_wconf 90' lang='lat' dir='ltr'>in</span> <span class='ocrx_word' id='word_1_775' title='bbox 758 5667 1069 5727; x_wconf 84' lang='lat' dir='ltr'>levioribus</span> <span class='ocrx_word' id='word_1_776' title='bbox 1099 5669 1294 5727; x_wconf 83' lang='lat' dir='ltr'>causis</span> <span class='ocrx_word' id='word_1_777' title='bbox 1339 5667 1639 5740; x_wconf 88' lang='lat' dir='ltr'>proniores</span> <span class='ocrx_word' id='word_1_778' title='bbox 1680 5668 1754 5727; x_wconf 86' lang='lat' dir='ltr'>ad</span> <span class='ocrx_word' id='word_1_779' title='bbox 1811 5666 2111 5727; x_wconf 82' lang='lat' dir='ltr'>lenitatem</span> 
     </span>
    </p>
   </div>
   <div class='ocr_carea' id='block_1_112' title="bbox 2232 4630 3868 4688">
    <p class='ocr_par' dir='ltr' id='par_1_112' title="bbox 2232 4630 3868 4688">
     <span class='ocr_line' id='line_1_113' title="bbox 2232 4630 3868 4688; baseline -0.001 -1"><span class='ocrx_word' id='word_1_780' title='bbox 2232 4635 2303 4687; x_wconf 91' lang='lat' dir='ltr'>de</span> <span class='ocrx_word' id='word_1_781' title='bbox 2333 4633 2547 4687; x_wconf 90' lang='lat' dir='ltr'>domus</span> <span class='ocrx_word' id='word_1_782' title='bbox 2576 4647 2697 4686; x_wconf 77' lang='lat' dir='ltr'>suae</span> <span class='ocrx_word' id='word_1_783' title='bbox 2741 4631 3118 4686; x_wconf 89' lang='lat' dir='ltr'>interioribus</span> <span class='ocrx_word' id='word_1_784' title='bbox 3148 4630 3408 4687; x_wconf 87' lang='lat' dir='ltr'>vidisset.</span> <span class='ocrx_word' id='word_1_785' title='bbox 3443 4632 3513 4687; x_wconf 84' lang='lat' dir='ltr'>Et</span> <span class='ocrx_word' id='word_1_786' title='bbox 3549 4631 3681 4688; x_wconf 90' lang='lat' dir='ltr'>ideo</span> <span class='ocrx_word' id='word_1_787' title='bbox 3739 4634 3868 4688; x_wconf 87' lang='lat' dir='ltr'>bene</span> 
     </span>
    </p>
   </div>
   <div class='ocr_carea' id='block_1_113' title="bbox 2219 4745 3864 4818">
    <p class='ocr_par' dir='ltr' id='par_1_113' title="bbox 2219 4745 3864 4818">
     <span class='ocr_line' id='line_1_114' title="bbox 2219 4745 3864 4818; baseline 0 -17"><span class='ocrx_word' id='word_1_788' title='bbox 2219 4747 2452 4817; x_wconf 88' lang='lat' dir='ltr'>judices</span> <span class='ocrx_word' id='word_1_789' title='bbox 2484 4762 2612 4801; x_wconf 89' lang='lat' dir='ltr'>esse</span> <span class='ocrx_word' id='word_1_790' title='bbox 2642 4745 2893 4818; x_wconf 80' lang='lat' dir='ltr'>debent;</span> <span class='ocrx_word' id='word_1_791' title='bbox 2928 4747 2986 4800; x_wconf 89' lang='lat' dir='ltr'>in</span> <span class='ocrx_word' id='word_1_792' title='bbox 3009 4745 3375 4818; x_wconf 88' lang='lat' dir='ltr'>gravioribus</span> <span class='ocrx_word' id='word_1_793' title='bbox 3427 4748 3617 4818; x_wconf 76' lang='lat' dir='ltr'>pomis</span> <span class='ocrx_word' id='word_1_794' title='bbox 3669 4747 3864 4803; x_wconf 81' lang='lat' dir='ltr'>severi-</span> 
     </span>
    </p>
   </div>
   <div class='ocr_carea' id='block_1_114' title="bbox 2227 4816 3863 4902">
    <p class='ocr_par' dir='ltr' id='par_1_114' title="bbox 2227 4816 3863 4902">
     <span class='ocr_line' id='line_1_115' title="bbox 2227 4816 3863 4902; baseline -0.001 -30"><span class='ocrx_word' id='word_1_795' title='bbox 2227 4816 2405 4902; x_wconf 74' lang='lat' dir='ltr'>tatem</span> <span class='ocrx_word' id='word_1_796' title='bbox 2441 4818 2800 4902; x_wconf 49' lang='lat' dir='ltr'>legum‘cum</span> <span class='ocrx_word' id='word_1_797' title='bbox 2814 4816 3863 4902; x_wconf 46' lang='lat' dir='ltr'>al‘iquotemperamentpbenignitatis</span> 
     </span>
    </p>
   </div>
   <div class='ocr_carea' id='block_1_115' title="bbox 2231 4888 3861 4960">
    <p class='ocr_par' dir='ltr' id='par_1_115' title="bbox 2231 4888 3861 4960">
     <span class='ocr_line' id='line_1_116' title="bbox 2231 4888 3861 4960; baseline -0.002 -15"><span class='ocrx_word' id='word_1_798' title='bbox 2231 4888 2536 4960; x_wconf 87' lang='lat' dir='ltr'>subsequi.</span> <span class='ocrx_word' id='word_1_799' title='bbox 2572 4910 2599 4938; x_wconf 87' lang='grc'><strong>››</strong></span> <span class='ocrx_word' id='word_1_800' title='bbox 2636 4888 2834 4959; x_wconf 89' lang='lat' dir='ltr'>Neque</span> <span class='ocrx_word' id='word_1_801' title='bbox 2863 4888 2956 4943; x_wconf 83' lang='lat' dir='ltr'>his</span> <span class='ocrx_word' id='word_1_802' title='bbox 2987 4888 3210 4945; x_wconf 85' lang='lat' dir='ltr'>absona</span> <span class='ocrx_word' id='word_1_803' title='bbox 3241 4890 3418 4945; x_wconf 89' lang='lat' dir='ltr'>tradit</span> <span class='ocrx_word' id='word_1_804' title='bbox 3453 4888 3741 4946; x_wconf 72' lang='lat' dir='ltr'>Horatius.</span> <span class='ocrx_word' id='word_1_805' title='bbox 3770 4889 3861 4943; x_wconf 85' lang='lat' dir='ltr'>lib.</span> 
     </span>
    </p>
   </div>
   <div class='ocr_carea' id='block_1_116' title="bbox 2228 4960 3180 5025">
    <p class='ocr_par' dir='ltr' id='par_1_116' title="bbox 2228 4960 3180 5025">
     <span class='ocr_line' id='line_1_117' title="bbox 2228 4960 3180 5025; baseline 0.001 -10"><span class='ocrx_word' id='word_1_806' title='bbox 2228 4962 2246 5015; x_wconf 91' lang='grc' dir='ltr'>Ι</span> <span class='ocrx_word' id='word_1_807' title='bbox 2277 4965 2455 5015; x_wconf 82' lang='lat' dir='ltr'>Serm.</span> <span class='ocrx_word' id='word_1_808' title='bbox 2490 4965 2601 5015; x_wconf 89' lang='lat' dir='ltr'>sat.</span> <span class='ocrx_word' id='word_1_809' title='bbox 2634 4960 2688 5025; x_wconf 88' lang='lat'>3,</span> <span class='ocrx_word' id='word_1_810' title='bbox 2722 4960 2822 5015; x_wconf 88' lang='lat' dir='ltr'>ubi</span> <span class='ocrx_word' id='word_1_811' title='bbox 2854 4960 2939 5015; x_wconf 91' lang='lat' dir='ltr'>sic</span> <span class='ocrx_word' id='word_1_812' title='bbox 2970 4960 3180 5016; x_wconf 88' lang='lat' dir='ltr'>habet:</span> 
     </span>
    </p>
   </div>
   <div class='ocr_carea' id='block_1_117' title="bbox 3489 5033 3799 5083">
    <p class='ocr_par' dir='ltr' id='par_1_117' title="bbox 3489 5033 3799 5083">
     <span class='ocr_line' id='line_1_118' title="bbox 3489 5033 3799 5083; baseline -0.003 -4"><span class='ocrx_word' id='word_1_813' title='bbox 3575 5033 3675 5083; x_wconf 84' lang='lat' dir='ltr'>Cur</span> <span class='ocrx_word' id='word_1_814' title='bbox 3699 5043 3799 5080; x_wconf 88' lang='lat' dir='ltr'>non</span> 
     </span>
    </p>
   </div>
   <div class='ocr_carea' id='block_1_118' title="bbox 2348 5092 3772 5156">
    <p class='ocr_par' dir='ltr' id='par_1_118' title="bbox 2348 5092 3772 5156">
     <span class='ocr_line' id='line_1_119' title="bbox 2348 5092 3772 5156; baseline -0.001 -15"><span class='ocrx_word' id='word_1_815' title='bbox 2348 5092 2682 5142; x_wconf 86' lang='lat' dir='ltr'>Ponderibus</span> <span class='ocrx_word' id='word_1_816' title='bbox 2710 5092 3048 5156; x_wconf 85' lang='lat' dir='ltr'>modulisque</span> <span class='ocrx_word' id='word_1_817' title='bbox 3076 5094 3187 5143; x_wconf 89' lang='lat' dir='ltr'>suis</span> <span class='ocrx_word' id='word_1_818' title='bbox 3214 5093 3351 5143; x_wconf 87' lang='lat' dir='ltr'>ratio</span> <span class='ocrx_word' id='word_1_819' title='bbox 3388 5096 3581 5144; x_wconf 88' lang='lat' dir='ltr'>utitur:</span> <span class='ocrx_word' id='word_1_820' title='bbox 3614 5108 3670 5144; x_wconf 85' lang='lat' dir='ltr'>ac</span> <span class='ocrx_word' id='word_1_821' title='bbox 3696 5107 3772 5142; x_wconf 82' lang='lat' dir='ltr'>res</span> 
     </span>
    </p>
   </div>
   <div class='ocr_carea' id='block_1_119' title="bbox 2348 5156 3715 5219">
    <p class='ocr_par' dir='ltr' id='par_1_119' title="bbox 2348 5156 3715 5219">
     <span class='ocr_line' id='line_1_120' title="bbox 2348 5156 3715 5219; baseline -0.001 -14"><span class='ocrx_word' id='word_1_822' title='bbox 2348 5157 2412 5205; x_wconf 88' lang='lat' dir='ltr'>Ut</span> <span class='ocrx_word' id='word_1_823' title='bbox 2442 5169 2671 5219; x_wconf 63' lang='lat' dir='ltr'>quasque</span> <span class='ocrx_word' id='word_1_824' title='bbox 2701 5160 2797 5216; x_wconf 86' lang='lat' dir='ltr'>est,</span> <span class='ocrx_word' id='word_1_825' title='bbox 2832 5156 2905 5204; x_wconf 89' lang='lat' dir='ltr'>ita</span> <span class='ocrx_word' id='word_1_826' title='bbox 2938 5157 3213 5218; x_wconf 82' lang='lat' dir='ltr'>suppliciis</span> <span class='ocrx_word' id='word_1_827' title='bbox 3244 5156 3440 5207; x_wconf 79' lang='lat' dir='ltr'>delicta</span> <span class='ocrx_word' id='word_1_828' title='bbox 3472 5159 3715 5208; x_wconf 79' lang='lat' dir='ltr'>coercet?</span> 
     </span>
    </p>
   </div>
   <div class='ocr_carea' id='block_1_120' title="bbox 2222 5235 2498 5291">
    <p class='ocr_par' dir='ltr' id='par_1_120' title="bbox 2222 5235 2498 5291">
     <span class='ocr_line' id='line_1_121' title="bbox 2222 5235 2498 5291; baseline -0.007 0"><span class='ocrx_word' id='word_1_829' title='bbox 2222 5236 2291 5291; x_wconf 87' lang='lat' dir='ltr'>Et</span> <span class='ocrx_word' id='word_1_830' title='bbox 2322 5235 2498 5291; x_wconf 87' lang='lat' dir='ltr'>infra:</span> 
     </span>
    </p>
   </div>
   <div class='ocr_carea' id='block_1_121' title="bbox 3478 5308 3688 5358">
    <p class='ocr_par' dir='ltr' id='par_1_121' title="bbox 3478 5308 3688 5358">
     <span class='ocr_line' id='line_1_122' title="bbox 3478 5308 3688 5358; baseline 0.005 -1"><span class='ocrx_word' id='word_1_831' title='bbox 3478 5308 3688 5358; x_wconf 76' lang='lat' dir='ltr'>...Ad|it</span> 
     </span>
    </p>
   </div>
   <div class='ocr_carea' id='block_1_122' title="bbox 2347 5370 3636 5434">
    <p class='ocr_par' dir='ltr' id='par_1_122' title="bbox 2347 5370 3636 5434">
     <span class='ocr_line' id='line_1_123' title="bbox 2347 5370 3636 5434; baseline 0.002 -17"><span class='ocrx_word' id='word_1_832' title='bbox 2347 5370 2568 5430; x_wconf 84' lang='lat' dir='ltr'>Regula,</span> <span class='ocrx_word' id='word_1_833' title='bbox 2595 5370 2824 5431; x_wconf 81' lang='lat' dir='ltr'>peccatis</span> <span class='ocrx_word' id='word_1_834' title='bbox 2853 5383 2973 5434; x_wconf 69' lang='lat' dir='ltr'>quae</span> <span class='ocrx_word' id='word_1_835' title='bbox 3003 5383 3192 5434; x_wconf 77' lang='lat' dir='ltr'>pcenas</span> <span class='ocrx_word' id='word_1_836' title='bbox 3221 5371 3419 5434; x_wconf 84' lang='lat' dir='ltr'>trroget</span> <span class='ocrx_word' id='word_1_837' title='bbox 3439 5384 3636 5434; x_wconf 64' lang='lat' dir='ltr'>aequas.</span> 
     </span>
    </p>
   </div>
   <div class='ocr_carea' id='block_1_123' title="bbox 2294 5455 3837 5530">
    <p class='ocr_par' dir='ltr' id='par_1_123' title="bbox 2294 5455 3837 5530">
     <span class='ocr_line' id='line_1_124' title="bbox 2294 5455 3837 5530; baseline -0.001 -19"><span class='ocrx_word' id='word_1_838' title='bbox 2294 5457 2370 5530; x_wconf 89' lang='lat'>(3)</span> <span class='ocrx_word' id='word_1_839' title='bbox 2399 5455 2550 5511; x_wconf 88' lang='lat' dir='ltr'>Edit.</span> <span class='ocrx_word' id='word_1_840' title='bbox 2584 5457 2928 5530; x_wconf 83' lang='lat' dir='ltr'>Era.,_quam</span> <span class='ocrx_word' id='word_1_841' title='bbox 2985 5460 3036 5513; x_wconf 76' lang='lat' dir='ltr'>si</span> <span class='ocrx_word' id='word_1_842' title='bbox 3061 5462 3345 5530; x_wconf 80' lang='lat' dir='ltr'>peccatum</span> <span class='ocrx_word' id='word_1_843' title='bbox 3398 5460 3664 5529; x_wconf 73' lang='lat' dir='ltr'>iniquitas</span> <span class='ocrx_word' id='word_1_844' title='bbox 3710 5456 3837 5530; x_wconf 57' lang='lat' dir='ltr'>fecit.</span> 
     </span>
    </p>
   </div>
   <div class='ocr_carea' id='block_1_124' title="bbox 2222 5527 3839 5612">
    <p class='ocr_par' dir='ltr' id='par_1_124' title="bbox 2222 5527 3839 5612">
     <span class='ocr_line' id='line_1_125' title="bbox 2222 5527 3839 5612; baseline -0.001 -29"><span class='ocrx_word' id='word_1_845' title='bbox 2222 5529 2406 5600; x_wconf 84' lang='lat' dir='ltr'>Igitur</span> <span class='ocrx_word' id='word_1_846' title='bbox 2457 5533 2673 5612; x_wconf 56' lang='lat' dir='ltr'>peccat,</span> <span class='ocrx_word' id='word_1_847' title='bbox 2724 5528 2905 5612; x_wconf 21' lang='lat' dir='ltr'>Ruina</span> <span class='ocrx_word' id='word_1_848' title='bbox 2942 5527 3195 5612; x_wconf 45' lang='lat' dir='ltr'>acn&#39;mss</span> <span class='ocrx_word' id='word_1_849' title='bbox 3276 5533 3413 5597; x_wconf 91' lang='lat' dir='ltr'>duo,</span> <span class='ocrx_word' id='word_1_850' title='bbox 3471 5527 3633 5603; x_wconf 68' lang='lat' dir='ltr'>quam</span> <span class='ocrx_word' id='word_1_851' title='bbox 3701 5527 3839 5612; x_wconf 46' lang='lat' dir='ltr'>simi}</span> 
     </span>
    </p>
   </div>
   <div class='ocr_carea' id='block_1_125' title="bbox 2219 5592 3838 5731">
    <p class='ocr_par' dir='ltr' id='par_1_125' title="bbox 2219 5592 3838 5731">
     <span class='ocr_line' id='line_1_126' title="bbox 2219 5592 3838 5675; baseline -0.002 -21"><span class='ocrx_word' id='word_1_852' title='bbox 2219 5592 2497 5671; x_wconf 59' lang='lat' dir='ltr'>p&#39;eccatuin</span> <span class='ocrx_word' id='word_1_853' title='bbox 2525 5592 2750 5655; x_wconf 71' lang='lat' dir='ltr'>incidat.</span> <span class='ocrx_word' id='word_1_854' title='bbox 2780 5602 2925 5655; x_wconf 82' lang='lat' dir='ltr'>Fecit</span> <span class='ocrx_word' id='word_1_855' title='bbox 2964 5603 3139 5671; x_wconf 79' lang='lat' dir='ltr'>igitur</span> <span class='ocrx_word' id='word_1_856' title='bbox 3181 5592 3462 5675; x_wconf 67' lang='lat' dir='ltr'>peccatum</span> <span class='ocrx_word' id='word_1_857' title='bbox 3484 5592 3515 5675; x_wconf 78' lang='grc'><em>’,</em></span> <span class='ocrx_word' id='word_1_858' title='bbox 3566 5606 3667 5659; x_wconf 84' lang='lat' dir='ltr'>etc.</span> <span class='ocrx_word' id='word_1_859' title='bbox 3722 5592 3838 5653; x_wconf 79' lang='lat' dir='ltr'>Gil].</span> 
     </span>
     <span class='ocr_line' id='line_1_127' title="bbox 2222 5671 3069 5731; baseline 0.002 -2"><span class='ocrx_word' id='word_1_860' title='bbox 2222 5675 2280 5729; x_wconf 87' lang='lat' dir='ltr'>et</span> <span class='ocrx_word' id='word_1_861' title='bbox 2309 5671 2497 5730; x_wconf 65' lang='lat' dir='ltr'>caeteri</span> <span class='ocrx_word' id='word_1_862' title='bbox 2528 5687 2673 5731; x_wconf 87' lang='lat' dir='ltr'>mss.</span> <span class='ocrx_word' id='word_1_863' title='bbox 2708 5676 2774 5728; x_wconf 90' lang='lat' dir='ltr'>ut</span> <span class='ocrx_word' id='word_1_864' title='bbox 2797 5671 2859 5730; x_wconf 88' lang='lat' dir='ltr'>in</span> <span class='ocrx_word' id='word_1_865' title='bbox 2891 5676 3069 5731; x_wconf 80' lang='lat' dir='ltr'>textu.</span> 
     </span>
    </p>
   </div>
  </div>
