4052 6196
250 286 389 380 933‘

1428 316 1819 384 APOLOGIA
1862 318 2101 384 DAVID
2143 318 2476 384 ALTERA.

3542 322 3661 389 934

251 452 540 523 scriptum
569 455 662 508 est
694 451 877 509 :eNon
908 446 1180 510 intendas
1208 452 1268 508 in
1302 454 1564 510 mulieris
1595 456 1847 527 speciem
1883 473 1895 510 :
1927 457 1979 521 Α
2013 455 2277 510 adultera
2309 456 2501 512 omnis
2532 456 2830 513 Christum
2861 455 3075 513 habere
3105 461 3451 529 prmsenlem
3486 458 3650 529 (Ibid.

247 546 307 597 et
334 557 453 597 non
480 540 864 615 concupiscas
894 540 1199 598 mulierem
1230 541 1418 613 (Eccli.
1449 560 1581 609 xxv,
1602 545 1716 616 28).
1751 565 1780 593 »
1801 544 1901 600 Ait

246 628 389 686 alibi
443 644 458 684 :
513 651 536 679 ι
588 629 671 685 Ab
721 629 883 686 omni
929 629 1266 687 irreverenti
1315 628 1484 687 oculo
1541 646 1677 688 cave
1707 631 1895 703 (Eccli.

242 734 399 785 xxvx,
434 718 543 789 14).
578 737 608 765 ››
637 715 793 773 Nihil
824 717 895 774 de
924 716 1314 775 continentia'
1342 721 1456 774 tua:
1503 718 1722 776 virtute
1753 736 1896 792 prae-

243 822 470 863 sumas.
502 804 732 861 Etenim
763 828 792 856 ‹‹
823 806 1131 862 fornicatio
1162 805 1428 863 mulieris
1465 807 1526 862 in
1563 806 1902 870 extollentia

244 894 572 963 oculorum,
604 898 663 952 et
705 893 764 951 in
796 893 1093 968 palpebris
1139 894 1300 952 illius
1348 899 1699 969 agnoscetur
1737 896 1894 968 (Ibid.

246 983 372 1053 12);
422 987 481 1040 et
524 983 653 1039 ideo
702 1000 943 1040 causam
990 985 1181 1056 primo
1238 983 1460 1056 peccati
1509 985 1665 1055 fuge.
1715 985 1897 1041 Nemo

250 1074 394 1128 711
434 1072 589 1127 enim
644 1072 745 1128 diu
793 1071 960 1127 fortis
990 1076 1097 1128 est.
1140 1071 1339 1144 Neque
1389 1072 1580 1143 fragili
1640 1076 1895 1142 tantum,

245 1161 348 1217 sed
380 1159 539 1216 omni
590 1160 815 1216 homini
845 1161 1100 1216 dicitur:
1140 1181 1161 1209 ι
1194 1160 1319 1217 Non
1351 1164 1407 1216 te
1449 1160 1645 1217 vincat
1683 1178 1895 1218 concu-

239 1248 528 1321 piscentia
560 1249 758 1305 formae
788 1250 969 1321 (Prov.
1002 1266 1081 1317 VI,
1113 1251 1205 1319 25)
1240 1266 1253 1303 :
1288 1271 1317 1299 ››
1352 1249 1401 1305 si
1435 1266 1549 1305 non
1579 1250 1668 1305 vis
1715 1250 1894 1317 vinci,

245 1326 364 1394 non
411 1337 787 1411 congrediare
834 1338 1109 1410 peccatis,
1141 1355 1214 1395 ne
1243 1338 1314 1394 de
1343 1342 1400 1394 te
1428 1337 1567 1394 vitia
1614 1354 1894 1396 coronen-

241 1431 344 1481 tur
371 1443 384 1480 :
413 1449 442 1476 «
467 1441 656 1498 neque
686 1427 937 1500 capiaris
962 1427 1169 1495 oculis,
1202 1442 1390 1499 neque
1419 1426 1733 1498 abripiaris
1771 1428 1892 1499 pal-

240 1515 439 1587 pebris
468 1514 674 1587 (Ibid)
709 1536 737 1564 ››
770 1514 912 1572 Vilis
954 1515 1059 1571 tibi
1111 1514 1324 1571 mulier
1367 1515 1599 1571 videtur
1647 1516 1717 1571 ad
1765 1533 1893 1589 pre-

237 1603 412 1672 tium,
447 1604 547 1660 sed
578 1603 745 1660 fortis
776 1604 848 1659 ad
879 1603 1086 1660 vitium
1121 1605 1198 1676 (4)
1232 1621 1245 1659 :
1279 1603 1420 1676 quia
1457 1627 1477 1653 ι
1514 1603 1729 1660 mulier
1748 1605 1897 1661 viro-

238 1708 374 1748 rum
403 1692 693 1765 pretiosas
723 1694 953 1749 animas
980 1692 1137 1765 capit
1163 1693 1327 1763 (Ibid.
1360 1693 1476 1765 26).

282 1770 283 1773 “
312 1783 400 1837 13.
436 1780 683 1837 Difﬁcile
711 1785 802 1837 est
832 1782 1029 1854 itaque
1060 1786 1125 1837 ut
1156 1780 1471 1854 quisquam
1502 1780 1765 1837 libidinis
1815 1781 1891 1837 ir-

236 1870 449 1936 retitus
494 1869 806 1936 illecebris,
842 1869 1127 1926 immunis
1168 1869 1397 1927 evadat.
1429 1870 1545 1925 Nec
1588 1886 1720 1925 mea
1762 1874 1892 1926 tan-

237 1963 369 2015 tum
400 1958 510 2015 hoc
540 1958 839 2015 sententia
870 1957 1109 2014 difficile
1147 1958 1454 2029 judicatur
1503 1974 1517 2013 :
1570 1958 1671 2015 sed
1717 1958 1895 2015 etiam

238 2048 429 2105 sancti
482 2047 816 2103 Salomonis
871 2046 1198 2103 Proverbiis
1246 2045 1613 2119 impossibile
1662 2048 1894 2118 judica-

236 2142 367 2193 tum
417 2140 527 2208 est,
578 2135 680 2210 qui
732 2152 841 2192 suo
887 2135 1101 2192 ductus
1148 2134 1411 2208 exemplo
1444 2135 1568 2191 ait:
1603 2159 1631 2186 ‹‹
1666 2135 1897 2209 Ligabit

243 2226 382 2299 quis
413 2225 610 2299 ignem
641 2224 700 2280 in
732 2225 889 2292 sinu,
913 2224 1261 2281 vestimenta
1288 2228 1484 2280 autem
1516 2241 1631 2281 non
1655 2226 1895 2281 combu-

236 2314 369 2371 ret?
399 2313 502 2369 Vel
532 2312 860 2369 ambulabit
890 2314 1025 2386 quis
1054 2329 1233 2386 super
1261 2313 1545 2369 carbones
1586 2312 1763 2386 ignis,
1796 2329 1895 2386 pe-

239 2404 345 2459 des
397 2406 595 2459 autem
647 2419 763 2459 non
810 2403 1115 2460 comburet
1162 2401 1321 2474 (Ibid.
1371 2402 1463 2467 27,
1513 2402 1654 2472 28)?
1695 2425 1715 2451 ι
1750 2404 1895 2459 Cave

240 2507 383 2566 ergo
413 2497 471 2548 et
497 2497 563 2547 tu
593 2507 666 2547 ne
696 2491 850 2546 intra
878 2491 1078 2547 sinum
1108 2493 1221 2546 tua:
1253 2490 1469 2546 mentis
1522 2491 1716 2563 ignem
1764 2489 1895 2546 libi-

243 2580 402 2638 dinis
450 2585 507 2637 et
553 2597 813 2638 amorem
860 2579 1165 2648 accendas,
1216 2595 1288 2635 ne
1332 2595 1676 2651 corporeum
1724 2579 1895 2635 vesti-

245 2673 517 2727 mentum
545 2668 645 2725 illo
674 2668 857 2725 animi
884 2671 1265 2724 consumatur
1297 2666 1659 2736 incendio,ac
1691 2683 1897 2740 perpe-

245 2759 520 2816 tuitatem
569 2755 1010 2814 resurrectionis
1059 2757 1343 2813 amittas:
1376 2755 1467 2812 vel
1515 2759 1669 2812 certe
1715 2755 1897 2812 vesti-

247 2849 415 2923 gium
442 2852 557 2903 tua:
587 2846 801 2902 mentis
831 2850 1052 2912 uratur,
1084 2845 1135 2901 si
1169 2860 1271 2918 per
1299 2844 1615 2900 libidinum
1645 2845 1801 2902 faces
1831 2845 1901 2900 ti-

250 2938 313 3015 bi
370 2935 667 3009 putaveris
717 2950 846 2992 esse
895 2934 1303 3008 gradiendum.
1354 2933 1503 2990 Nam
1555 2933 1654 3007 qui
1709 2933 1901 2990 uritur

249 3026 444 3094 corde,
476 3024 844 3081 comburitur
869 3041 1127 3097 corpore.

324 3115 410 3170 14.
444 3112 732 3169 Omnibus
777 3112 959 3186 igitur
1006 3112 1198 3169 modis
1243 3111 1471 3169 lasciva
1520 3112 1786 3170 mulieris
1815 3114 1899 3169 vi-

1926 1829 1975 1895 B

2011 545 2098 608 10,
2130 546 2247 615 20).

2082 635 2171 688 15.
2210 633 2388 690 Vides
2419 634 2596 706 igitur
2626 637 2863 707 quantis
2890 637 3065 692 rebus
3095 636 3271 691 etiam
3321 640 3658 691 sanctorum

2007 722 2187 777 corda
2210 721 2535 795 capiantur,
2569 730 2626 779 et
2658 723 2784 780 ideo
2813 742 2884 781 ne
2916 723 3168 788 mireris,
3221 725 3269 781 si
3319 723 3492 780 etiam
3526 742 3661 780 san-

2007 814 2136 866 ctus
2168 811 2341 866 David
2375 816 2584 883 captus
2615 817 2728 869 est.
2767 813 2871 867 Vir
2898 814 3137 885 quidem
3169 829 3445 885 magnus,
3469 817 3526 868 et
3556 813 3659 885 qui

2007 897 2369 971 allophylum
2402 899 2722 956 immanem
2753 918 3011 974 corpore,
3048 901 3228 956 armis
3260 918 3491 973 quoque
3540 901 3662 957 bel—

2006 986 2133 1043 licis
2170 988 2567 1044 inhorrentem
2619 990 2734 1045 fide
2784 990 3005 1055 vicerit,
3041 991 3141 1046 sed
3190 992 3412 1045 utinam
3444 1007 3505 1045 se
3535 990 3660 1062 ipse

2004 1074 2261 1141 vicisset,
2297 1077 2522 1132 utinam
2572 1078 2724 1133 sicut
2772 1078 2939 1134 illum
2990 1079 3388 1135 adversarium
3432 1079 3658 1149 stravit,

2006 1164 2092 1221 sic
2124 1164 2455 1220 interiorem
2490 1167 2885 1223 adversarium
2939 1186 3111 1223 suum
3163 1172 3421 1223 sternere
3454 1185 3519 1223 ac
3561 1186 3657 1223 su-

2005 1269 2205 1325 perare
2238 1255 2551 1325 potuisset!
2583 1256 2821 1311 Gravinr
2851 1262 2933 1310 est
2969 1273 3163 1329 pugna
3194 1258 3318 1326 ejus
3351 1257 3449 1328 qui
3496 1258 3657 1312 intus

2008 1358 2186 1412 quam
2219 1342 2379 1398 illius
2413 1344 2513 1415 qui
2544 1344 2685 1399 foris
2716 1344 2983 1400 dimicat.

2078 1432 2169 1485 16.
2212 1431 2320 1486 Sed
2356 1432 2498 1503 quid
2532 1433 2604 1486 de
2633 1432 2756 1487 solo
2787 1435 2966 1488 David
2992 1434 3242 1505 loquor?
3272 1436 3656 1490 Accersamus

2004 1518 2181 1574 etiam
2213 1518 2358 1575 alios
2391 1521 2461 1575 ad
2494 1524 2804 1575 tractatum
2861 1523 3303 1590 hujusmodi,ne
3353 1522 3661 1579 imbecilli-

2004 1610 2182 1662 tatem
2217 1607 2398 1663 David
2451 1609 2660 1681 magis,
2697 1610 2870 1663 unius
2919 1611 3141 1665 scilicet
3190 1610 3467 1675 hominis,
3499 1616 3660 1683 pute-

2004 1711 2138 1750 mus
2188 1713 2366 1767 quam
2412 1713 2696 1768 corporea
2748 1699 3104 1753 conditionis
3138 1699 3320 1755 fuisse
3352 1699 3659 1756 inﬁrmita-

2004 1787 2149 1839 tem.
2187 1787 2431 1840 Samson
2464 1785 2692 1841 validus
2741 1792 2797 1841 et
2849 1788 3011 1841 fortis
3059 1788 3284 1842 leonem
3334 1788 3658 1858 sutl‘ocavit,

2006 1871 2107 1927 sed
2139 1888 2396 1928 amorem
2446 1890 2621 1929 suum
2672 1875 2958 1930 sull‘ocare
3004 1891 3122 1931 non
3174 1874 3396 1946 potuit;
3428 1875 3662 1932 vincula

2006 1959 2177 2015 solvit
2206 1960 2489 2029 hostium,
2520 1962 2618 2018 sed
2653 1980 2893 2017 suarum
2930 1982 3044 2019 non
3077 1964 3250 2019 solvit
3289 1981 3475 2020 nexus
3509 1966 3660 2022 712

2006 2047 2432 2120 cupiditatum;
2498 2066 2720 2106 messes
2769 2051 3031 2106 incendit
3080 2051 3322 2118 alienas,
3373 2056 3430 2107 et
3481 2052 3658 2108 unius

2003 2136 2129 2208 ipse
2165 2137 2429 2193 mulieris
2461 2155 2743 2195 accensus
2777 2139 3032 2211 igniculo
3081 2157 3334 2195 messem
3383 2158 3501 2196 suae
3547 2141 3660 2195 vir-

1974 2226 2149 2285 .tutis
2179 2226 2402 2283 amisit.
2437 2226 2710 2283 Salomon
2747 2228 3032 2301 templum
3078 2229 3194 2284 Deo
3238 2229 3519 2297 condidit,
3556 2231 3659 2285 sed

2005 2314 2231 2369 utinam
2262 2316 2521 2387 corporis
2552 2317 2643 2371 sui
2681 2316 2965 2388 templum
3018 2317 3146 2389 ipse
3194 2318 3513 2374 servasset!
3547 2318 3657 2375 Ve-

2007 2419 2137 2459 rum
2171 2404 2242 2459 ad
2273 2403 2469 2476 ipsum
2502 2422 2535 2459 a
2576 2421 2692 2476 quo
2741 2406 3034 2475 discessit,
3066 2410 3391 2462 revertatur
3439 2407 3651 2462 oratio.

2005 2491 2414 2564 Triumphavit
2445 2492 2623 2548 David
2658 2493 2716 2548 in
2750 2495 2949 2549 decem
2983 2494 3267 2562 millibus,
3300 2496 3403 2550 sed
3444 2494 3660 2550 erravit

2004 2581 2065 2635 in
2121 2580 2325 2653 viginti
2384 2587 2441 2636 et
2499 2582 2757 2654 amplius
2826 2581 3108 2647 millibus,
3150 2587 3207 2637 et
3246 2583 3383 2653 quia
3423 2585 3657 2650 erravit,

2007 2668 2304 2725 hominem
2337 2686 2398 2725 se
2430 2686 2559 2726 esse
2588 2670 2875 2740 cognovit,
2909 2671 3214 2726 confessus
3258 2674 3348 2726 est
3394 2669 3654 2743 culpam,

2004 2756 2233 2812 veniam
2265 2758 2610 2830 deprecatus
2630 2765 2719 2813 est
2762 2758 2963 2814 dicens
2994 2760 3065 2813 ad
3098 2759 3409 2814 Dominum
3447 2776 3459 2813 :
3487 2782 3516 2808 ‹‹
3547 2760 3658 2815 Do-

2006 2846 2185 2916 mine,
2238 2862 2309 2903 ne
2351 2847 2410 2901 in
2457 2847 2547 2902 ira
2588 2851 2691 2902 tua
2727 2863 2942 2919 arguas
2974 2864 3086 2915 me,
3119 2863 3308 2918 neque
3358 2847 3415 2901 in
3466 2847 3658 2903 furore

2007 2940 2109 2990 tuo
2155 2935 2436 3007 corripias
2486 2953 2603 2992 me.
2672 2936 2945 2992 Miserere
2992 2936 3128 3001 mei,
3192 2936 3454 3000 Domine,
3514 2953 3659 3009 quo-

2009 3023 2169 3078 niam
2199 3022 2470 3079 infirmus
2498 3040 2630 3079 sum
2664 3025 2839 3095 (Psal.
2881 3041 2959 3091 v1,
2991 3028 3048 3093 2,
3079 3026 3158 3092 3).
3201 3026 3259 3079 Si
3294 3025 3470 3079 David
3504 3025 3659 3079 inﬁr-

2012 3129 2165 3180 mus,
2198 3115 2263 3167 tu
2293 3112 2460 3168 fortis
2489 3112 2594 3168 es?
2624 3113 2683 3168 Si
2718 3112 2994 3169 Salomon
3040 3112 3241 3185 lapsus
3293 3118 3401 3179 est,
3434 3118 3495 3168 tu
3547 3113 3655 3169 im-

248 3204 471 3261 tandus
500 3217 781 3259 occursus
813 3206 922 3258 est.
956 3201 1023 3257 Et
1052 3201 1182 3258 ideo
1234 3223 1262 3251 ‹‹
1313 3201 1684 3274 prudentiam
1731 3202 1901 3259 disci-
1927 3195 1970 3263 C
2011 3200 2291 3257 mobilis?
2318 3201 2378 3257 Si
2422 3200 2638 3257 Paulus
2687 3202 2913 3273 primus
2952 3207 3342 3273 peccatorum,
3377 3208 3439 3256 tu
3491 3208 3656 3274 potes

246 3291 454 3366 pulam
503 3290 739 3362 acquire
782 3290 889 3346 tibi
918 3289 1018 3362 (5).
1048 3289 1261 3362 inquit,
1296 3295 1362 3345 ut
1403 3294 1459 3346 te
1504 3290 1798 3347 custodiat
1825 3292 1898 3348 ab

246 3396 428 3439 uxore
477 3379 670 3436 aliena
717 3382 777 3435 et
821 3377 1136 3435 fornicaria
1185 3378 1368 3451 (Prov.
1399 3395 1499 3447 vn,
1532 3379 1586 3446 4,
1628 3379 1683 3450 5)
1716 3396 1730 3434 :
1766 3401 1794 3429 »
1826 3395 1899 3435 ne

245 3473 303 3527 te
342 3467 575 3541 laqueis
603 3466 892 3524 labiorum
934 3483 1177 3524 suorum
1227 3471 1419 3523 teneat
1466 3466 1813 3540 obligatum,
1843 3472 1903 3524 et

246 3556 552 3614 criniculis
577 3555 791 3613 erroris
820 3554 1095 3611 involvat.
1130 3556 1329 3628 Itaque
1361 3556 1515 3611 unde
1541 3555 1754 3611 debeas
1802 3573 1900 3612 ca-

243 3664 381 3704 vere
415 3645 779 3703 meretricem
811 3643 1092 3716 propheta
1139 3649 1194 3700 te
1243 3643 1459 3710 docuit,
1493 3647 1619 3700 uta
1648 3644 1902 3701 fenestra

244 3752 456 3793 caveas
496 3734 678 3804 huius
721 3733 1029 3803 ingressus
1061 3732 1218 3805 (Ibid.
1252 3733 1333 3804 6.)
1363 3735 1409 3787 A
1441 3734 1693 3789 fenestra
1740 3734 1898 3789 enim

243 3826 463 3882 domus
510 3840 630 3880 suae
678 3823 877 3878 intrat.
931 3822 1208 3878 Fenestra
1253 3822 1383 3892 ejus
1429 3824 1518 3877 est
1555 3820 1762 3878 oculus
1797 3839 1810 3877 :
1842 3825 1900 3878 et

242 3914 376 3971 ideo
405 3913 478 3970 ab
507 3910 667 3969 omni
696 3910 1032 3967 irreverenti
1063 3908 1231 3966 oculo
1278 3925 1437 3977 cave,
1468 3926 1541 3966 ne
1595 3927 1697 3983 per
1742 3910 1895 3967 fene-

240 4006 434 4059 stram
506 4002 757 4056 introeat
825 4014 1010 4066 amor,
1076 3997 1259 4055 libido
1328 4002 1610 4071 penetret.
1672 4000 1896 4055 Etenim

240 4091 461 4148 mulier
489 4087 804 4145 fornicaria
831 4087 1001 4143 illicit
1028 4087 1157 4143 visu
1185 4091 1508 4144 amatorem
1535 4103 1548 4142 :
1581 4091 1640 4143 et
1668 4086 1780 4144 nisi
1805 4104 1898 4160 pe-

238 4179 535 4236 tulantem
583 4177 856 4232 obtutum
910 4176 1127 4232 mentis
1177 4175 1480 4247 animique
1536 4192 1894 4249 compescas,

238 4284 409 4325 mors
437 4265 769 4340 ingreditur
810 4281 914 4337 per
956 4264 1294 4320 fenestram.
1328 4263 1454 4319 Non
1484 4267 1575 4320 est
1604 4263 1897 4321 desidiosa

236 4354 573 4431 petulantia
631 4353 975 4415 meretricis.
1035 4370 1152 4409 non
1209 4352 1398 4408 otiosa
1448 4350 1707 4420 lascivia,
1766 4369 1895 4425 quis

236 4446 387 4503 facit
426 4446 714 4516 juvenum
761 4442 955 4499 volare
1002 4442 1178 4498 corda
1225 4457 1239 4497 :
1291 4444 1357 4496 ut
1404 4439 1634 4513 proprie
1681 4443 1896 4500 mentis

236 4537 543 4607 nequeant
590 4536 785 4589 tenere
838 4530 1251 4629 constantiam,
1284 4534 1342 4585 et
1386 4529 1504 4629 huc
1550 4532 1725 4629 atque
1756 4529 1895 4629 illuc
1928 4564 1975 4629 Β

228 4623 466 4681 fervido
505 4637 702 4678 amore
739 4621 1063 4694 rapiantur.
1115 4618 1262 4675 Cave
1305 4634 1443 4691 ergo
1489 4618 1898 4689 hujuscemodi

247 4710 587 4779 mulierem,
619 4726 748 4782 qum
796 4708 1047 4783 pedibus
1094 4723 1209 4763 non
1233 4706 1501 4779 quiescit,
1531 4706 1673 4763 foris
1722 4713 1895 4776 errat,

232 4799 558 4858 insidiatur
587 4815 690 4871 per
730 4796 1006 4871 angulos,
1037 4796 1225 4853 oculis
1272 4794 1436 4868 ligat,
1467 4793 1660 4852 verbis
1706 4795 1894 4863 illicit,

233 4888 465 4947 institis
494 4885 712 4943 lectum
743 4885 950 4942 intexit
994 4901 1194 4951 suum,
1226 4888 1284 4940 et
1308 4883 1525 4957 tapetis
1552 4884 1624 4939 ab
1659 4884 1898 4959 (Egypto

238 4976 446 5035 stratis
476 4993 490 5031 :
522 4992 712 5048 neque
740 4975 900 5031 enim
930 4973 1003 5030 de
1032 4972 1383 5046 cogitatione
1429 4972 1644 5039 divina,
1677 4974 1777 5029 sed
1826 4975 1898 5030 de

239 5063 511 5124 seculari
538 5063 833 5132 illecebra,
866 5062 1120 5119 assumit
1155 5065 1429 5118 ornatum
1464 5079 1478 5118 :
1510 5078 1637 5134 quas
1688 5062 1898 5118 merito

237 5155 438 5211 virum
468 5169 645 5210 suum
675 5151 817 5209 dicit
857 5152 1183 5219 absentem,
1211 5149 1491 5223 quoniam
1543 5166 1657 5205 non
1709 5154 1901 5223 potest

299 5295 401 5422 ί⁵4)
432 5294 572 5380 Mss.
605 5293 830 5367 plures,
858 5292 1051 5377 sedati
1080 5294 1277 5374 vilium
1321 5299 1432 5374 est;
1478 5290 1609 5346 Era.
1642 5294 1701 5347 et
1736 5290 1897 5357 Gill.,

364 5367 437 5422 ad
459 5370 660 5422 vitium
688 5365 1004 5422 namabilis
1030 5368 1150 5422 est:
1180 5361 1311 5419 Gl".
1340 5380 1398 5417 in
1430 5377 1616 5422 marg.
1633 5378 1698 5417 ac
1727 5362 1895 5417 Rom.

240 5361 336 5439 sed
364 5361 437 5439 ad
459 5361 660 5422 vitium
688 5361 1004 5439 appetibilis
1030 5368 1112 5420 est
1128 5380 1150 5426 ;
1180 5361 1317 5439 ϐίῃ.
1340 5362 1398 5417 in
1430 5377 1698 5439 margzac
1727 5362 1895 5439 Rom.

240 5437 385 5494 edit.
419 5438 480 5492 in
512 5432 962 5510 corpore;_sicut
990 5440 1047 5492 et
1076 5451 1220 5510 mss.
1253 5433 1497 5510 Theod.,
1526 5432 1619 5510 sed
1644 5435 1803 5504 fortis
1829 5434 1900 5489 ad

242 5511 465 5566 vitium.
498 5504 634 5573 Qua}
664 5506 835 5564 lectio
863 5507 1094 5564 videtur
1122 5505 1253 5562 aliis
1279 5504 1656 5577 praeferenda.

315 5580 395 5653 (5)
440 5578 535 5636 Sic
583 5596 790 5653 omnes
836 5596 980 5636 mss.
1034 5581 1214 5653 atque
1255 5574 1693 5653 e‘dit._Era._et
1739 5574 1894 5653 Gill.;

245 5647 419 5716 Rom.
450 5667 605 5727 vero,
630 5651 1007 5731 prudentiam,
1034 5647 1237 5731 inquit,
1257 5648 1481 5729 saeuire
1508 5647 1612 5709 tibi
1638 5648 1896 5711 amicam.

2009 3290 2236 3363 primus
2266 3306 2395 3345 esse
2424 3294 2760 3346 sanctorum
2783 3293 2807 3346 Ρ
2831 3292 2981 3363 Ergo
3010 3291 3060 3346 si
3103 3296 3442 3346 erraverunt
3482 3291 3657 3361 justi,

2008 3384 2349 3435 erraverunt
2377 3383 2656 3449 tanquam
2706 3380 3113 3447 homines,sed
3148 3383 3449 3450 peccatum
3481 3397 3655 3436 suum

2005 3470 2291 3539 tanquam
2312 3466 2460 3537 justi
2493 3472 2878 3538 agnoverunt.
2918 3468 2977 3523 Si
3001 3468 3152 3539 justi
3186 3485 3366 3541 pcrnze
3411 3470 3654 3525 atrocio-

2008 3555 2090 3611 ris
2121 3558 2471 3627 exceperunt
2501 3555 2872 3619 sententiam.
2905 3561 2966 3610 tu
3010 3558 3502 3627 quemadmodum
3549 3557 3655 3613 tibi

2009 3659 2171 3715 spem
2203 3641 2573 3714 impunitatis
2620 3644 2917 3715 proponis,
2951 3660 3083 3699 cum
3135 3645 3434 3715 Scriptura
3476 3647 3651 3700 dicat.

2008 3754 2036 3781 ‹‹
2071 3731 2130 3787 Si
2153 3732 2357 3803 justus
2385 3730 2480 3786 vix
2518 3730 2716 3787 salvus
2746 3733 2832 3799 ﬁt,
2867 3738 3134 3803 peccator
3180 3738 3238 3788 et
3283 3732 3501 3804 impius
3554 3733 3653 3788 ubi

2008 3820 2237 3893 parebit
2267 3821 2315 3888 (I
2342 3822 2496 3875 Patr.
2512 3820 2686 3893 iv,18)
2702 3820 2730 3874 ?

2080 3909 2171 3964 17.
2210 3908 2525 3965 Advertitis
2554 3908 2853 3982 ergo,ﬁlii,
2887 3925 3062 3981 quam
3098 3908 3443 3981 plerumque
3473 3908 3650 3964 etiam

2007 3998 2227 4054 bonum
2277 3999 2642 4070 propositum
2693 3999 2941 4054 subruat
2985 4014 3164 4053 causa
3214 3997 3564 4057 mmchandi.
3595 4000 3653 4069 et

2005 4086 2136 4142 ideo
2164 4102 2372 4142 causas
2418 4089 2579 4159 ipsas
2627 4087 2816 4159 primo
2866 4087 3065 4160 fugere
3094 4091 3151 4142 et
3176 4086 3359 4143 vitare
3392 4086 3643 4141 debetis.

2005 4174 2131 4231 Non
2153 4175 2239 4231 vis
2259 4192 2457 4231 amore
2480 4176 2648 4247 capi?
2666 4175 2794 4231 Noli
2820 4176 2877 4231 in
2902 4175 3156 4248 speciem
3180 4175 3443 4231 mulieris
3465 4175 3653 4230 inten-

2004 4263 2160 4333 dere,
2195 4264 2333 4337 quia
2361 4264 2514 4320 oculi
2544 4265 2630 4319 tui
2665 4265 2765 4336 qui
2815 4281 2949 4320 cum
2998 4264 3246 4320 viderint
3280 4264 3552 4333 alienam,
3586 4285 3652 4325 os

2002 4355 2173 4408 tuum
2200 4352 2476 4424 loquetur
2507 4358 2858 4424 perversa,et
2871 4354 3032 4424 jaccs
3063 4358 3346 4426 tanquam
3390 4354 3450 4410 in
3482 4357 3652 4414 corde

2005 4441 2207 4507 maris,
2240 4446 2298 4496 et
2325 4441 2477 4497 sicut
2505 4442 2862 4513 gubernator
2889 4442 2947 4496 in
2981 4459 3193 4514 magno
3222 4444 3483 4500 turbine.
3526 4446 3647 4501 Ma-

2006 4544 2181 4601 gnam
2204 4530 2360 4585 enim
2384 4529 2606 4584 fociunt
2624 4533 3029 4601 tempestatem
3056 4529 3466 4589 multitudines
3486 4534 3649 4606 cupi-

2006 4617 2279 4685 ditatum,
2330 4634 2459 4689 quaz
2487 4616 2646 4673 velut
2673 4619 2929 4689 quodam
2974 4620 3033 4673 in
3081 4620 3225 4675 freto
3256 4622 3517 4693 corporis
3551 4640 3650 4677 na-

2005 4705 2302 4777 vigantem
2332 4706 2468 4761 hinc
2498 4709 2671 4778 atque
2703 4706 2837 4762 inde
2869 4708 3234 4780 perturbant,
3268 4714 3332 4764 ut
3361 4710 3653 4782 guberna-

2006 4797 2100 4848 tor
2124 4793 2217 4849 sui
2248 4794 2482 4849 animus
2529 4810 2657 4850 esse
2706 4811 2821 4851 non
2865 4795 3070 4867 possit,
3103 4796 3256 4852 diem
3311 4812 3377 4851 ac
3423 4799 3649 4850 noctem

2007 4881 2253 4955 caligine
2283 4883 2501 4939 amoris
2525 4882 2802 4956 ignorans
2832 4885 2933 4957 (6).

2080 4972 2164 5026 18.
2198 4970 2394 5026 Oculis
2422 4972 2605 5043 igitur
2649 4973 2932 5028 excitatur
2982 4972 3182 5039 libido,
3219 4972 3318 5026 sed
3371 4971 3650 5027 ebrietate

2009 5060 2403 5116 succenditur.
2444 5060 2648 5118 Omnis
2691 5061 2850 5117 enim
2890 5060 3158 5116 obriosus
3206 5065 3263 5116 et
3313 5061 3661 5135 fornicator,

2008 5165 2230 5222 pauper
2257 5149 2497 5206 ﬁet.Nec
2527 5149 2632 5206 tibi
2661 5152 2733 5205 de
2764 5149 3022 5221 potentia
3042 5148 3364 5204 blandiaris
3386 5150 3646 5220 potandi.

2006 5291 2091 5346 Ad
2122 5290 2272 5347 hanc
2302 5291 2537 5363 quidem
2570 5290 2790 5346 accedit
2816 5289 3182 5363 Vulglquaa
3214 5289 3650 5363 hahet,prud:’n-

2007 5306 2091 5346 Ad
2125 5306 2272 5347 nanc
2302 5306 2537 5363 quidem
2570 5306 2790 5346 accedit.
2826 5306 3023 5415 νωῗ..
3057 5306 3182 5361 qua:
3216 5306 3648 5363 maneam-urim-

2007 5363 2145 5417 tiam
2173 5379 2301 5417 voca
2335 5364 2568 5417 amicam
2601 5365 2773 5426 tuam,
2806 5361 2905 5415 ubi
2985 5360 3078 5415 XX
3121 5363 3403 5429 scribunt,
3450 5374 3542 5429 τὴν
3598 5369 3648 5419 δὲ

2007 5432 2241 5497 φρόνησιν
2269 5434 2512 5497 γνώριμον
2540 5434 2853 5496 περιποιῆσαι
2882 5434 3090 5494 σεαυτῷ.

2079 5505 2154 5575 (6)
2185 5504 2341 5560 Edit.
2381 5520 2446 5558 ac
2472 5519 2620 5576 mss.
2654 5502 2902 5576 (aliquot,
2934 5502 3028 5576 die
3068 5519 3156 5576 ac,
3178 5508 3328 5576 nocte
3354 5505 3650 5576 caliginem

2007 5574 2211 5632 amoris
2240 5578 2521 5646 ignorans.
2555 5574 2775 5646 Melius
2794 5590 2937 5646 mss.
2967 5574 3222 5644 Theod.,
3255 5574 3639 5644 Dion.,Colb.

2007 5652 2066 5710 et
2092 5645 2275 5721 Maz.,
2302 5652 2510 5705 noctem
2532 5645 2604 5705 ad
2630 5645 2777 5705 diem
2803 5645 3061 5721 caligine,
3092 5651 3206 5708 etc.
