4078 6196
417 218 555 287 935.

419 440 742 496 inebriatus
773 440 862 492 est
884 436 1043 492 vino.
1083 436 1193 492 Sed
1224 434 1323 491 ille
1352 439 1623 492 naturam
1667 435 1788 491 vini
1838 434 2064 505 ignora-

419 530 537 597 bat,
572 545 684 582 non
719 525 871 581 enim
906 528 1039 581 ante
1069 528 1367 596 potaverat
1398 542 1410 578 :
1446 529 1505 580 tu
1557 524 1616 582 in
1655 524 1754 580 illo
1799 524 2065 579 dedicisti

418 632 619 673 cavere
648 614 788 689 quid
819 613 1064 680 debeas;
1093 613 1193 668 Lot
1226 629 1326 685 per
1357 629 1631 668 somnum
1651 612 1924 685 deceptus
1956 615 2062 679 est,

419 710 476 763 et
503 710 569 762 tu
597 705 646 760 si
677 721 791 760 non
819 703 907 758 vis
939 701 1431 773 decipi,somnum
1451 701 1793 758 mentistuaa
1818 700 2062 765 discute,

420 813 493 851 ne
525 794 685 851 ebrio
713 792 923 847 illudat
953 790 1107 845 ﬁlius
1136 795 1236 845 aut
1268 789 1384 844 ﬁlia
1416 790 1886 845 dormienti.Non
1942 790 2066 861 pie-

418 890 509 941 tas
543 882 681 949 illic,
716 881 816 936 sed
848 878 1096 936 ebrietas
1126 878 1392 934 redditur
1422 896 1435 934 :
1464 891 1575 935 nec
1606 883 1770 951 pater
1796 877 1935 945 illic,
1964 878 2063 933 sed

419 970 715 1028 dormiens
745 968 1273 1025 circumscribitur.
1313 968 1416 1023 Vis
1446 985 1559 1022 non
1593 966 1803 1022 aduri?
1832 965 1961 1021 Noli
1993 967 2063 1021 ad

419 1061 615 1134 ignem
648 1057 943 1113 accedere.
982 1055 1083 1110 Vis
1116 1071 1231 1109 non
1265 1053 1655 1126 praecipitari?
1686 1052 1962 1107 Nutantia
1985 1052 2063 1107 fu-

416 1166 507 1223 ge,
540 1150 832 1220 prazrupta
859 1163 1014 1207 cave,
1050 1145 1271 1199 caduca
1296 1142 1522 1198 declina
1549 1146 1605 1197 et
1632 1140 1912 1197 labantia.

490 1233 1028 1307 t9.Videsigiturin
1056 1232 1215 1287 illius
1248 1232 1350 1303 qui
1374 1231 1523 1301 justi
1556 1247 1682 1286 esse
1703 1233 2063 1299 meruerunt,

418 1342 533 1382 non
562 1323 807 1381 alteram
838 1321 1020 1377 fuisse
1051 1325 1344 1386 naturam,
1378 1319 1478 1375 sed
1511 1318 1754 1374 alteram
1805 1316 2063 1389 discipli-

418 1431 580 1470 nam.
624 1413 759 1467 Post
789 1410 960 1483 primi
996 1409 1252 1463 hominis
1284 1407 1900 1479 lapsum,justamque
1930 1421 2061 1460 sen—

416 1503 683 1568 tentiam,
708 1517 812 1556 cur
840 1498 899 1554 in
931 1515 1046 1553 uno
1079 1496 1271 1552 carnis
1298 1497 1612 1551 damnatus
1638 1494 1715 1551 sit
1744 1494 2058 1567 appetitus,

412 1592 625 1648 vitium
656 1590 829 1645 traxit
862 1587 1139 1653 conditio,
1175 1586 1374 1639 infecit
1404 1584 1574 1655 culpa
1610 1589 1876 1638 naturam
1904 1602 1916 1650 ;
1959 1584 2060 1637 sed

416 1685 636 1737 natura:
668 1677 854 1749 ipsius
886 1675 1091 1729 vitium
1123 1674 1267 1728 ﬁdes
1305 1671 1666 1745 temperavit,
1714 1676 1769 1726 et
1807 1670 2059 1727 devotio-
2093 1707 2139 1771 Β

417 1768 509 1824 nis
543 1766 784 1821 intentio
816 1762 1102 1833 mitigavit
1133 1762 1441 1817 offensam.

485 1858 574 1910 20.
609 1852 1016 1908 Convertimini
1067 1850 1248 1922 igitur
1294 1850 1364 1903 ad
1420 1849 1754 1916 Dominum,
1806 1852 2054 1920 gentes;

417 1944 619 2001 scitote
651 1941 927 2013 quoniam
964 1938 1244 1995 Dominus
1276 1938 1431 1993 Deus
1448 1941 1567 2010 est;
1604 1938 1725 2009 ipse
1766 1937 1899 1993 fecit
1930 1954 2057 2002 nos,

416 2038 473 2091 et
509 2049 623 2087 non
664 2030 777 2103 ipsi
827 2046 953 2083 nos.
989 2028 1202 2083 Scitote
1251 2018 1527 2099 quoniam
1577 2044 1708 2082 caro
1749 2044 1957 2081 sumus
2004 2030 2062 2081 et

416 2120 629 2195 pulvis.
661 2118 1083 2190 Relinquamus
1115 2132 1251 2188 ergo
1298 2132 1427 2186 quce
1480 2114 1745 2182 facimus,
1780 2118 1834 2169 et
1865 2115 2059 2187 ipsum

416 2209 601 2265 nostri
633 2223 974 2262 veneremur
1006 2210 1323 2268 auctorem,
1358 2205 1456 2273 qui
1492 2203 1668 2257 vitam
1718 2203 1894 2269 dedit,
1929 2220 2061 2275 pec-

417 2302 545 2354 cata
574 2296 827 2361 donavit,
862 2294 956 2366 qui
993 2292 1153 2348 solus
1184 2297 1376 2364 potest
1407 2293 1595 2347 dicere
1631 2310 1642 2346 :
1678 2314 1706 2341 ‹‹
1740 2292 1857 2363 Ego
1905 2308 2057 2357 sum,

417 2404 522 2460 ego
548 2402 705 2448 sum,
739 2384 834 2455 qui
867 2382 1045 2437 debeo
1078 2381 1416 2452 iniquitates
1464 2385 1707 2447 vestras,
1740 2385 1795 2434 et
1839 2397 2062 2435 memor

418 2492 531 2531 non
564 2490 660 2529 ero
690 2473 820 2544 (Isa.
859 2488 1017 2534 XLIII,
1048 2471 1165 2535 25).
1210 2491 1236 2517 ››
1271 2469 1519 2541 Magnus
1552 2467 1722 2540 plane
1747 2472 1802 2523 et
1833 2468 2059 2524 miseri-

416 2580 546 2619 cors
595 2561 773 2627 Deus,
824 2559 924 2632 qui
968 2556 1319 2614 beneﬁcium
1370 2558 1610 2625 confert,
1650 2573 1753 2613 nec
1796 2557 2059 2613 beneficii

416 2668 635 2708 munus
666 2649 996 2720 exprobrat.
1042 2647 1192 2701 7I8
1225 2645 1517 2701 Miramini
1552 2647 1704 2717 quod
1742 2647 1917 2701 David
1972 2663 2061 2701 re-

417 2758 548 2814 gem
582 2738 801 2805 fecerit,
834 2737 1230 2806 victoremque
1263 2734 1582 2789 multarum
1629 2737 1892 2806 gentium
1913 2736 1940 2788 ?
1968 2736 2062 2790 Sic

418 2828 676 2885 servulos
707 2843 846 2881 suos
879 2824 1181 2879 consuevit
1211 2824 1475 2878 evehere.
1516 2823 1639 2877 Non
1672 2841 1881 2879 avarus
1934 2840 2060 2877 mu-

418 2932 647 2979 nerum,
681 2930 788 2969 nec
822 2912 1083 2968 beneﬁcii
1120 2928 1349 2983 parcus,
1385 2928 1488 2966 nec
1537 2911 1735 2984 gratiae
1777 2917 2062 2983 angustus

416 3012 474 3067 et
503 3005 686 3077 frugi;
738 3002 838 3059 sed
890 3000 1136 3074 opulens
1187 2999 1493 3070 largitatis,
1534 3018 1680 3070 quos
1739 3000 1983 3056 redemit
2029 3018 2062 3055 a

417 3100 671 3168 peccato,
706 3096 877 3165 auget
906 3097 962 3146 et
992 3089 1384 3162 prtemioﬂazc
1432 3090 1737 3144 adversum
1788 3088 2055 3161 gentiles.
2090 3078 2133 3144 Ο

1049 3178 1133 3232 CA
1148 3177 1282 3233 PUT
1323 3178 1417 3233 IV.

411 3272 624 3328 Iudam:
650 3285 941 3343 perperam
967 3267 1257 3343 _credente.s
1305 3265 1623 3343 Duviit,qut'
1646 3268 1915 3343 aegregius
1951 3267 2059 3336 fuit

483 3337 720 3414 peccato,
750 3337 835 3394 rei
883 3339 1365 3414 Satoruauemucuz
1412 3339 1555 3414 dicta
1584 3337 1663 3414 de
1692 3338 1902 3392 Christo
1950 3353 2059 3391 non

482 3410 835 3476 conveniunt,
866 3426 981 3464 esse
1022 3411 1224 3463 Filium
1250 3411 1364 3471 Dei,
1399 3410 1687 3477 redarguit
1708 3426 1727 3469 ;
1753 3419 1803 3462 rt
1832 3425 2061 3478 pravam

483 3483 847 3556 quorumdam,
874 3483 1256 3538 hécreticorum
1303 3481 1367 3535 de
1414 3481 1551 3535 Filio
1600 3481 1695 3536 Dei
1733 3482 2056 3551 interpreta-

487 3554 686 3612 tionem
714 3554 976 3625 conﬂuat.

484 3646 578 3698 2i.
622 3643 730 3698 Sed
766 3642 1043 3712 quoniam
1078 3641 1428 3712 tripertitam
1461 3640 1802 3695 divisionem
1857 3644 2061 3695 tracta-

418 3737 515 3789 tus
546 3731 724 3802 hujus
754 3729 992 3803 polliciti
1029 3746 1256 3799 sumus,
1285 3745 1460 3784 unum
1485 3729 1764 3784 adversus
1788 3728 2057 3801 gentiles,

414 3821 587 3876 aliam
622 3821 905 3875 adversus
934 3818 1187 3885 Judaaos,
1221 3819 1454 3873 tertiam
1495 3819 1648 3889 apud
1702 3817 2014 3873 Ecclesiam
2044 3836 2056 3881 ;

414 3927 569 3966 nunc
600 3912 802 3965 contra
830 3907 1061 3962 Judzeos
1092 3906 1322 3961 videtur
1346 3922 1473 3961 esse
1503 3907 2060 3972 tractandum.Quid

416 3998 594 4072 igitur
622 3997 793 4053 nobis
822 3995 1189 4068 propositum
1216 3995 1292 4049 sit
1322 3994 2061 4059 recenseamus.«Titulus,

414 4088 627 4160 inquit,
656 4085 868 4159 psalmi
922 4085 1094 4139 David
1147 4082 1475 4138 intellectus
1508 4086 1607 4151 (7),
1641 4100 1775 4137 eum
1806 4084 1961 4138 venit
1990 4084 2062 4138 ad

416 4193 550 4231 eum
581 4176 812 4231 Nathan
841 4173 1123 4247 propheta
1156 4191 1168 4227 :
1203 4188 1336 4228 cum
1367 4171 1604 4227 intravit
1633 4172 1703 4227 ad
1745 4172 2064 4228 Bethsabee

415 4266 584 4334 (Psal.
617 4282 667 4329 L,
706 4266 754 4327 1,
784 4265 866 4335 2).
910 4264 1128 4334 Nempe
1175 4260 1419 4317 historia
1465 4261 1586 4316 hzec
1633 4269 1688 4316 el
1735 4260 2062 4316 adulterum

420 4351 591 4406 David
629 4352 852 4406 inducit
893 4356 948 4406 et
996 4351 1376 4418 homicidam,
1410 4355 1467 4405 et
1516 4352 1670 4405 hunc
1700 4366 1822 4417 vos,
1854 4349 2060 4414 Judaei,

1880 201 1946 285 s,
1989 206 2389 301 Aueaosu

426 355 543 411 Noe
598 348 855 406 cbriatus
884 348 992 416 est,
1025 349 1083 403 et
1103 344 1201 420 qui
1224 363 1340 402 non
1370 340 1691 402 inebriatus
1713 349 1802 403 est
1821 345 2057 412 diluvio,
2093 345 2141 409 Α

3703 208 3848 287 9.35.

2244 346 2334 399 22.
2380 348 2501 411 Qua
2555 349 2750 402 autem
2800 340 3073 419 Opinione
3122 346 3207 402 vel
3257 344 3435 415 David
3478 345 3579 402 Dei
3611 345 3828 402 Filium

2167 430 2468 505 λυθῇ-«υἱέ,
2522 436 2604 491 vel
2661 435 3030 492 Salomonem
3081 436 3347 509 putatis?
3375 436 3461 493 An
3501 435 3637 508 quia
3684 434 3833 491 scri-

2175 529 2339 596 ptum
2372 529 2460 580 est
2491 524 2722 592 :nDeus,
2747 525 3042 595 judicium
3075 531 3241 582 tuum
3274 526 3395 600 regi
3432 525 3527 589 da,
3571 523 3836 595 etjusti-

2174 613 2317 668 tiam
2345 616 2508 669 tuam
2541 612 2660 669 filio
2692 615 2846 686 regis
2878 614 3053 685 (Psal.
3095 632 3243 682 LXXI,
3275 614 3362 687 ‘2);
3398 618 3455 668 et
3494 613 3632 685 quia
3680 611 3835 667 titu-

2173 701 2268 757 lus
2298 701 2507 772 psalmi
2538 701 2596 756 in
2627 701 2997 758 Salomonem
3032 702 3326 775 psalmum
3360 719 3490 756 LXXI
3524 700 3668 757 dicit
3696 716 3840 756 esse

2175 790 2564 862 compositum
2598 790 2718 860 (9)?
2747 791 2859 846 Sed
2891 808 3063 862 quem
3099 791 3471 846 Salomonem
3512 790 3689 857 dicat,
3724 788 3839 844 ad-

2173 877 2400 934 vertite.
2429 877 2705 934 Salomon
2737 877 2893 934 enim
2926 879 3204 951 paciﬁcus
3234 884 3340 939 cst.
3388 879 3498 934 hoc
3529 878 3701 934 habet
3738 877 3839 932 in-

2172 968 2535 1040 terpretatio.
2585 967 2854 1023 Psalmus
2902 969 2961 1022 in
3011 984 3145 1023 eum
3189 967 3424 1029 dicitur,
3475 983 3646 1038 quem
3690 982 3844 1021 vere

2175 1055 2396 1111 scimus
2427 1072 2553 1111 esse
2584 1054 2745 1128 pacis
2776 1060 3097 1112 auctorem.
3123 1056 3421 1123 Quomodo
3472 1058 3663 1112 autem
3718 1054 3841 1109 Sa-

2174 1144 2369 1201 lomon
2404 1143 2725 1216 pacificus?
2750 1144 2875 1200 Non
2902 1145 3012 1200 hoc
3053 1145 3199 1199 Joab
3254 1142 3497 1216 sanguis
3543 1143 3841 1209 ostendit,

2175 1249 2349 1304 quem
2378 1232 2532 1287 inter
2562 1232 2767 1288 altaria
2795 1232 2996 1300 templi
3043 1232 3227 1303 jussit
3256 1232 3471 1299 occidi;
3518 1248 3633 1287 non
3661 1231 3843 1286 Ado-

2174 1321 2280 1376 nia:
2326 1339 2517 1393 pcena,
2549 1338 2725 1393 quem
2773 1321 3076 1376 affinitatis
3125 1321 3293 1393 regia:
3337 1337 3500 1376 reum
3546 1318 3839 1391 perculit,

2173 1427 2279 1465 nec
2310 1410 2515 1465 matris
2544 1410 2942 1465 obsecratione
2973 1410 3043 1465 ab
3073 1408 3475 1481 indignatione
3494 1413 3842 1463 revocatus.

2174 1499 2474 1565 Quomodo
2504 1502 2698 1554 autem
2734 1497 2792 1552 in
2825 1497 3194 1554 Solomonem
3228 1497 3405 1553 David
3456 1495 3641 1552 ﬁlium
3688 1495 3840 1551 exi-

2172 1588 2380 1643 stimas
2424 1589 2731 1642 convenire
2780 1587 2931 1658 quod
2983 1587 3268 1659 scriptum
3302 1590 3414 1650 est,
3447 1586 3581 1657 quia
3612 1608 3640 1634 ι(
3680 1601 3844 1656 per-

2170 1677 2431 1733 manebit
2461 1693 2595 1731 cum
2628 1675 2748 1731 sole
2778 1680 2834 1731 et
2864 1680 2995 1731 ante
3025 1676 3249 1743 lunam,
3283 1676 3340 1730 in
3377 1673 3582 1729 smcula
3628 1690 3838 1730 saecu-

2169 1766 2361 1821 lorum
2390 1764 2620 1834 (Ibid);
2650 1781 2785 1818 cum
2839 1763 2932 1819 ille
2976 1764 3165 1818 brevis
3213 1763 3340 1818 vitae
3392 1762 3645 1834 adeptus
3684 1779 3847 1818 usu-

2168 1853 2592 1925 ram,angustis
2620 1852 2882 1906 terminis
2913 1851 3141 1906 vivendi
3174 1851 3424 1924 spatium
3444 1851 3849 1923 transegerit?

2169 1943 2468 2009 Quomodo
2499 1948 2692 1997 autem
2744 1942 2813 1996 de
2864 1958 2928 1996 eo
2990 1939 3205 1995 dicitur
3241 1960 3252 1996 :
3289 1965 3315 1989 ‹‹
3349 1939 3774 1995 Dominabitur
3810 1957 3845 1994 a

2169 2032 2313 2088 mari
2339 2046 2525 2102 usque
2558 2030 2627 2084 ad
2663 2047 2821 2084 mare
2852 2029 3014 2100 (Ibid.
3056 2030 3149 2099 8);
3185 2047 3316 2083 cum
3369 2028 3464 2082 ille
3510 2029 3661 2083 inter
3713 2028 3843 2100 Sy-

2170 2120 2317 2176 riam
2381 2117 2756 2186 constitutus,
2807 2116 2915 2173 hoc
2972 2120 3059 2173 est
3120 2116 3272 2172 intra
3321 2115 3497 2173 unius
3563 2114 3844 2189 regionis

2169 2208 2551 2281 provinciam,
2575 2206 3048 2278 circumscriptae
3080 2207 3225 2260 ﬁnes
3254 2205 3523 2261 habuerit
3550 2206 3834 2277 imperii.

2167 2296 2340 2353 Solus
2371 2300 2565 2351 autem
2598 2294 2865 2351 Christus
2894 2310 3081 2367 usque
3103 2294 3159 2349 in
3208 2295 3365 2349 orbis
3415 2294 3592 2349 totius
3624 2295 3846 2349 termi-

2171 2403 2276 2442 nos
2328 2402 2503 2441 suum
2556 2386 2894 2457 propagavit
2940 2384 3277 2456 imperium.
3320 2383 3492 2439 Solus
3520 2382 3676 2438 enim
3714 2384 3845 2439 iste

2169 2480 2277 2542 est,
2314 2475 2383 2529 de
2415 2490 2530 2545 quo
2582 2475 2725 2527 bene
2769 2471 2981 2545 psalmi
3032 2473 3213 2527 series
3264 2470 3645 2545 prophetavit,
3680 2471 3841 2544 quia

2170 2587 2199 2614 ‹‹
2250 2580 2414 2634 reges
2462 2561 2719 2617 Arabum
2769 2565 2826 2616 et
2853 2562 3003 2617 Saba
3050 2561 3203 2616 dona
3250 2561 3560 2626 adducent,
3596 2563 3654 2615 et
3686 2561 3838 2615 ado-

2171 2654 2385 2707 rabunt
2408 2667 2542 2706 eum
2575 2644 2974 2723 omnesreges
3007 2654 3168 2705 terrae
3203 2667 3215 2704 :
3251 2667 3456 2706 omnes
3480 2653 3682 2721 gentes
3707 2664 3845 2705 ser—

2170 2742 2327 2795 vient
2357 2740 2406 2795 ei
2439 2738 2596 2809 (Ibid.
2634 2740 2721 2805 10,
2756 2740 2867 2811 11).
2906 2762 2925 2787 ε
2962 2743 3129 2795 Hunc
3161 2738 3313 2794 enim
3367 2736 3641 2793 novimus
3673 2750 3835 2809 gen-

2171 2830 2327 2884 tibus
2375 2827 2660 2882 universis
2708 2832 2766 2883 et
2810 2827 3145 2883 nationibus
3198 2828 3604 2898 imperantem,
3642 2827 3837 2881 incir-

2170 2918 2524 2988 cumscripto
2591 2917 2855 2988 imperio,
2918 2916 3296 2971 interminata
3326 2919 3629 2988 potestate.
3692 2915 3839 2971 Non

2169 3023 2305 3078 ergo
2336 3004 2611 3061 Salomon
2638 3004 2737 3059 Dei
2770 3004 2948 3059 ﬁlius.

2240 3114 2328 3169 23.
2363 3113 2473 3169 Sed
2505 3129 2618 3184 qua
2653 3112 2878 3168 ratione
2906 3128 3042 3168 eum
3091 3111 3190 3167 Dei
3247 3109 3434 3165 ﬁlium
3464 3108 3838 3182 putavistis?

2167 3204 2254 3262 An
2285 3202 2424 3272 quia
2453 3201 2689 3272 sapiens
2722 3200 2870 3271 fuit?
2899 3201 3010 3255 Sed
3042 3200 3135 3255 hic
3162 3199 3510 3271 sapientiam
3554 3198 3833 3270 postula-

2170 3289 2269 3353 vit,
2306 3292 2458 3345 714
2488 3293 2569 3357 ut,
2596 3305 2772 3361 quam
2806 3306 2921 3344 non
2950 3288 3219 3353 habebat,
3255 3289 3541 3361 acciperet
3573 3304 3585 3342 :
3622 3287 3834 3343 Chris-

2169 3382 2265 3434 tus
2312 3379 2436 3449 ipse
2487 3378 2772 3450 sapientia
2820 3383 2925 3445 est,
2974 3376 3319 3432 naturaliter
3364 3377 3423 3431 in
3474 3375 3834 3431 universum

2168 3467 2412 3536 habens,
2448 3466 2602 3538 quod
2634 3467 2693 3520 in
2725 3467 2899 3521 rebus
2950 3465 3227 3520 humanis
3276 3464 3546 3520 Salomon
3594 3466 3835 3536 accepit

2171 3572 2271 3627 per
2290 3554 2831 3627 gratiam.Denique
2857 3555 3009 3625 quod
3037 3554 3324 3627 accipitur
3352 3570 3421 3610 ex
3445 3558 3729 3631 tempore,
3769 3553 3833 3608 in

2168 3650 2427 3716 tempore
2461 3644 2811 3715 possidetur.
2837 3643 3111 3699 Salomon
3144 3644 3301 3698 enim
3333 3641 3681 3715 sapientiam
3715 3660 3833 3697 nec

2169 3733 2228 3788 in
2257 3732 2541 3805 principio
2573 3733 2664 3787 sui
2698 3731 2923 3801 habuit,
2957 3748 3059 3787 nec
3093 3732 3152 3786 in
3188 3732 3299 3786 ﬁne
3335 3729 3836 3803 possedit.Neque

2169 3821 2326 3877 enim
2359 3820 2571 3877 habere
2602 3838 2663 3877 se
2695 3821 2940 3876 credidit
2988 3821 3143 3893 quod
3192 3820 3475 3892 peposcit,
3508 3822 3566 3874 et
3617 3825 3831 3890 postea

2170 3927 2409 3965 aversus
2439 3927 2472 3964 a
2502 3910 2600 3965 Dei
2630 3908 2809 3979 cultu,
2846 3926 2960 3965 non
2992 3910 3161 3981 quasi
3192 3907 3449 3981 sapiens,
3491 3907 3590 3963 sed
3647 3907 3825 3979 quasi

2173 3999 2455 4070 insipiens
2483 3997 2690 4072 lapsus
2720 4004 2831 4064 est,
2864 4003 2929 4053 ut
2961 3999 3295 4053 offenderet.
3325 3996 3576 4052 Oll'cndit
3607 3995 3668 4050 in
3700 4000 3830 4050 tan-

2171 4091 2319 4153 tum,
2384 4091 2448 4141 ut
2506 4087 2681 4142 etiam
2734 4087 2887 4158 quod
2950 4090 3260 4151 meruerat,
3320 4086 3638 4140 amitteret.
3710 4083 3831 4138 Cur

2172 4174 2353 4248 igitur
2402 4174 2561 4230 hunc
2607 4174 2707 4231 Dei
2756 4174 2943 4230 ﬁlium
2991 4173 3361 4230 credidistis?
3390 4175 3473 4228 An
3510 4171 3649 4244 quia
3673 4175 3824 4226 tem-

2173 4263 2334 4336 plum
2366 4263 2481 4318 Deo
2511 4263 2815 4319 condidit?
2848 4264 2957 4319 Sed
3005 4262 3140 4318 hinc
3193 4250 3508 4318 Dominum
3544 4264 3601 4315 et
3642 4259 3829 4315 Deum

2173 4369 2288 4407 non
2322 4367 2461 4411 esse
2509 4351 2741 4406 credere
2794 4350 3102 4419 debuistis,
3157 4349 3295 4422 quia
3342 4348 3629 4421 scriptum
3674 4353 3759 4402 est
3811 4363 3824 4400 :

417 4440 613 4496 dicitis
644 4455 771 4493 esse
803 4439 904 4494 Dei
938 4440 1121 4495 tilium
1146 4440 1172 4494 ‘?
1206 4441 1315 4495 Sed
1350 4440 1503 4494 Deus
1526 4440 1805 4495 virtutum
1834 4433 2062 4515 est,ncin
2097 4459 2140 4522 D
2175 4462 2203 4489 ‹‹
2228 4440 2348 4496 Nisi
2382 4439 2665 4495 Dominus
2697 4439 3065 4495 aediﬁcaverit
3095 4436 3207 4494 sibi
3239 4438 3482 4492 domum
3515 4437 3576 4491 in
3606 4452 3824 4491 vanum

417 4528 758 4585 criminum.
799 4528 864 4581 Et
896 4529 964 4582 de
999 4528 1105 4582 hoc
1137 4529 1275 4581 dicit
1308 4528 1461 4584 Deus
1491 4528 1658 4584 Pater
1690 4546 1701 4583 :
1738 4551 1763 4575 ‹‹
1794 4509 2065 4583 ΤΗιόηυε

418 4621 546 4691 ejus
595 4617 747 4672 sicut
795 4615 919 4671 dies
968 4615 1092 4670 coeli
1144 4618 1318 4685 (Psal.
1384 4635 1652 4682 LxxvaII,
1703 4619 1827 4687 30);
1886 4639 1912 4665 ››
1964 4616 2063 4687 qui

416 4706 618 4764 dolum
644 4694 880 4769 fecerit,
932 4707 1166 4775 peccata
1216 4720 1329 4758 non
1371 4704 1609 4759 vicerit?
1658 4706 1725 4759 Et
1772 4704 2065 4776 quomodo

416 4797 702 4869 scriptum
752 4797 839 4849 est
886 4793 1010 4865 (8):
1065 4793 1243 4847 Nemo
1291 4793 1415 4848 sine
1462 4798 1713 4865 peccato,
1765 4794 1879 4849 nisi
1913 4810 2066 4849 unus

415 4886 571 4941 Deus
619 4884 775 4954 (Luc.
834 4900 995 4946 XVIII,
1055 4882 1173 4947 19)?
1219 4882 1277 4936 Si
1322 4882 1499 4953 igitur
1549 4899 1663 4936 non
1716 4886 1902 4954 potest
1948 4899 2064 4936 non

419 4990 548 5031 esse
582 4977 749 5038 Deus,
784 4973 884 5045 qui
914 4972 1010 5026 Dei
1042 4970 1221 5025 Filius
1250 4976 1357 5037 est,
1392 4970 1591 5041 utique
1627 4970 1721 5025 Dei
1753 4970 1932 5025 Filius
1974 4987 2063 5025 ar-

418 5061 835 5133 biterjustitia:
867 5064 974 5128 est,
1008 5076 1124 5115 non
1157 5058 1442 5115 obnoxius
1475 5058 1678 5129 culpae.

493 5164 572 5258 (7)
605 5186 686 5242 Ita
736 5202 885 5241 mss.
947 5200 1150 5239 omnes
1205 5200 1283 5258 ac,
1317 5183 1458 5238 edit.
1502 5187 1634 5258 Era.
1688 5182 2063 5258 atgqueJGilL,

304 5302 325 5309 ι
424 5254 587 5312 Rom.
624 5262 838 5316 autem.
874 5257 1082 5311 Titulus
1117 5274 1129 5310 :
1164 5258 1223 5310 in
1253 5254 1691 5326 ﬁnem,psulmus
1726 5254 1897 5309 David
1942 5271 2067 5326 cum

425 5327 817 5397 ingrederetur,
854 5332 942 5381 etc
1007 5328 1327 5381 Fatendum
1360 5327 1594 5397 quidem
1642 5325 1797 5381 hunc
1828 5325 2064 5380 titulum

426 5397 509 5453 ita
550 5396 654 5468 legi
706 5399 763 5452 in
815 5397 1078 5469 Psalterii
1113 5396 1544 5469 exemplaribus
1594 5414 1720 5469 qua-
1768 5413 1923 5469 nunc
1969 5413 2063 5450 ex-

426 5471 584 5526 stant
602 5467 628 5536 ξ
645 5470 745 5542 sed
776 5485 907 5542 cum
940 5468 1076 5523 olim
1107 5467 1321 5542 magna
1349 5468 1521 5542 fuerit
1550 5467 1627 5542 _in
1676 5467 1865 5542 titulis
1915 5471 2066 5542 psal-

427 5554 661 5599 morum
692 5538 1019 5608 diversitas,
1042 5554 1086 5597 ra
1117 5538 1264 5600 mss.
1304 5542 1361 5598 et
1387 5539 1595 5617 priscis
1627 5539 1769 5601 edit.
1812 5538 1932 5598 non
1955 5538 2068 5598 dis-

2172 4528 2583 4584 laboraverunt
2612 4529 2713 4599 qui
2746 4528 3037 4584 aediﬁcant
3085 4545 3210 4583 eam
3263 4528 3431 4591 (Psat.
3466 4516 3653 4586 cxxvt.
3692 4526 3754 4593 l).
3793 4546 3821 4567 ιι

2173 4617 2235 4671 In
2287 4633 2501 4673 vanum
2549 4616 2835 4672 laboravit
2881 4616 2982 4688 qui
3030 4616 3337 4671 aediﬁcavit
3396 4614 3454 4670 id
3512 4611 3819 4686 templum,

2174 4705 2321 4776 quod
2357 4706 2660 4776 subjectus
2693 4704 2845 4777 ignis
2876 4704 3127 4760 exussit.
3149 4707 3233 4759 An
3265 4705 3403 4774 quia
3452 4702 3625 4757 David
3676 4699 3817 4772 patri

2174 4794 2360 4865 ips1us
2379 4794 2598 4848 dictum
2620 4797 2705 4849 est
2727 4812 2739 4849 :
2760 4793 2883 4849 Non
2908 4799 2970 4848 tu
2992 4791 3307 4848 azditicabis
3340 4790 3487 4847 mihi
3508 4792 3815 4847 domum...

2176 4882 2278 4936 sed
2309 4898 2443 4937 cum
2478 4887 2541 4937 tu
2573 4882 2903 4949 dormieris,
2936 4882 3195 4937 excitabo
3227 4897 3426 4936 semen
3479 4887 3642 4935 tuum
3689 4881 3821 4949 post

2176 4976 2250 5038 te,
2288 4976 2343 5025 et
2375 4970 2499 5042 ipse
2531 4970 2838 5026 aediﬁcabit
2868 4972 3107 5027 domum
3156 4971 3377 5025 nomini
3420 4985 3549 5024 meo
3580 4969 3656 5039 (II
3673 4967 3803 5032 Reg.

2175 5076 2251 5126 v1,
2303 5060 2390 5129 12,
2446 5059 2551 5132 t3).
2612 5082 2631 5109 ο
2679 5060 2889 5116 Verum
2945 5060 3023 5115 ibi
3080 5076 3311 5132 quoque
3368 5056 3647 5130 templum
3695 5067 3817 5107 non

2176 5182 2530 5251 cedendum.

2245 5247 2319 5323 (8)
2352 5254 2519 5308 Rom.
2556 5248 2695 5309 edit.
2736 5253 2882 5318 sola,
2930 5263 3148 5324 peccata
3180 5270 3289 5310 non
3322 5255 3536 5321 vicerit,
3563 5244 3809 5322 quomodo

2174 5324 2376 5379 dicitur
2405 5326 2579 5380 Filius
2610 5326 2729 5385 Dei,
2762 5328 2893 5396 quia
2922 5327 3182 5397 scriptum
3210 5329 3305 5381 est.

2246 5397 2320 5465 (9)
2355 5397 2563 5450 Eadem
2601 5391 2976 5469 Romfedit”
3011 5391 3062 5451 ét
3092 5400 3221 5469 quia
3252 5398 3447 5451 titulus
3472 5391 3657 5466 psalmi
3676 5400 3806 5469 κρῖ

2176 5460 2467 5547 tudgesg'mi
2486 5468 2661 5547 primi
2690 5469 2750 5522 in
2781 5460 3133 5547 Satonwneu't
3170 5469 3383 5547 dicitur
3406 5460 3515 5525 esse
3556 5460 3811 5533 εογηροεε-

2174 5537 2287 5599 ιιιδζ
2314 5537 2568 5614 Aliae,“
2598 5537 2742 5609 inse.
2771 5554 2997 5607 omnes,
3033 5545 3098 5600 ut
3117 5540 3178 5599 in
3208 5543 3395 5603 textu.
