4078 6196
235 324 355 384 937

1413 325 1802 398 APOLOGIA
1849 325 2085 399 ῡΑνιῡ
2129 328 2461 390 ALTERA.

3518 326 3635 390 9'38

238 475 356 524 non
402 455 720 529 corporale,
752 473 865 513 non
927 458 1222 524 materiale
1280 459 1659 532 promittitur,
1693 474 1880 531 neque
1912 462 1966 528 Α
1998 482 2023 508 ‹‹
2059 462 2143 515 'l‘u
2185 477 2246 515 es
2276 461 2546 516 sacerdos
2577 460 2633 516 in
2665 462 2947 515 internum
3002 458 3325 514 secundum
3368 457 3632 513 ordinem

236 547 398 602 enim
431 546 585 602 Deus
615 544 677 608 in
708 546 1060 612 manufactis
1091 547 1333 615 habitat,
1357 549 1458 604 sed
1492 548 1775 621 templum
1802 552 1890 604 est

237 638 449 699 sancta
475 633 754 703 Ecclesia,
787 651 916 707 quae
949 635 1151 708 utique
1182 654 1297 694 non
1329 636 1606 702 humana,
1641 637 1742 693 sed
1775 653 1885 691 cce-

235 723 408 791 lestis
426 723 638 792 virtute
661 723 961 780 fundatur.

308 831 400 884 24.
435 829 581 884 Nam
619 828 668 884 si
718 829 1138 902 praestantioris
1167 829 1318 895 licet,
1351 831 1452 886 sed
1485 831 1754 886 humanae
1795 834 1888 885 ta-

237 935 376 975 men
407 917 645 975 virtutis
675 934 850 990 opera
880 918 1182 985 miremur,
1216 919 1434 976 multos
1477 917 1887 991 hujuscemodi

236 1006 588 1080 reperimus,
619 1023 770 1079 quos
799 1023 933 1062 cum
964 1006 1143 1064 David
1191 1011 1250 1064 et
1294 1007 1606 1064 Salomone
1651 1024 1886 1080 compa-

235 1112 368 1152 rare
401 1111 740 1168 possumus.
775 1096 842 1150 Et
872 1095 1000 1151 ideo
1048 1095 1145 1151 ubi
1201 1095 1392 1168 operis
1443 1096 1746 1168 aequalitas
1776 1099 1884 1162 est,

239 1201 360 1240 non
385 1188 481 1240 est
509 1183 846 1240 excellentia
876 1185 1321 1256 potestatis.Nec
1345 1184 1538 1257 plures
1571 1200 1886 1256 possumus

239 1272 434 1328 dicere
462 1271 568 1328 Dei
588 1271 762 1342 ﬁlios,
794 1287 928 1328 cum
961 1288 1145 1328 unum
1175 1273 1274 1329 Dei
1309 1272 1494 1328 ﬁlium
1534 1272 1883 1344 legerimus;

241 1361 346 1417 sed
379 1377 492 1416 non
523 1375 591 1416 ex
620 1360 919 1416 beneﬁci-is
948 1360 1072 1416 suis
1102 1377 1229 1433 quae
1257 1361 1314 1415 in
1347 1363 1616 1432 parentes
1658 1363 1887 1415 nostros

238 1448 510 1517 contulit,
545 1448 808 1506 facienda
838 1454 928 1505 est
953 1448 1171 1520 injuria
1203 1449 1296 1506 Dei
1330 1448 1491 1504 Filio.
1528 1448 1693 1503 Multi
1729 1447 1887 1503 enim

239 1537 504 1610 μνωοιωί
536 1537 640 1593 viri
676 1554 688 1591 :
721 1538 826 1594 sed
881 1554 980 1610 per
1028 1554 1211 1593 unum
1259 1538 1459 1594 Jesum
1514 1537 1666 1592 Nave
1707 1535 1885 1602 stetit,

239 1626 436 1698 inquit
474 1625 650 1696 (Joan.
703 1643 758 1692 κ,
815 1626 922 1697 13),
975 1625 1061 1682 sol
1112 1629 1312 1681 contra
1357 1625 1614 1682 Gabaon.
1666 1623 1886 1680 Videtis

237 1731 378 1772 eum
411 1713 563 1770 ultra
610 1713 788 1769 David
844 1714 996 1785 regis
1042 1714 1393 1786 processisse
1422 1715 1735 1781 virtutem;
1775 1718 1886 1767 ter-

239 1801 587 1870 renisenim
617 1801 820 1868 Dav-id,
855 1818 968 1858 non
990 1803 1283 1859 sideribus
1305 1803 1630 1874 imperavit.
1664 1800 1887 1856 Videtis
1919 1828 1966 1892 Β
1999 1804 2123 1876 guit
2153 1806 2472 1876 quaestione

237 1892 420 1948 etiam
469 1891 650 1948 solem
701 1891 1038 1948 ministrum
1085 1907 1235 1957 esse,
1270 1908 1384 1946 non
1432 1891 1758 1954 dominum,
1790 1891 1888 1960 qui

237 1981 419 2036 etiam
463 1980 586 2036 voci
633 1980 898 2035 servierit
944 1979 1236 2039 humanae.
1270 1979 1440 2035 Stetit
1486 1984 1703 2046 tamen,
1751 1977 1890 2050 quia

239 2072 301 2125 in
354 2069 496 2126 Jesu
545 2072 602 2124 et
651 2073 853 2141 typum
903 2068 1083 2124 futuri
1126 2069 1500 2140 agnoscebat,
1541 2072 1598 2123 et
1652 2083 1883 2123 nomen.

239 2157 442 2230 Neque
471 2156 627 2212 enim
655 2156 718 2224 in
747 2173 856 2213 sua
884 2156 1096 2212 virtute
1126 2157 1266 2213 Jesu
1316 2157 1487 2224 Nave,
1521 2155 1623 2211 sed
1669 2154 1888 2210 Christi

239 2244 522 2318 mysterio
578 2244 911 2300 emlestibus
955 2243 1281 2300 luminibus
1339 2243 1694 2316 imperabat;
1737 2241 1887 2297 desi-

238 2335 536 2408 gpabatur
579 2332 738 2390 enim
790 2333 890 2390 Dei
947 2332 1154 2389 Filium
1188 2333 1245 2388 in
1279 2332 1386 2388 boc
1433 2331 1712 2388 saeculum
1759 2345 1889 2386 esse

236 2427 577 2492 venturum,
612 2420 712 2495 qui
743 2423 1026 2478 mundani
1052 2421 1297 2477 luminis
1329 2419 1644 2477 occidentis
1674 2424 1732 2475 et
1763 2419 1888 2490 jam

240 2510 536 2584 vergentis
583 2510 643 2565 in
696 2510 987 2579 tenebras,
1013 2510 1230 2565 virtute
1270 2509 1466 2564 divina
1513 2507 1770 2563 diti'erret
1795 2522 1887 2563 oc-

237 2598 670 2667 casum,lucem
693 2598 1288 2665 redderet,inveheret
1317 2596 1659 2652 claritatem.
1697 2594 1889 2650 Enoch

237 2705 480 2761 quoque
509 2691 713 2760 raptus
741 2692 832 2743 est
859 2687 931 2742 ad
963 2687 1174 2752 cmlum
1209 2705 1222 2741 :
1256 2687 1372 2742 sed
1405 2691 1599 2741 tamen
1632 2683 1728 2740 ille
1759 2700 1891 2755 rap-

239 2783 345 2833 tus
374 2780 482 2842 est,
514 2776 609 2831 hic
638 2792 962 2848 regressus.
998 2776 1222 2847 Raptus
1270 2779 1360 2831 est
1409 2773 1525 2843 ille,
1561 2790 1632 2829 ne
1671 2771 1893 2828 malitia

244 2869 506 2922 mutaret
535 2881 634 2920 cor
661 2865 822 2936 ejus;
852 2863 946 2920 hic
975 2863 1164 2936 ipsam
1189 2863 1473 2918 malitiam
1496 2860 1692 2918 saeculi
1714 2861 1893 2932 hujus

239 2953 516 3011 abolevit.
551 2953 703 3008 Elias
733 2970 906 3008 curru
941 2957 1118 3025 atque
1145 2951 1312 3024 equis
1348 2951 1611 3008 ascendit
1657 2950 1729 3005 ad
1779 2965 1891 3005 cm-

237 3045 408 3110 lum;
439 3041 706 3109 Christus
737 3045 933 3098 autem
968 3039 1270 3097 descendit
1317 3055 1348 3095 e
1387 3039 1549 3106 caelo,
1583 3052 1688 3094 nec
1717 3053 1892 3093 curru

240 3137 306 3188 et
333 3131 527 3204 equis,
559 3134 623 3186 ut
652 3129 750 3186 ille
779 3129 1140 3197 conscendit,
1173 3129 1313 3200 quia
1353 3127 1450 3183 ille
1488 3127 1657 3184 aliter
1685 3127 1888 3198 nequi-

2001 549 2420 611 M—elchisedech
2454 549 2610 620 (Ibid.
2647 550 2697 618 4)
2731 565 2744 602 :
2779 571 2804 598 ››
2839 548 3088 604 maxime
3118 563 3251 602 cum
3284 546 3380 602 illo
3412 550 3634 619 tempo-

1997 653 2057 692 re
2106 653 2219 708 quo
2265 637 2535 696 Salomon
2583 638 2708 705 fuit,
2745 637 3070 693 secundum
3119 634 3383 697 ordinem
3422 639 3638 699 Aaron,

1998 741 2110 780 non
2145 725 2470 781 secundum
2501 725 2764 782 ordinem
2810 723 3257 792 Melchisedech,
3292 722 3508 780 fuerint
3547 740 3640 779 sa-

1997 814 2278 870 cerdotes.
2313 815 2518 872 Adhuc
2548 815 2704 871 enim
2746 813 3076 870 sacerdotes
3119 811 3466 885 sanguinem
3517 811 3642 868 hir-

1996 917 2197 956 corum
2231 906 2404 974 atque
2436 907 2737 962 taurorum
2769 919 2871 974 pro
2904 903 3154 974 peccatis
3187 902 3372 974 plebis
3404 907 3460 958 et
3483 919 3640 966 erro-

1999 990 2161 1047 ribus
2191 992 2510 1052 oli‘ercbant
2542 1008 2555 1047 :
2591 997 2793 1065 postea
2837 1007 2969 1048 vero
3017 1007 3195 1062 quam
3246 991 3512 1050 Christus
3543 993 3639 1048 ad-

1996 1079 2170 1147 venit,
2223 1080 2322 1150 qui
2373 1081 2758 1153 semetipsum
2811 1097 2911 1153 pre
2959 1078 3149 1136 salute
3180 1078 3393 1136 obtulit
3432 1080 3639 1141 mundi

1997 1167 2085 1236 (ut
2123 1185 2272 1239 quos
2330 1173 2632 1226 taurorum
2693 1169 2935 1242 sanguis
2979 1168 3168 1224 lavare
3217 1185 3331 1224 non
3392 1173 3638 1240 poterat,

1995 1255 2207 1312 Christi
2236 1258 2476 1330 sanguis
2505 1257 2808 1330 ablueret),
2841 1257 3186 1328 semetipsos
3217 1261 3515 1329 cmperunt
3551 1257 3636 1313 of-

2000 1343 2143 1400 ferre
2173 1361 2276 1417 pro
2307 1346 2510 1402 hostiis
2538 1347 2888 1403 sacerdotes.

2066 1452 2154 1505 26.
2193 1451 2390 1524 Itaque
2420 1469 2533 1508 una
2563 1453 2884 1525 quaestione
2923 1452 3206 1509 Dominus
3238 1455 3435 1508 noster
3463 1452 3636 1508 Jesus

1995 1537 2262 1595 Christus
2293 1542 2558 1596 omnium
2592 1541 2991 1598 haereticorum
3026 1559 3128 1596 ora
3172 1541 3372 1612 sepsit,
3405 1540 3637 1597 sacrile-

1997 1627 2093 1699 gia
2120 1628 2425 1685 conclusit.
2460 1629 2583 1684 Non
2615 1629 2806 1686 solum
2840 1631 2996 1686 enim
3026 1629 3278 1695 Judzeos,
3313 1629 3415 1686 sed
3461 1629 3637 1684 etiam

2000 1716 2458 1782 Photinianos,et
2483 1719 2746 1783 Arianos,
2780 1722 2836 1773 et
2875 1716 3235 1772 Sebellianos
3288 1717 3397 1772 hac
3443 1718 3638 1772 redar-

2533 1824 2544 1860 :
2601 1811 2657 1862 et
2704 1806 2832 1861 ideo
2875 1805 3042 1860 nobis
3073 1804 3377 1876 (quoniam
3406 1805 3642 1860 Judseos

1998 1893 2279 1949 defecisse
2301 1895 2426 1964 jam
2461 1894 2840 1960 cernimus,et
2867 1893 3024 1949 illam
3056 1891 3470 1948 exsecrabilem
3514 1908 3640 1964 per-

1998 1981 2198 2036 ﬁdiam
2231 1982 2628 2054 imminutam)
2653 1984 2778 2053 jam
2810 1983 2881 2037 de
2913 1982 3162 2050 Arianis,
3198 1981 3297 2053 qui
3331 1997 3445 2037 non
3490 1980 3672 2036 mul-'

1998 2074 2124 2125 tum
2159 2087 2193 2125 a
2218 2070 2440 2126 Judaeis
2469 2071 2766 2138 differunt,
2803 2071 3287 2141 Photinianisque
3336 2072 3393 2124 et
3442 2067 3640 2124 Sabel-

1999 2157 2170 2214 lianis
2193 2158 2392 2230 aliqua
2412 2159 2470 2214 in
2492 2159 2668 2215 istius
2690 2159 3028 2233 quaestionis
3087 2162 3336 2214 tractatu
3367 2157 3644 2230 perstrin-

1998 2249 2187 2318 genda
2221 2252 2378 2304 sunt.
2415 2249 2625 2304 Taceat
2667 2264 2804 2320 ergo
2852 2247 3154 2312 Photinus,
3205 2245 3305 2318 qui
3343 2245 3641 2302 Christum

1999 2335 2176 2390 David
2228 2335 2436 2402 ﬁlium,
2470 2353 2585 2392 non
2640 2336 2734 2391 Dei
2781 2336 2923 2392 dicit
2954 2353 2966 2390 :
3001 2340 3060 2391 et
3088 2339 3297 2401 taceat,
3327 2334 3641 2389 damnatus

1998 2439 2134 2478 voce
2164 2423 2402 2479 cmlesti.
2437 2425 2734 2488 Quomodo
2766 2425 2922 2479 enim
2953 2424 3092 2479 dicit
3121 2423 3415 2479 Christum
3452 2423 3639 2478 ﬁlium

2000 2511 2178 2566 David
2209 2528 2356 2580 esse,
2390 2529 2525 2568 cum
2558 2513 2686 2584 ipse
2717 2512 2892 2568 David
2928 2512 3139 2567 dixerit
3186 2512 3245 2565 in
3301 2511 3449 2566 libro
3485 2509 3644 2566 Psal-

2001 2616 2230 2655 morum
2265 2618 2277 2655 :
2313 2623 2339 2650 ‹‹
2377 2599 2525 2656 Dixit
2577 2601 2864 2656 Dominus
2912 2599 3156 2655 Domino
3214 2614 3343 2654 meo
3377 2616 3390 2654 :
3425 2599 3571 2654 Sede
3609 2615 3644 2654 a

2000 2688 2219 2744 dextris
2245 2689 2390 2744 meis
2423 2705 2436 2743 :
2470 2690 2653 2744 donec
2683 2705 2896 2760 ponam
2929 2687 3199 2742 inimicos
3245 2691 3377 2742 tuos
3417 2685 3642 2741 scabel-

2003 2775 2122 2830 lum
2156 2777 2802 2848 pedumtuorum(Psal.
2827 2792 2938 2843 c1x,
2968 2775 3063 2846 4)?
3098 2775 3191 2830 nSi
3224 2773 3645 2846 David,inquit,

2003 2863 2312 2919 Dominum
2344 2863 2512 2919 illum
2534 2864 3018 2936 vocat,quomodo
3049 2863 3176 2934 ejus
3208 2861 3364 2936 ﬁlius
3385 2866 3473 2917 est
3494 2861 3644 2933 (Luc.

2000 2969 2094 3019 xx,
2128 2951 2214 3017 42,
2250 2951 2382 3023 44)“?
2412 2975 2440 3001 »
2500 2952 2624 3007 Non
2682 2968 2817 3024 ergo
2876 2951 3052 3007 David
3106 2951 3282 3018 ﬁlius,
3315 2951 3416 3006 sed
3447 2949 3547 3006 Dei
3580 2951 3644 3005 ﬁ-

2003 3039 2116 3096 lius
2158 3040 2450 3097 Christus.
2491 3041 2704 3096 Taceat
2744 3040 2922 3097 etiam
2971 3038 3335 3096 Sabellianus
3369 3055 3382 3093 :
3416 3043 3473 3094 et
3510 3055 3644 3094 cum

2002 3128 2140 3201 legit
2166 3129 2480 3184 Dominum
2512 3129 2760 3184 Domino
2791 3127 3318 3200 dixisse,intelligat
3339 3143 3456 3183 non
3475 3143 3644 3183 eum-

241 3192 460 3287 visset;
515 3192 612 3274 hic
659 3222 855 3274 autem
909 3192 1143 3290 propria
1186 3192 1400 3272 virtute
1449 3216 1742 3272 remeavit.
1777 3192 1891 3270 Dli-
1921 3192 1964 3257 (ἶ
2001 3192 2134 3272 dein
2161 3221 2220 3273 et
2247 3217 2444 3289 ipsum
2484 3234 2632 3284 esse,
2664 3217 2764 3288 qui
2807 3217 2968 3284 dicit,
3001 3192 3058 3271 et
3105 3217 3197 3271 cui
3220 3192 3460 3272 vdicitur
3492 3232 3505 3271 :
3540 3231 3644 3273 nec

241 3324 402 3366 saeue
433 3306 495 3363 in
523 3307 775 3364 Jordane
815 3305 1108 3379 leprosum
1159 3305 1352 3361 lavare
1400 3305 1691 3376 praecepit,
1728 3307 1793 3359 ut
1819 3302 1891 3360 ab

245 3397 412 3455 omni
461 3395 806 3469 contagione
854 3394 1265 3462 mundaretur;
1297 3393 1392 3449 hic
1423 3393 1480 3448 in
1510 3392 1764 3448 Jordane
1807 3395 1892 3448 to-

237 3491 373 3543 tum
402 3483 575 3540 diluit
604 3483 914 3540 mundum.
946 3481 1174 3554 Moyses
1205 3481 1332 3553 ipse
1358 3480 1452 3536 cui
1499 3477 1703 3534 crediti
1753 3480 1896 3534 sunt

241 3572 450 3648 populi
499 3572 859 3638 Judmorum,
892 3587 1108 3643 aquam
1153 3569 1382 3634 divisit;
1418 3572 1474 3623 et
1514 3565 1611 3622 ille
1657 3565 1892 3638 quidem

237 3661 445 3718 divisit
472 3659 779 3725 elementa,
812 3660 956 3732 quia
1002 3676 1117 3715 non
1167 3656 1368 3713 divisit
1411 3655 1734 3729 potentiam
1763 3654 1894 3710 Tri-

236 3749 774 3822 nitatis,separavit
808 3746 992 3804 moles
1021 3745 1488 3819 aquarum,quia
1519 3744 1746 3800 Patrem
1779 3759 1893 3799 non

231 3836 540 3912 separavit
571 3854 613 3894 a-
636 3836 802 3892 Filio.

309 3946 404 4000 25.
436 3943 659 3999 Videtis
707 3941 915 4015 quanti
940 3941 1070 4007 viri,
1111 3943 1168 3996 et
1210 3940 1474 4013 qualium
1524 3939 1895 4005 documenta,

236 4048 487 4106 operum
522 4029 981 4103 dereliquerunt.
1006 4029 1512 4095 Quemadmodum
1535 4027 1714 4100 igitur
1748 4025 1894 4082 115

238 4137 395 4194 quos
427 4136 594 4192 pares
625 4118 802 4175 David
840 4118 963 4192 regi
995 4116 1083 4173 vel
1113 4115 1412 4172 Salomoni
1452 4115 1661 4171 virtute
1687 4131 1896 4187 cogno-

243 4209 436 4275 scitis,
467 4207 800 4264 conditione
827 4205 1085 4278 impares
1100 4205 1401 4276 judicatis,
1435 4210 1499 4260 ut
1528 4205 1898 4260 Salomonem

247 4297 431 4354 David
477 4296 660 4352 ﬁlium
694 4297 910 4369 putetis
942 4295 1013 4350 ad
1042 4294 1142 4350 Dei
1165 4294 1367 4349 sedere
1389 4293 1681 4349 dexteram
1701 4292 1729 4347 ‘I
1760 4292 1902 4347 Prae-

247 4386 459 4444 sertim
485 4402 618 4441 cum
669 4385 792 4458 ipsc
841 4383 1021 4440 David
1052 4383 1350 4438 evidenter
1399 4382 1469 4436 de
1519 4398 1632 4453 quo
1676 4381 1899 4436 dictum

246 4479 429 4540 esset,
463 4474 815 4546 expresserit
849 4489 861 4528 :
900 4487 1087 4543 neque
1118 4470 1272 4526 enim
1325 4470 1395 4526 de
1448 4469 1567 4525 ﬁlio
1609 4485 1714 4524 suo
1746 4469 1900 4525 dice-

1999 3306 2154 3361 enim
2189 3304 2300 3360 sibi
2343 3305 2556 3360 Pater:
2591 3327 2620 3356 α
2653 3306 2800 3362 Sede
2845 3322 2880 3360 a
2929 3303 3148 3360 dextris
3196 3304 3342 3360 meis
3395 3320 3408 3358 :
3462 3325 3490 3353 »
3538 3319 3643 3360 nec

1999 3392 2112 3447 sibi
2142 3392 2290 3448 dixit
2319 3409 2332 3447 :
2368 3415 2394 3443 α
2433 3393 2645 3448 Ponam
2679 3394 2949 3449 inimicos
2979 3396 3137 3449 tuos.
3169 3413 3196 3442 »
3233 3392 3298 3447 Et
3327 3391 3644 3466 aliquando

1999 3478 2328 3552 intelligant
2356 3497 2561 3535 omnes
2609 3497 2743 3536 eum
2796 3481 3003 3537 Filium
3053 3497 3201 3548 esse,
3235 3480 3336 3552 qui
3368 3497 3402 3536 a
3430 3480 3650 3536 dextris

2002 3568 2182 3623 sedet.
2216 3568 2284 3622 Et
2314 3567 2465 3622 hanc
2496 3568 2930 3624 distinctionem
2960 3569 3113 3624 inter
3143 3570 3369 3624 Patrem
3411 3568 3651 3627 Filium-

2002 3671 2116 3727 que
2163 3654 2517 3720 custodiant,
2566 3659 2631 3710 ut
2679 3656 2756 3710 sit
2812 3655 3108 3712 distinctio
3159 3655 3346 3712 Patris
3396 3660 3452 3711 et
3501 3656 3656 3726 Filii,

2003 3743 2158 3814 quod
2207 3743 2360 3798 alius
2411 3744 2598 3811 Patcr,
2632 3743 2783 3799 alius
2832 3743 3032 3810 Filius,
3067 3745 3206 3815 quia
3256 3761 3376 3799 una
3405 3744 3464 3799 in
3497 3745 3653 3812 sede,

2004 3848 2123 3887 una
2151 3832 2456 3902 majestate
2486 3831 2872 3902 potiuntur,et
2901 3831 3126 3897 sedent,
3161 3848 3275 3886 non
3308 3847 3410 3902 pro
3442 3831 3658 3887 discer-

2006 3919 2202 3976 niculo
2251 3919 2580 3992 dignitatis,
2612 3936 2715 3975 nec
2767 3937 2868 3991 pro
2928 3918 3130 3975 ordine
3189 3917 3514 3991 potestatis,
3549 3919 3654 3975 sed

2007 4025 2110 4081 pro
2141 4008 2350 4080 copula
2379 4009 2681 4064 charitatis
2715 4025 2727 4063 :
2763 4024 2940 4064 unam
2972 4007 3160 4062 Patris
3203 4011 3259 4063 et
3304 4005 3430 4062 Filii
3479 4004 3654 4061 intel-

2008 4096 2192 4169 ligant
2252 4100 2620 4168 potestatem,
2671 4096 2728 4150 in
2785 4113 2902 4168 quo
2953 4100 3010 4151 et
3054 4095 3228 4151 Arius
3284 4094 3653 4160 conticescet,

2009 4185 2111 4256 qui
2141 4185 2434 4240 contraria
2464 4184 2713 4241 Sabellio
2772 4184 2986 4242 erroris
3035 4188 3204 4255 urget
3251 4181 3516 4255 vestigia.
3549 4183 3658 4237 Au-

2009 4273 2132 4329 diat
2161 4273 2476 4329 Dominum
2509 4273 2754 4328 Domino
2782 4274 2993 4340 dicere,
3027 4271 3227 4327 audiat
3257 4273 3328 4328 ad
3361 4272 3657 4327 dexteram

2012 4361 2196 4418 Patris
2227 4361 2437 4418 Filium
2471 4362 2670 4419 sedere
2702 4381 2714 4418 :
2749 4367 2806 4418 et
2835 4361 3065 4417 desinat
3097 4363 3248 4417 716
3279 4362 3351 4417 de
3391 4374 3658 4417 sermone

2010 4454 2182 4521 atque
2203 4451 2406 4506 ordine
2425 4450 2730 4505 hominum
2746 4449 3033 4505 divinitati
3051 4450 3234 4505 facere
3251 4449 3632 4520 quaestionem
3645 4489 3657 4502 .

246 4569 339 4620 ret
372 4581 385 4619 :
417 4537 443 4612 ἰ
483 4537 637 4618 Dixit
668 4561 951 4617 Dominus
987 4537 1230 4616 Domino
1264 4573 1390 4614 meo
1427 4575 1439 4613 :
1473 4558 1618 4613 Sede
1651 4558 1720 4613 ad
1767 4558 1895 4613 dex-

2017 4539 2129 4594 Nec
2161 4543 2603 4610 argumentetur
2635 4538 2745 4604 hic,
2793 4539 2932 4609 quia
2979 4538 3146 4592 Pater
3193 4537 3356 4606 dicit,
3385 4537 3542 4599 sede;
3575 4537 3659 4592 le-

245 4658 438 4710 teram
474 4667 663 4708 meam
697 4651 866 4722 (Psal.
901 4666 1014 4716 cxx,
1053 4649 1126 4720 Ι.)
1148 4669 1173 4701 ιι
1203 4648 1502 4714 Quomodo
1534 4647 1690 4703 enim
1722 4646 1909 4702 ﬁlium

249 4739 766 4797 suum‘Dominum
794 4737 1166 4796 nominaret?
1199 4737 1309 4792 Lex
1333 4736 1912 4809 prohibet,repugnat

251 4828 483 4900 religio,
513 4827 788 4884 abhorret
825 4827 991 4894 fides,
1024 4831 1086 4881 ut
1117 4827 1188 4882 ad
1221 4826 1520 4881 dexteram
1571 4825 1673 4880 Dei
1722 4825 1909 4881 omni-

252 4917 514 4993 potentis
571 4916 878 4974 mortalem
926 4915 1222 4974 hominem
1273 4914 1448 4970 loces.
1484 4913 1650 4970 Alius
1679 4921 1767 4970 est
1814 4913 1911 4969 ille

253 5006 361 5080 qui
410 5005 574 5062 sedet
625 5006 697 5061 ad
746 5006 1065 5072 dexteram,
1097 5003 1197 5076 qui
1229 5020 1442 5075 corpus
1483 5003 1762 5075 suscepit,
1796 5019 1910 5058 non

255 5095 362 5168 qui
411 5094 583 5167 ccepit
629 5112 663 5150 a
709 5109 986 5168 corpore;
1019 5093 1119 5166 qui
1149 5097 1282 5148 ante
1327 5091 1634 5160 luciferum
1683 5093 1914 5162 genitus

254 5188 373 5251 est,
425 5182 482 5239 id
539 5185 646 5252 est,
705 5187 837 5240 ante
892 5181 1155 5239 omnium
1211 5179 1504 5236 luminum
1564 5180 1910 5249 claritatem,

254 5271 544 5346 quoniam
574 5273 699 5345 ipse
727 5272 944 5332 creavit
981 5270 1272 5328 variorum
1324 5268 1618 5324 luminum
1658 5268 1916 5341 dignita-

255 5367 370 5430 tes,
404 5377 542 5417 nam
570 5361 848 5418 Salomon
900 5360 1101 5432 utique
1151 5363 1284 5432 post
1333 5357 1642 5414 luciferum
1686 5362 1792 5415 est.
1819 5359 1913 5414 Sa-

253 5450 461 5508 lomon
512 5450 786 5506 sacerdos
836 5466 951 5506 non
1007 5447 1151 5516 fuit;
1192 5451 1249 5502 et
1295 5445 1425 5502 ideo
1481 5444 1594 5501 dici
1624 5447 1674 5502 ei
1723 5463 1756 5500 a
1803 5446 1911 5503 Do-

260 5539 426 5597 mino
474 5539 872 5612 omnipotente
920 5553 1037 5594 non
1089 5536 1278 5610 potuit
1318 5552 1331 5590 :
1379 5557 1407 5586 ‹‹
1440 5535 1518 5592 Ex
1569 5538 1732 5593 utero
1781 5539 1914 5594 ante

255 5627 574 5688 luciferum
607 5626 782 5702 genui
813 5631 868 5687 te
899 5625 1057 5706 (Ibid.
1089 5625 1142 5702 3)
1169 5642 1183 5696 ;
1219 5647 1248 5676 »
1279 5622 1391 5681 dici
1443 5625 1493 5684 ei
1546 5641 1661 5690 non
1694 5626 1910 5700 potuit;

596 5755 857 5821 Panos.
908 5753 1070 5827 Χιν.

2017 4627 2213 4700 gimus
2238 4627 2394 4682 enim
2426 4631 2484 4682 et
2512 4627 2670 4693 alibi,
2691 4627 2865 4683 etiam
2898 4626 3024 4682 sine
3055 4626 3240 4682 Patris
3271 4627 3428 4683 dicto
3459 4627 3661 4682 sedere

2019 4715 2253 4782 Filium,
2300 4715 2455 4772 sicut
2503 4717 2784 4787 scriptum
2817 4722 2906 4772 est
2938 4734 2950 4770 :
2991 4740 3011 4766 ι
3046 4716 3115 4771 Et
3144 4717 3306 4774 sedet
3345 4715 3416 4770 ad
3465 4715 3660 4770 dexte-

2019 4821 2144 4860 ram
2193 4804 2292 4860 Dei
2341 4805 2526 4875 (Marc.
2571 4823 2686 4872 xvx,
2726 4806 2830 4877 l9).
2865 4806 2929 4861 Et
2977 4805 3113 4860 alibi
3166 4821 3178 4859 :
3232 4826 3259 4851 ‹‹
3309 4802 3529 4860 Amodo
3581 4799 3654 4853 vi-

2021 4893 2232 4949 debitis
2264 4893 2473 4948 Filium
2506 4894 2760 4950 hominis
2791 4895 3090 4951 sedentem
3122 4893 3191 4947 ad
3225 4893 3518 4959 dexteram
3560 4887 3662 4943 Dei

2019 4981 2231 5051 (Matth.
2273 4999 2422 5050 xxvr,
2454 4983 2573 5054 64).
2615 5007 2640 5034 ι(
2680 4983 2805 5055 Ipse
2835 4987 2924 5039 est
2953 4981 3109 5037 enim
3136 4980 3227 5036 cui
3259 4978 3492 5047 dicitur,
3517 4977 3663 5045 sede,

2021 5070 2122 5142 qui
2155 5069 2336 5126 Filius
2362 5070 2620 5127 hominis
2650 5072 2986 5128 nominatur
3019 5086 3031 5122 :
3069 5067 3234 5124 audit
3262 5065 3432 5136 quasi
3463 5065 3662 5134 homo,

2021 5159 2185 5215 sedet
2215 5160 2382 5231 quasi
2415 5160 2514 5215 Dei
2548 5161 2751 5216 Filius.
2792 5159 2939 5225 Quid
2989 5158 3098 5212 hac
3148 5159 3336 5229 potest
3379 5155 3492 5211 dici
3525 5172 3666 5226 pra-

2021 5246 2326 5303 cellentius
2373 5253 2675 5320 potestate,
2726 5265 2851 5320 qua:
2901 5248 3073 5302 etiam
3126 5261 3360 5301 carnem
3410 5243 3665 5300 hominis

2022 5335 2092 5390 ad
2145 5337 2438 5393 dexteram
2489 5337 2588 5392 Dei
2634 5335 2936 5392 collocavit
2994 5351 3006 5390 :
3059 5338 3115 5390 et
3161 5334 3464 5390 inﬁrmum
3519 5332 3664 5388 illud

2021 5425 2374 5482 conditionis
2430 5424 2720 5491 humanae,
2785 5430 3096 5498 postquam
3159 5429 3354 5479 tamen
3410 5422 3666 5478 Verbum

2021 5533 2154 5574 caro
2191 5517 2410 5572 factum
2440 5518 2548 5582 est,
2582 5513 2870 5570 divinitati
2901 5513 3192 5587 copulavit
3221 5511 3490 5568 aeternae?

2092 5627 2182 5686 27.
2234 5624 2342 5681 Sed
2403 5622 2542 5695 quid
2593 5622 2700 5681 hoc
2749 5623 2880 5683 est?
2939 5623 3327 5696 Posteaquam
3385 5619 3672 5679 Photinus

3274 5747 3354 5817 30
