4116 6188
484 290 607 354 939

1944 284 2009 347 s.
2055 284 2434 377 aMBuosu

3764 283 3883 350 940

487 416 800 484 obmutuit,
832 415 1004 472 Arius
1029 415 1329 483 conticuit,
1362 415 1651 473 Sabellius
1696 433 1895 473 vocem
1945 418 2130 489 pcrdi~
2160 424 2215 490 Α
2245 420 2378 474 dem
2424 416 2687 490 aliquam
2736 418 2992 492 regalem
3046 418 3156 475 hoc
3203 417 3408 475 habuit
3451 417 3511 498 in
3564 417 3793 487 saeculo,
3822 424 3885 475 ut

486 506 602 575 dit;
636 504 827 562 adhuc
869 506 1066 560 tamen
1098 504 1366 561 hmresim
1414 504 1644 561 diversa
1692 510 1893 562 contra
1941 506 2133 561 Eccle-

486 596 636 652 siam
668 593 1018 651 excitantem
1067 611 1168 650 ora
1214 594 1528 666 conspicio.
1571 594 1718 650 Nam
1767 611 1898 650 ecce
1950 595 2133 650 Mani-

488 685 684 741 chzeus
713 686 771 740 et
796 682 1264 748 Valentinianus,
1298 688 1356 739 et
1402 683 1596 739 omnis
1644 682 1919 739 derivatio
1952 684 2136 738 Mani-

490 774 783 832 cheorum
831 772 892 828 in
950 788 1017 827 eo
1064 771 1178 827 telo
1238 770 1444 826 nititur
1501 772 1637 843 (10),
1696 788 1811 842 quo
1868 771 1966 826 alii
1999 777 2138 827 sunt

492 861 810 937 perempti;
846 865 903 917 et
931 860 1065 916 fidei
1114 859 1540 932 praeiudicium,
1564 861 1699 915 fidei
1728 860 2138 916 testificatione

491 950 749 1007 molitur.
780 948 876 1004 Ait
903 948 1060 1004 enim
1091 949 1434 1004 detestanda
1463 949 1703 1005 haeresis
1735 965 1747 1003 :
1784 950 1927 1004 Ecce
1958 965 2133 1020 nega-

493 1038 575 1095 vit
602 1037 868 1096 Christus
899 1037 1086 1093 filium
1117 1054 1178 1092 se
1204 1053 1332 1093 esse
1361 1037 1538 1092 David
1569 1039 1719 1107 (Luc.
1751 1055 1843 1101 xx,
1877 1038 1964 1102 41,
2006 1036 2094 1107 42)
2123 1054 2135 1102 ;

494 1130 553 1184 et
579 1126 731 1193 ideo,
762 1125 975 1197 inquit,
1025 1126 1380 1182 credendum
1440 1132 1526 1181 est
1575 1127 1730 1197 quod
1780 1141 1897 1180 non
1949 1141 2139 1180 susce-

496 1214 647 1288 perit
675 1213 1171 1279 carnem.Quibus
1200 1214 1569 1286 apertissime
1601 1215 1661 1268 in
1693 1214 1819 1285 ipso
1851 1213 2139 1285 principio

496 1301 792 1374 Evangelii
823 1301 1122 1374 Scriptura
1153 1304 1485 1373 respondet,
1517 1319 1652 1357 cum
1682 1302 1826 1357 dicit
1859 1319 1871 1355 :
1908 1325 1935 1351 ‹‹
1972 1302 2142 1356 Liber

497 1391 883 1464 generationis
915 1395 1055 1447 Jesu
1086 1392 1301 1447 Christi
1332 1390 1437 1444 lilii
1473 1390 1645 1445 David
1679 1391 1885 1459 (Matth.
1920 1407 1958 1452 ι.
1994 1390 2067 1458 1).
2110 1411 2138 1439 ››

498 1480 614 1536 Cur
660 1479 842 1551 igitur
888 1485 990 1533 aut
1029 1478 1166 1534 alibi
1200 1478 1378 1533 David
1421 1478 1575 1534 ﬁlius
1606 1479 1840 1547 dicitur,
1875 1484 1975 1533 aut
2006 1478 2141 1533 alibi

498 1569 676 1625 David
709 1568 868 1623 filius
897 1569 1250 1640 denegatur;
1284 1567 1397 1622 nisi
1426 1572 1488 1622 ut
1518 1567 1808 1639 intelligas
1837 1567 1994 1622 aliud
2018 1582 2144 1622 esse

497 1658 820 1716 secundum
838 1657 1243 1717 substantiam
1276 1655 1531 1710 divinam
1571 1671 1700 1711 esse
1744 1655 1951 1719 filium,
1985 1655 2142 1709 aliud

501 1747 824 1807 secundum
858 1746 1053 1802 carnis
1102 1745 1577 1816 susceptionem?
1625 1745 1768 1799 Nam
1819 1745 2142 1800 secundum

501 1834 893 1895 substantiam
943 1832 1223 1901 divinam,
1261 1832 1361 1888 Dei
1414 1832 1596 1887 Filius
1644 1837 1766 1897 est;
1819 1833 2145 1888 secundum

503 1941 739 1983 carnem
780 1924 938 1980 ﬁlius
985 1924 1187 1979 David.
1222 1925 1420 1994 Itaque
1469 1923 1568 1977 ubi
1615 1922 1907 1993 generatio
1939 1938 2143 1978 secun-

504 2014 647 2069 dum
696 2030 933 2069 carnem
981 2012 1333 2067 describitur
1381 2010 1716 2075 Salvatoris,
1761 2010 1938 2065 David
1990 2009 2146 2064 filius

504 2102 874 2169 nominatur;
908 2101 1008 2156 ubi
1036 2117 1168 2155 vero
1198 2098 1500 2171 plenitudo
1547 2098 1931 2154 confessionis
1969 2098 2146 2169 exigi-

505 2195 622 2259 tur,
654 2207 789 2246 cum
821 2189 1164 2261 designatur
1191 2187 1484 2259 generatio
1516 2187 1850 2253 Salvatoris,
1883 2204 1998 2241 non
2025 2186 2150 2240 vult

507 2295 571 2336 se
596 2278 773 2335 David
806 2276 1123 2344 filium,sed
1154 2277 1252 2331 Dei
1283 2277 1610 2343 nominari;
1644 2275 1969 2347 designatio
1990 2275 2148 2330 enim

508 2367 837 2439 maiestatis
879 2367 1008 2437 ejus
1067 2368 1337 2421 naturam
1394 2365 1809 2436 interpretatur
1860 2364 1994 2435 (11).
2040 2364 2147 2418 Sed

474 2457 629 2529 «jam
661 2454 990 2528 redargutis
1012 2470 1296 2510 saevorum
1328 2452 1922 2524 interpretationibus,
1947 2452 2017 2508 ad
2051 2451 2149 2508 Ec-

507 2544 746 2601 elesiam
776 2559 969 2600 sermo
999 2543 1311 2598 vertendus
1340 2547 1446 2598 est.

1165 2693 1395 2748 CAPUT
1432 2693 1500 2748 V.

567 2802 868 2872 Conﬁrmat
890 2802 1133 2857 rationes
1162 2800 1419 2872 adversus
1441 2799 1656 2872 Iudaeos
1684 2807 1844 2870 atque
1871 2801 2100 2871 gentiles

619 2871 898 2940 adductas,
925 2875 975 2927 et
1002 2887 1309 2927 sermonem
1336 2871 1405 2926 ad
1435 2871 1736 2926 Ecclesium
1765 2873 2043 2926 convertit.

583 2992 675 3046 28.
714 2989 931 3045 Verum
988 2987 1144 3058 quod
1191 3003 1341 3057 saepe
1391 2984 1632 3040 titulum
1681 2985 2154 3057 quinquagesimi

514 3077 728 3153 psalmi
754 3077 1092 3150 repetimus,
1121 3090 1235 3129 non
1267 3073 1759 3145 praesumptionis,
1784 3074 1883 3129 sed
1917 3074 2157 3129 inﬁrmi-

2176 1789 2224 1853 B

2246 512 2418 579 putes
2458 507 2635 562 aliam
2686 508 2881 563 sedem
2933 508 3109 564 David
3163 507 3414 564 similem
3463 524 3595 564 esse
3645 508 3885 579 promis-

2246 612 2374 650 sam
2424 596 2574 666 (1'2);
2626 596 2880 651 maxime
2927 613 3062 653 cum
3115 597 3240 669 ipse
3282 595 3489 653 dixerit
3543 596 3827 653 Dominus
3871 615 3884 652 :

2247 684 2577 756 «Regnum
2629 702 2826 741 meum
2876 702 2990 741 non
3039 685 3237 741 estde
3284 685 3389 741 hoc
3433 685 3661 740 mundo
3709 685 3879 755 (Joan.

2247 789 2407 834 xvui,
2433 773 2544 843 36).
2579 795 2608 823 ››

2318 863 2408 914 29.
2441 860 2712 917 Conclusi
2760 861 2959 934 itaque
3004 863 3284 935 undique.
3345 880 3406 919 es
3460 862 3727 935 perﬁdiae
3781 879 3891 919 sua

2247 953 2609 1005 tentamenta
2637 949 2922 1015 derivant,
2957 957 3024 1006 ut
3052 950 3392 1007 incredibile
3438 967 3573 1007 esse
3615 957 3889 1017 asserunt,

2249 1040 2405 1108 quod
2438 1043 2589 1093 Deus
2618 1040 2942 1111 susceperit
2972 1056 3239 1106 carnem;
3272 1055 3389 1111 qua
3434 1039 3672 1095 ratione
3709 1045 3889 1095 autem

2250 1144 2364 1181 non
2423 1127 2677 1199 potuerit
2727 1128 3044 1200 suscipere,
3104 1127 3393 1200 explicare
3438 1132 3570 1183 non
3636 1133 3890 1199 possunt.

2250 1218 2452 1282 Quaero
2511 1215 2669 1270 enim
2718 1221 2919 1271 utrum
2969 1216 3498 1288 impossibilitatis,
3546 1234 3622 1271 an
3680 1217 3893 1289 injuria

2249 1320 2428 1359 causa
2457 1304 2793 1359 existiment
2821 1321 3054 1360 carnem
3078 1323 3111 1360 a
3140 1304 3253 1360 Deo
3285 1305 3509 1377 suscipi
3542 1305 3893 1376 nequivisse?

2250 1392 2309 1446 Si
2343 1392 2854 1464 impossibilitatis,
2885 1392 3108 1465 aliquid
3139 1408 3274 1464 ergo
3308 1392 3684 1464 impossibile
3735 1397 3841 1447 Deo
3866 1411 3889 1447 -:

2252 1480 2397 1534 nihil
2450 1482 2606 1535 enim
2652 1485 2740 1536 est
2796 1482 2951 1552 quod
3025 1481 3211 1536 facere
3276 1479 3547 1548 voluerit,
3607 1486 3668 1536 et
3724 1482 3895 1537 facere

2253 1569 2600 1640 nequiverit.
2643 1570 2922 1641 Superest
2949 1586 3084 1642 ergo
3118 1574 3180 1624 ut
3210 1573 3310 1624 aut
3338 1567 3625 1637 voluisse,
3659 1575 3762 1625 aut
3805 1586 3895 1625 no-

2252 1656 2436 1713 luisse
2466 1658 2758 1713 doceatur.
2794 1657 2957 1720 Quod
2989 1666 3181 1714 autem
3230 1659 3423 1729 majus
3470 1658 3762 1714 indicium
3809 1674 3895 1714 vo-

2258 1746 2524 1812 luntatis,
2556 1763 2733 1817 quam
2765 1746 2921 1817 quod
2978 1746 3102 1818 ipse
3150 1746 3333 1801 dixit:
3365 1769 3392 1796 «
3430 1746 3638 1802 Palam
3668 1747 3899 1820 apparui

2256 1851 2372 1889 non
2405 1835 2798 1906 quaerentibus
2847 1850 3036 1891 me...
3077 1835 3337 1907 Expandi
3392 1851 3615 1890 manus
3646 1852 3807 1891 meas
3835 1837 3899 1891 ad

2256 1922 2538 1994 populum
2584 1940 2697 1977 non
2744 1924 3095 1990 credentem,
3136 1927 3194 1979 et
3236 1922 3744 1979 contradicentem
3773 1926 3894 1996 (ιω.

2257 2028 2380 2076 va,
2423 2011 2468 2082 Ι,
2500 2010 2598 2082 2)?
2634 2034 2659 2059 ››
2693 2011 2753 2066 Si
2778 2028 2913 2083 ergo
2944 2010 3126 2067 voluit
3171 2016 3230 2067 et
3274 2012 3492 2083 potuit,
3524 2030 3600 2067 an
3635 2017 3902 2085 putamus

2255 2117 2390 2155 eum
2434 2116 2614 2155 causa
2661 2099 2885 2169 iniuriae
2934 2098 3239 2156 noluisse?
3284 2100 3352 2155 Et
3393 2117 3579 2172 quam
3638 2101 3903 2157 divinitas

2257 2189 2349 2244 sui
2381 2188 2558 2245 sentit
2586 2188 2902 2259 injuriam?
2930 2189 3147 2259 Expers
3176 2189 3334 2245 enim
3376 2195 3470 2244 est
3517 2189 3902 2259 contumelia,

2257 2294 2447 2349 neque
2505 2277 2770 2347 subjecta
2826 2277 3043 2333 nostris
3098 2283 3187 2333 est
3243 2276 3668 2350 passionibus;
3730 2296 3905 2352 neque

2258 2365 2413 2421 enim
2454 2382 2587 2420 caro
2634 2364 2723 2420 vel
2767 2366 3189 2421 detrimentum
3245 2365 3788 2423 divinitatiafl'erre
3814 2385 3904 2441 po-

2234 2455 2392 2521 stuit,
2414 2453 2501 2509 vcl
2533 2458 2935 2526 augmentum.

2329 2544 2418 2598 30.
2453 2543 2559 2608 Qui
2608 2546 2801 2598 tamen
2861 2544 2971 2598 hoc
3017 2542 3325 2615 objiciunt,
3374 2543 3536 2615 quod
3588 2545 3695 2600 Dei
3735 2545 3908 2601 Filius

2260 2647 2494 2687 carnem
2524 2632 2822 2702 suscipere
2869 2648 2985 2686 non
3032 2630 3330 2702 potuerit?
3367 2630 3427 2686 Si
3480 2631 3763 2703 gentiles,
3811 2633 3910 2706 qui

2262 2720 2400 2776 deos
2449 2736 2588 2776 suos
2630 2719 2932 2791 (quoniam
2974 2718 3244 2776 homines
3296 2719 3481 2775 fuisse
3532 2737 3756 2794 negare
3801 2738 3913 2778 non

2263 2809 2530 2881 possunt)
2564 2808 2824 2863 humana
2860 2807 3053 2880 specie
3085 2809 3202 2880 (13)
3232 2808 3390 2864 visos
3415 2824 3547 2865 esse
3578 2811 3914 2867 testantur?

2263 2901 2348 2953 An
2381 2915 2479 2952 rex
2508 2913 2732 2964 eorum,
2765 2913 2940 2968 quem
2990 2895 3071 2951 illi
3122 2897 3246 2952 suis
3295 2896 3409 2954 diis
3437 2898 3729 2955 omnibus
3758 2904 3914 2956 ante-

2265 2991 2509 3057 ponunt,
2540 2984 2892 3057 prodigiales
2922 2986 3141 3041 formas
3188 2985 3377 3057 potuit
3422 3002 3528 3058 pro
3578 3003 3787 3045 amore
3816 3005 3915 3045 su-

2264 3076 2484 3147 scipere
2519 3092 2531 3129 :
2566 3074 2832 3129 Christus
2861 3089 3097 3129 carnem
3127 3073 3384 3130 hominis
3428 3090 3610 3146 quem
3659 3077 3737 3131 ad
3785 3076 3918 3133 ima-

512 3168 652 3224 tutis
683 3171 772 3223 est
798 3164 1157 3237 exemplum.
1197 3162 1321 3218 Uno
1370 3162 1524 3217 enim
1577 3162 1670 3216 die
1717 3161 1801 3216 vel
1855 3162 2157 3235 angustias
2187 3152 2229 3217 C
2266 3163 2461 3236 ginem
2492 3162 2584 3217 sui
2614 3161 2767 3230 fecit,
2796 3166 2969 3234 atque
2998 3161 3140 3217 illud
3170 3162 3736 3234 prastantissimum
3774 3183 3916 3238 opus

513 3257 753 3329 ingenii,
784 3254 875 3312 vel
919 3268 1022 3327 per
1068 3250 1441 3323 fragilitatem
1490 3252 1645 3306 vocis
1683 3267 1914 3306 omnem
1946 3250 2154 3307 seriem

514 3360 631 3400 non
673 3357 917 3416 possum
964 3340 1194 3412 explere
1238 3344 1539 3395 tractatus.
1590 3340 1656 3394 Et
1702 3340 1828 3395 ideo
1876 3341 2153 3410 quoniam

514 3430 916 3505 superioridie
955 3430 1236 3485 adversus
1264 3428 1497 3484 Judzeos
1529 3433 1726 3483 noster
1754 3444 1945 3483 sermo
1977 3428 2156 3484 direc-

510 3527 607 3578 tus
629 3524 891 3593 est,quos
916 3518 1153 3592 quidem
1171 3534 1237 3573 eo
1263 3533 1448 3587 usque
1469 3517 1821 3572 documenta
1854 3517 1987 3572 fidei
2019 3518 2151 3573 sub-

508 3614 771 3684 egerunt,
801 3612 866 3664 ut
892 3608 1159 3664 Christus
1190 3606 1249 3661 in
1281 3604 1495 3660 cmlesti
1527 3605 1671 3660 solio
1702 3605 2084 3661 collocaretur
2132 3624 2144 3662 :

506 3701 662 3774 quod
706 3699 910 3772 utique
956 3697 1017 3752 in
1071 3694 1366 3750 hominem
1417 3710 1533 3748 non
1583 3699 1773 3765 potest
1819 3694 2142 3752 convenire.

502 3790 698 3862 Neque
742 3789 899 3845 enim
949 3786 1131 3842 alium
1185 3784 1297 3840 nisi
1350 3785 1449 3838 Dei
1498 3781 1707 3837 Filium
1753 3785 1821 3838 ad
1851 3784 2144 3839 dexteram

501 3880 601 3935 Dei
648 3878 850 3934 sedere
904 3873 1181 3931 credibile
1210 3877 1316 3928 est.
1352 3872 1477 3925 Non
1522 3870 1673 3925 alius
1723 3871 1924 3941 utique
1976 3872 2144 3927 nobis

500 3968 700 4023 sedere
729 3966 799 4021 ad
831 3965 1126 4020 dexteram
1176 3961 1363 4016 Patris
1394 3959 1507 4015 nisi
1539 3959 1639 4014 Dei
1670 3958 1867 4026 Filius,
1900 3960 2143 4016 remotis

500 4054 775 4112 omnibus
805 4051 1118 4123 ambiguis,
1152 4048 1533 4104 aastimandus
1584 4051 1690 4113 est,
1722 4046 1946 4102 Rursus
1993 4063 2141 4118 quo-

434 4186 443 4191 λ
499 4145 659 4201 niam
690 4143 992 4214 Scriptura
1022 4139 1196 4194 habet
1229 4154 1242 4193 :
1272 4160 1299 4187 ‹‹
1333 4138 1411 4191 Ex
1444 4137 1632 4191 fructu
1666 4134 1882 4190 ventris
1935 4137 2018 4189 tui
2047 4151 2143 4206 po-

497 4252 635 4292 nam
677 4249 856 4305 super
901 4230 1099 4286 sedem
1147 4230 1309 4282 tuam
1342 4225 1512 4296 (Psat.
1545 4240 1729 4289 cxxxr,
1765 4222 1887 4293 11);
1924 4245 1951 4272 ››
1984 4224 2138 4280 idem

498 4325 703 4395 utique
728 4320 826 4376 Dei
856 4318 1036 4374 Filius
1070 4331 1304 4372 carnem
1337 4331 1405 4369 ex
1435 4313 1617 4368 Maria
1646 4312 1975 4384 suscepisse
2023 4330 2141 4369 cre-

496 4412 724 4467 dendus
754 4414 864 4474 est,
897 4407 954 4461 in
988 4423 1103 4477 qua
1133 4402 1451 4477 prophetici
1484 4402 1711 4457 fructus
1742 4405 1832 4456 est
1871 4403 2088 4458 ventris
2120 4421 2132 4459 :

2266 3269 2440 3308 suum
2473 3251 2769 3322 suscipere
2817 3267 2921 3322 pro
2970 3251 3176 3306 mundi
3220 3250 3410 3307 salute
3440 3268 3558 3308 non
3604 3254 3839 3325 potuit;
3866 3261 3917 3310 et

2265 3339 2567 3413 pulchrius
2619 3338 2733 3394 illis
2784 3338 3012 3394 videtur
3059 3343 3292 3411 propter
3338 3339 3705 3397 adulterium
3746 3342 3916 3398 alieni

2263 3427 2437 3497 thori,
2471 3444 2650 3499 quam
2709 3430 2943 3498 propter
2993 3426 3455 3499 redemptionem
3515 3430 3792 3485 omnium
3828 3431 3916 3485 ho-

2262 3517 2491 3572 minum
2513 3515 2767 3587 speciem
2784 3514 2977 3570 carnis
2990 3531 3188 3571 assum
3198 3520 3360 3587 ptam
3371 3515 3398 3570 ?
3413 3517 3581 3580 Quod
3605 3518 3656 3574 si
3677 3518 3712 3574 J
3721 3519 3917 3575 udam

2258 3606 2367 3661 hoc
2398 3604 2917 3676 objicit,quomodo
2942 3602 3086 3676 legit
3116 3620 3128 3657 :
3155 3629 3180 3652 ιι
3215 3604 3361 3659 Ecce
3391 3603 3553 3677 virgo
3586 3606 3912 3679 accipietis

2258 3699 2442 3760 utero,
2474 3697 2531 3748 et
2560 3692 2745 3764 pariet
2788 3690 3017 3758 ﬁlium;
3072 3695 3131 3747 et
3176 3692 3482 3749 vocabitur
3528 3710 3755 3750 nomen
3791 3698 3916 3767 ejus

2256 3780 2599 3836 Emmanuel
2647 3782 2774 3848 (lsa.
2843 3797 2940 3845 vu,
2996 3779 3105 3851 14),
3140 3802 3167 3830 ››
3218 3780 3377 3850 quod
3430 3784 3522 3836 est
3568 3781 3914 3855 interpreta-

2252 3874 2401 3937 tum,
2437 3869 2743 3925 nobiscum
2774 3867 2974 3924 Deus?
3006 3868 3306 3933 Quomodo
3337 3866 3482 3940 legit
3509 3886 3522 3923 :
3556 3894 3588 3920 (ι
3623 3870 3778 3926 Ecce
3823 3868 3917 3942 qui

2254 3958 2533 4030 loquebar
2561 3958 2771 4012 adsum
2813 3959 2938 4029 (Isa.
2975 3972 3101 4025 Lm,
3131 3956 3232 4027 6)?
3287 3980 3315 4005 ››
3369 3956 3681 4019 Quomodo
3724 3964 3913 4015 autem

2251 4046 2467 4102 lectum
2525 4045 2737 4102 asserit
2768 4062 2781 4101 :
2823 4068 2849 4094 ‹‹
2886 4045 3024 4100 Ecce
3056 4045 3208 4100 sicut
3236 4043 3595 4116 panthera...
3654 4051 3716 4102 et
3765 4047 3912 4103 sicut

2253 4153 2428 4191 ursus
2457 4135 2756 4206 aporiatus
2785 4148 3090 4189 occurram
3157 4131 3241 4188 eis
3269 4133 3414 4201 (Ose.
3462 4147 3594 4200 xm,
3642 4137 3705 4199 7,
3756 4135 3909 4207 8H.

2250 4224 2349 4280 Dei
2396 4240 2532 4295 ergo
2583 4221 2764 4278 Filius
2816 4236 3049 4277 carnem
3103 4220 3397 4292 suscipere
3428 4237 3546 4277 non
3580 4225 3783 4295 potuit
3809 4240 3909 4297 pro

2249 4311 2647 4382 redemptione
2682 4308 2972 4376 omnium,
3003 4325 3138 4365 cum
3184 4309 3297 4381 ipsi
3347 4325 3566 4383 negare
3613 4328 3738 4368 non
3788 4329 3913 4386 pos-

2248 4401 2365 4456 sint
2423 4399 2579 4471 quod
2629 4415 2732 4470 pro
2784 4402 3117 4453 nostrorum
3165 4396 3459 4469 supplicio
3506 4405 3908 4470 peccatorum.

496 4503 560 4554 ut
590 4514 718 4553 vere
747 4494 1178 4552 successionem
1217 4489 1460 4564 originis
1509 4505 1910 4561 recognoscas,
1946 4488 2134 4545 illum-
2165 4518 2213 4583 D
2245 4491 2517 4546 aﬂ‘ectum
2549 4487 2864 4559 quemdam
2899 4490 3051 4541 Deus
3073 4484 3269 4541 ferinae
3299 4486 3677 4544 crudelitatis
3717 4488 3914 4544 indue-

494 4605 609 4662 que
634 4588 777 4643 717
814 4586 912 4641 Dei
945 4583 1177 4650 Filium,
1213 4581 1427 4636 factum
1462 4583 1662 4651 postea
1709 4576 1894 4633 filium
1942 4577 2130 4634 homi-

2243 4579 2347 4645 rit;
2383 4583 2444 4632 ut
2489 4577 2590 4648 qui
2636 4580 2846 4631 natura
2893 4574 3027 4645 plus
3053 4578 3143 4629 est
3169 4578 3229 4629 et
3259 4573 3625 4644 misericors,
3677 4581 3904 4632 nostro-

456 4693 461 4697 '
491 4678 584 4733 nis
614 4692 718 4749 per
745 4674 1175 4745 susceptionem
1207 4669 1420 4733 carnis,
1456 4667 1517 4722 in
1548 4665 1735 4722 Patris
1766 4667 1995 4723 thromo
2027 4685 2132 4723 co:-

486 4764 621 4823 lesti
653 4765 851 4821 sedere
882 4778 995 4817 non
1028 4759 1279 4815 dubites.
1314 4757 1515 4828 Neque
1562 4756 1717 4810 enim
1749 4754 2015 4811 Christus
2044 4773 2131 4811 se-

557 4892 669 4964 (10)
694 4890 843 4945 Edit.
877 4887 1007 4964 Era.
1036 4882 1257 4964 et
1292 4897 1424 4964 cum
1477 4897 1620 4964 mss.
1652 4880 1826 4961 Torn.
1853 4880 2022 4964 ‘Colb.
2062 4898 2128 4937 ac

484 4952 663 5032 Max",
692 4978 812 5018 meo
852 4962 956 5015 leto
992 4958 1297 5032 conititur;
1323 4959 1381 5006 at
1410 4952 1690 5032 potiorem
1723 4952 2127 5032 existimamus

483 5036 621 5091 edit.
644 5022 821 5090 'Rom.
854 5036 912 5086 et
938 5028 1069 5084 Gill.
1105 5028 1176 5083 ad
1212 5022 1795 5097 margfaliorumque
1834 5039 1975 5077 mss.
2009 5022 2127 5078 lec-

483 5106 696 5162 tionem
709 5149 721 5161 .

552 5179 664 5250 (11)
717 5178 843 5233 Era.
896 5176 1078 5250 Ed_i_t.,_
1115 5171 1453 5250 deny/tatam
1483 5168 1698 5221 enim...
1732 5167 2127 5247 interpretatur

480 5239 745 5305 tractatus
774 5249 919 5319 apud
946 5239 1305 5319 Christianas.
1340 5240 1471 5319 Gil].
1506 5257 1637 5319 cum
1687 5254 1829 5319 inse.
1865 5239 2125 5319 quinque

479 5325 718 5377 Erasmo
743 5307 1015 5383 concinit,
1049 5316 1158 5371 nisi
1208 5314 1359 5383 quod
1419 5314 1475 5365 in
1542 5307 1919 5383 hislegitur,
1970 5307 2124 5363 Desi-

476 5395 664 5463 gnatio
696 5394 867 5458 enim,
900 5380 1009 5444 etc.
1037 5380 1431 5463 Sededitores
1463 5384 1628 5437 Rom.
1652 5380 1800 5463 bene
1830 5382 2125 5463 advertere

477 5451 663 5530 voces,
702 5451 977 5517 Tractnlus
1025 5459 1171 5530 apud
1227 5458 1581 5530 Christianos,
1617 5451 1885 5530 alicunde
1916 5451 1970 5530 in
2009 5458 2125 5530 tex-

477 5541 604 5612 t_um
626 5522 1131 5612 irrepgisse..Certe
1154 5531 1392 5612 quidem
1411 5528 1471 5612 in
1496 5543 1637 5581 mss.
1667 5525 1894 5580 Dion.et
1915 5522 2118 5596 Luud.,

473 5608 647 5683 Torn.
683 5601 996 5665 et'Theod.
1028 5617 1143 5659 non
1175 5601 1577 5658 inveniuntur.

2241 4683 2370 4722 rum
2422 4670 2617 4721 tamen
2667 4663 2953 4719 scelerum
3003 4661 3304 4718 atrocitate
3333 4668 3699 4729 commotus,
3734 4681 3901 4721 assu-

2240 4760 2363 4811 mat
2388 4755 2443 4809 in
2478 4770 2583 4809 nos
2613 4752 2934 4823 quamdam
2966 4750 3245 4807 saevitiam
3282 4749 3656 4807 bestiarum?

2310 4881 2421 4950 (12)
2454 4880 2537 4933 Ita
2562 4878 2703 4950 edit.
2732 4878 2865 4932 Era.
2906 4881 2962 4931 et
2990 4874 3124 4932 Gill.
3157 4891 3289 4950 cum
3333 4890 3479 4931 mss.
3502 4876 3669 4950 Edit.
3701 4882 3900 4950 autem

2237 4948 2435 5019 nam,
2464 4948 2634 5004 David
2664 4950 2864 5004 semini
2892 4963 3004 5003 esse
3025 4948 3376 5019 promissam.
3408 4948 3517 5003 Sed
3552 4963 3672 5003 non
3706 4948 3903 5004 videre

2238 5023 2337 5095 qui
2383 5016 2692 5095 reposuere
2736 5016 3457 5095 segmin_i_,_subaudiendam
3503 5032 3647 5095 esse
3694 5034 3899 5075 vocem

2235 5089 2350 5151 εἷςάί
2378 5089 2487 5149 hoc
2518 5092 2689 5147 modo
2725 5106 2738 5144 :
2772 5090 2997 5145 Davidis
3026 5089 3147 5145 sedi
3167 5090 3432 5154 similem,
3463 5093 3576 5145 etc.

2306 5166 2419 5237 (13)
2451 5166 2598 5237 Edit.
2663 5162 2955 5237 Rom.,__Si
2994 5160 3243 5237 gentiles,
3276 5176 3379 5215 cur
3424 5161 3561 5237 Deos
3611 5176 3756 5237 suos
3795 5158 3896 5213 hs-

2234 5231 2412 5293 mimo
2440 5236 2634 5308 specie,
2668 5238 2776 5288 etc.
2808 5232 2945 5308 Alias
2992 5232 3128 5308 edit.
3163 5247 3298 5308 cum
3348 5231 3895 5308 mss._in_nostram

2234 5302 2539 5364 lectionem
2570 5304 2966 5369 consentiunt,
2999 5303 3112 5359 nisi
3142 5303 3300 5374 quod
3348 5302 3459 5357 illae
3514 5302 3764 5366 habent,
3794 5316 3897 5356 cur

2231 5380 2353 5436 deos
2379 5394 2536 5441 suos;
2568 5376 2668 5432 sed
2700 5375 2837 5448 quia
2865 5374 2976 5430 hoc
2994 5390 3245 5448 sensum
3278 5390 3393 5448 non
3426 5374 3598 5448 satis,
3633 5386 3897 5448 comm

2231 5451 2373 5508 dum
2389 5441 2913 5579 cclaiftlictiebatfilom.
2943 5446 3078 5503 edit.
3112 5443 3375 5519 phrasim
3410 5443 3749 5501 decurtanti
3802 5441 3893 5501 lo-

2234 5540 2370 5579 cum
2428 5538 2457 5579 e
2504 5540 2568 5576 ι.
3834 5572 3837 5573 ν

2234 5540 2370 5581 cum
2389 5521 2568 5579 dedit.
