4116 6188
521 346 639 409 {H3

1152 480 1384 537 CAPUT
1415 482 1535 538 VII.

518 597 721 652 Divina
752 596 1544 670 inparataSpiritutincipit
1593 598 1840 667 detegere
1903 600 2168 670 mysteria

590 683 711 739 qua
738 668 837 724 sub
893 667 1068 723 David
1092 683 1157 722 ac
1209 667 1503 724 Bethsabée
1557 669 1847 739 adulterio,
1909 667 2005 726 ne}:
2056 686 2168 726 non

590 742 691 796 sub
720 741 895 814 ipsius
914 747 1085 812 partu
1109 740 1454 796 velabantur.

590 894 681 949 35.
715 893 781 949 Et
810 892 1087 963 quoniam
1120 892 1299 947 David
1333 910 1448 948 non
1494 894 1925 950 defendendum
1978 908 2166 963 neque

523 983 677 1040 enim
711 997 840 1037 meo
891 984 1021 1053 eget
1051 980 1290 1048 auxilio,
1348 983 1450 1038 sed
1497 983 1897 1038 excusandum
1954 982 2163 1052 recipi—

522 1088 678 1140 mus,
707 1069 796 1126 vel
826 1070 1022 1141 potius
1054 1070 1523 1142 praedicandum;
1549 1088 1620 1127 ne
1646 1073 1705 1127 in
1734 1076 1894 1127 tanto
1951 1075 2165 1142 myste-

522 1160 741 1216 riorum
774 1159 1062 1231 profundo
1082 1157 1369 1226 vacillem,
1392 1161 1627 1230 justum
1658 1164 1747 1216 est
1780 1164 1843 1214 ut
1890 1160 2019 1229 ejus
2068 1174 2168 1213 ore

522 1253 674 1319 utar,
707 1249 879 1318 cujus
908 1252 1042 1303 utor
1070 1247 1336 1303 historia.
1372 1247 1510 1303 Utar
1562 1248 1741 1321 igitur
1796 1246 2167 1319 responsorio

522 1336 860 1410 prophetico
900 1336 1129 1392 dicens:
1168 1358 1195 1387 «
1249 1335 1359 1391 Cor
1411 1339 1695 1392 mundum
1750 1352 1883 1392 crea
1933 1336 1991 1390 in
2050 1352 2166 1402 me,

524 1432 697 1498 Deus,
725 1431 784 1482 et
812 1424 1084 1497 spiritum
1110 1430 1332 1485 rectum
1354 1426 1567 1482 innova
1594 1427 1651 1480 in
1675 1425 1997 1481 visceribus
2020 1423 2167 1479 meis

522 1516 695 1588 (Psal.
730 1532 780 1580 L,
835 1515 944 1585 12).
974 1537 1000 1563 ››
1045 1514 1226 1570 Nemo
1276 1512 1433 1570 enim
1491 1514 1620 1570 sine
1671 1514 1926 1586 Spiritus
1984 1511 2166 1567 sancti

522 1604 840 1671 infusione,
895 1608 1058 1659 tanta
1085 1602 1266 1658 divini
1326 1619 1593 1658 recessus
1646 1606 1837 1675 potest
1906 1605 2169 1673 spectare

522 1692 817 1765 mysteria.
854 1691 1081 1747 Etenim
1114 1691 1162 1746 si
1194 1690 1289 1746 ille
1320 1695 1519 1747 tantus
1549 1691 1852 1762 propheta,
1912 1689 2168 1760 Spiritus

520 1781 709 1836 sancti
741 1779 879 1852 petit
896 1780 1007 1834 sibi
1027 1795 1245 1835 munus
1260 1778 1514 1847 infundi,
1533 1779 1673 1850 quid
1689 1780 1873 1835 facere
1896 1778 2166 1833 inﬁrmus

521 1850 760 1925 debeat;
795 1884 930 1923 cum
972 1867 1295 1939 praisertim
1354 1869 1531 1923 etiam
1578 1867 1889 1939 Apostolus
1930 1871 2168 1923 sanctus
2201 1850 2248 1917 B

521 1956 726 2030 populi
756 1972 990 2028 quoque
1019 1972 1081 2010 se
1103 1961 1267 2027 putet
1297 1956 1567 2028 precibus
1598 1956 1884 2027 adjuvari,
1937 1961 2000 2010 ut
2031 1971 2165 2027 ape-

521 2046 707 2102 tiatur
733 2046 785 2102 ei
818 2045 1035 2102 ostium
1068 2046 1139 2101 ad
1162 2044 1521 2117 loquendum
1544 2044 1883 2117 mysterium
1914 2044 2092 2099 verbi.

520 2146 566 2202 Ο
592 2144 652 2201 Si
684 2143 827 2200 mihi
858 2144 1076 2199 ostium
1106 2142 1252 2197 illud
1282 2142 1553 2198 Christus
1593 2143 1871 2215 dignetur
1901 2142 2161 2214 aperire!

521 2228 831 2290 Pulsemus
859 2237 1088 2299 tamen;
1122 2231 1269 2287 solet
1298 2231 1454 2287 enim
1510 2231 1783 2287 exaudire
1842 2229 2165 2302 pulsantes,

522 2322 663 2396 quia
687 2322 812 2394 ipse
828 2320 1000 2376 dixit:
1033 2342 1062 2371 «
1094 2319 1347 2390 Pulsate,
1377 2324 1435 2375 et
1462 2319 1754 2392 aperietur
1801 2319 1964 2377 vobis
2012 2321 2162 2390 (Luc.

520 2430 599 2481 x1,
630 2413 707 2484 8).
744 2434 772 2463 ››
794 2411 839 2468 Ο
870 2412 920 2468 si
953 2410 1096 2466 mihi
1128 2425 1190 2466 se
1217 2410 1344 2482 ipse
1375 2414 1677 2477 reseraret,
1732 2411 1869 2483 quia
1899 2409 2167 2467 Christus

521 2506 611 2559 est
633 2503 848 2574 janua:
884 2500 1008 2572 ipse
1030 2502 1212 2567 intus,
1247 2500 1372 2571 ipse
1400 2504 1581 2565 extra,
1614 2499 1740 2571 ipse
1767 2499 1861 2554 via
1889 2514 2017 2570 quia
2062 2497 2170 2553 du-

522 2591 622 2658 cit,
651 2590 779 2663 ipse
806 2589 928 2644 vita
956 2589 1027 2644 ad
1055 2604 1233 2660 quam
1257 2587 1667 2644 contendimus
1699 2587 2021 2659 pervenire.

590 2684 681 2743 36.
712 2685 855 2742 Veni
885 2702 1043 2759 ergo,
1080 2686 1321 2741 Domine
1349 2686 1512 2753 Jesu,
1542 2690 1599 2739 et
1628 2683 1787 2756 aperi
1818 2683 1989 2739 nobis
2045 2683 2168 2739 fon-

519 2781 607 2833 tes
631 2779 786 2843 tuos,
810 2778 874 2831 ut
906 2775 1180 2830 bibamus
1210 2774 1281 2829 de
1311 2790 1485 2846 aqua,
1518 2789 1696 2844 quam
1727 2771 1827 2845 qui
1844 2772 2014 2839 bibit,
2048 2788 2165 2828 non

523 2864 684 2923 120
713 2864 872 2921 sitiet
899 2864 958 2919 in
991 2868 1273 2919 aeternum
1306 2864 1482 2932 (Joan.
1536 2878 1610 2928 ιν,
1669 2862 1780 2932 13).
1840 2859 1943 2915 Vel
1999 2860 2048 2933 si
2094 2861 2168 2915 de

521 2955 679 3010 fonte
709 2952 903 3009 adhuc
934 2956 1034 3007 tuo
1068 2951 1301 3007 haurire
1356 2967 1472 3006 non
1531 2965 1871 3021 possumus,
1922 2947 2167 3021 dignare

520 3042 836 3100 Concedam
866 3045 931 3097 ut
960 3041 1031 3096 de
1060 3043 1234 3113 puteo
1292 3038 1502 3095 saltem
1557 3037 1790 3094 haurire
1847 3037 2164 3110 possimus,

520 3133 678 3188 unde
700 3134 903 3204 potum
926 3129 1305 3186 Samaritana:
1324 3127 1408 3182 illi
1425 3126 1715 3183 dubitanti
1730 3126 1843 3182 adh
1854 3143 1923 3182 uc
1936 3126 2165 3183 mulieri

1984 350 2047 413 S.
2084 347 2460 415 AMBROSII

2199 488 2254 553 Α
2282 486 2658 560 conceptione
2692 488 2939 560 furtiva;’
2962 488 3161 546 istum
3202 496 3334 545 vero
3381 486 3756 546 Salomonem
3795 488 3917 559 jam

3795 352 3919 414 944

2276 593 2345 632 ex
2376 577 2737 648 professione
2784 577 3061 651 conjugii.
3118 576 3325 651 Liquet
3365 577 3548 651 igitur
3584 593 3690 651 per
3748 575 3919 633 David

2275 664 2521 737 intelligi
2554 666 2918 738 prephetam,
2954 684 3054 740 per
3085 667 3432 740 prophetam
3463 666 3758 740 populum
3784 683 3919 739 pro-

2277 752 2598 824 pheticum,
2627 770 2696 811 ex
2726 771 2843 827 quo
2872 759 2930 811 et
2951 771 3021 811 ex
3047 756 3356 829 Synagoga
3384 755 3613 827 primus
3673 753 3777 812 ille
3823 755 3919 830 qui

2278 846 2454 898 natus
2482 847 2570 898 est
2600 844 2901 916 (quoniam
2926 845 3377 917 degeneraverat
3395 861 3429 900 a
3447 843 3777 915 majoribus
3801 844 3920 901 suis

2278 947 2382 1002 per
2410 931 2632 1003 flagitia
2662 933 2969 1001 formatus,
2993 938 3051 989 et
3072 950 3174 1006 per
3192 934 3330 989 vitia
3352 938 3661 990 concretus
3674 933 3919 1007 populus

2275 1019 2635 1089 Judzeorum)
2665 1023 2736 1076 ad
2759 1022 3201 1078 resurrectionis
3222 1023 3605 1079 aeternitatem
3628 1022 3921 1096 pervenire

2279 1124 2395 1163 non
2437 1109 2647 1180 potuit,
2680 1127 2786 1165 nec
2834 1111 2893 1165 in
2949 1111 3139 1166 virum
3191 1112 3513 1183 perfectum
3555 1127 3913 1179 excrescere;

2278 1198 2376 1251 sed
2423 1197 2482 1251 in
2532 1198 2743 1269 exigua
2772 1215 3054 1255 sensuum
3110 1200 3411 1271 parvitate,
3442 1205 3502 1255 et
3528 1200 3789 1273 quadam
3815 1200 3919 1256 vir-

2274 1285 2419 1341 tutis
2450 1286 2659 1341 det‘ecit
2690 1287 2957 1343 infantia.
2992 1290 3066 1343 At
3118 1304 3250 1344 vero
3306 1288 3402 1344 ille
3449 1289 3553 1360 qui
3612 1294 3816 1361 postea
3855 1306 3918 1345 ex

2277 1374 2537 1446 legitima
2568 1381 2884 1448 conceptus
2902 1380 2989 1432 est
3003 1376 3230 1449 copula,
3254 1376 3509 1449 populus
3533 1377 3917 1444 Christianus,

2278 1462 2376 1517 ille
2407 1463 2641 1535 sapiens
2671 1468 2846 1536 atque
2874 1464 3177 1537 paciﬁcus,
3237 1465 3348 1521 hoc
3402 1466 3564 1521 enim
3595 1465 3917 1524 Salomonis

2277 1551 2756 1624 interpretatione
2841 1558 3153 1624 reseratur,
3185 1554 3259 1610 ad
3316 1554 3593 1611 incanum
3662 1554 3920 1628 longaeva

2278 1642 2722 1697 resurrectionis
2754 1646 3002 1708 aetatem,
3030 1647 3203 1715 atque
3232 1644 3305 1699 ad
3340 1658 3591 1716 regnum
3623 1643 3772 1700 illud
3817 1661 3919 1700 cu:-

2278 1730 2423 1785 leste
2455 1732 2737 1802 pervenit.
2777 1732 2883 1787 Per
2912 1732 3081 1787 illum
3113 1736 3311 1787 autem
3372 1733 3662 1805 populum
3696 1733 3785 1789 lex
3837 1750 3919 1790 so-

2280 1818 2422 1885 luta,
2455 1836 2558 1890 per
2588 1820 2766 1875 istum
2797 1820 2986 1892 gratia
3017 1822 3327 1877 reformata
3357 1826 3467 1877 est.

2345 1997 2439 2052 39.
2474 1998 2733 2070 Accipite
2764 1999 2939 2055 etiam
2966 1999 3204 2055 tertium
3230 2000 3603 2072 mysterium.
3631 2002 3803 2067 Quod
3819 2003 3922 2058 Da-

2274 2086 2366 2140 vid
2425 2087 2643 2143 Hebraei
2698 2086 2989 2143 excelsum
3020 2088 3225 2144 dicunt
3254 2088 3384 2159 (i8).
3422 2087 3614 2144 Latini
3664 2089 3926 2147 humilia-

2275 2178 2400 2228 tum
2434 2175 2912 2247 interpretantur.
2946 2176 3088 2241 Quis
3116 2181 3206 2232 est
3237 2181 3432 2232 autem
3480 2193 3619 2233 vere
3651 2178 3923 2235 humilia-

2274 2266 2395 2330 tus,
2430 2263 2541 2318 nisi
2574 2262 2672 2319 ille
2704 2287 2731 2314 ‹‹
2767 2264 2865 2335 qui
2898 2279 3012 2320 non
3043 2264 3309 2336 rapinam
3350 2265 3780 2323 a‘rbitratusest
3804 2282 3927 2324 esse

2278 2367 2339 2405 se
2368 2350 2651 2423 aequalem
2682 2352 2830 2408 Deo:
2866 2353 2967 2408 sed
3000 2353 3251 2409 formam
3282 2353 3435 2409 servi
3505 2354 3811 2427 accipiens
3836 2356 3926 2413 hu-

2275 2438 2519 2495 miliavit
2565 2442 2967 2513 semetipsum,
3020 2441 3212 2498 factus
3268 2441 3550 2511 obediens
3611 2460 3809 2518 usque
3859 2446 3923 2503 ad

2276 2532 2525 2583 mortem
2558 2529 2827 2601 (Philipp.
2873 2546 2932 2597 ιι,
2964 2530 3136 2603 6-8)?
3167 2552 3195 2580 ››
3224 2529 3329 2586 Hic
3358 2530 3543 2604 igitur
3568 2535 3664 2589 est
3693 2534 3800 2606 qui
3853 2536 3923 2591 si-

2273 2616 2590 2689 gnificatur
2622 2618 2821 2687 David,
2854 2618 3119 2676 excelsus
3149 2633 3253 2692 per
3279 2623 3577 2688 naturam,
3611 2622 3719 2678 sed
3740 2622 3922 2680 humi-

2273 2706 2451 2761 liatus
2485 2722 2583 2778 per
2616 2706 3107 2764 misericordiam:
3168 2706 3443 2764 sublimis
3492 2708 3554 2764 in
3602 2711 3923 2780 divinitate,

2274 2795 2375 2850 sed
2432 2795 2587 2851 mitis
2617 2795 2672 2849 in
2707 2811 2963 2867 corpore.
2995 2796 3198 2868 Itaque
3254 2796 3357 2853 ubi
3418 2797 3796 2869 humiliatus,
3849 2800 3924 2857 ibi

2274 2882 2571 2939 obediens.
2601 2883 2682 2939 Ex
2710 2900 2777 2940 eo
2797 2884 2955 2941 enim
2986 2886 3252 2941 nascitur
3277 2885 3635 2955 obedientia,
3694 2904 3769 2945 ex
3814 2905 3924 2961 quo

2273 2969 2597 3041 humilitas,
2631 2972 2775 3028 etin
2806 2987 2872 3028 eo
2931 2972 3164 3028 desinit.
3225 2973 3374 3030 Cum
3433 2976 3593 3031 enim
3651 2976 3926 3034 obedieus

2273 3057 2486 3114 dicitur
2542 3059 2730 3116 factus
2770 3076 2955 3132 usque
2985 3061 3058 3116 ad
3082 3065 3330 3118 mortem
3360 3063 3549 3132 (mors
3576 3069 3783 3121 autem
3812 3082 3922 3127 non

2273 3146 2615 3215 divinitatis,
2651 3148 2753 3204 sed
2785 3149 3042 3222 corporis
3072 3149 3207 3221 fuit)
3236 3164 3359 3206 non
3374 3151 3575 3224 utique
3595 3153 3923 3210 oheﬁeltie

521 3219 833 3309 polliceris.
868 3220 933 3309 Et
953 3223 1016 3273 tu
1046 3217 1283 3309 quidem
1316 3217 1587 3309 (latente
1617 3214 1898 3309 ognnibuq
1931 3214 2164 3287 pollice-
2196 3212 2239 3285 ϐ
2272 3212 2609 3292 divinitatis
2629 3236 2741 3292 fuit
2770 3212 2904 3304 illa;
2944 3236 3046 3291 sed
3101 3212 3395 3309 corporis;
3453 3212 3560 3295 uec
3619 3240 3919 3298 humilitas

520 3308 621 3377 ris,
656 3309 759 3363 sed
790 3306 1219 3371 dubitantibus,
1245 3303 1412 3360 utilli
1442 3303 1839 3373 Samaritanus,
1873 3305 2003 3360 fons
2025 3309 2165 3361 tuus

521 3385 898 3451 adhuc'altus
941 3398 1031 3451 est
1088 3397 1319 3464 puteus.
1380 3390 1658 3449 Bihamus
1695 3398 1753 3448 et
1790 3409 1897 3449 nos
1948 3409 2163 3465 aquam

523 3482 849 3540 scelestium
873 3485 1250 3539 secretorum.
1279 3482 1349 3537 Et
1370 3481 1645 3553 quoniam
1669 3480 1740 3537 ad
1763 3481 2161 3537 fontemtuum

519 3570 846 3628 meruimus
876 3571 1198 3644 pervenire,
1224 3571 1396 3627 liceat
1450 3570 1620 3627 nobis
1672 3570 1989 3643 imaginem
2047 3570 2163 3625 sal-

518 3664 635 3717 tem
669 3660 1081 3734 mysteriorum
1110 3660 1305 3715 videre
1336 3658 1680 3714 caelestium.

584 3754 676 3815 37.
707 3758 912 3832 Itaque
943 3758 1056 3815 nisi
1092 3756 1279 3826 fallor,
1326 3773 1428 3830 per
1475 3756 1819 3829 Prophetam
1876 3756 2159 3829 Spiritum

513 3834 785 3904 sanctum
814 3845 1220 3919 intelligimus,
1254 3863 1357 3918 per
1395 3844 1720 3901 adulteram
1772 3849 1969 3900 autem
2028 3844 2161 3900 licet

509 3924 826 4012 Synagogaa
860 3935 1269 3992 fornicationes
1302 3935 1492 3989 varias
1548 3933 1855 3989 mstimare.
1911 3934 1979 3987 Et
2030 3931 2158 3989 ideo

510 4025 697 4082 multo
728 4028 863 4081 ante
892 4022 1188 4080 cernimus
1218 4024 1373 4095 (Gen.
1406 4038 1557 4089 xux,
1602 4022 1690 4090 10)
1743 4021 2057 4077 revelatum
2090 4039 2159 4077 ex.

508 4114 725 4188 Spiritu
758 4116 980 4180 sancto,
1014 4116 1071 4167 et
1127 4128 1194 4166 ex
1243 4108 1466 4165 familia
1519 4109 1857 4165 Judaeorum
1905 4110 2158 4180 (quorum

500 4212 685 4277 patres
734 4211 787 4259 et
841 4219 911 4258 ex
967 4200 1165 4273 quibus
1225 4199 1471 4255 Christus
1542 4199 1839 4254 secundum
1912 4201 2154 4270 carnem)

508 4295 683 4363 (Rom.
720 4309 794 4361 1x,
835 4289 888 4363 5)
935 4288 1252 4345 Dominum
1298 4288 1505 4343 Jesum
1556 4304 1683 4344 esse
1732 4287 2152 4360 generandum,

509 4380 609 4450 qui
640 4380 878 4451 quidem
900 4377 1069 4451 quasi
1092 4378 1335 4433 Judzeus
1364 4393 1433 4432 ex
1452 4375 1718 4432 adultera
1739 4375 1961 4431 familia
1980 4380 2153 4433 natus

508 4464 616 4535 est,
650 4469 750 4523 sed
782 4468 952 4539 quasi
983 4465 1399 4522 immaculatus
1429 4482 1497 4521 ex
1552 4463 1809 4537 Virgine.
1862 4464 1995 4519 Erat
2042 4467 2152 4521 sub

2275 3325 2601 3396 majestatis
2632 3324 2753 3394 illa,
2817 3326 2916 3381 sed
2971 3325 3185 3381 carnis.
3241 3326 3445 3399 Itaque
3502 3333 3798 3400 quantum
3850 3331 3916 3387 ad

2273 3413 2706 3485 susceptionem
2739 3413 2999 3485 corporis
3030 3418 3275 3485 spectat,
3310 3415 3637 3487 apostolica
3665 3418 3836 3475 lectio
3862 3418 3916 3474 in

2273 3518 2390 3574 quo
2421 3501 2635 3557 Christi
2664 3501 2840 3559 fuerit
2864 3501 3189 3569 humilitas,
3220 3503 3569 3561 declaravit:
3601 3508 3764 3578 quod
3794 3520 3915 3563 vero

2272 3591 2344 3645 ad
2376 3595 2647 3647 naturam
2678 3593 2900 3661 spectat
2928 3589 3274 3660 divinitatis,
3306 3588 3657 3666 Evangelica
3678 3593 3915 3651 lectione

2279 3684 2601 3735 reseratum
2658 3682 2773 3734 est:
2809 3693 2988 3750 quam
3017 3677 3114 3751 pio
3144 3680 3440 3750 prosecuti
3472 3682 3620 3737 estis
3650 3698 3913 3752 usuusu,

2269 3782 2404 3822 cum
2436 3766 2719 3822 audiretis
2750 3766 2887 3839 legi,
2918 3764 3145 3825 dicente
3176 3766 3277 3824 Dei
3306 3767 3490 3825 Filio:
3516 3790 3545 3818 ι(
3576 3770 3703 3843 Ego
3731 3777 3795 3828 et
3820 3772 3915 3828 Ps-

2268 3858 2357 3909 ter
2412 3870 2597 3910 unum
2655 3869 2866 3910 sumus
2928 3855 3107 3925 (Joan.
3157 3871 3212 3923 ι,
3265 3855 3380 3927 30).
3424 3879 3453 3906 ››
3516 3856 3666 3915 711
3733 3860 3915 3917 Unum

2267 3943 2427 3998 enim
2450 3941 2753 3998 divinitate
2779 3947 2917 3998 sunt
2936 3941 3108 3999 Pater
3126 3947 3185 3999 et
3202 3942 3385 4000 Filius
3409 3962 3424 4001 :
3455 3947 3559 4001 sed
3586 3963 3713 4004 non
3739 3965 3913 4005 unum

2266 4034 2408 4086 sunt
2436 4030 2696 4102 corporis
2726 4034 3184 4099 sacramentum,
3218 4036 3277 4087 et
3305 4030 3635 4092 divinitatis
3692 4038 3914 4094 eterni-

2264 4120 2375 4174 tas.
2408 4119 2523 4174 Nec
2552 4117 2713 4175 solus
2741 4123 2938 4175 tamen
2964 4119 3278 4191 Apostolus
3333 4120 3728 4181 humiliatum
3782 4125 3916 4182 dixit

2263 4222 2393 4263 esse
2423 4207 2758 4276 Dominum,
2791 4208 2892 4263 sed
2924 4206 3051 4279 ipse
3081 4223 3312 4280 quoque
3340 4224 3406 4266 se
3459 4210 3758 4270 humilem
3796 4226 3915 4271 eae

2263 4296 2610 4352 memoravit
2638 4295 2866 4352 dicens:
2907 4314 2931 4344 ε
2964 4294 3175 4352 Tollite
3222 4298 3441 4370 jugum
3501 4315 3733 4370 meum,
3784 4302 3915 4376 quin

2260 4382 2384 4440 leve
2415 4390 2533 4453 est;
2586 4384 2865 4457 quoniam
2912 4384 3090 4440 mitis
3142 4400 3278 4441 sum
3326 4389 3386 4441 et
3441 4387 3698 4446 humilis
3750 4391 3914 4448 cerde

2263 4472 2475 4543 (Matth.
2517 4491 2597 4543 x1,
2657 4474 2771 4545 29).
2810 4494 2837 4522 »
2868 4473 2939 4529 Et
2994 4477 3192 4530 tamen
3238 4489 3354 4530 non
3405 4474 3530 4532 sola
3574 4478 3915 4552 interme

511 4556 654 4650 lege,
688 4561 810 4650 erat
841 4555 1009 4650 quasi
1040 4555 1149 4650 sub
1175 4552 1552 4650 vir0_t'amil_ia
1607 4552 1943 4650 ιῖίξᾷωοτυῐξι
1964 4552 2149 4650 ἱαεξδο-
2181 4586 2229 4650 D
2261 4561 2438 4631 tione,
2473 4563 2574 4618 sed
2607 4561 2783 4618 etiam
2844 4560 3236 4650 appellatione
3279 4562 3584 4636 signatum
3637 4573 3735 4625 est
3782 4568 3912 4641 quis

506 4643 680 4700 lenda
704 4642 816 4698 fuit
844 4641 989 4714 legis
1020 4642 1407 4709 observantia,
1442 4645 1505 4697 ut
1560 4641 1771 4696 veritas
1827 4639 2149 4696 substitue-

505 4737 668 4790 retur
695 4738 752 4789 et
788 4732 1002 4805 gratia.

573 4832 663 4891 38.
696 4830 992 4887 Habemus
1005 4843 1189 4883 unum
1218 4826 1561 4899 mysterium
1584 4844 1596 4881 :
1617 4825 1858 4898 accipite
1874 4830 1931 4881 et
1950 4825 2143 4896 aliud;

499 4920 583 4975 ita
611 4925 810 4976 tamen
840 4923 909 4973 ut
966 4916 1354 4973 memineritis
1405 4931 1474 4970 ex
1530 4914 1719 4986 prima
1774 4916 2148 4987 conceptione

498 5007 829 5065 Bethsabee
857 5011 1063 5062 natum
1093 5020 1222 5061 esse
1250 5002 1560 5076 parvulum
1584 5004 1684 5075 qui
1715 5008 1983 5059 mortuus
2036 5011 2145 5072 est,

494 5103 701 5171 postea
728 5103 931 5154 natum
965 5093 1512 5152 esseSalomonem:
1546 5092 1712 5147 illum
1741 5092 2049 5165 parvulum
2078 5110 2149 5149 ex

568 5312 680 5386 (18)
711 5312 853 5386 Mss.
887 5302 1150 5386 plerique
1174 5308 1493 5386 cum__edit.
1556 5307 1873 5386 omnibus,
1911 5308 2147 5370 Hebraei

495 5378 701 5439 dicunt.
736 5378 936 5451 Laudi,
972 5378 1151 5440 Torn.
1185 5388 1242 5438 et
1271 5380 1367 5437 alii
1400 5378 1667 5435 nonnulli
1720 5381 1994 5438 restitunt
2046 5400 2145 5439 vo-

499 5467 647 5527 cem,
676 5456 979 5510 excelsum:
1016 5455 1085 5510 ad
1118 5470 1295 5527 quam
1352 5452 1622 5527 videntur
1675 5452 1962 5524 respicere
2018 5472 2145 5527 quae

499 5521 1033 5597 infrasequuntur,
1091 5521 1549 5597 Davidiexcelsus
1602 5539 1702 5595 per
1748 5521 2146 5581 ﬂaturam-sed

496 5593 824 5669 humiliatus
849 5614 950 5669 per
976 5596 1425 5669 misericordiam.
1482 5593 1763 5669 Neutrum
1811 5598 2005 5669 tamen
2052 5597 2145 5653 in-

496 5665 968 5745 terpretationem
1026 5666 1256 5740 uspiam
1310 5665 1669 5742 reperimus,
1747 5667 1845 5725 sed
1915 5672 2143 5727 tantum

2259 4651 2545 4723 scriptum
2576 4654 2695 4706 est:
2731 4673 2760 4700 ‹‹
2791 4649 2987 4706 Inveni
3018 4650 3196 4705 David
3230 4664 3467 4707 servum
3514 4668 3748 4725 meum,
3793 4656 3910 4714 oleo

2258 4743 2459 4796 sancto
2493 4754 2621 4795 meo
2682 4739 2819 4794 unxi
2876 4753 3011 4794 eum
3069 4740 3238 4811 (Psal.
3298 4754 3578 4811 lxxxvm,
3607 4746 3728 4817 21).
3762 4769 3793 4794 »
3846 4744 3912 4802 Et

2257 4828 2409 4883 infra
2437 4828 2610 4884 dicit:
2678 4848 2706 4877 ‹‹
2759 4828 2929 4883 Pater
2987 4843 3155 4883 meus
3185 4843 3245 4883 es
3303 4832 3364 4885 tu
3421 4830 3589 4900 (Ibid.
3635 4834 3772 4904 27);
3804 4838 3909 4888 net

2259 4940 2285 4966 ‹‹
2319 4917 2436 4989 Ego
2467 4916 2658 4972 dicam
2690 4914 2807 4971 illi:
2842 4914 3023 4972 Filius
3045 4931 3211 4973 meus
3231 4931 3293 4974 es
3324 4920 3390 4972 tu
3411 4917 3529 4989 (19)
3563 4920 3733 4991 (Ibid.
3749 4922 3860 4993 28).
3880 4940 3907 4967 ι

2258 5005 2403 5079 Ergo
2432 5004 2610 5060 David
2641 5020 2815 5077 quem
2846 5003 3657 5076 quaerebamusﬁnvenimns:
3682 5008 3905 5066 servum

2255 5092 2494 5164 quidem
2523 5093 2736 5164 specie,
2770 5092 2870 5148 sed
2887 5092 3196 5150 dominum
3215 5091 3481 5150 veritate.

2254 5306 2514 5383 Davidem
2552 5308 2791 5366 Hebraea
2839 5308 3271 5383 signiﬁcatione
3326 5306 3488 5367 idem
3549 5328 3689 5373 esse
3716 5330 3785 5372 ao
3821 5311 3901 5369 di-

2256 5382 2644 5536 ιεῗῖἒῆἲῐὶοω.
2678 5451 2820 5536 edit.
2856 5452 3000 5520 sola,
3029 5460 3114 5509 et:
3171 5454 3281 5536 Ego
3806 5467 3897 5527 pe-

2252 5523 2593 5596 uamrillum,
2623 5523 2901 5596 excelsum
2927 5537 3048 5596 prae
3090 5523 3533 5596 "gibus
3591 5530 3763 5583 Forte
3807 5523 3900 5580 iro-

2254 5594 2432 5653 luerit
2460 5599 2663 5652 auctor
2692 5593 2764 5649 ad
2795 5592 2941 5651 eum'
2968 5592 3205 5652 versum
3256 5592 3561 5665 alludere;
3619 5598 3726 5656 sed
3772 5596 3896 5665 En.

2253 5665 2386 5727 Gill.
2418 5682 2484 5725 ac
2516 5681 2659 5725 mss.
2691 5680 2894 5725 omnes
2915 5665 3217 5726 nobiscum
3245 5664 3489 5727 faciunt.
