4078 6196
277 339 402 412 ωδ

900 471 1129 552 CAPUT
1189 474 1334 534 vm.

279 609 428 682 Quid
455 609 645 684 domus
676 610 850 684 regia,
884 612 946 666 in
975 627 1083 684 qua
1140 610 1460 668 deambulat
1521 609 1694 684 David
1725 629 1744 666 :
1801 609 1932 682 quid

349 683 578 756 nudatio
607 690 662 738 et
690 683 890 738 lavatio
918 683 1211 740 Bethsabee
1242 701 1262 745 ,·
1303 685 1495 755 quidve
1550 683 1689 756 quod
1747 684 1932 738 statim

348 755 501 811 nuda
527 756 646 810 visa
675 757 860 810 amata
888 756 980 823 sit,
1013 757 1285 826 significet
1313 760 1337 809 .9

353 925 440 979 40.
473 924 578 980 Hic
609 940 746 998 ergo
787 924 969 980 David
1029 925 1183 982 intra
1238 926 1480 981 domum
1539 923 1931 980 deambulavit

278 1030 474 1072 suam.
508 1015 644 1079 Quae
692 1014 896 1085 utique
924 1014 1138 1070 domus
1180 1019 1269 1070 est
1297 1013 1534 1080 Christi,
1585 1013 1696 1069 nisi
1728 1012 1830 1068 illa
1859 1014 1929 1068 de

276 1118 398 1177 qua
426 1101 568 1158 dicit
595 1118 608 1156 :
644 1103 790 1168 Quia
820 1125 849 1153 ‹‹
881 1104 1035 1174 apud
1069 1103 1297 1159 Patrem
1322 1119 1516 1158 meum
1541 1103 1738 1158 multae
1770 1119 1931 1157 man-

276 1191 475 1248 siones
509 1195 647 1248 sunt
674 1192 851 1262 (Joan.
881 1209 998 1258 xxv,
1029 1194 1085 1264 2)
1114 1192 1141 1247 ?
1178 1215 1202 1241 η
1235 1195 1296 1247 In
1329 1191 1429 1246 illa
1458 1208 1594 1264 ergo
1641 1190 1802 1264 regia
1848 1191 1926 1246 si-

276 1287 376 1338 tus
407 1282 729 1337 humanam
762 1281 1155 1338 conditionem
1188 1282 1407 1336 nudam
1451 1281 1615 1348 vidit,
1644 1285 1699 1335 et
1754 1279 1926 1334 mise-

275 1374 441 1426 ratus
461 1369 773 1425 adamavit.
809 1371 946 1424 Erat
975 1369 1131 1424 enim
1192 1369 1382 1425 adhuc
1411 1369 1570 1423 nuda
1622 1367 1924 1435 virtutum,

230 1490 236 1494 -
272 1458 416 1532 quia
447 1475 550 1531 per
577 1457 828 1515 insidias
857 1457 1146 1530 serpentis
1177 1456 1536 1530 genitalibus
1558 1459 1679 1512 erat
1708 1460 1926 1510 naturae

226 1561 228 1563 ·
277 1565 399 1607 suis
428 1546 652 1604 exuviis
681 1548 796 1618 (20)
827 1547 1129 1608 destituta.
1155 1547 1354 1619 Neque
1411 1545 1566 1601 enim
1614 1544 1929 1600 verisimile

275 1637 529 1702 videtur,
559 1639 623 1691 ut
653 1640 786 1692 ante
837 1636 1078 1691 domum
1112 1635 1264 1708 regis
1319 1634 1530 1690 mulier
1586 1634 1923 1689 nudaretur.

276 1731 415 1784 ante
445 1726 686 1782 domum
720 1724 869 1796 regis
903 1724 1121 1781 femina
1151 1740 1212 1780 se
1268 1724 1487 1780 levaret
1540 1724 1609 1794 (ll
1666 1725 1791 1791 Reg.
1847 1740 1925 1786 x1,

273 1816 330 1887 2)
365 1833 378 1871 :
413 1814 582 1887 quasi
611 1814 777 1872 locus
805 1812 1032 1870 lavacro
1061 1816 1388 1886 opportuno
1447 1811 1599 1868 alius
1625 1828 1752 1867 esse
1810 1828 1922 1866 non

270 1908 493 1975 posset.
527 1903 652 1962 Non
684 1903 956 1974 quadrat,
989 1919 1103 1958 non
1137 1900 1424 1973 congruit,
1460 1916 1574 1955 non
1621 1916 1754 1954 cum
1809 1899 1922 1953 ﬁde

271 1992 544 2052 convenit
573 2013 591 2046 :
627 1992 809 2048 distat
834 2009 866 2046 a
895 2007 1050 2057 vero,
1082 1990 1356 2046 abhorret
1385 2007 1419 2044 a
1462 2005 1659 2044 sensu.
1721 1988 1922 2043 Talem

265 2096 390 2148 rex,
422 2085 545 2140 tam
567 2079 947 2152 petulantem,
971 2083 1093 2136 tam
1115 2094 1419 2151 procacem
1447 2077 1685 2132 horrere
1709 2077 1918 2148 potuit,

269 2187 392 2226 non
424 2185 642 2236 amare,
675 2171 761 2225 An
794 2167 914 2234 illa,
956 2169 1006 2224 si
1056 2185 1171 2226 non
1200 2169 1326 2223 viro
1384 2165 1782 2232 verecundari,
1817 2181 1921 2220 nec

274 2258 472 2331 regios
503 2257 709 2316 saltem
739 2257 920 2314 vereri
951 2256 1240 2329 potuisset
1269 2261 1541 2328 aspectus
1570 2255 1598 2309 ?
1618 2257 1703 2310 An
1734 2253 1920 2321 illam,

271 2347 621 2420 priusquam
654 2363 753 2402 rex
787 2345 1029 2416 videret,
1063 2361 1168 2401 nec
1228 2343 1484 2400 ministri
1543 2343 1671 2414 ejus
1727 2359 1922 2398 arcere

271 2440 592 2509 potuerunt
617 2435 645 2490 ?

348 2525 435 2580 41.
468 2525 616 2597 Ergo
647 2524 697 2586 si
726 2523 836 2587 hoc
858 2539 992 2579 cum
1033 2522 1147 2577 ﬁde
1177 2538 1292 2577 non
1322 2526 1516 2594 potest
1565 2521 1868 2577 convenire
1903 2537 1917 2577 :

272 2629 611 2686 quaeramus
640 2629 770 2684 quae
800 2613 915 2668 ista
968 2611 1046 2667 sit
1100 2611 1276 2678 nuda,
1336 2611 1603 2666 videlicet
1659 2610 1920 2666 humana

270 2700 549 2769 conditio,
582 2699 857 2756 omnibus
886 2697 1253 2758 vestimentis
1302 2702 1472 2754 exuta
1530 2703 1773 2765 naturae,
1822 2715 1918 2754 ca-

269 2807 411 2847 rens
429 2789 646 2853 amictu
659 2787 1141 2855 immortalitatis,
1161 2791 1217 2844 et
1235 2787 1577 2844 innocentiae
1599 2787 1812 2861 spolita
1829 2804 1918 2842 ve-

268 2878 511 2937 lamine.
536 2878 742 2935 Nudus
763 2881 852 2934 est
872 2877 1027 2934 enim
1048 2877 1148 2948 qui
1171 2880 1406 2948 peccato
1429 2877 1684 2932 nudatur
1701 2881 1756 2930 et
1789 2875 1916 2931 cul-

268 2984 367 3040 pa.
385 2966 644 3038 Denique
666 2963 765 3021 ille
783 2964 1010 3037 primus
1030 2965 1214 3021 nostri
1239 2965 1468 3036 generis
1518 2969 1803 3036 peccator,
1830 2968 1914 3019 at-

219 3099 227 3104 -
272 3071 390 3130 que
403 3054 630 3116 utinam
642 3054 1147 3126 solue,antequam
1160 3054 1568 3126 peccaret,nud
1579 3069 1676 3108 um
1696 3069 1757 3109 se
1786 3069 1915 3108 esse

268 3162 391 3202 non
413 3144 635 3210 sensit;
669 3147 1052 3215 posteaquam
1084 3141 1360 3214 peccavit,
1389 3142 1615 3197 nudum
1673 3158 1737 3198 se
1788 3158 1918 3198 esse

1459 341 1850 408 APOLOGIA
1895 343 1994 404 DA
2007 342 2141 405 VID
2189 341 2522 405 ALTERA.

1951 477 2006 544 Α
2037 473 2299 548 Denique
2331 476 2566 533 amabat
2593 475 2768 534 Jesus
2799 475 3081 534 Lazarum
3110 476 3169 532 et
3200 471 3444 533 Mariam
3479 488 3492 532 :
3529 493 3692 534 ama-

1999 1169 2002 1172 ,
2038 1101 2139 1155 bat
2165 1102 2419 1157 Joannes
2449 1101 2508 1156 in
2557 1102 2812 1158 Jordane
2876 1101 3078 1158 dicens
3113 1120 3124 1158 :
3186 1127 3213 1152 ‹‹

3577 339 3694 406 946

2041 563 2142 620 bat
2172 563 2440 621 Christus
2498 565 2811 622 Ecclesiam
2871 584 3062 634 suam,
3125 565 3395 639 quamvis
3447 565 3690 636 nudam,

2038 654 2306 726 quamvis
2337 653 2498 710 nullo
2531 655 2719 710 adhuc
2748 655 3030 711 virtutum
3063 656 3266 712 decore
3296 656 3587 712 vestitam.

2110 745 2194 798 4'2.
2232 743 2488 815 Denique
2522 749 2586 799 ut
2616 744 2872 800 sciamus
2929 745 3239 817 propositae
3299 745 3685 818 disputationi

2043 832 2402 904 Scripturam
2435 833 2645 889 seriem
2677 833 3002 901 convenire,
3035 834 3334 891 discamus
3374 835 3691 892 Ecclesiam

2040 922 2345 988 mundam,
2381 922 2678 978 discamus
2710 928 3087 995 quaerentem,
3119 924 3496 982 festinantem
3529 930 3585 982 et
3615 925 3694 982 1a-

2038 1016 2272 1066 vantem
2307 1029 2368 1066 se
2399 1016 2533 1067 ante
2563 1013 2803 1068 domum
2848 1013 3082 1080 Christi,
3141 1015 3374 1086 quando
3431 1015 3690 1087 baptiza-

3276 1105 3391 1178 Ego
3451 1105 3689 1177 quidem

2039 1189 2265 1261 baptizo
2297 1208 2396 1245 vos
2427 1191 2486 1245 in
2518 1208 2670 1262 aqua
2718 1192 2774 1246 in
2822 1191 3225 1264 paenitentiam
3260 1209 3272 1246 :
3336 1194 3435 1266 qui
3494 1199 3689 1251 autem

2039 1278 2197 1333 venit
2227 1285 2358 1351 post
2389 1297 2502 1346 me,
2538 1281 2741 1336 fortior
2769 1299 2860 1338 me
2893 1286 3000 1348 est,
3035 1283 3204 1352 cujus
3235 1300 3350 1338 non
3411 1301 3544 1339 sum
3601 1285 3688 1341 di-

2037 1383 2189 1439 gnus
2221 1369 2615 1425 calceamenta
2645 1374 2878 1442 portare
2911 1389 2922 1425 :
2955 1371 3078 1442 ipse
3116 1388 3216 1426 vos
3276 1372 3598 1444 baptizabit
3628 1375 3686 1430 in

2036 1455 2250 1528 Spiritu
2283 1462 2484 1514 sancto
2515 1460 2726 1529 (Matth.
2759 1477 2840 1525 III,
2878 1461 2986 1526 11).
3021 1484 3042 1513 ι
3085 1461 3230 1532 Ergo
3262 1463 3495 1534 quando
3553 1463 3690 1535 bap-

2037 1544 2326 1600 tizabatur
2357 1546 2520 1618 plebs
2549 1547 2603 1602 in
2653 1548 3076 1619 paenitentiam,
3137 1549 3433 1606 Christum
3485 1552 3686 1625 utique

2037 1634 2237 1689 domui
2270 1637 2397 1706 ejus
2421 1637 2547 1707 jam
2579 1636 2767 1691 vicina
2797 1639 3114 1709 quaerebat,
3153 1642 3216 1693 ut
3259 1641 3584 1710 perveniret
3613 1643 3683 1698 ad

2035 1723 2304 1794 gratiam.
2340 1724 2641 1787 Quaerebat
2670 1741 2804 1797 ergo
2826 1743 2857 1780 a
2888 1727 3111 1780 Joanne
3143 1727 3444 1783 Christum
3495 1730 3683 1786 Eccle-

2037 1811 2124 1866 sia
2144 1812 2374 1867 dicens:
2401 1836 2427 1861 ‹‹
2456 1813 2756 1868 Annuntia
2773 1814 2914 1868 mihi
2937 1832 3107 1885 quem
3129 1813 3536 1872 dilexitanima
3558 1834 3688 1873 mea

2035 1899 2213 1971 (Cant.
2251 1919 2288 1967 ι,
2319 1903 2374 1971 6)
2412 1919 2424 1967 ;
2461 1925 2486 1950 ››
2521 1901 2715 1975 ipsum
2748 1919 2986 1958 causam
3013 1903 3304 1971 desiderii,
3331 1905 3524 1976 ipsum
3549 1923 3685 1962 cau-

2032 2006 2159 2045 sam
2191 1989 2403 2045 lavacri
2435 1990 2546 2045 sibi
2577 2008 2705 2046 esse
2738 2008 3231 2060 commemorans,
3266 1992 3416 2048 sicut
3465 1995 3644 2050 habes
3671 2011 3682 2048 :

2033 2079 2220 2133 Fusca
2248 2095 2380 2133 sum
2412 2083 2469 2134 et
2497 2080 2724 2146 decora,
2759 2080 2881 2136 ﬁlia
2912 2081 3264 2148 Jerusalem,
3297 2086 3363 2136 ut
3421 2084 3687 2140 taberna-

2030 2166 2161 2222 cula
2190 2166 2393 2236 Cedar,
2431 2171 2493 2223 ut
2524 2167 2702 2240 pelles
2733 2169 3063 2226 Solomonis
3093 2171 3276 2240 (Ibid,
3312 2171 3385 2242 4).
3423 2194 3449 2221 ››
3495 2172 3686 2230 Habes

2031 2272 2267 2311 causam
2303 2274 2420 2328 qua
2462 2258 2683 2314 ratione
2717 2276 2776 2315 se
2833 2259 3027 2316 lavare
3075 2260 3306 2331 gestiat,
3366 2260 3505 2332 quia
3561 2263 3683 2318 tus-

2031 2361 2158 2400 cam
2191 2362 2252 2401 se
2282 2362 2410 2401 esse
2439 2352 2884 2404 commemorat.
2926 2349 3073 2403 Nam
3104 2349 3274 2420 quasi
3299 2349 3681 2424 interroganti

2028 2433 2260 2502 Joanni,
2295 2451 2412 2505 qua
2442 2435 2664 2490 ratione
2685 2436 2849 2507 plebs
2881 2435 3067 2492 multa
3096 2454 3451 2495 concurrens
3503 2440 3682 2513 gesti-

2029 2526 2115 2577 ret
2144 2521 2343 2590 lavari,
2374 2525 2673 2595 respondit
2707 2543 2719 2580 :
2783 2526 2967 2580 Fusca
2999 2543 3129 2582 sum
3163 2531 3220 2581 et
3272 2528 3503 2597 decora,
3563 2529 3683 2584 ﬁlia

2025 2611 2374 2668 Jerusalem.
2411 2635 2439 2661 »
2472 2613 2618 2677 Quia
2647 2617 2754 2681 est,
2789 2612 2967 2668 lavari
3003 2615 3292 2670 desiderat
3332 2633 3344 2682 ;
3387 2615 3526 2688 quia
3582 2617 3682 2672 de-

2028 2715 2161 2755 cora
2192 2703 2300 2767 est,
2333 2700 2514 2758 videri
2545 2701 2702 2756 nuda
2733 2718 2849 2756 non
2881 2701 3110 2757 metuit.
3146 2726 3171 2750 «
3210 2701 3416 2770 Nolite,
3467 2703 3680 2775 inquit,

2027 2788 2284 2860 aspicere
2315 2806 2426 2857 me,
2461 2789 2600 2862 quia
2628 2791 2911 2845 offuscata
2941 2807 3094 2857 sum,
3122 2791 3262 2862 quia
3306 2808 3420 2847 non
3452 2795 3542 2847 est
3599 2793 3684 2847 in-

2025 2877 2210 2933 tuitus
2242 2894 2333 2934 me
2362 2877 2447 2934 sol
2481 2878 2637 2949 (Ibid.
2670 2880 2746 2950 5).
2786 2901 2811 2926 ››
2857 2879 3000 2951 Ergo
3059 2880 3382 2947 fuscamur,
3445 2882 3679 2951 quando

2028 2984 2141 3022 non
2171 2967 2439 3021 videmur
2470 2984 2501 3022 a
2531 2966 2760 3021 Christo
2794 2985 2806 3034 ;
2842 2968 2942 3022 sed
2975 2968 3210 3038 quando
3242 2967 3530 3036 videmur,
3591 2970 3677 3026 al-

2025 3056 2340 3111 bescimus.
2372 3055 2533 3110 Vidit
2575 3072 2709 3127 ergo
2740 3072 2868 3111 eam
2919 3055 3016 3111 ille
3047 3057 3140 3110 cui
3200 3056 3359 3112 nuda
3391 3063 3530 3113 sunt
3560 3075 3680 3114 om"

2024 3143 2142 3210 nia,
2167 3148 2223 3199 et
2254 3145 2484 3200 interna
2516 3144 2765 3216 pectoris
2795 3144 3022 3200 occulta
3052 3161 3180 3200 esse
3213 3163 3326 3202 non
3379 3153 3627 3217 possunt
3659 3164 3672 3202 :

205 3248 208 3250 '
263 3233 416 3290 vidit
445 3249 460 3301 ;
491 3235 548 3288 et
577 3232 708 3288 ideo
738 3231 1053 3304 tegendum
1085 3231 1221 3287 folis
1250 3231 1492 3303 putavit,
1526 3231 1665 3302 quia
1695 3231 1919 3286 nudum
1952 3220 1993 3285 C
2028 3237 2320 3288 scrutator
2351 3238 2438 3288 est
2469 3234 2660 3290 cordis
2690 3237 2745 3288 et
2780 3250 2985 3288 renum
3021 3250 3032 3288 :
3067 3233 3214 3287 nihil
3246 3233 3381 3290 huic
3427 3224 3673 3305 tectum,

268 3340 333 3380 se
365 3337 495 3378 esse
520 3320 808 3393 cognovit.
846 3321 1056 3376 Factus
1087 3323 1175 3376 est
1206 3320 1385 3392 igitur
1417 3319 1512 3374 ille
1543 3319 1653 3397 sibi
1700 3319 1913 3386 nudus,

267 3415 654 3484 posteaquam
685 3409 874 3466 factus
904 3413 994 3466 est
1021 3424 1157 3466 reus
1187 3408 1390 3480 culpae.
1451 3408 1513 3462 In
1546 3406 1644 3462 illo
1701 3409 1919 3463 nudata

267 3504 362 3558 est
390 3499 584 3558 omnis
623 3498 885 3555 humana
915 3497 1192 3564 conditio,
1226 3511 1328 3568 per
1359 3496 1791 3556 successionem
1821 3513 1918 3552 na-

266 3595 416 3652 tura
450 3606 465 3656 ;
495 3603 609 3644 non
641 3587 832 3648 solum
864 3586 1068 3659 culpae,
1101 3586 1202 3642 sed
1234 3586 1410 3642 etiam
1441 3601 1714 3641 aerumnae
1746 3586 1920 3640 obno-

265 3678 384 3735 xia.
417 3677 568 3750 Ergo
598 3675 696 3732 ille
727 3692 789 3732 se
819 3676 1046 3734 nudum
1077 3673 1262 3730 sensit
1291 3678 1349 3730 et
1376 3674 1524 3729 vidit
1555 3692 1567 3729 :
1631 3673 1786 3741 unde
1841 3673 1920 3728 ita

225 3805 228 3808 -
265 3771 362 3824 est
384 3765 578 3830 omnis
605 3768 806 3822 nostra
835 3763 1115 3831 conditio,
1149 3767 1215 3819 ut
1245 3762 1343 3834 qui
1406 3779 1466 3818 se
1517 3762 1743 3817 nudum
1805 3780 1916 3834 pu-

264 3855 500 3920 taverit,
534 3854 761 3910 nudum
793 3857 850 3910 et
879 3853 1072 3909 videat
1103 3857 1159 3908 et
1215 3851 1448 3908 sentiat.
1509 3851 1770 3924 Denique
1820 3851 1918 3923 qui

265 3942 505 4000 divitias
551 3941 930 4014 concupiscit,
988 3941 1184 3997 nudus
1242 3944 1375 3996 est:
1429 3939 1529 4011 qui
1578 3939 1916 4006 contemnit,

263 4031 587 4104 opulentus
616 4035 722 4087 est.
756 4031 912 4087 Adeo
938 4046 1082 4085 suus
1131 4029 1342 4101 cuique
1395 4045 1605 4086 sensus
1659 4046 1922 4084 aerumna

263 4125 380 4188 est,
415 4124 474 4176 et
503 4135 610 4178 sua
638 4119 850 4191 cuique
880 4119 1065 4175 virtus
1095 4132 1300 4190 expers
1347 4117 1574 4189 injuria;
1606 4122 1712 4173 est.
1771 4119 1920 4191 Ergo

267 4208 596 4266 humanam
626 4206 1017 4264 conditionem
1049 4208 1238 4278 primo
1271 4223 1373 4278 per
1400 4206 1588 4278 legem
1621 4206 1735 4261 sibi
1767 4207 1923 4261 Chri-

266 4303 402 4355 stus
435 4298 491 4352 in
529 4298 676 4354 722
707 4296 1048 4368 conjugium
1077 4295 1411 4361 vindicavit,
1445 4311 1622 4366 quam
1655 4294 1924 4366 repudia-

223 4426 226 4428 -
267 4385 352 4442 vit
383 4391 602 4458 postea.
636 4385 797 4441 Unde
827 4389 882 4439 et
914 4384 994 4440 ait
1024 4400 1036 4436 :
1076 4406 1101 4432 ‹‹
1136 4383 1275 4448 Quis
1299 4384 1444 4438 liber
1470 4381 1692 4453 repudii
1719 4382 1922 4437 matris

265 4475 495 4538 vestrae,
531 4488 646 4542 quo
679 4469 875 4526 dimisi
909 4486 1035 4525 eam
1068 4472 1197 4541 (lsa.
1233 4487 1280 4536 L,
1317 4471 1367 4539 1)
1425 4470 1452 4523 ‘2
1485 4493 1511 4517 ››
1573 4473 1688 4524 Hoc
1747 4469 1926 4541 igitur

267 4574 486 4634 genere
506 4560 772 4616 Christus
817 4556 1103 4628 familiam
1162 4575 1333 4614 suam
1392 4557 1611 4614 nudam
1671 4558 1834 4625 vidit,
1870 4563 1925 4614 et
1955 4588 1999 4651 Β

253 4649 534 4706 amavit:
587 4654 744 4704 amat
773 4647 926 4704 enim
988 4651 1254 4704 sanctam
1311 4646 1580 4702 Christus
1639 4647 1919 4703 animam.

215 4863 220 4866 ι
321 4809 458 4881 (20)
483 4809 784 4881 Quidquid
815 4807 969 4863 inter
1002 4823 1194 4876 voces,
1253 4809 1806 4881 exuuiisqdestitata,
1833 4814 1923 4881 Met

269 4878 774 4952 illas,'Qua3reinus
811 4894 936 4952 quae
967 4880 1072 4952 ista
1099 4881 1189 4946 sit,
1242 4878 1631 4952 concluditur,
1663 4879 1720 4934 in
1779 4879 1918 4952 edit.

267 4952 441 5026 Rom.
476 4950 940 5026 praetermisSum
973 4950 1182 5026 fuerat,
1215 4967 1346 5004 cum
1378 4951 1433 5004 in
1467 4950 1597 5007 aliis
1650 4951 1924 5026 omnibus

267 5022 414 5080 edit.
446 5020 504 5078 et
532 5039 680 5078 mss.
714 5022 1018 5086 habeatur.
1071 5020 1307 5077 Illorum
1367 5027 1562 5078 autem
1613 5024 1920 5078 verborum

267 5093 397 5150 loco
427 5093 837 5151 tantummodo
869 5092 1123 5165 reposita
1153 5094 1383 5147 fuerant
1415 5093 1528 5148 ista
1563 5111 1594 5165 εί
1615 5094 1754 5148 Vidit
1797 5111 1922 5162 ergo

267 5165 448 5221 David
477 5166 768 5225 mulierem
824 5164 1038 5219 nudam
1082 5165 1358 5219 lavantem
1412 5181 1486 5219 se.
1547 5164 1922 5220 Manifestum

267 5253 407 5292 vero
439 5241 528 5292 est
557 5240 907 5291 memoratas
943 5233 1127 5292 lineas
1157 5233 1372 5290 idcirco
1405 5235 1583 5290 fuisse
1615 5237 1686 5290 ab
1736 5236 1922 5290 edito-

259 5307 442 5364 iri'bus
474 5307 752 5363 Romanis
784 5311 1095 5371 resecatas,
1136 5323 1209 5361 ne
1238 5305 1451 5361 veritas
1510 5306 1761 5362 historia:
1821 5307 1922 5362 de-

267 5383 615 5435 strueretur.
663 5378 875 5434 Verum
908 5393 1040 5434 cum
1071 5377 1164 5432 hic
1197 5381 1400 5433 auctor
1424 5394 1602 5449 supra
1632 5394 1680 5432 c.
1717 5382 1836 5442 2.,n,
1859 5381 1922 5442 ὃς

221 5483 231 5489 ~
267 5467 320 5505 c.
355 5451 412 5515 3,
445 5467 504 5504 n.
535 5452 592 5516 7,
626 5450 694 5505 15
722 5454 778 5505 et
811 5452 894 5516 16,
929 5465 978 5505 c.
1014 5449 1044 5502 4
1077 5467 1132 5504 ιι.
1164 5451 1256 5515 21,
1288 5456 1417 5504 etc.
1452 5449 1505 5503 5.
1543 5465 1599 5501 n.
1635 5451 1724 5515 31,
1790 5451 1920 5504 facti

266 5521 575 5578 veritatem
633 5520 1095 5594 expressissimis
1153 5519 1344 5594 verbis
1398 5520 1728 5594 astruxerit,
1790 5523 1922 5592 quis

223 5627 230 5631 ς
267 5598 440 5666 putet
468 5609 605 5666 eum
636 5590 1080 5666 inflampaucis
1109 5590 1353 5666 pagellis
1377 5591 1489 5666 sibi
1513 5592 1654 5646 adeo
1678 5590 1924 5663 turpiter

271 5662 671 5722 contradicere
701 5665 728 5719 ?
749 5665 830 5722 Ita
852 5662 1030 5738 igitur
1051 5662 1206 5721 hunc
1230 5662 1424 5719 locum
1446 5662 1920 5736 interpretamur,

2027 3320 2172 3376 nihil
2205 3327 2292 3377 est
2321 3320 2666 3377 involutum.
2699 3322 2856 3377 Vidit
2885 3322 3203 3378 Ecclesiam
3234 3339 3404 3378 suam
3431 3313 3673 3396 nudam,

2026 3414 2083 3466 et
2109 3411 2272 3476 vidit,
2304 3413 2362 3466 et
2391 3410 2628 3466 amavit.
2663 3411 2822 3465 Vidit
2852 3412 3071 3466 nudam
3103 3409 3398 3481 dilectam,
3433 3417 3492 3468 et
3538 3430 3676 3486 qua-

2028 3498 2078 3554 si
2110 3498 2269 3554 ﬁlius
2298 3497 2598 3554 charitatis
2629 3499 2940 3554 adamavit.

2098 3588 2186 3642 43.
2217 3586 2420 3642 Videte
2459 3587 2955 3657 quemadmodum
3011 3588 3224 3657 videat,
3283 3589 3474 3646 videte
3530 3607 3674 3663 quo-

2029 3675 2406 3731 madmodum
2440 3678 2617 3730 vocet.
2651 3675 2777 3730 Non
2808 3674 2902 3730 hic
2921 3675 3190 3731 adulterii
3213 3679 3546 3749 opprobria,
3571 3681 3673 3736 sed

2031 3763 2307 3837 mysteria
2332 3763 2615 3818 castitatis
2647 3768 2804 3817 sunt.
2840 3765 3038 3819 «Tota
3067 3780 3148 3831 es,
3177 3765 3394 3838 inquit,
3421 3768 3676 3824 formosa

2030 3853 2220 3908 amica
2249 3869 2397 3918 mea,
2432 3851 2696 3923 proxima
2727 3867 2874 3920 mea,
2907 3855 2964 3905 et
3008 3852 3383 3921 reprehensio
3414 3871 3531 3910 non
3587 3861 3678 3912 est

2030 3942 2090 3996 in
2123 3946 2197 3997 te.
2231 3941 2382 3996 Ades
2416 3940 2529 3996 huc
2571 3958 2604 3995 a
2635 3939 2875 4006 Libano,
2909 3956 3144 4011 sponsa,
3184 3940 3320 3996 ades
3350 3941 3465 3996 huc
3494 3960 3528 3997 a
3585 3943 3676 3998 Li-

2031 4031 2204 4099 bano,
2248 4028 2528 4085 transibis
2559 4034 2616 4084 et
2658 4027 3044 4100 pertransibis
3105 4045 3138 4083 a
3195 4029 3482 4102 principio
3541 4031 3674 4087 ﬁdei

2031 4120 2213 4187 (Cant.
2252 4137 2323 4172 IV.
2355 4120 2386 4173 7
2419 4121 2494 4188 8).
2532 4140 2558 4166 η
2595 4119 2663 4172 Et
2720 4119 2864 4172 bene
2896 4135 2928 4172 a
2979 4117 3261 4189 principio
3318 4118 3474 4174 ﬁdei.
3527 4121 3675 4194 Ergo

2032 4208 2131 4263 ubi
2167 4209 2338 4262 ﬁdem
2371 4208 2572 4272 habes,
2609 4207 2962 4262 adulterium
3018 4206 3222 4261 timere
3278 4223 3392 4262 non
3451 4209 3626 4265 debes
3661 4227 3674 4276 ;

2033 4297 2177 4352 ﬁdes
2210 4297 2367 4351 enim
2410 4295 2663 4367 conjugii
2722 4299 2830 4361 est,
2865 4297 3025 4349 fraus
3086 4294 3378 4350 adulterii.
3443 4297 3554 4353 Sed
3615 4303 3680 4352 ut

2034 4386 2238 4440 adesse
2270 4383 2453 4455 possit
2473 4402 2505 4438 ἀ
2532 4383 2770 4446 Libano,
2799 4387 2932 4437 ante
2959 4383 3241 4454 praemisit
3264 4383 3465 4440 dicens
3491 4401 3502 4438 :
3529 4408 3555 4435 ‹‹
3579 4386 3679 4442 Ex.

2035 4490 2230 4546 surge,
2261 4474 2412 4542 veni,
2445 4472 2709 4544 proxima
2756 4487 2905 4537 mea,
2941 4471 3196 4526 formosa
3225 4489 3374 4541 mea,
3408 4474 3680 4531 columba

2036 4579 2184 4629 mea,
2220 4562 2473 4633 perfecta
2503 4577 2631 4615 mea
2659 4561 2834 4628 (Cant.
2870 4578 2930 4626 11,
2961 4562 3065 4630 10).
3092 4583 3119 4610 »
3156 4561 3445 4634 Proxima,
3476 4565 3677 4636 utique

2033 4651 2168 4706 ﬁdei
2200 4649 2487 4706 desiderio
2513 4667 2526 4717 ;
2555 4648 2830 4714 formosa,
2857 4649 3061 4704 decore
3078 4649 3310 4706 virtutis
3336 4671 3348 4720 ;
3383 4652 3675 4719 columba,

2033 4817 2096 4866 ut
2127 4807 3105 4891 historiamquidemnequaquam
3129 4814 3324 4891 neget.
3358 4809 3459 4890 sed
3492 4807 3676 4891 multo

2033 4882 2222 4944 magis
2253 4877 2669 4935 attende—udum
2703 4877 2905 4936 doceat
2934 4877 3005 4936 ad
3026 4877 3282 4936 historiae
3310 4877 3590 4944 animam,
3615 4883 3680 4934 ut

2034 4954 2116 5010 sic
2134 4949 2480 5023 loquamur,
2515 4951 2570 5006 id
2601 4955 2708 5021 est,
2742 4952 2813 5023 ad
2847 4951 3153 5023 mysticam
3202 4949 3672 5023 intelligentiam,

2034 5042 2209 5096 quam
2224 5020 2314 5078 'ad
2346 5025 2474 5096 ejus
2499 5040 2733 5096 corpus,
2767 5022 2874 5096 hoc
2911 5020 3020 5096 est,
3052 5020 3678 5096 litteralem_na_rratio-

2035 5091 2189 5151 nem.
2224 5098 2346 5160 Qua
2375 5091 2550 5150 etiam
2584 5091 2805 5150 ratione
2836 5093 2944 5147 loci
2978 5093 3307 5163 complures
3369 5091 3680 5162 ipsiusmet

2031 5167 2324 5222 Ambrosii
2357 5165 2708 5223 conciliandi
2740 5170 2896 5230 sunt,
2934 5168 2997 5218 ut
3040 5168 3176 5235 puta
3205 5163 3303 5235 lib.
3341 5165 3366 5217 Ι
3390 5163 3455 5218 de
3505 5164 3676 5220 Abra-

2035 5239 2162 5294 ham
2191 5256 2314 5311 cap.
2352 5238 2614 5309 ejusdem
2675 5234 3066 5311 numero_§7,_
3125 5238 3180 5311 et
3226 5234 3327 5311 lib.
3374 5235 3440 5289 de
3485 5236 3680 5311 JOSCJth

2035 5311 2186 5364 Patr.
2223 5305 2278 5364 οῖ
2313 5305 2736 5379 '1,'numerus_/i
2773 5323 2905 5379 cum
2938 5305 3069 5360 libri
3102 5305 3368 5376 ejusdem
3423 5323 3549 5379 cap.
3583 5305 3676 5373 30,

2035 5399 2196 5437 num.
2234 5383 2317 5436 1:5.
2357 5386 2495 5433 Item
2528 5377 2628 5433 lib.
2661 5377 2725 5430 de
2758 5378 2915 5432 Tobia
2947 5394 2996 5432 c.
3030 5379 3085 5443 3,
3121 5395 3175 5431 n.
3209 5378 3278 5432 57
3309 5382 3364 5433 et
3390 5377 3510 5445 58,‘
3543 5395 3677 5434 cum

2033 5454 2298 5523 ejusdem
2331 5450 2460 5505 libri
2497 5466 2622 5523 cap.
2656 5452 2708 5513 '2,
2745 5465 2908 5502 num.
2943 5449 3013 5523 7t)
3043 5452 3098 5523 et
3127 5448 3528 5523 sequentibus.
3589 5450 3677 5523 vii.

2034 5519 2188 5580 d'csis
2222 5524 2396 5579 etiam
2431 5520 2791 5592 prmmissam
2814 5537 2846 5575 a
2874 5519 3041 5575 nobis
3074 5519 3506 5577 huic’tractatui
3563 5522 3675 5576 Ad-

2035 5597 2436 5654 monilionem.
