4116 6188
497 355 614 419 947

1959 367 2023 427 S.
2075 365 2448 432 AMBROSII

3774 366 3891 432 948

497 478 686 563 gratia
711 486 979 563 spiritali.
1014 492 1221 551 Pennas
1252 494 1405 553 enim
1437 498 1721 556 columbae
1752 501 2140 575 deargentatae
2172 506 2225 570 Α
2255 502 2568 560 metuenda
2598 504 2756 570 sunt,
2790 501 2886 560 sed
2918 501 3179 578 Optanda
3208 516 3222 572 ;
3253 499 3392 577 quia
3418 500 3665 559 vulnera
3708 502 3887 561 chari-

496 582 771 636 aaternam
804 580 964 638 illam
997 584 1333 656 signiﬁcant
1362 593 1705 659 potestatem
1736 609 1748 655 ;
1782 598 1835 645 et
1860 593 2142 649 columbae

494 667 726 725 volatus
757 672 941 726 sancti
973 673 1227 745 Spiritus
1257 678 1628 746 praesentiam
1658 681 1993 737 declaravit.
2036 683 2145 737 Vo-

448 752 453 761 ’
495 763 590 814 cat
620 758 799 832 igitur
827 762 897 816 ad
931 780 992 817 se
1022 779 1149 818 eam
1181 764 1466 833 Christus,
1504 777 1565 823 ut
1594 770 1786 825 veniat
1818 788 1831 838 ;
1864 773 2143 842 quoniam

495 847 860 919 spiritalibus
885 852 1009 920 jam
1044 853 1246 924 pretiis
1289 856 1488 912 dotata
1541 859 1849 915 veniebat:
1914 883 1942 910 ‹‹
2001 861 2146 925 Quia

498 951 651 1003 ecce,
683 937 894 1009 inquit,
927 940 1118 997 hiems
1149 945 1449 1014 praeteriit,
1480 946 1671 1004 imber
1700 949 1865 1016 abiit,
1925 950 2143 1006 discesr

498 1024 574 1080 sit
602 1026 738 1093 sibi,
770 1027 943 1084 flores
978 1030 1083 1087 visi
1133 1038 1271 1089 sunt
1301 1034 1358 1089 in
1390 1038 1544 1091 terra
1602 1037 1760 1109 (Ibid.
1828 1043 1911 1107 ll,
1972 1040 2079 1112 12).
2116 1062 2145 1090 ››

494 1111 697 1172 Videte
730 1119 765 1172 7
780 1118 881 1174 23
905 1123 1406 1191 quemadmodum
1428 1134 1632 1182 sancta
1661 1127 1937 1186 invitetur
1958 1111 2154 1187 Eccle-

495 1206 601 1261 sia.
636 1230 663 1257 «
698 1208 916 1275 Hiems,
949 1211 1159 1283 inquit,
1185 1214 1453 1271 discessit
1502 1217 1634 1283 sibi,
1671 1242 1699 1269 »
1759 1238 1830 1276 ne
1888 1223 2143 1280 hiemem

495 1296 655 1351 nuda
684 1297 1236 1364 formidet,hiemem
1266 1321 1378 1359 non
1402 1308 1704 1379 temporis,
1727 1311 1825 1365 sed
1845 1311 2149 1367 infirmita-

493 1383 590 1449 tis,
626 1404 752 1457 quae
786 1404 994 1460 agrum
1026 1391 1234 1447 animas
1265 1394 1579 1450 fecundum
1613 1399 1772 1453 omni
1818 1399 1958 1455 ﬂore
2015 1400 2146 1457 des-

494 1474 696 1546 poliat.
721 1476 823 1531 Est
839 1478 995 1533 enim
1024 1479 1215 1537 hiems
1236 1499 1348 1538 non
1394 1486 1607 1541 terreni
1640 1486 1804 1555 solis,
1837 1493 1927 1545 est
1957 1488 2147 1547 hiems

493 1564 982 1636 mentis,quando
1006 1569 1201 1626 animo
1221 1570 1406 1644 frigus
1429 1572 1710 1641 illabitur,
1763 1579 1999 1648 quando
2049 1596 2144 1635 va-

491 1669 600 1725 por
619 1654 801 1710 animi
823 1659 1133 1724 evanescit,
1155 1663 1391 1733 quando
1423 1663 1669 1719 solvitur
1695 1666 1860 1737 vigor
1912 1684 2143 1735 sensus,

493 1744 728 1814 quando
760 1744 978 1801 nimius
1006 1747 1221 1805 humor
1251 1752 1507 1807 exundat
1535 1757 1591 1809 et
1633 1760 1890 1811 mentem
1922 1761 2144 1829 gravat,

492 1832 726 1932 quando
756 1832 999 1941 interim
1036 1837 1289 1941 caligine
1345 1845 1641 1941 aspectus.
1671 1843 1738 1898 Et
1766 1844 1897 1900 ideo
1928 1844 2010 1901 ait
2032 1845 2143 1902 Do-
2176 1875 2222 1941 Β

492 1921 739 1977 minus:
776 1944 803 1972 «
848 1923 1049 1981 Videte
1080 1943 1152 1983 ne
1209 1927 1311 1982 fiat
1368 1928 1509 2001 fuga
1560 1935 1757 1987 vestra
1813 1931 2006 1989 hieme
2052 1933 2142 1990 vel

492 2009 746 2066 Sabbato
777 2012 985 2081 (Matth.
1020 2032 1175 2081 xxrv,
1205 2018 1315 2086 20).
1356 2040 1381 2066 ››
1412 2018 1639 2075 Bonum
1690 2022 1845 2077 enim
1880 2026 1947 2077 ut
2001 2026 2142 2079 tunc

493 2097 619 2153 dies
641 2100 853 2169 judicii
882 2102 966 2157 vel
1002 2105 1208 2160 mortis
1265 2107 1555 2172 adveniat,
1597 2126 1731 2165 cum
1762 2110 1918 2182 viget
1959 2111 2141 2166 animi

495 2185 711 2243 blanda
740 2191 1071 2261 temperies,
1097 2209 1231 2248 cum
1260 2194 1494 2252 cmleste
1534 2198 1876 2270 mysterium
1935 2216 2142 2256 serena

493 2273 624 2331 luce
654 2276 1004 2349 resplendet,
1032 2297 1168 2337 cum
1199 2298 1299 2337 cor
1338 2291 1603 2341 nostrum
1638 2287 1802 2342 ardet
1832 2287 1891 2342 in
1948 2288 2136 2344 nobis.

492 2365 655 2420 Tunc
684 2367 840 2422 enim
872 2368 1140 2427 Christus
1169 2374 1259 2426 est
1308 2389 1581 2442 praesens,
1642 2374 1795 2430 sicut
1849 2379 2141 2432 testantur

489 2451 547 2506 in
582 2454 891 2527 Evangelia
926 2460 1209 2514 Ammaon
1240 2459 1353 2531 (2i)
1384 2465 1439 2517 et
1488 2462 1772 2533 Cleophas
1827 2465 2087 2521 dicentes
2120 2482 2134 2519 :

493 2563 520 2590 «
549 2541 750 2600 Nonne
781 2561 880 2601 cor
912 2552 1176 2604 nostrum
1207 2550 1419 2607 ardens
1451 2556 1576 2606 erat
1603 2551 1663 2607 in
1705 2553 1877 2609 nobis
1906 2553 1964 2608 in
2021 2553 2133 2620 via,

490 2646 623 2686 cum
656 2634 907 2704 aperiret
936 2637 1106 2691 nobis
1138 2638 1471 2709 Scripturas
1529 2642 1681 2707 (Luc.
1744 2657 1897 2712 xxtv,
1927 2643 2018 2715 32)
2048 2642 2077 2698 Τ
2106 2665 2134 2690 »ι

444 2730 455 2737 ‘
489 2718 656 2792 Viget
684 2727 878 2778 autem
912 2724 1147 2782 animus
1202 2728 1436 2798 quando
1461 2729 1638 2785 etiam
1670 2731 1777 2786 flos
1806 2730 2038 2787 videtur
2075 2730 2134 2786 in

486 2809 678 2864 terris.
713 2809 853 2873 Quis
884 2816 974 2867 est
1003 2814 1112 2869 iste
1145 2814 1251 2870 ﬂos
1282 2816 1417 2872 boni
1450 2817 1668 2882 odoris,
1715 2818 1827 2874 nisi
1885 2818 1982 2875 ille
2034 2818 2134 2892 qui

488 2895 635 2951 dixit
665 2914 679 2951 :
715 2921 743 2947 ‹‹
776 2900 895 2972 Ego
926 2901 1036 2957 flos
1066 2904 1344 2975 campi,et
1375 2904 1566 2961 lilium
1589 2907 1940 2964 convallium
1972 2907 2135 2978 (Cant

489 3000 551 3048 ιι,
582 2985 635 3056 l)
663 2986 691 3041 Ἰ
718 3008 746 3036 ››
783 2993 858 3043 De
886 3006 1002 3061 quo
1032 2995 1089 3046 et
1111 2991 1167 3046 in
1204 2992 1347 3047 Isaia
1379 2993 1660 3064 scriptum
1694 2999 1783 3051 est
1815 3012 1828 3051 :
1861 3018 1889 3045 «
1920 2997 1989 3052 Et
2016 2997 2134 3053 exi-

492 3076 551 3127 et
578 3074 742 3145 virga
770 3076 841 3132 de
872 3079 1066 3134 radice
1095 3078 1279 3146 Jesse,
1313 3086 1371 3135 et
1398 3081 1560 3152 virga
1589 3099 1657 3138 ex
1684 3083 1875 3140 radice
1932 3101 2132 3141 ascen-

490 3160 588 3217 det
612 3163 725 3235 (22)
755 3170 815 3221 et
844 3167 949 3223 flos
980 3184 1047 3222 ex
1077 3169 1235 3239 virga
1277 3169 1426 3225 exiet
1455 3172 1581 3242 (Isa.
1641 3189 1716 3234 xu,
1751 3174 1824 3237 1).
1860 3195 1888 3221 ι»
1949 3172 2133 3229 Radix

2252 590 2392 647 tatis
2423 594 2561 647 sunt
2593 609 2606 660 ;
2641 593 2795 648 sicut
2819 591 2948 664 ipsa
2975 592 3119 649 dicit
3149 592 3261 664 (2t)
3293 610 3306 648 ε
3344 616 3366 643 ι
3403 590 3727 649 Vulnerata
3767 592 3888 649 cha-

2255 681 2426 737 ritate
2458 698 2563 754 ego
2594 697 2726 738 sum
2758 682 2918 753 (Ibid.
2951 684 3026 750 8).
3064 703 3092 730 υ
3119 686 3277 737 Bona
3304 680 3611 737 eharitatis
3638 681 3884 738 vulnera.

2255 769 2519 841 Denique
2550 770 2779 826 utiliora
2813 770 3053 826 vulnera
3098 770 3291 835 amici,
3343 785 3524 843 quam
3576 769 3887 827 voluntaria

2256 857 2458 915 oscula
2488 858 2732 914 inimici.

2886 947 3123 1004 CAPUT
3163 948 3258 1004 IX.

2255 1035 2511 1110 Eamdem
2546 1038 2852 1110 materiam
2907 1039 3273 1110 prosequitur,
3329 1035 3675 1110 ostenditun
3716 1037 3887 1093 Eccle-

2323 1108 2467 1163 sium
2526 1108 2759 1175 Christo,
2808 1106 2920 1180 qui“
2957 1106 3192 1165 vela—tam
3234 1106 3591 1180 Synagogani
3639 1106 3887 1180 despuu-

2326 1180 2442 1233 rit?
2470 1182 2674 1235 nudam
2699 1178 2987 1252 pleruisse,
3032 1182 3158 1252 tum
3179 1178 3421 1252 ejusdem
3456 1178 3538 1252 ’ad
3591 1178 3778 1252 illuni,
3804 1181 3887 1234 in-

2329 1251 2666 1321 quirendum
2698 1250 2950 1306 ardorem
3006 1250 3261 1307 describit
3291 1268 3310 1305 :
3370 1266 3437 1305 ac
3487 1250 3707 1306 demum
3763 1251 3887 1321 legis

2325 1323 2648 1378 solutionem
2704 1325 2765 1377 in
2823 1324 2972 1380 Uria?
3052 1339 3180 1379 necs
3260 1321 3650 1377 adumbratam
3726 1322 3887 1394 arpli-

2328 1396 2434 1447 cat.

2328 1483 2414 1538 45.
2452 1482 2656 1538 Merito
2695 1499 2831 1555 ergo
2863 1483 3044 1551 nuda,
3105 1480 3241 1554 quia
3296 1479 3547 1554 pallium
3602 1481 3888 1553 perdidit:

2257 1575 2359 1627 aut
2378 1570 2646 1627 fortassis
2693 1571 2820 1627 ideo
2853 1571 3032 1636 nuda,
3091 1569 3230 1643 quia
3280 1585 3734 1641 nonnumquam
3792 1570 3891 1625 vir-

2255 1660 2401 1717 tutis
2428 1665 2517 1716 est
2545 1663 2811 1733 opertum
2843 1677 2961 1717 non
2992 1659 3205 1716 habere
3231 1664 3461 1731 pectus,
3509 1674 3610 1714 cor
3641 1675 3756 1714 non
3810 1658 3893 1714 ha-

2256 1749 2392 1805 bere
2422 1748 2699 1805 velatum.
2734 1748 2997 1821 Denique
3026 1746 3275 1803 velatam
3307 1745 3494 1816 illam,
3527 1745 3641 1803 hoc
3667 1750 3779 1812 est,
3808 1747 3898 1821 Sy-

2257 1854 2567 1911 nagogam,
2601 1854 2729 1910 quia
2761 1837 3015 1893 habebat
3040 1835 3303 1893 velamen
3343 1834 3403 1890 in
3436 1833 3689 1891 lectione
3744 1835 3897 1893 Vete-

2253 1927 2335 1983 ris
2364 1926 2746 1993 Testamenti,
2779 1927 2934 1998 quod
2969 1926 3142 1982 modo
3186 1922 3499 1990 revelatur,
3532 1924 3817 1997 quoniam
3844 1925 3898 1979 in

2250 2016 2479 2073 Christo
2510 2020 2822 2072 evacuatur
2870 2016 2943 2088 (11
2969 2015 3089 2072 Cor.
3149 2030 3238 2080 ιιι,
3291 2014 3380 2081 13,
3446 2014 3579 2084 14);
3632 2012 3899 2079 velatant,

2250 2104 2516 2177 inquam,
2559 2105 2929 2178 Synagogam
2987 2102 3257 2159 Christus
3311 2101 3582 2174 despexit
3642 2105 3703 2157 et
3760 2102 3902 2159 124

2249 2192 2466 2265 sprevit
2496 2210 2510 2248 :
2547 2195 2704 2249 unde
2732 2192 3025 2265 hodieque
3055 2189 3319 2247 velamen
3345 2206 3527 2262 super
3554 2206 3660 2246 cor
3689 2190 3905 2247 Judae-

2249 2298 2381 2338 rum
2422 2285 2511 2339 est
2538 2282 2818 2354 positum.
2853 2283 2925 2336 At
2968 2296 3104 2337 vero
3132 2295 3203 2336 ea
3230 2296 3356 2357 quas
3415 2284 3540 2336 tota
3579 2279 3657 2335 ad
3720 2280 3903 2335 Domi-

2249 2388 2393 2427 num
2420 2376 2614 2427 mente
2637 2369 2994 2427 convertitur
3025 2369 3157 2442 (25),
3189 2367 3347 2424 nuda
3376 2372 3468 2424 est
3515 2368 3698 2441 atque
3758 2384 3903 2441 pers-

2246 2460 2439 2531 picua.
2475 2460 2621 2516 Cum
2651 2460 2809 2515 enim
2841 2459 2977 2532 quis
3007 2474 3323 2515 conversus
3352 2456 3530 2513 fuerit
3577 2458 3652 2513 ad
3712 2457 3896 2514 Domi-

2247 2565 2413 2613 num,
2446 2547 2709 2604 velamen
2736 2547 3037 2604 auferetur
3069 2564 3083 2616 ;
3118 2550 3183 2602 ut
3226 2545 3474 2619 gloriam
3534 2545 3640 2602 Dei
3698 2563 3899 2620 specu-

2245 2635 2436 2696 lantes
2463 2638 2657 2694 videre
2687 2636 3008 2711 possimus.
3041 2634 3302 2708 Denique
3357 2633 3537 2691 etiam
3594 2634 3738 2691 alibi
3796 2652 3896 2691 nu-

2244 2727 2382 2782 dam
2414 2743 2542 2782 esse
2570 2726 2803 2782 virtutis
2832 2724 3119 2781 indicium
3150 2728 3259 2793 est,
3292 2724 3433 2795 quia
3460 2723 3755 2795 scriptum
3783 2728 3896 2781 est:

2246 2837 2274 2866 ‹‹
2309 2814 2453 2871 Exui
2482 2813 2743 2870 tunicam
2799 2830 3015 2881 meam,
3056 2812 3350 2885 quomodo
3406 2811 3657 2867 induam
3716 2811 3900 2867 eam?

2245 2903 2383 2959 Lavi
2413 2904 2588 2976 pedes
2617 2919 2802 2970 meos,
2836 2902 3132 2973 quomodo
3163 2899 3484 2972 inquinabo
3520 2898 3658 2956 illos
3712 2899 3895 2971 (Cant.

2242 2991 2489 3059 V,3)?s

2315 3081 2402 3136 46.
2437 3082 2621 3147 Quam
2655 3079 2834 3152 igitur
2861 3078 3124 3135 tunicam
3171 3075 3421 3145 exuerit,
3451 3079 3512 3132 et
3568 3092 3688 3133 non
3749 3078 3901 3133 inve-

2243 3168 2396 3224 nerit
2424 3169 2921 3241 quemadmodum
2955 3167 3164 3223 induat
3217 3183 3372 3236 eam,
3431 3165 3504 3221 de
3558 3166 3897 3238 Scriptor-is,

489 3249 695 3322 utique
724 3253 947 3309 familia
991 3254 1327 3312 Judazorum
1386 3239 1493 3325 est,
1547 3258 1713 3332 virga
1766 3260 1968 3328 Maria,
2027 3261 2135 3319 ﬂos
2166 3239 2208 3306 (ἶ
2247 3257 2297 3313 si
2328 3239 2662 3327 possumus,
2691 3255 3034 3312 revolemus.
3070 3255 3170 3310 Est
3199 3253 3359 3310 enim
3392 3253 3672 3325 quaedam
3705 3254 3898 3310 tunica

489 3336 683 3392 Mariae
714 3339 1002 3407 Christus,
1037 3344 1134 3413 qui
1164 3346 1399 3416 quando
1456 3352 1658 3403 nostra
1713 3349 2044 3421 resplendet
2072 3350 2131 3405 in

489 3428 664 3493 terra,
687 3431 743 3483 et
773 3428 831 3483 in
878 3446 1018 3500 agro
1048 3432 1257 3489 anima:
1315 3435 1556 3501 redolet,
1614 3435 1703 3492 vel
1762 3438 1820 3493 in
1878 3438 2136 3494 Ecclesia

487 3529 595 3569 sua
622 3522 841 3581 vernat,
876 3534 980 3573 nec
1009 3519 1190 3592 frigus
1222 3540 1539 3594 possumus
1569 3527 1794 3592 timere,
1845 3543 1949 3583 nec
2002 3526 2131 3599 plu-

485 3601 638 3658 viam
678 3606 882 3677 vereri,
914 3608 1014 3664 sed
1046 3616 1380 3683 exspectare
1401 3612 1610 3685 judicii
1643 3614 1818 3671 diem.

556 3692 644 3746 44.
676 3689 750 3749 Et
777 3692 905 3750 ideo
936 3696 1193 3755 Ecclesia
1223 3705 1288 3755 ut
1316 3700 1474 3757 hunc
1504 3702 1706 3759 florem
1735 3703 1973 3770 videret,
2006 3721 2129 3761 om-

486 3778 543 3832 ni
575 3781 771 3837 studio
816 3784 1150 3851 festinabat,
1182 3788 1337 3843 sicut
1392 3789 1520 3862 ipsa
1576 3795 1823 3847 testatur
1880 3792 2127 3848 dicens:

488 3864 522 3916 (ι’
556 3867 616 3922 In
680 3871 879 3937 cubili,
919 3871 979 3927 in
1047 3876 1318 3932 noctibus
1384 3878 1623 3949 quaesivi
1690 3897 1862 3952 quem
1931 3879 2131 3936 dilexit

484 3956 683 4013 anima
712 3976 841 4016 mea
875 3978 886 4017 :
922 3964 1159 4032 quaesivi
1192 3982 1349 4032 eum,
1383 3972 1439 4022 et
1488 3984 1604 4025 non
1632 3969 1823 4024 inveni
1862 3988 1875 4024 :
1933 3970 2131 4024 vocavi

485 4060 642 4107 eum,
674 4052 731 4103 et
762 4066 877 4104 non
920 4053 1211 4108 exaudivit
1244 4071 1353 4108 me.
1414 4056 1736 4128 Exsurgam
1795 4058 2016 4129 Itaque,
2076 4063 2133 4113 et

482 4131 734 4191 introibo
760 4137 817 4192 in
846 4138 1109 4206 domum,
1139 4140 1198 4196 in
1230 4141 1443 4206 forum,
1473 4148 1530 4198 et
1561 4144 1801 4216 plateas,
1858 4152 1916 4201 et
1970 4162 2127 4217 qua»

484 4240 610 4279 ram
638 4242 810 4296 quem
844 4226 1047 4283 dilexit
1077 4229 1275 4285 anima
1303 4247 1449 4286 mea.
1485 4233 1753 4298 Quaesivi,
1785 4239 1843 4289 et
1887 4250 2003 4290 non
2035 4234 2128 4289 in-

483 4313 613 4365 veni
644 4326 778 4369 eum
808 4314 990 4382 (Cant.
1027 4332 1110 4384 ιιι,
1144 4323 1264 4387 1)...
1322 4320 1674 4377 Invenerunt
1704 4339 1797 4378 me
1853 4322 2128 4378 custodes

486 4399 588 4469 qui
619 4400 987 4457 circumeunt
1015 4405 1310 4463 civitatem
1367 4410 1500 4478 (23),
1563 4426 1655 4465 me
1686 4415 2126 4481 percusserunt,

486 4492 546 4540 et
574 4486 834 4543 tulerunt
864 4489 1105 4560 pallium
1142 4510 1175 4548 a
1206 4512 1297 4550 me
1327 4496 1505 4566 (Cant.
1564 4515 1619 4558 v.
1677 4501 1755 4571 7).
1818 4521 1846 4549 »
1904 4499 2128 4556 Videtis

2244 3345 2563 3418 corporalis
2595 3362 2608 3400 :
2643 3349 2785 3401 sunt
2814 3343 3205 3417 cupiditatum
3236 3342 3510 3414 quaedam
3540 3342 3768 3398 intexta
3809 3358 3896 3397 ve-

2241 3432 2463 3490 lamina
2494 3453 2507 3502 ;
2540 3439 2597 3489 et
2626 3433 2755 3490 ideo
2788 3432 3082 3489 interdum
3114 3430 3329 3487 melius
3356 3435 3446 3486 est
3475 3430 3711 3486 nudum
3766 3444 3892 3486 esse

2241 3539 2503 3597 corpore,
2536 3538 2714 3595 quam
2748 3522 2922 3578 corde
2951 3519 3227 3577 velatum.
3262 3518 3428 3575 Unde
3454 3517 3638 3575 etiam
3680 3517 3893 3574 Paulus

2242 3627 2349 3667 nos
2377 3611 2654 3668 admonet
2680 3608 2989 3683 exspoliari
3023 3607 3208 3664 multo
3253 3621 3384 3663 esse
3441 3605 3660 3662 melius
3719 3621 3892 3678 quam

2240 3697 2640 3772 supervestiri,
2681 3698 2883 3755 dicens
2914 3697 3091 3755 etiam
3149 3694 3290 3751 alibi
3328 3711 3342 3750 :
3402 3718 3429 3744 ‹‹
3495 3693 3893 3768 Exspoliantes

2240 3804 2341 3844 vos
2372 3793 2621 3844 veterem
2653 3787 2949 3844 hominem
2993 3802 3131 3843 cum
3187 3783 3416 3841 actibus
3473 3783 3625 3853 suis,
3668 3784 3893 3839 lnduite

2242 3893 2455 3933 novum
2487 3876 2584 3948 qui
2619 3880 2932 3932 renovatur
2958 3873 3016 3929 in
3050 3871 3376 3946 agnitione,
3398 3871 3736 3928 secundum
3759 3872 3893 3927 ima—

2238 3966 2435 4037 ginem
2468 3966 2597 4036 ejus
2622 3963 2723 4036 qui
2752 3963 2965 4020 creavit
2993 3979 3129 4018 eum
3172 3960 3399 4029 (Colon.
3432 3976 3517 4027 ιιι,
3575 3960 3632 4025 9,
3697 3958 3807 4027 10).
3866 3982 3893 4007 ι

2240 4054 2388 4125 Ergo
2418 4070 2544 4126 quae
2574 4051 2893 4125 exspoliata
2922 4056 3030 4118 est,
3064 4054 3121 4106 et
3147 4049 3326 4122 pedes
3355 4047 3507 4104 lotos
3549 4046 3737 4104 habet
3768 4066 3784 4115 ;
3839 4051 3895 4102 et

2237 4142 2368 4198 ideo
2398 4159 2525 4214 quae
2568 4141 2727 4210 lavit,
2788 4140 2975 4195 nescit
3029 4136 3535 4211 quemadmodum
3595 4135 3893 4208 inquinari

2239 4231 2484 4303 possint.
2516 4229 2894 4286 Obliviscitur
2922 4227 3076 4284 enim
3108 4242 3209 4299 per
3234 4225 3512 4298 gratiam,
3545 4225 3711 4296 quod
3750 4225 3891 4281 hau-

2238 4324 2396 4375 serat
2420 4335 2522 4391 per
2549 4322 2841 4374 naturam.
2885 4315 3134 4388 Magnus
3174 4312 3358 4386 igitur
3387 4311 3483 4368 hic
3539 4317 3635 4368 est
3686 4312 3890 4384 justus

2237 4425 2403 4463 amor
2468 4405 2731 4463 mulieris
2805 4410 2943 4461 ante
3014 4402 3196 4459 David
3266 4400 3488 4474 regiam
3552 4415 3619 4457 se
3688 4399 3893 4458 lavan-

2238 4498 2335 4553 tis.

486 4576 984 4668 quemadmodum
1024 4587 1244 4651 quaerat
1273 4600 1448 4655 quem
1506 4586 1801 4643 desiderat
1846 4586 2128 4654 invenire,
2161 4606 2205 4668 υ
2308 4587 2396 4642 47.
2426 4585 2642 4641 Verum
2672 4599 2786 4638 non
2819 4580 3010 4638 solum
3042 4579 3201 4646 lavit,
3232 4578 3335 4636 sed
3380 4577 3562 4635 etiam
3622 4576 3893 4668 vocati};

487 4666 695 4720 utnon
733 4665 939 4723 timeat
990 4668 1303 4726 vulnerari.
1360 4673 1469 4728 Sed
1532 4674 1653 4730 haec
1712 4674 1958 4733 vulnera
2014 4693 2128 4733 non

555 4826 677 4905 (‘21)
700 4828 887 4885 Codex
906 4830 1105 4905 Torn_._,
1138 4832 1244 4905 duo
1269 4834 1556 4905 dissipati,
1589 4834 1689 4891 alii
1721 4851 1786 4891 ac
1829 4837 1968 4894 edit.
2003 4854 2127 4894 om-

485 4914 616 4984 nes,
642 4901 904 4984 Animaon
933 4909 986 4984 et
1021 4902 1303 4984 Clem/ias.
1335 4901 1429 4960 Sic
1484 4906 1660 4984 etiam
1716 4914 2133 4984 nuncupantur

484 4970 556 5050 ab
579 4971 897 5050 ambrosio
927 4978 1055 5027 tum
1086 4970 1246 5041 alibi,
1276 4978 1402 5030 tum
1434 4976 1686 5050 maxime
1720 4979 1778 5033 in
1805 4970 2127 5050 Comment,

484 5043 543 5121 in
572 5046 778 5121 Evang.
813 5045 994 5112 Lucae,
1028 5061 1153 5116 cap.
1185 5062 1337 5111 xxuv,
1378 5048 1517 5119 quia
1545 5049 1618 5103 de
1647 5065 1707 5104 re
1765 5048 1994 5121 plenius
2021 5043 2130 5107 ibi;

482 5113 616 5168 dem
646 5115 1027 5171 disseremus.

470 5245 473 5247 _
556 5186 869 5262 (22)}1011).
905 5188 1042 5262 edit.
1074 5205 1208 5243 cum
1244 5205 1385 5245 mss.
1420 5189 1662 5262 aliquot,
1686 5190 1751 5246 de
1782 5196 1965 5250 radice
2016 5195 2128 5250 les-

484 5260 769 5334 ge_,_*_e_t,ﬂos
798 5258 864 5334 de
892 5259 1076 5334 radice
1103 5261 1220 5332 ejus
1267 5258 1535 5334 ascendat,
1568 5281 1695 5334 quae
1754 5261 1921 5322 lectio
1952 5264 2129 5322 etiam

443 5325 624 5403 “LXX
670 5325 1001 5403 'et___Vulg.
1068 5325 1426 5403 auctoritate
1517 5325 1918 5392 confirmatur.
1997 5337 2126 5391 Era.

486 5399 703 5519 (amen,
744 5400 875 5456 Gill.
919 5399 977 5457 et
1024 5402 1226 5474 plures
1278 5423 1422 5460 mss.
1466 5406 1683 5461 habent
1749 5414 1813 5463 ut
1881 5409 1935 5462 in
2009 5411 2129 5463 tex-

515 5483 569 5522 ll.

557 5538 667 5609 (23)
701 5541 782 5595 lta
812 5559 1215 5622 mss._omnes,
1265 5553 1441 5622 atque
1496 5550 1632 5606 edit.
1694 5552 1827 5621 Era,
1887 5554 1943 5605 et
1996 5548 2129 5604 Gill.

485 5624 632 5692 rem.
664 5618 1515 5692 vero,_et_circuibofaetidam.
1573 5623 1740 5679 Certe
1795 5618 1943 5677 hanc
2001 5622 2130 5692 ejus

484 5679 788 5739 lectionem
818 5686 958 5740 LXX
988 5692 1161 5759 atque
1192 5690 1358 5764 Vulg.
1412 5694 1741 5760 stabiliunt,
1775 5711 1808 5749 a
1852 5710 1971 5765 qua
2026 5679 2132 5749 nec

2237 4679 2303 4731 ut
2332 4675 2392 4730 in
2422 4674 2624 4731 eodem
2657 4669 2991 4743 accepimus
3020 4669 3191 4735 libro,
3242 4668 3476 4724 dicente
3530 4672 3747 4723 sancta
3796 4664 3893 4720 ευ.

2239 4835 2495 4891 multum
2525 4831 2742 4889 recedit
2769 4830 3121 4887 Ambrosius
3152 4827 3257 4884 lib.
3288 4825 3356 4883 de
3384 4828 3537 4883 Isaac
3584 4833 3639 4883 et
3694 4827 3895 4882 Anima

2239 4923 2364 4979 cap.
2400 4908 2456 4975 ὃ,
2488 4921 2653 4960 nuru.
2685 4904 2773 4974 38,
2809 4902 2906 4958 ubi
2939 4901 3138 4971 habet,
3167 4907 3219 4956 et
3271 4912 3530 4972 quamam
3584 4899 3645 4952 in
3706 4898 3897 4952 εἰδέω.

2240 4982 2310 5033 te.

2294 5049 2421 5173 (24)
2451 5048 2545 5103 Sic
2577 5045 2741 5129 Rom.
2777 5044 2914 5100 edit.
2943 5049 3001 5099 et
3030 5059 3173 5099 mss.
3207 5040 3480 5122 aliquot;
3513 5039 3649 5121 Era,
3683 5040 3896 5120 vendet

2240 5120 2307 5193 Ci
2335 5119 2375 5173 l.
2408 5135 2541 5174 cum
2573 5116 2863 5193 a_lns_cod.
2899 5131 3078 5170 manu
3104 5117 3374 5193 exaratis,
3404 5121 3556 5193 sicut
3583 5125 3703 5182 ipse

2244 5191 2535 5246 Vuliwruta
2565 5189 2852 5244 charitatis
2881 5202 2976 5258 ego
3006 5202 3145 5241 sum.
3181 5182 3376 5258 Minus
3406 5182 3579 5248 bene,
3601 5179 3745 5236 eum
3776 5179 3894 5235 hoc

2240 5261 2505 5317 Ecclesim
2539 5259 2714 5314 tribui
2751 5253 3130 5314 manifestum
3164 5253 3258 5311 sit.

2312 5334 2425 5406 (25)
2456 5331 2610 5406 Edit.
2644 5331 2982 5406 Era._atque
3012 5327 3167 5406 Gill.,
3199 5326 3266 5381 At
3287 5339 3415 5406 neno
3440 5335 3743 5406 eainng

2239 5393 2628 5460 ad‘Do'minum
2658 5404 2836 5457 mente
2856 5393 3205 5463 convertitur,
3237 5404 3299 5451 ut
3325 5396 3571 5467 gloriam
3586 5393 3691 5449 Dei
3704 5405 3895 5467 spequ-

2241 5477 2416 5531 lantes
2440 5475 2625 5531 videre
2648 5474 2941 5545 possimus,
2976 5461 3223 5526 Christus
3250 5461 3482 5545 εειὶσιξρὶς
3502 5473 3672 5545 atque
3686 5461 3894 5545 φυκί’

2239 5550 2426 5603 ctitur.
2458 5548 2528 5602 At
2557 5536 2725 5601 Rom.
2753 5543 2889 5599 edit.
2925 5536 2981 5598 et
3022 5557 3163 5598 mss.
3195 5538 3321 5595 cod.
3383 5536 3610 5593 habent
3663 5538 3735 5590 ut
3788 5546 3899 5587 nos

2240 5634 2441 5691 supra.
