4116 6188
228 352 348 423 949

1410 346 1808 423 nomen
1858 352 2101 420 DAVID
2150 360 2488 426 ALTERA.

3545 358 3666 432 950

235 489 451 549 clesia:
482 512 512 543 «
542 488 714 558 Veni,
747 473 927 550 frater
952 507 1139 563 meus,
1170 493 1511 551 exeaminus
1550 496 1609 548 in
1668 492 1897 564 agrum,
1928 490 1985 557 Α
2016 498 2285 552 mortuus
2317 497 2489 554 fuerit
2518 496 2622 565 vir,
2653 493 2845 554 soluta
2886 500 2978 555 est
3035 512 3069 557 a
3097 493 3226 572 leg.
3273 496 3438 556 virie.
3480 500 3666 574 Igitur

228 582 674 656 requiescamus
704 582 767 639 in
807 582 1080 651 castellis,
1143 581 1404 639 diluculo
1462 596 1780 655 surgamus
1838 578 1896 634 in

225 671 450 737 vineas,
478 672 787 729 videamus
817 672 865 728 si
899 671 1095 728 ﬂoruit
1123 671 1259 726 vitis
1281 672 1461 741 (Cant.
1491 689 1589 740 vn,
1615 671 1702 739 Η,
1734 668 1843 739 42).
1872 690 1899 717 ››

226 761 353 818 Non
382 760 577 817 solum
598 761 783 833 igitur
812 761 983 829 lavat,
1016 762 1117 817 sed
1153 762 1333 817 etiam
1365 761 1665 817 Christum
1707 760 1776 815 ad
1839 773 1902 813 se

226 850 429 906 venire
461 853 845 923 provocatet
908 849 1117 905 invitat
1173 851 1418 907 dicens:
1488 869 1510 899 α
1565 849 1696 906 Tibi
1745 846 1901 903 dabo

229 938 414 995 ubera
463 955 596 995 mea
626 939 785 1010 (Ibid.
812 939 851 1010 ).
886 960 914 988 »
945 938 1060 995 Nec
1089 956 1201 996 sua
1253 944 1509 1007 tantum,
1561 939 1663 995 sed
1718 937 1900 994 etiam

227 1044 378 1084 nova
409 1044 477 1083 ac
505 1031 724 1094 vetera,
757 1026 1080 1099 pollicetur,
1111 1028 1267 1084 sicut
1299 1029 1521 1085 habes:
1573 1051 1600 1079 ‹‹
1635 1029 1792 1085 Nova
1843 1014 1903 1079 εί

221 1120 437 1182 vetera,
498 1116 682 1172 frater
739 1132 927 1185 meus,
987 1118 1209 1173 servavi
1268 1117 1378 1173 tibi
1408 1118 1574 1187 (Ibid.
1612 1118 1721 1189 13).
1761 1138 1788 1165 ››
1830 1115 1901 1186 Et

219 1207 388 1277 quasi
425 1204 649 1261 amoris
680 1204 993 1278 impatiens
1026 1207 1235 1278 quaerit
1285 1206 1723 1263 adminiculum
1792 1203 1897 1259 ali-

217 1294 412 1366 cujus,
446 1311 482 1350 a
541 1310 658 1366 quo
690 1293 957 1351 Christus
1005 1300 1241 1368 rogetur
1294 1299 1363 1350 ut
1422 1295 1632 1352 veniat.
1692 1294 1898 1349 Videte

222 1387 600 1449 aestuantem,
635 1382 824 1439 videte
879 1382 1359 1439 desiderantem:
1422 1408 1448 1433 ‹‹
1511 1384 1652 1449 Quis
1708 1382 1893 1462 dabit,

224 1471 439 1545 inquit,
470 1476 546 1540 te,
594 1471 773 1527 frater
829 1487 1015 1537 meus,
1077 1471 1398 1529 laetantem
1460 1472 1638 1528 ubera
1692 1471 1896 1527 matris

227 1577 367 1617 mea:
401 1560 583 1632 (Cant.
616 1578 736 1629 νιιι,
771 1560 826 1632 αΙ)
847 1560 874 1615 ?
897 1583 923 1610 »
954 1561 1026 1616 Et
1046 1578 1162 1633 qua
1194 1562 1673 1635 rationequaerat,
1695 1566 1750 1618 et
1772 1578 1891 1633 qua

228 1649 413 1723 gratia
472 1648 697 1720 invitet,
755 1653 813 1705 ct
868 1651 1368 1721 quemadmodum
1428 1651 1615 1723 possit
1674 1656 1892 1731 tenere,

233 1740 631 1795 demonstrat:
675 1739 1172 1810 quemadmodum
1213 1739 1358 1796 foris
1413 1743 1741 1796 morantem
1797 1756 1892 1795 ex-

2012 583 2239 642 vivente
2272 587 2411 656 viro,
2443 588 2742 644 vocabitur
2785 586 3073 657 adultera,
3128 587 3179 644 si
3228 589 3436 661 juncta
3491 588 3667 646 fuerit

2011 670 2178 729 alteri
2204 675 2363 732 viro:
2397 676 2444 733 si
2476 681 2670 733 autem
2713 681 2982 735 mortuus
3034 677 3210 734 fuerit
3266 677 3355 733 vir
3410 678 3557 750 ejus,
3589 677 3666 734 li-

2011 762 2213 820 bcrata
2241 770 2330 821 est
2358 783 2391 822 a
2422 765 2548 839 lege
2578 766 2683 821 viri
2720 785 2733 823 :
2770 766 2853 822 ita
2883 772 2948 823 ut
2986 784 3103 824 non
3163 765 3240 823 sit
3296 767 3555 824 adultera
3614 768 3664 825 si

2011 849 2187 909 fuerit
2215 870 2347 909 cum
2381 853 2492 910 alio
2522 854 2666 910 viro.
2702 856 2847 928 Ergo
2905 873 3021 911 non
3080 854 3347 911 adultera
3392 856 3664 913 humanae

2013 941 2331 998 conditioni
2365 944 2500 1016 (2.7),
2535 961 2662 1016 quae
2694 943 2830 1000 licet
2874 945 2984 1001 sub
3038 944 3166 1017 lege
3214 944 3408 1013 fuerit,
3466 949 3664 1002 tamen

2010 1029 2227 1087 abolita
2258 1032 2692 1104 quodammodo
2719 1034 3089 1090 observantia
3117 1033 3283 1106 legis,
3324 1033 3383 1088 in
3414 1034 3665 1106 gratiam

2008 1119 2301 1176 vindicata
2329 1126 2434 1177 est.

2084 1211 2166 1264 l9.
2232 1209 2400 1283 Legis
2452 1213 2647 1267 autem
2706 1212 3138 1268 observantiam
3199 1229 3314 1267 non
3397 1211 3665 1269 Christus

2009 1297 2276 1355 abolevit.
2335 1298 2497 1354 Unde
2523 1304 2580 1356 et
2610 1299 2805 1357 Uriam
2864 1317 2979 1356 non
3036 1300 3215 1355 David
3273 1300 3504 1370 occidit,
3559 1299 3662 1356 sed

2008 1388 2194 1442 occidi
2227 1405 2260 1443 a
2289 1387 2674 1444 bellatoribus
2708 1406 2920 1461 passus
2962 1392 3050 1445 est
3069 1408 3087 1444 :
3146 1388 3252 1444 hoc
3308 1395 3418 1461 est,
3468 1388 3665 1461 profa-

2007 1475 2133 1531 nari
2167 1476 2347 1531 ritum
2378 1477 2756 1533 observantia:
2816 1477 3035 1550 cxlcge
3064 1478 3369 1545 venientis,
3428 1495 3531 1551 per
3581 1477 3667 1532 in-

2004 1564 2337 1621 cursionem
2383 1565 2772 1622 Barbar‘orum
2802 1569 2858 1622 et
2878 1566 3270 1639 captivitatem
3322 1568 3664 1625 Judazorum

2004 1669 2216 1724 passus
2242 1656 2330 1708 est
2360 1653 2649 1709 Christus.
2678 1654 2942 1726 Denique
2972 1654 3162 1720 Urias,
3194 1654 3292 1710 lux
3323 1672 3451 1712 mea
3515 1654 3661 1711 dici-

2001 1745 2117 1807 tur,
2152 1758 2280 1813 quae
2333 1746 2526 1797 autem
2583 1742 2802 1798 Christi
2849 1742 2968 1809 lux,
3004 1742 3116 1798 nisi
3147 1743 3239 1799 lex
3290 1748 3346 1800 et
3401 1745 3659 1816 Evange-

233 1826 763 1928 spectct,-os‘t.endit
792 1844 805 1883 :
834 1830 891 1882 et
906 1831 983 1928 'ut
1015 1828 1285 1928 domum.
1305 1845 1494 1928 suam.
1522 1828 1894 1928 ingrediatur
1921 1863 1969 1928 B
2002 1828 2150 1928 lium
2178 1829 2206 1884 ‘P
2226 1852 2254 1928 (ξ
2290 1829 2350 1886 Si
2381 1830 2537 1928 enim
2593 1830 2908 1928 crederetis
2957 1831 3175 1928 .M'oysi,
3236 1832 3552 1928 crederetis
3604 1835 3664 1928 et

233 1915 505 1989 implorat
546 1915 781 1970 dicens:
814 1938 842 1965 «
905 1914 1214 1971 luveniens
1270 1919 1327 1971 te
1388 1916 1531 1973 foris
1579 1916 1894 1972 osculabor

230 2009 306 2072 te,
335 2020 635 2061 assumam
662 2007 740 2071 te,
776 2008 833 2060 et
862 2004 1155 2061 adducam
1187 2010 1242 2061 te
1281 2004 1341 2059 in
1392 2006 1633 2061 domum
1682 2005 1890 2061 matris

235 2110 391 2163 mem,
420 2097 478 2149 et
502 2092 561 2148 in
593 2096 882 2149 secretum
938 2093 1069 2165 ejus
1100 2110 1228 2165 quae
1279 2095 1546 2166 concepit
1573 2110 1667 2150 me
1726 2094 1887 2164 (Ibid.

233 2183 306 2255 2).
337 2172 514 2238 Vides
533 2181 1034 2253 quemadmodum
1070 2182 1229 2238 nuda
1260 2183 1359 2249 sit,
1392 2199 1519 2254 quae
1552 2199 1668 2238 non
1700 2187 1892 2254 potest

232 2274 446 2328 tectum
477 2269 694 2325 habere
725 2270 1393 2327 secretumintemcrataa
1424 2272 1629 2343 utique
1644 2275 1888 2339 naturas,

234 2363 515 2417 secretum
591 2357 809 2415 intima:
862 2359 1253 2429 conscientiae,
1321 2378 1438 2416 non
1513 2360 1888 2433 designatum

234 2448 428 2521 aliqua
455 2447 782 2504 temeritate
807 2446 1102 2504 vitiorum.
1156 2448 1370 2504 Hortus
1429 2448 1590 2505 enim
1648 2446 1889 2503 clausus

234 2544 322 2593 est
348 2536 608 2593 Ecclesia
637 2539 860 2604 sancta,
892 2541 950 2593 et
979 2537 1373 2593 immaculata
1401 2536 1730 2610 virginitas,
1762 2552 1890 2607 quas

234 2626 363 2682 ideo
390 2625 541 2682 hanc
572 2624 823 2698 gratiam
856 2629 1125 2681 meretur
1154 2625 1448 2695 aChristo,
1483 2625 1623 2698 quia
1642 2624 1888 2681 verbum

234 2713 333 2770 Dei
363 2713 649 2786 quaesivit,
672 2713 1043 2782 desideravit,
1075 2714 1313 2780 invenit,
1374 2712 1702 2786 advigilans
1757 2716 1890 2768 ante

237 2803 383 2858 ostia
412 2802 732 2876 sapientiae,
765 2802 917 2858 sicut
950 2802 1079 2873 ipsa
1107 2802 1279 2858 dicit:
1316 2826 1342 2851 ‹‹
1388 2803 1599 2859 Beatus
1646 2801 1734 2857 vir
1788 2801 1889 2872 qui

237 2891 482 2948 audierit
520 2906 632 2959 me,
670 2894 728 2948 et
757 2890 934 2946 homo
966 2890 1066 2964 qui
1121 2891 1245 2947 vias
1302 2908 1463 2948 meas
1522 2889 1886 2956 custodierit,

237 2979 557 3053 advigilans
587 2979 734 3037 meis
766 2979 933 3035 ostiis
967 2979 1249 3051 quotidie,
1299 2980 1636 3036 custodiens
1692 2982 1890 3049 postes

239 3068 351 3124 mei
404 3067 695 3126 introitus.
753 3068 957 3124 Exitus
1039 3069 1176 3135 mei,
1265 3069 1477 3138 exitus,
1558 3071 1699 3124 sunt
1762 3067 1889 3121 vitae

236 3156 420 3227 (Prov.
453 3173 568 3224 VIII,
601 3158 694 3224 34,
716 3157 828 3225 35).
864 3179 892 3207 ››

1999 1918 2184 1973 mihi:
2219 1918 2291 1974 de
2323 1935 2415 1975 me
2447 1918 2601 1974 enim
2636 1918 2734 1974 ille
2760 1919 3207 1991 scripsitann.
3234 1936 3287 1986 v,
3318 1919 3429 1991 46).
3454 1941 3483 1968 ››
3515 1919 3665 1987 Quia

1999 2007 2100 2061 lux
2156 2005 2375 2062 Christi
2432 2006 2491 2061 in
2552 2005 2678 2078 lege
2735 2006 3053 2078 praecessit,
3116 2009 3287 2079 cujus
3344 2014 3546 2079 postea
3602 2008 3662 2064 in

1999 2096 2294 2167 Evangelii
2324 2094 2513 2169 gratia
2541 2093 2710 2167 quasi
2741 2094 2801 2151 in
2850 2095 3200 2168 heptamyxo
3271 2095 3480 2169 spiritu
3528 2096 3660 2152 uni-

1997 2201 2168 2240 versa
2195 2185 2308 2255 (28)
2343 2183 2552 2239 mundi
2584 2182 2768 2255 hujus
2808 2182 3092 2255 implevit.
3153 2183 3298 2240 Hinc
3350 2200 3485 2257 ergo
3543 2185 3661 2259 legi

1999 2289 2234 2328 carnem
2292 2271 2535 2328 sustulit
2590 2271 2680 2327 vel
2736 2271 3057 2329 Ecclesium
3118 2277 3176 2328 et
3231 2273 3343 2328 sibi
3407 2274 3657 2345 junxit:

2000 2363 2171 2431 cujus
2220 2361 2365 2432 legis
2422 2359 2621 2415 lumen
2710 2360 2965 2432 populus
3028 2360 3259 2417 hostilis
3335 2361 3656 2430 imminuit,

2000 2450 2234 2523 quando
2267 2448 2410 2522 legis
2440 2452 2646 2504 sancta
2675 2448 2931 2505 violavit.
2992 2449 3314 2506 Imminuta
3370 2467 3507 2525 ergo
3555 2452 3660 2509 lux

2000 2537 2101 2593 Dei
2132 2542 2221 2593 est
2249 2537 2308 2591 in
2339 2536 2553 2609 populo
2581 2537 2939 2603 Judaeorum,
2963 2538 3103 2609 quia
3135 2538 3366 2595 caecitas
3394 2554 3462 2594 ex
3490 2545 3659 2610 parte

1998 2626 2058 2682 in
2092 2625 2267 2681 Israel
2299 2625 2560 2698 contigit,
2591 2626 2773 2681 donec
2798 2625 3097 2696 plenitudo
3156 2627 3422 2699 gentium
3468 2627 3656 2686 intra-

2000 2722 2104 2783 ret,
2140 2720 2195 2771 et
2224 2714 2307 2770 sic
2337 2714 2530 2769 omnis
2561 2713 2738 2770 Israel
2768 2712 2965 2770 salvus
2995 2715 3179 2771 ﬁeret.

2663 2819 2893 2875 CAPUT
2921 2819 2986 2874 Χ.
3394 2878 3397 2881 ,

2004 2913 2275 2967 Renovato
2304 2909 2620 2972 attentione,
2654 2906 3207 2980 altiusgmysterium
3264 2910 3325 2963 in
3376 2907 3654 2966 adulterio

2071 2981 2323 3037 Davidico
2336 2979 2802 3044 latens,nimirum
2829 2979 3055 3034 Verbum
3072 2980 3252 3035 divini
3269 2995 3391 3035 cum
3403 2979 3656 3036 humana

2068 3056 2271 3109 natura
2290 3051 2725 3121 conjunctionem
2742 3052 3034 3105 scrutatur.

2068 3161 2158 3214 50.
2221 3159 2499 3228 Superest
2554 3155 2744 3211 adhuc
2806 3159 2863 3211 et
2921 3159 3197 3228 quartum
3277 3153 3650 3228 mysterium,

233 3301 242 3308 ,
310 3245 397 3300 48.
428 3245 518 3301 Sic
546 3243 816 3301 Ecclesiae
875 3262 994 3301 suae
1049 3245 1315 3302 Christus
1366 3246 1619 3317 speciem
1674 3259 1885 3299 concu-
1919 3227 1962 3293 Ο
2001 3249 2177 3321 quod,
2203 3227 2423 3318 quasso,
2447 3227 3004 3317 placidisaccipiatis
3026 3244 3290 3312 auribus,
3315 3227 3372 3300 et
3387 3247 3647 3301 mentem

240 3333 384 3406 pivit
406 3338 462 3389 et
491 3333 712 3406 paravit
753 3332 865 3390 sibi
922 3351 1050 3390 eam
1104 3350 1341 3389 uxorem
1374 3335 1720 3390 adsciscere.
1772 3332 1884 3388 Sed
1995 3340 2274 3398 nostram,
2317 3349 2430 3387 non
2455 3334 2632 3389 verba
2661 3333 2966 3403 pendetis;
3002 3350 3115 3389 non
3147 3333 3305 3389 enim
3356 3332 3416 3387 in
3466 3333 3646 3391 verbo

241 3421 380 3494 quia
407 3426 531 3478 erat
559 3422 668 3478 sub
701 3423 827 3495 lege
853 3423 990 3493 (sub
1020 3422 1147 3495 lege
1178 3422 1334 3479 enim
1363 3421 1882 3489 Petrus,Joannes.

248 3509 395 3566 125
423 3510 735 3583 caeterique
760 3510 1063 3583 apostolici
1092 3511 1243 3582 viri),
1304 3511 1467 3582 prius
1524 3526 1632 3565 nos
1690 3509 1885 3563 obser-

242 3599 448 3653 vantiae
502 3598 821 3672 corporalis
876 3598 1129 3654 vinculis
1211 3598 1557 3655 relaxandos
1643 3594 1883 3668 putavit.

244 3687 515 3753 Quamvis
544 3687 699 3743 enim
730 3685 822 3744 lex
845 3687 1138 3761 religiosa,
1172 3686 1257 3743 lcx
1297 3688 1471 3757 iusta,
1533 3686 1689 3743 sicut
1741 3682 1888 3738 Uria:

244 3791 490 3848 persona
513 3776 831 3845 inducitur,
873 3777 975 3848 qui
1032 3780 1153 3830 tam
1212 3774 1520 3848 religiosus
1577 3778 1636 3830 et
1691 3776 1890 3827 castus

245 3864 376 3931 iuit,
407 3868 471 3919 ut
499 3880 799 3937 regressus
828 3881 859 3921 e
889 3863 1042 3920 bello
1076 3880 1316 3920 uxorem
1347 3881 1461 3920 non
1516 3876 1890 3935 recognosce-

247 3956 354 4020 ret,
388 3969 490 4009 nec
512 3953 757 4009 intraret
802 3953 875 4009 ad
924 3969 1094 4019 eam;
1156 3957 1351 4010 tamen
1409 3953 1548 4025 quia
1604 3949 1771 4007 Urias
1831 3949 1891 4002 in

245 4041 450 4107 David,
474 4041 583 4097 hoc
610 4046 722 4108 est,
751 4041 872 4097 viro
903 4040 1138 4108 humili,
1170 4041 1442 4115 ecpulam
1473 4038 1740 4114 cognovit
1790 4038 1891 4092 Ec-

246 4128 435 4186 clesiae
490 4131 624 4201 (26),
652 4139 691 4185 ‘a
743 4135 1060 4204 Synagogze
1119 4130 1534 4201 conjunctione
1567 4127 1892 4192 discedens,

244 4217 440 4275 locum
472 4218 683 4275 futuris
714 4219 938 4291 nuptiis
969 4219 1335 4291 preparavit.
1368 4218 1531 4273 Unde
1557 4222 1612 4273 et
1639 4216 1896 4271 Joannes

247 4311 453 4379 typum
482 4307 702 4379 accepit
730 4306 898 4380 legis,
931 4305 1030 4378 qui
1081 4306 1350 4378 quamvis
1401 4309 1556 4361 esset
1614 4320 1682 4358 ex
1715 4302 1897 4357 Patri-

247 4396 384 4461 bus,
424 4395 616 4466 parari
645 4394 769 4450 vias
799 4393 1032 4451 Domini
1064 4394 1356 4449 nuntiavit
1383 4399 1440 4448 et
1488 4390 1751 4448 Ecclesia:
1797 4407 1897 4446 co-

249 4481 450 4556 pulam
509 4482 925 4555 prophetebat:
988 4486 1047 4536 et
1109 4482 1237 4536 ideo
1296 4481 1525 4537 occisus
1578 4477 1899 4545 inducitur,

1997 3428 2086 3481 est
2114 3438 2360 3494 regnum
2397 3422 2514 3490 Dei,
2548 3422 2646 3476 sed
2681 3420 2740 3475 in
2771 3421 2999 3479 virtute.
3024 3420 3392 3479 Adulterium
3424 3420 3646 3478 factum

1999 3518 2109 3579 est,
2140 3515 2197 3565 et
2226 3507 2611 3563 homicidium
2646 3508 2887 3563 factum.
2918 3510 3035 3567 Hoc
3073 3515 3163 3567 est
3208 3509 3366 3583 quod
3422 3508 3648 3568 dictum

2000 3604 2089 3656 est
2140 3598 2211 3653 ad
2237 3595 2581 3668 prophetam
2607 3611 2620 3650 :
2646 3618 2673 3643 ‹‹
2702 3600 2877 3651 Sume
2926 3598 3030 3653 tibi
3058 3597 3334 3655 baculum
3363 3597 3647 3656 nucinam

1999 3689 2216 3761 (Jerem.
2246 3702 2286 3754 ι,
2318 3682 2419 3752 ll).
2454 3705 2480 3733 »
2517 3684 2584 3738 Et
2612 3681 2751 3737 alibi
2781 3683 3006 3756 virgam
3056 3685 3333 3741 nucinam
3371 3684 3646 3759 legimus,

2002 3793 2104 3849 per
2134 3788 2311 3847 quam
2358 3770 2749 3843 intelligimus
2771 3771 2874 3840 jus
2904 3773 3198 3843 quoddam
3238 3775 3297 3828 et
3350 3788 3648 3831 summam

2004 3862 2343 3936 prophetiae,
2377 3876 2504 3931 quae
2540 3874 2701 3914 more
2732 3859 2901 3915 nucis
2933 3859 3076 3916 foris
3105 3875 3307 3915 amara
3334 3858 3395 3913 in
3439 3862 3652 3918 cortice

2003 3953 2149 4009 dura
2169 3952 2228 4005 in
2256 3949 2448 4004 medio
2481 3951 2648 4013 testa,
2673 3950 2871 4003 tenera
2899 3946 3060 4002 intus
3088 3952 3177 4003 est
3221 3948 3279 4001 et
3333 3944 3648 4003 fructuosa.

2004 4040 2127 4097 Etsi
2158 4036 2420 4113 igiturin
2465 4033 2710 4091 historia
2766 4036 3056 4091 amariora
3100 4032 3340 4100 auditio,
3398 4033 3460 4090 in
3516 4038 3652 4107 typo

2006 4130 2154 4185 dura
2182 4124 2575 4199 cognoscitis;
2601 4128 2834 4195 sperate
2862 4129 3058 4181 tamen
3088 4124 3149 4179 in
3201 4122 3477 4194 mysterio
3534 4123 3654 4179 fru-
3727 4126 3732 4131 ’

2007 4223 2230 4274 ctuosa.
2262 4212 2652 4278 Adulterium,
2687 4211 2954 4282 inquam,
2994 4210 3056 4267 in
3096 4215 3233 4283 typo
3267 4210 3419 4267 720
3449 4209 3658 4267 salutis

2008 4310 2097 4363 est
2126 4307 2380 4360 fructum
2407 4318 2418 4357 :
2455 4318 2571 4356 non
2602 4299 2758 4355 enim
2800 4298 3152 4355 adulterium
3166 4314 3338 4355 omne
3371 4299 3657 4355 damnan-

2010 4396 2153 4451 dum
2201 4396 2308 4446 est.
2374 4388 2632 4459 Denique
2678 4386 2750 4441 ad
2809 4387 3161 4459 Prophetam
3244 4386 3470 4443 dictum
3539 4389 3656 4442 est:

2021 4503 2046 4536 α
2086 4481 2262 4547 Vade,
2311 4477 2507 4549 accipe
2538 4476 2640 4530 tibi
2694 4491 2935 4531 uxorem
3010 4473 3381 4532 fornicariam
3439 4474 3659 4547 (Oseei,

249 4576 319 4627 ut
374 4570 662 4627 defectum
710 4570 982 4644 legitimae
1048 4568 1471 4625 observationis
1546 4566 1895 4622 ostenderet.
1934 4589 1976 4654 υ
2008 4572 2084 4642 2).
2115 4592 2142 4620 »
2175 4564 2594 4654 Dominushoc
2622 4563 2792 4632 jubet
2822 4579 2956 4654 cum
2988 4580 3055 4620 ea
3085 4581 3213 4654 quae
3243 4563 3527 4654 fornicata
3547 4562 3665 4618 fue-

250 4657 543 4716 Lexenim
573 4662 633 4715 et
661 4659 953 4732 prophetae
1012 4674 1199 4729 usque
1257 4658 1328 4713 ad
1387 4658 1690 4713 Joannem.
1749 4655 1899 4726 Ergo
1935 4651 1964 4654 ”
2010 4660 2105 4724 rit,
2161 4670 2289 4711 esse
2345 4652 2725 4723 conjugium:
2795 4653 2968 4723 cujus
3027 4651 3307 4725 conjugii,
3367 4656 3432 4707 ut
3487 4665 3666 4720 supra

244 4748 374 4818 jam
407 4746 571 4804 Urius
639 4748 869 4804 occisus
898 4750 987 4803 est
1017 4747 1074 4801 in
1106 4750 1240 4819 typo
1271 4746 1434 4818 legis,
1487 4749 1551 4800 ut
1598 4745 1904 4815 Synagoga

250 4835 402 4909 legis
447 4835 675 4908 laqueis
725 4836 1063 4903 solveretur,
1099 4835 1377 4907 quoniam
1435 4851 1562 4905 quae
1619 4832 1729 4887 sub
1782 4831 1904 4885 viro

253 4930 350 4981 est
377 4923 609 4991 mulier,
640 4922 853 4980 viventi
885 4923 1040 4989 viro,
1068 4922 1247 4997 ligata
1293 4929 1382 4979 est
1426 4921 1576 4993 legi;
1610 4921 1657 4976 si
1709 4925 1905 4975 autem

330 5038 442 5109 (26)
475 5039 559 5093 Ita
583 5038 719 5094 edit.
745 5054 969 5106 omnes,
1002 5053 1067 5093 ac
1098 5038 1263 5110 pauci
1285 5054 1441 5110 _rr=ss.
1474 5035 1661 5091 Codex
1708 5036 1908 5110 Torm,

258 5107 446 5165 tamen
476 5111 573 5165 ubi
604 5111 735 5167 Uria
765 5111 1065 5179 interfecto,
1098 5107 1315 5173 'David,
1373 5109 1468 5164 hoc
1506 5111 1625 5179 est,
1668 5108 1754 5159 vir
1810 5107 1911 5157 hu-

258 5181 412 5236 milis
466 5182 715 5252 copulam
767 5176 1019 5252 cognovit
1084 5180 1387 5252 Ecclesiae,
1435 5176 1659 5252 Theod._
1731 5178 1915 5229 tamen

261 5252 363 5307 ubi
390 5247 723 5326 veriLDapid,
757 5247 857 5308 hoc
893 5254 991 5326 est,
1018 5282 1019 5285 η
1050 5252 1159 5305 viri
1214 5251 1443 5326 humilis
1501 5247 1912 5326 c0pu_lum"co-

295 5324 449 5377 uouit
494 5316 751 5378 Ecclesia.
843 5321 954 5375 Alii
980 5316 1497 5392 quatuor,’tamen
1557 5316 1682 5392 'ubi
1756 5316 1920 5392 Urius

306 5393 460 5459 avid,
489 5395 586 5449 hoc
612 5397 710 5459 est,
747 5394 854 5448 viri
876 5387 1106 5448 hum—itis
1134 5391 1385 5463 copulam
1429 5389 1695 5459 cognovit,
1748 5387 1922 5441 Eccle-

259 5466 387 5529 siae,
416 5467 525 5519 etc.

338 5526 456 5607 (27)
520 5534 686 5590 Rom.
772 5533 947 5601 Edit.,
1023 5533 1277 5607 adultera
1333 5526 1925 5607 humanumcoudilio;

2013 4746 2268 4803 diximus
2300 4742 2496 4811 (Supra
2545 4756 2665 4811 cup.
2723 4740 2778 4806 9,
2843 4739 3006 4812 hujus
3063 4742 3264 4812 libri),
3314 4743 3518 4811 partus
3576 4738 3668 4791 est

2014 4834 2298 4891 Christus.
2362 4828 2627 4898 Namque
2683 4827 2800 4883 filio
2848 4829 2950 4900 qui
3002 4845 3069 4884 ex
3118 4826 3499 4883 fornicatione
3580 4838 3665 4886 es,

2017 4915 2542 4983 natus,aDomino
2575 4931 2785 4997 nomen
2848 4916 3188 4986 impositum
3237 4917 3326 4968 est
3380 4908 3670 4967 Jezrahelt

2020 5038 2189 5108 ligas.
2223 5029 2687 5108 Rursusibidem
2717 5030 2861 5108 edit.
2889 5030 3017 5108 Era.
3051 5032 3108 5084 et
3138 5043 3280 5083 mss.
3311 5026 3447 5108 duo,
3491 5029 3673 5108 tumori

2016 5095 2181 5165 obtz'ta
2240 5102 2477 5170 esttegis
2506 5100 2894 5172 quodammodo
2941 5101 3131 5170 (mss,
3186 5095 3661 5168 quemadmodum)

2024 5175 2369 5248 observantia
2400 5174 2532 5248 legis
2561 5174 2621 5226 in
2651 5173 2911 5248 gratimﬂ’
2939 5174 3047 5225 etc‘
3116 5236 3219 5248 ~---
3282 5237 3292 5247 -
3559 5234 3572 5248 '

2099 5247 2208 5321 (28)
2231 5245 2372 5300 Mss.
2406 5236 2817 5321 aliquotfedit.
2850 5241 2995 5321 Era.
3015 5256 3081 5294 ac
3111 5236 3245 5321 Cill.
3273 5237 3338 5321 in
3386 5236 3674 5321 margine,

2030 5323 2086 5375 in
2103 5308 2445 5390 ‘hcjitamyxo
2475 5308 2780 5390 capti/armi
2829 5311 3182 5390 spirit_u._A_t
3233 5308 3549 5390 glossema;
3564 5308 3670 5390 est.

2028 5391 2153 5446 Non
2182 5375 2431 5443 dubium
2495 5375 2688 5451 autem
2745 5375 2885 5451 quin
2935 5375 3266 5451 alludatur'
3288 5379 3358 5434 ad
3408 5375 3676 5451 candela-

2033 5462 2204 5518 brum
2238 5455 2445 5512 veteris
2473 5452 2640 5524 legis,
2672 5450 2730 5504 in
2762 5449 2875 5524 quo
2924 5454 3088 5524 erant
3126 5449 3373 5524 lucernae
3430 5450 3676 5524 septem,

2037 5532 2254 5605 quibus
2286 5518 2639 5597 septiformis
2670 5518 2858 5594 gratia
2908 5520 3091 5575 sancti
3122 5520 3376 5592 Spiritus
3415 5518 3682 5591 deeigna-

264 5600 397 5662 aliaa
426 5599 555 5662 duae
585 5622 650 5662 ac
699 5622 843 5661 mss.
875 5599 1102 5673 omnes,
1159 5603 1419 5673 humanae
1437 5599 1781 5673 coudz'tioni;_
1825 5614 1930 5673 nec
2039 5599 2228 5660 tiatur.

265 5676 447 5747 male,
483 5677 531 5733 si
560 5694 762 5735 vocem
794 5677 1065 5746 adultera,
1090 5669 1170 5732 de
1202 5672 1459 5732 Ecclesia
1488 5671 1706 5729 dictam
1768 5669 1932 5727 intel-
