4116 6188
505 248 618 314 931

1967 248 2032 305 S.
2083 243 2470 310 AMBROSH

505 380 660 454 quod
692 374 888 436 divina
917 379 1003 444 est
1031 376 1348 449 generatio.
1381 375 1441 434 Si
1471 392 1608 450 ergo
1657 376 1752 450 pia
1782 374 1883 433 illa
1947 375 2154 452 copula
2186 380 2230 448 Α
2267 375 2463 444 Jesus,
2495 373 2646 434 sicut
2672 373 2925 445 Judaaos,
2955 370 3180 449 perisse
3199 369 3547 449 aparvuioset
3589 371 3832 446 informes,

502 467 842 537 fornicariaa,
876 467 1049 523 etiam
1093 468 1206 524 ista
1237 467 1439 539 utique
1495 467 1590 540 pia
1641 467 1936 524 societatis
1985 467 2152 523 adul-

498 562 633 614 terae
667 557 872 629 copula
918 561 1023 613 est.
1057 557 1167 612 Sed
1201 556 1303 612 illa
1361 559 1430 612 de
1489 557 1727 612 Judaeis.
1789 558 1867 612 De
1943 557 2154 612 divinis

497 654 693 705 autem
727 664 840 703 non
886 647 1089 713 audeo,
1145 646 1280 701 licet
1331 647 1518 719 pium,
1551 646 1903 702 adulterium
1967 646 2153 701 nomi-

497 755 661 811 nare,
694 755 767 794 ne
798 753 969 809 quem
1016 737 1102 791 vel
1129 753 1310 792 sonus
1344 737 1633 792 sermonis
1696 736 1975 802 offendat,
2023 735 2158 790 licet

501 846 711 885 sensus
749 825 1134 883 venerationis
1168 827 1225 880 in
1282 829 1556 898 promptu
1590 827 1701 880 sit:
1763 827 1918 897 quod
1967 827 2158 897 potest

502 921 698 973 tamen
730 914 961 970 cautius
992 914 1127 982 dici,
1162 915 1267 970 etsi
1302 931 1414 970 non
1454 914 1810 986 expressius,
1844 931 1912 969 ex
1957 913 2156 985 dispa-

500 1005 664 1061 ribus
694 1003 921 1077 copulis
952 1004 1401 1059 contubernium
1434 1004 1595 1075 pium
1617 1003 1854 1074 factum
1886 1006 1996 1068 est,
2023 1018 2158 1058 cum

499 1094 757 1151 Verbum
790 1110 923 1149 caro
957 1094 1174 1149 factum
1207 1097 1315 1148 est.
1350 1092 1473 1147 Non
1509 1095 1648 1146 sunt
1677 1091 1833 1146 enim
1888 1090 2153 1163 legitima

503 1184 795 1241 consortia
852 1182 1176 1237 divinitatis
1237 1187 1293 1237 et
1349 1181 1574 1235 carnis:
1630 1197 1733 1236 nec
1793 1184 1857 1234 ut
1903 1180 2158 1251 quodam

503 1274 714 1329 foedere
755 1271 1110 1327 conveniunt
1139 1274 1378 1336 naturze,
1414 1287 1545 1325 caro
1604 1270 1812 1324 animae
1870 1273 1926 1323 et
1964 1267 2164 1322 anima

505 1361 684 1429 carni,
745 1361 826 1416 ita
885 1361 1059 1415 etiam
1105 1359 1380 1414 divinitas
1430 1363 1486 1414 et
1543 1375 1674 1414 caro
1720 1357 1870 1429 justi
1929 1373 2169 1426 servant

505 1449 938 1526 quodammodo
972 1449 1121 1504 thori
1148 1449 1355 1520 legem.
1391 1447 1662 1519 Suscepit
1692 1463 1928 1502 carnem
1986 1445 2164 1515 Deus,

502 1541 828 1612 assumpsit
857 1539 1140 1604 animam,
1173 1554 1276 1610 per
1309 1536 1650 1592 inusitatam
1683 1552 1787 1591 nec
1838 1535 2164 1608 legitimam

509 1628 974 1687 incarnationem
1009 1627 1368 1683 consortium
1402 1626 1539 1681 fecit
1568 1641 1698 1681 esse
1728 1623 2077 1696 legitimum,
2102 1625 2168 1677 ut

517 1721 594 1778 sit
617 1725 768 1776 Deus
800 1717 998 1773 omnia
1028 1716 1087 1771 in
1112 1716 1408 1772 omnibus.

575 1811 665 1865 51.
691 1807 949 1878 Denique
971 1809 1033 1860 ut
1066 1805 1218 1860 scias
1241 1820 1368 1859 esse
1394 1802 1760 1874 mysterium,
1787 1802 2168 1873 interpretare

514 1895 814 1954 vocabula.
877 1894 1056 1950 David
1119 1892 1276 1948 enim
1333 1891 1548 1962 accipis
1627 1891 1683 1945 in
1734 1894 1868 1963 typo
1927 1888 2167 1967 Christi,

509 1987 828 2044 Bethsabee
856 1984 978 2039 lilia
1012 1981 1273 2048 Sabbati,
1317 1984 1383 2035 ut
1411 1979 1531 2035 filia
1563 1979 1752 2052 plena,
1810 1977 1898 2034 vel
1954 1981 2168 2050 puteus

508 2077 721 2132 dicitur
748 2071 1095 2130 Juramenti.
1131 2070 1278 2136 Quid
1333 2069 1515 2142 igitur
1571 2066 1928 2139 expressius,
1986 2080 2164 2137 quam

506 2164 661 2236 quod
709 2161 830 2216 ﬁlia
885 2159 1127 2216 Sabbati
1183 2175 1318 2214 caro
1379 2156 1595 2213 Christi
1620 2161 1751 2212 est:
1814 2155 1955 2227 quia
2008 2153 2168 2209 misit

503 2252 660 2309 Deus
683 2249 892 2306 Filium
925 2266 1100 2305 suum
1134 2248 1354 2303 factum
1404 2263 1472 2302 ex
1498 2244 1766 2309 muliere,
1805 2246 2020 2298 laetum
2054 2243 2163 2298 sub

501 2340 627 2413 lege
655 2339 683 2394 7
710 2339 926 2394 Eadem
959 2337 1152 2410 plena,
1187 2336 1326 2407 quia
1357 2335 1414 2390 in
1448 2335 1722 2407 passione
1745 2335 1875 2404 ejus
1904 2330 2048 2404 legis
2077 2335 2165 2386 est

499 2428 824 2502 plenitudo,
855 2427 944 2482 vel
1005 2426 1145 2498 quia
1177 2424 1349 2496 plena
1401 2423 1590 2496 gratia
1647 2422 1903 2495 Spiritus
1953 2419 2160 2477 sancti.

497 2519 673 2575 Jesus
704 2516 860 2572 enim
893 2515 1100 2588 plenus
1134 2513 1354 2585 Spiritu
1391 2516 1592 2568 sancto
1630 2526 1935 2586 regressus
1985 2513 2075 2565 est
2128 2526 2164 2565 a

497 2607 772 2664 Jordane.
796 2605 1010 2661 Eadem
1043 2603 1220 2660 etiam
1252 2606 1466 2674 puteus
1496 2601 1846 2668 Juramenti,
1881 2599 1990 2654 hoc
2049 2601 2158 2663 est,

501 2693 802 2767 religionis
832 2697 889 2749 et
923 2692 1076 2747 ﬁdei.
1109 2693 1178 2746 Et
1227 2692 1374 2747 bene
1396 2695 1635 2763 puteus,
1655 2689 1794 2760 quia
1817 2686 2063 2742 flumina
2091 2687 2162 2741 de

504 2787 705 2841 ventre
734 2783 864 2854 ejus
895 2781 1080 2836 fluent
1111 2797 1275 2852 aqua:
1306 2779 1464 2834 vivae.
1501 2778 1662 2832 Hanc
1685 2791 1821 2848 ergo
1854 2790 2163 2830 assumens

514 2871 625 2928 sibi
657 2865 810 2927 Deus
839 2870 1119 2936 Verbum,
1150 2866 1419 2939 copulam
1460 2865 1592 2921 fecit
1621 2881 1747 2920 esse
1795 2863 2119 2935 legitimam
2145 2879 2158 2916 :

516 2960 670 3032 quod
730 2959 1072 3031 mysterium
1129 2956 1237 3011 illa:
1293 2956 1510 3027 nuptiae
1569 2953 1971 3025 designarunt,
2031 2968 2159 3022 quae

515 3052 652 3104 sunt
682 3047 740 3102 in
768 3045 1018 3104 Canticis
1050 3044 1430 3110 canticorum,
1465 3042 1680 3113 quibus
1710 3041 1938 3096 Christo
1970 3039 2160 3094 Eccle~

514 3137 620 3203 sia,
666 3140 723 3192 et
753 3133 980 3208 spiritui
1013 3149 1146 3188 caro
1177 3133 1366 3189 nubit.
1400 3133 1469 3187 Et
1499 3131 1628 3186 ideo
1657 3128 2157 3185 circumcursabat
2187 3119 2230 3186 C

512 3229 569 3282 et
595 3225 891 3298 quaerebat
921 3222 1139 3293 ubique
1171 3220 1268 3275 Dei
1324 3220 1604 3284 Verbum,
1649 3218 1786 3290 quia
1837 3217 2156 3280 vulnerata,

514 3315 654 3387 quia
701 3314 881 3379 nuda,
954 3310 1091 3382 quia
1147 3307 1412 3364 adultera
1471 3308 1527 3362 in
1557 3307 1851 3373 omnibus,
1884 3306 1993 3362 etsi
2049 3305 2158 3361 im-

514 3401 808 3460 maculata
836 3399 894 3455 in
925 3397 1174 3467 Christo,
1207 3398 1502 3470 quaerebat
1531 3412 1664 3452 caro
1698 3396 1910 3452 misera
1940 3395 2162 3451 redem-

515 3494 760 3562 ptorem.

583 3579 673 3635 52.
709 3578 868 3634 Hanc
897 3576 1010 3633 sibi
1039 3576 1306 3633 Christus
1357 3575 1574 3646 junxit,
1607 3578 1671 3628 ut
1718 3572 2159 3628 immaculatum

515 3667 815 3722 redderet:
869 3665 1019 3721 hanc
1065 3664 1322 3730 sociavit,
1360 3668 1425 3717 ut
1475 3662 1727 3718 auferret
1783 3660 2155 3717 adulterium.

514 3757 584 3812 Et
631 3755 769 3826 quia
797 3755 906 3819 sub
957 3753 1082 3825 lege
1113 3757 1254 3818 erat,
1290 3750 1654 3806 moriendum
1686 3750 1814 3816 fuit,
1851 3754 1915 3804 ut
1944 3749 2154 3804 libera-

513 3847 673 3900 retur
699 3860 732 3899 a
769 3841 916 3916 lege,
951 3846 1015 3896 ut
1046 3858 1148 3913 per
1176 3839 1335 3895 illam
1369 3841 1616 3894 mortem
1648 3838 1805 3894 velut
1861 3841 2156 3910 quoddam

515 3931 662 4006 legis
691 3936 749 3986 et
787 3930 982 3986 carnis
1038 3927 1480 3984 matrimonium
1540 3926 1879 3983 solveretur.
1933 3926 2158 3986 Mortua

514 4023 602 4077 est
641 4019 821 4091 igitur
851 4019 910 4073 in
940 4017 1167 4074 Christo
1198 4033 1350 4080 caro,
1409 4019 1474 4070 ut
1519 4031 1623 4070 nos
1654 4016 1986 4073 mortiﬁcati
2044 4018 2158 4092 legi

514 4122 616 4179 per
644 4122 856 4178 corpus
901 4105 1141 4170 Christi,
1202 4104 1353 4160 sicut
1411 4102 1722 4174 Apostolus
1779 4104 1925 4160 dixit
1983 4107 2154 4178 (Rom.

511 4211 610 4263 vn,
641 4196 716 4265 ἅ),
749 4210 1016 4250 essemus
1045 4193 1284 4250 alterius
1315 4192 1414 4264 qui
1447 4207 1516 4246 ex
1547 4192 1794 4248 mortuis
1821 4196 2154 4264 resurrexit,

513 4286 570 4340 et
597 4283 900 4353 passiones
930 4281 1396 4352 cupiditatesque
1419 4280 1631 4350 carnis,
1664 4285 1721 4336 et
1779 4283 2157 4354 cogitationes

513 4374 883 4442 peccatorum
942 4386 1069 4441 quae
1121 4386 1220 4440 per
1262 4369 1450 4442 legem
1508 4373 1670 4424 erant
1743 4369 1800 4424 in
1876 4371 2157 4429 membris

2263 483 2361 523 eos
2390 483 2523 522 vero
2554 483 2702 538 quos
2733 470 2866 539 post
2905 469 3153 521 mortem
3223 464 3428 521 ascivit
3481 464 3532 518 in
3583 481 3833 524 numerum

2263 555 2541 625 ﬁliorum,
2573 571 2749 628 regno
2782 570 2909 609 esse
2941 557 3220 610 servatos.
3256 553 3415 608 Unde
3461 552 3610 622 juxta
3639 553 3730 608 hoc
3753 572 3839 626 my-

2265 645 2510 702 sterium
2546 644 2819 700 convenit
2839 643 2992 714 quod
3026 643 3257 715 primus
3282 641 3338 696 in
3359 641 3564 697 Judazis
3582 641 3838 715 fueritpar-

2264 738 2360 790 tus
2391 734 2664 789 inﬁrmus
2690 751 2702 800 ;
2730 737 2794 788 ut
2820 736 3020 804 postea
3049 731 3107 787 in
3126 730 3470 786 Christi-anis
3500 729 3645 786 ﬁeret
3669 731 3842 786 fructus

2266 827 2542 880 aeternus.

2921 926 3153 984 CAPUT
3181 926 3280 981 XI.

2266 1018 2540 1074 Parabola
2577 1018 2794 1073 Nathan
2824 1017 3173 1088 proponitur,
3205 1023 3366 1088 atque
3415 1013 3483 1088 ad
3521 1027 3717 1070 sensum
3758 1030 3843 1069 mo-

2339 1091 2540 1154 ralem,
2572 1105 2808 1162 moxquc
2825 1086 2894 1144 od
2921 1086 3282 1159 allegoricum
3309 1086 3624 1142 traducitur.

2339 1197 2430 1252 δι.
2467 1196 2578 1251 Sed
2605 1196 2732 1265 jam
2763 1195 2831 1250 ad
2861 1194 3134 1250 nuntium
3195 1197 3582 1250 transeamus.
3611 1191 3732 1248 Nam
3777 1208 3847 1246 su-

2273 1283 2601 1356 perioribus
2631 1283 2840 1339 diebus
2873 1280 3356 1338 tractatus’nobis
3385 1281 3458 1336 de
3485 1279 3578 1336 illo
3629 1279 3850 1335 invidioso

2276 1372 2566 1429 adulterio
2596 1376 2654 1428 et
2684 1371 3000 1428 homicidio
3032 1370 3210 1426 David
3243 1369 3536 1442 propheta:
3564 1368 3678 1433 fuit,
3706 1368 3854 1423 decur-

2275 1462 2476 1533 sisque
2507 1461 2802 1534 mysteriis
2833 1477 2946 1516 non
2983 1459 3173 1516 solum
3205 1458 3350 1515 nihil
3382 1458 3537 1530 ‘quod
3565 1457 3852 1513 condoma-

2275 1554 2456 1618 retur,
2490 1550 2590 1605 sed
2620 1550 2796 1606 etiam
2828 1550 2980 1622 quod
2999 1548 3360 1616 laudaretur,
3389 1546 3717 1602 invenimus.
3736 1544 3854 1600 Nunc

2275 1641 2558 1694 tractatus
2613 1637 2819 1709 incipit
2869 1653 2998 1694 esse
3060 1637 3131 1692 de
3189 1635 3397 1692 nuntio
3468 1647 3633 1706 quem
3681 1633 3856 1689 ἀθοηηὶ

2197 1756 2245 1821 Β
2277 1726 2488 1821 psalmi
2541 1726 2761 1821 titulus
2799 1727 2924 1821 jam
2974 1742 3127 1821 agape
3153 1724 3460 1821 -mpetitus
3504 1721 3746 1821 ostendit.
3790 1721 3856 1777 Sic

2277 1817 2432 1872 enim
2465 1819 2595 1872 est:
2631 1840 2659 1865 «
2694 1814 2964 1870 Psalmus
2992 1814 3171 1871 David
3215 1813 3327 1884 (29)
3380 1811 3710 1878 intellectus,
3758 1821 3853 1864 eum

2276 1905 2534 1962 venisset
2565 1904 2636 1960 ad
2672 1919 2805 1960 eum
2839 1903 3064 1960 Nathan
3107 1902 3416 1975 propheta,
3472 1915 3600 1956 cum
3650 1899 3859 1954 intrasset

2275 1995 2347 2050 ad
2377 1993 2696 2049 Bethsabee
2725 1992 2893 2063 (Psat.
2927 2008 2977 2060 L,
3015 1994 3067 2059 1,
3095 1991 3174 2061 2).

2346 2084 2436 2138 55.
2472 2082 2674 2154 Itaque
2707 2085 2764 2137 et
2792 2081 2913 2137 haec
2953 2096 3088 2152 pars
3145 2077 3409 2134 historiae
3457 2076 3736 2134 retexenda
3777 2078 3857 2138 est,

2276 2187 2402 2244 quae
2443 2167 2784 2242 hujusmodi
2842 2173 2950 2224 est.
3003 2166 3198 2233 Dives,
3231 2167 3431 2238 inquit
3458 2168 3528 2237 (II
3557 2166 3666 2234 Reg.
3707 2179 3784 2231 ιιι,
3821 2163 3858 2226 l,

2271 2260 2348 2330 2),
2379 2263 2435 2314 et
2465 2273 2686 2331 pauper
2713 2256 2868 2313 intra
2925 2272 3105 2312 unam
3165 2260 3331 2312 erant
3385 2254 3686 2311 civitatem.
3735 2248 3861 2308 Diviti

2273 2347 2460 2403 multa
2491 2349 2775 2416 armenta,
2808 2344 3011 2401 multa}
3031 2361 3196 2414 oves;
3231 2343 3477 2416 pauperi
3506 2351 3619 2399 una
3642 2343 3747 2398 ovis
3770 2346 3858 2411 qua

2274 2437 2342 2492 de
2375 2453 2526 2508 pane
2555 2439 2614 2491 et
2639 2436 2771 2492 vino
2803 2433 3078 2507 pauperis
3119 2433 3411 2503 alebatur,
3462 2436 3517 2488 et
3550 2431 3604 2486 in
3633 2430 3748 2487 sinu
3771 2429 3863 2499 ejus

2271 2521 2693 2595 requiescebat.
2729 2521 2902 2577 Venit
2920 2519 3139 2594 hospes
3161 2520 3233 2576 ad
3246 2519 3520 2586 divitem;
3551 2518 3696 2574 dives
3723 2529 3861 2586 neque

2269 2612 2340 2667 de
2372 2617 2637 2668 armento
2668 2627 2798 2680 suo,
2831 2614 3020 2682 neq'ue
3069 2611 3142 2665 de
3189 2607 3473 2682 gregibus
3528 2607 3647 2664 suis
3694 2601 3861 2675 aliquid

2271 2700 2536 2767 abstulit,
2573 2699 2671 2756 sed
2705 2715 2884 2755 unam
2914 2709 3076 2754 ovem
3111 2697 3392 2770 pauperis
3423 2696 3648 2754 occidit.
3667 2694 3765 2750 Hoc
3788 2689 3861 2746 ubi

2269 2788 2539 2861 cognovit
2580 2785 2785 2844 David:
2827 2787 3125 2855 Morietur,
3183 2785 3401 2857 inquit,
3435 2785 3521 2840 vir
3570 2782 3747 2851 ille,et
3793 2793 3861 2834 re-

2269 2877 2476 2932 stituet
2503 2875 2921 2949 quadruplum.
2957 2873 3280 2947 Respondit
3309 2872 3397 2928 illi
3431 2873 3683 2930 Nathan:
3711 2869 3779 2925 Tu
3802 2883 3863 2922 es.

2270 2964 2488 3021 Deinde
2515 2963 2743 3037 aperuit
2772 2965 2821 3020 ei
2853 2962 3084 3020 coeleste
3115 2962 3493 3029 mandatum,
3523 2961 3708 3017 dicens
3741 2967 3864 3012 man-

2270 3053 2444 3110 dasse
2476 3053 2782 3109 Dominum
2814 3052 2970 3124 quod
3003 3051 3192 3107 multa
3212 3049 3296 3106 illi
3327 3050 3506 3118 bona,
3538 3050 3595 3105 id
3640 3051 3738 3114 est,
3761 3058 3865 3116 opes

2269 3142 2481 3215 regias,
2516 3141 2747 3198 sublato
2772 3141 2842 3197 de
2867 3144 3168 3213 pastorum
3229 3155 3505 3206 numero,
3558 3134 3862 3196 contulisset,

2270 3231 2546 3302 quodque
2570 3231 2627 3286 in
2660 3243 2796 3286 eum
2828 3245 2997 3286 suam
3019 3227 3490 3285 misericordiam
3524 3222 3864 3299 profudisset:

2269 3323 2328 3374 et
2357 3319 2486 3375 ideo
2544 3318 2822 3390 quoniam
2853 3321 3088 3390 peccato
3147 3319 3558 3390 exasperas‘set
3588 3310 3862 3372 Dominam,

2271 3407 2613 3464 abducenda
2642 3407 2772 3478 ejus
2802 3406 3018 3471 omnia,
3054 3405 3337 3478 rapienda
3383 3405 3458 3462 ab
3515 3401 3774 3465 hostibus,
3815 3395 3868 3449 de

2269 3496 2668 3570 pepulandam
2699 3496 2967 3552 domum.
2999 3495 3162 3551 Tunc
3178 3494 3263 3551 ait
3283 3493 3391 3552 ille
3413 3511 3427 3550 :
3453 3516 3481 3544 «
3514 3488 3727 3548 Peccavi
3745 3481 3863 3557 (Ibid.

2270 3586 2380 3657 13).
2413 3607 2440 3634 ››
2489 3586 2559 3641 Et
2589 3582 2891 3655 respondit
2921 3582 3185 3639 Nathan:
3217 3581 3510 3646 Quoniam
3564 3587 3800 3653 peccasse
3829 3576 3868 3624 ιι

2270 3673 2588 3741 conﬁteris,
2623 3672 2886 3729 remittet
2937 3671 3042 3727 tibi
3075 3671 3366 3728 Dominus
3417 3673 3739 3744 peccatum;
3788 3658 3861 3716 sed

2269 3761 2428 3818 filius
2459 3766 2598 3818 tuus
2627 3761 2726 3832 qui
2759 3765 2934 3816 natus
2963 3763 3052 3814 est
3093 3775 3163 3814 ex
3221 3758 3570 3824 Bethsabee,
3627 3751 3865 3810 morietur.

2270 3851 2384 3906 [loc
2414 3849 2532 3906 ﬁlio
2561 3853 2893 3921 aegrotante,
2926 3846 3105 3903 David
3137 3847 3317 3912 ﬂevit,
3353 3847 3523 3902 humi
3576 3841 3766 3916 jacuit,
3806 3835 3863 3890 ci-

2267 3938 2401 3994 licio
2425 3954 2488 3994 se
2517 3937 2768 4010 operuit,
2793 3934 3120 4007 jejunavit:
3155 3935 3250 3990 ubi
3286 3939 3592 3991 mortuum
3639 3923 3865 4002 cognovit.

2268 4026 2537 4094 surrexit,
2570 4025 2730 4091 lavit,
2763 4024 3030 4090 omnavit,
3063 4023 3211 4080 alios
3243 4025 3585 4079 consolatus
3622 4022 3701 4076 est
3743 4010 3863 4084 {1W-

2272 4115 2361 4179 43,
2386 4114 2498 4184 24).

2335 4203 2424 4256 56.
2460 4201 2602 4256 Vide
2653 4217 2830 4272 quam
2891 4199 3096 4255 multa.
3157 4199 3350 4255 Primo
3412 4198 3696 4261 omnium,
3754 4186 3864 4262 quod

2271 4290 2418 4345 Deus
2449 4288 2579 4362 pius
2608 4294 2664 4344 et
2696 4287 3029 4344 misericors
3059 4291 3170 4354 est,
3201 4293 3261 4342 et
3291 4303 3427 4359 quae
3454 4285 3621 4342 nobis
3673 4281 3867 4338 adversa

2267 4376 2633 4450 contingunt,
2677 4393 2779 4448 pro
2821 4375 3006 4448 pretio
3065 4375 3248 4432 nostri
3305 4376 3531 4432 erroris
3583 4370 3865 4448 excipimus.

513 4458 748 4549 nostris,
780 4457 839 4512 in
871 4456 970 4511 illa
1001 4462 1185 4549 morte
1235 4460 1601 4549 morerentur
1623 4473 1778 4549 :‘nos
1834 4463 2027 4549 autem
2063 4477 2153 4516 so-
2188 4485 2234 4549 D
2266 4449 2589 4522 Didicimus
2615 4465 2795 4537 igitur
2815 4463 3205 4536 captivitatem
3233 4463 3500 4536 pretium
3533 4477 3655 4519 esse
3677 4449 3865 4532 peccati;

511 4543 620 4601 luti
656 4561 689 4602 a
719 4545 842 4618 lege
875 4545 1100 4612 mortis,
1136 4547 1303 4618 quasi
1338 4561 1484 4600 nova
1541 4545 1750 4601 Christi
1809 4547 2037 4618 copula,
2100 4549 2156 4604 in
2188 4539 2229 4549 ”
2267 4554 2391 4610 haec
2421 4554 2578 4609 enim
2609 4553 2943 4609 decernitur
2979 4569 3152 4625 pmna
3206 4569 3312 4625 pro
3376 4551 3644 4608 crimine.
3700 4539 3867 4602 Deinde

511 4633 764 4690 novitate
794 4634 1038 4706 spiritus
1069 4649 1526 4706 resurgercmus.

574 4723 666 4780 53.
700 4724 770 4779 Et
795 4727 994 4779 tamen
1046 4722 1145 4794 qui
1171 4722 1360 4793 legem
1390 4721 1450 4775 in
1503 4721 1717 4776 Christi
1753 4739 1924 4778 carne
1973 4722 2154 4780 solve-

507 4815 664 4879 runt,
696 4827 941 4883 eamque
988 4815 1340 4883 putaverunt
1392 4824 1520 4864 esse
1548 4808 1902 4880 violandam,
1951 4828 2156 4870 omnes

498 4899 673 4970 jussu
705 4898 883 4955 David
916 4916 949 4954 a
979 4897 1360 4954 bellatoribus
1419 4896 1751 4969 interempti
1812 4903 1968 4954 sunt.
2031 4903 2153 4966 Quo

505 4984 720 5042 indicio
751 4981 1080 5041 ostenditur
1110 4986 1192 5051 id,
1253 4983 1403 5056 quod
1456 4983 1776 5055 posteriora
1829 4985 2152 5043 docuerunt

505 5090 632 5131 esse
663 5075 984 5148 signatum,
1013 5074 1168 5146 quod
1195 5089 1396 5128 eorum
1429 5071 1530 5142 qui
1560 5071 1855 5127 Christum
1915 5073 2150 5130 interfe-

505 5167 727 5230 cerunt,
763 5163 906 5219 127
946 5161 1142 5218 nullus
1173 5161 1454 5216 evaserit:
1488 5160 1662 5231 idque
1718 5159 2150 5219 evidentissima

505 5250 806 5320 reveletur,
863 5266 961 5307 eos
1019 5267 1166 5323 quos
1219 5255 1351 5306 ante
1411 5252 1660 5305 mortem
1746 5256 2148 5322 assumpserat

513 5550 535 5567 Ἰ
572 5478 680 5549 (29)
714 5481 879 5534 Rom.
928 5481 1065 5562 edit.
1100 5482 1243 5552 sola,
1301 5485 1558 5540 Psalmus
1611 5487 1780 5542 David
1838 5488 1894 5541 in
1949 5487 2139 5611 finem.

502 5551 611 5605 bed
643 5565 915 5611 magnam
973 5552 1152 5608 fuisse
1197 5554 1335 5611 olim
1397 5557 1454 5611 in
1497 5555 1791 5611 Psalteriis
1835 5557 1943 5611 titu
1972 5573 2139 5611 orum

543 5551 611 5605 ed
643 5565 915 5621 magnam
973 5552 1152 5608 fuisse
1197 5554 1335 5611 olim
1397 5557 1454 5612 in
1497 5555 1791 5615 Psalteriis
1835 5551 2141 5614 titulorum

2268 4641 2410 4698 illud
2435 4642 2795 4698 advertimus
2825 4641 2980 4714 quod
3013 4657 3259 4714 regnum
3296 4641 3529 4714 lapsus,
3555 4634 3710 4712 pinna
3726 4641 3862 4706 ρορυο

2266 4731 2456 4787 lorum
2488 4731 2583 4786 sit.
2613 4729 2777 4806 Sicut
2806 4729 2962 4786 enim
2993 4746 3194 4787 eorum
3224 4729 3448 4786 virtute
3479 4740 3777 4791 servamur,
3807 4718 3864 4772 ila

2264 4819 2436 4876 etiam
2499 4835 2693 4876 errore
2749 4818 3165 4891 periclitamur.
3224 4817 3394 4875 Unde
3435 4815 3741 4890 optandum
3797 4809 3861 4860 εει

2262 4907 2454 4978 nobis,
2487 4912 2552 4962 ut
2580 4923 2774 4979 regem
2821 4906 3151 4980 gloriosum
3199 4911 3379 4978 atque
3439 4905 3741 4980 perchtum
3783 4895 3859 4950 ba-

2261 4996 2395 5052 bere
2427 4995 2746 5068 possimus.
2782 4996 2900 5051 Nos
2936 5012 3072 5068 ergo
3104 4994 3201 5068 qui
3243 5011 3446 5068 regem
3506 4964 3758 5049 volumus
3782 4983 3858 5038 ba-

2261 5083 2394 5139 bere
2420 5088 2764 5155 perlectum,
2798 5082 3114 5139 Dominum
3145 5082 3428 5139 nolumus
3467 5081 3674 5139 habere
3714 5069 3854 5148 perfe-

2258 5172 2465 5227 ctum?
2495 5176 2582 5225 An
2614 5188 2746 5226 vero
2787 5169 2872 5225 illi
2929 5174 3180 5244 possunt
3229 5169 3376 5226 velle
3433 5169 3715 5226 hominem
3763 5171 3853 5244 εεξε

2256 5259 2599 5332 perfectum,
2636 5259 2735 5332 qui
2758 5239 2948 5317 Deum
2974 5259 3180 5316 nolunt
3229 5274 3358 5315 esse
3419 5248 3765 5331 perfectum?
3808 5239 3853 5298 ll'

2251 5447 2650 5632 givergiitftem
2699 5491 2826 5562 jam
2883 5505 3065 5561 supra
3103 5490 3498 5559 observatum,
3561 5485 3627 5542 ad
3677 5477 3845 5535 calcem

2293 5578 2382 5632 ag.
2526 5600 2542 5619 .

2293 5578 2382 5634 ag.
2415 5578 2542 5619 711.
