4078 6196
1463 346 1853 413 APOLOGIA
1883 344 2134 411 DAVID
2176 348 2513 411 ALTERA.

3573 347 3692 412 9574

278 481 387 542 lud
417 481 596 541 etiam
627 480 874 544 breviter
904 484 1096 542 textus
1126 484 1403 556 operatur
1433 481 1710 551 historiae,
1743 486 1808 538 ut
1837 481 1934 538 ad-
1963 483 2018 548 Α
2048 482 2393 539 dormiebat.
2428 479 2653 542 Nostris
2692 481 2866 540 enim
2923 477 3201 541 utebatur
3254 476 3573 551 alimentis,
3629 480 3690 541 in

276 576 583 632 vertamus
608 588 784 646 quam
815 571 928 628 cito
963 571 1147 628 venias
1203 589 1338 644 spes
1396 575 1597 628 secuta
1653 572 1749 627 sit.
1808 571 1934 627 Non

284 662 582 718 mediocre
612 665 830 726 autem,
862 661 1014 733 quod
1048 661 1277 722 Nathan
1307 660 1674 718 denuntiavit
1720 660 1794 726 ei,
1826 660 1937 717 hoc

283 754 396 819 est,
429 749 671 806 inferior
698 749 1003 821 propheta.
1037 751 1240 806 Gravis
1273 750 1422 807 728
1452 749 1609 805 enim
1657 765 1933 805 verecun-

283 840 386 896 dia
415 839 720 913 pudorque
751 838 968 906 delicti,
1001 840 1074 894 ab
1102 839 1376 896 inferiore
1434 839 1803 911 reprehendi.
1837 839 1937 894 Vi-

288 929 441 985 detis
471 928 625 1000 quod
659 927 834 1000 culpa
862 927 1111 999 gratiam
1143 928 1391 984 minuat.
1425 928 1655 984 Sciebat
1680 926 1934 995 Nethan,

288 1019 444 1091 quod
521 1017 698 1072 David
756 1017 1094 1074 nesciebat:
1154 1018 1298 1074 adeo
1355 1015 1646 1089 caligabat
1701 1016 1937 1072 animus

287 1106 677 1163 obumbratus
706 1105 962 1178 quadam
1024 1106 1178 1161 nube
1206 1105 1505 1164 vitiorum.
1567 1104 1786 1162 Deinde
1841 1104 1935 1160 hic

287 1199 379 1252 est
409 1195 663 1263 Nathan,
695 1195 793 1266 qui
828 1194 884 1248 in
930 1195 1336 1266 superioribus
1391 1195 1571 1251 David
1632 1197 1934 1265 acceptum

288 1285 534 1342 Domino
563 1283 931 1356 prophetavit
964 1302 976 1340 :
1011 1288 1075 1339 ut
1107 1283 1332 1341 doleret
1358 1285 1560 1341 eodem
1583 1283 1934 1355 redarguen-

286 1380 344 1432 te
383 1376 708 1447 peccatum,
769 1389 884 1445 quo
943 1372 1350 1445 prophetante,
1412 1373 1687 1429 meritum
1749 1371 1939 1428 fuerat

285 1462 690 1535 prmdicatum.

351 1552 444 1607 57.
478 1551 588 1607 Sed
611 1551 736 1621 jam
769 1549 1111 1624 mysterium
1145 1550 1534 1623 requiramus,
1591 1574 1617 1598 α
1674 1554 1813 1617 Duo,
1849 1549 1935 1604 in-

285 1639 434 1712 quit,
463 1638 571 1694 viri
597 1643 764 1694 erant
790 1639 852 1694 in
884 1657 1004 1694 una
1051 1638 1301 1705 civitate,
1335 1655 1490 1694 unus
1521 1639 1702 1704 dives,
1735 1643 1793 1694 et
1851 1637 1935 1694 al-

286 1733 373 1785 ter
404 1742 626 1800 pauper
655 1727 730 1796 (II
756 1729 884 1799 Reg.
918 1745 1015 1784 χιι.
1048 1729 1124 1796 4).
1159 1727 1304 1791 Quid
1337 1733 1446 1794 est,
1479 1727 1576 1784 hic
1605 1727 1787 1793 dives,
1838 1731 1940 1784 aut

287 1833 532 1891 pauper,
562 1815 676 1872 nisi
708 1816 855 1872 forte
885 1833 1040 1872 unus
1073 1817 1328 1890 populus
1355 1817 1718 1882 Judmorum,
1751 1821 1809 1871 et
1853 1815 1935 1871 al-

287 1911 378 1964 ter
405 1904 660 1978 populus
689 1904 1056 1962 Christianus
1085 1904 1112 1961 Ἰ
1143 1904 1242 1960 Ille
1269 1905 1432 1960 dives
1459 1904 1518 1960 in
1574 1905 1721 1977 lege,
1781 1904 1942 1959 dives

289 1994 496 2066 eloqiis
544 1993 645 2050 Dei
705 1994 816 2050 sibi
852 1993 1110 2061 creditis,
1155 1994 1319 2050 dives
1375 1993 1720 2066 prophetiis,
1781 1993 1943 2049 dives

286 2082 542 2142 oraculis
572 2101 586 2139 :
621 2082 715 2139 hic
743 2100 876 2139 vero
904 2099 1144 2155 pauper.
1179 2083 1290 2139 Sed
1341 2081 1521 2139 nolite
1580 2082 1730 2138 hanc
1789 2082 1942 2138 refu-

286 2187 423 2246 gere
452 2175 876 2244 paupertatem,
928 2187 1106 2242 quam
1146 2170 1421 2243 sequitur
1472 2187 1715 2243 regnum
1776 2169 1944 2227 coelo-

288 2276 441 2328 rum.
477 2259 765 2331 Scriptum
799 2264 888 2314 est
920 2259 1076 2318 enim
1114 2275 1180 2313 :«
1213 2258 1372 2316 Beati
1391 2274 1678 2331 pauperes
1710 2258 1940 2331 spiritu,

289 2347 570 2420 quoniam
602 2348 865 2420 ipsorum
891 2353 980 2403 est
1009 2363 1255 2420 regnum
1289 2347 1563 2404 cmlorum
1618 2348 1822 2419 (Matth.
1883 2365 1937 2415 v,

286 2439 366 2508 3).
397 2459 426 2488 »
465 2437 625 2492 Bona
684 2441 1018 2509 paupertas,
1078 2454 1205 2509 quas
1263 2437 1419 2508 quod
1477 2435 1771 2503 habuerit,
1827 2453 1941 2493 non

292 2525 532 2582 amittit.
567 2530 727 2581 Bona
755 2529 1090 2597 paupertas,
1123 2543 1251 2597 quae
1284 2525 1332 2581 si
1364 2525 1673 2581 thesauros
1698 2541 1821 2584 non
1847 2525 1946 2581 ha-

293 2616 392 2671 bet
411 2613 690 2687 pecuniis,
707 2614 884 2672 habet
911 2618 1102 2670 tamen
1129 2614 1439 2670 thesauros
1470 2614 1729 2670 scientiae
1759 2619 1936 2686 atque

297 2702 614 2776 sapientiae.
647 2702 855 2771 Nolite,
889 2702 1014 2768 ﬁlii,
1047 2703 1213 2774 quasi
1246 2702 1416 2758 vilem
1449 2703 1749 2775 despicere
1806 2720 1946 2775 pau-

298 2795 605 2865 pertatem.
648 2813 677 2842 ‹‹
729 2792 842 2847 Iste
897 2807 1121 2863 pauper
1175 2790 1469 2858 clamavit,
1526 2796 1584 2848 et
1659 2791 1945 2848 Dominus

299 2880 595 2938 exaudivit
622 2897 757 2936 eum
789 2881 960 2952 (Psat.
992 2897 1191 2948 xxxm,
1222 2881 1300 2951 7).
1337 2902 1359 2929 ι
1394 2879 1584 2938 Nolite
1613 2879 1783 2952 quasi
1827 2897 1947 2937 ma-

301 2969 442 3043 gnis
466 2968 723 3036 invidere
753 2967 970 3024 divitiis
1004 2985 1016 3023 :
1051 2991 1079 3018 ‹‹
1113 2967 1331 3024 Divites
1357 2972 1645 3040 eguerunt
1699 2973 1756 3026 et
1811 2985 1945 3025 esu-

299 3057 528 3115 rierunt
547 3057 711 3129 (Ibid.
744 3058 857 3128 11).
893 3080 915 3109 ι
953 3057 1064 3113 Sed
1095 3056 1146 3112 si
1177 3055 1352 3114 vultis
1382 3056 1597 3115 habere
1625 3057 1799 3124 bona,
1834 3057 1945 3114 Do-

299 3146 531 3204 minum
562 3146 805 3219 quaerite
839 3163 851 3201 :
901 3168 928 3194 «
983 3146 1353 3219 lnquirentes
1412 3147 1571 3203 enim
1602 3147 1942 3216 Dominum,

2047 572 2232 629 nostri
2264 573 2517 645 pectoris
2547 571 2769 646 gremio
2803 571 3158 644 quiescebat.
3191 570 3339 626 Nam
3369 571 3429 627 in
3467 572 3694 629 Judmo-

2047 678 2178 718 rum
2209 661 2342 717 sinu
2375 663 2677 732 quiescere
2711 678 2773 718 se
2803 679 2921 718 non
2979 677 3150 734 posse
3200 660 3548 716 memoravit
3603 661 3690 716 di-

2045 766 2184 807 cens
2219 768 2231 807 :
2270 772 2297 800 «
2329 750 2512 806 Filius
2543 751 2801 807 hominis
2830 768 2944 806 non
2978 749 3153 806 habet
3183 748 3282 804 ubi
3313 753 3489 821 caput
3516 766 3691 807 suum

2046 839 2286 896 reclinet
2314 840 2463 912 (Luc.
2497 857 2574 906 IX,
2606 841 2719 911 58).
2759 864 2786 889 ››

2114 930 2206 996 59,
2239 929 2309 984 Et
2336 928 2493 984 venit
2522 927 2756 1000 hospes,
2785 929 2996 1000 inquit,
3029 928 3101 983 ad
3155 928 3348 983 virum
3379 927 3546 988 illum
3605 928 3694 986 di-

2044 1017 2244 1073 vitem.
2278 1017 2418 1082 Quis
2449 1021 2539 1073 ost
2568 1017 2679 1073 iste
2712 1017 2947 1090 hospes,
2983 1016 3095 1074 nisi
3127 1016 3463 1073 miserabile
3490 1033 3692 1089 pecca-

2046 1110 2170 1162 tum
2210 1105 2238 1160 ‘?
2271 1106 2496 1162 Etenim
2523 1107 2698 1178 culpa
2739 1106 2798 1160 in
2849 1107 3006 1161 hunc
3063 1105 3354 1161 mundum
3409 1109 3693 1177 tanquam

2047 1193 2261 1266 hospes
2291 1195 2548 1262 intravit,
2581 1195 2772 1250 aliena
2803 1200 3013 1250 nostrae
3049 1199 3107 1250 et
3157 1194 3464 1267 peregrina
3519 1199 3691 1250 natu-

2045 1300 2142 1340 rae.
2180 1284 2378 1356 Itaque
2405 1301 2522 1338 non
2553 1285 2624 1340 de
2647 1284 2771 1340 suis
2793 1284 3074 1357 gregibus
3121 1283 3376 1340 hostiam
3433 1283 3644 1338 obtulit
3678 1302 3692 1351 ;

2047 1373 2150 1429 sed
2183 1374 2406 1444 accepit
2435 1373 2722 1430 oviculam
2767 1373 3064 1445 pauperis,
3122 1377 3180 1427 et
3237 1373 3448 1427 occidit
3505 1372 3690 1428 illam.

2045 1463 2225 1533 Cujus
2273 1461 2508 1534 quidem
2543 1462 2740 1534 passio
2798 1461 2934 1518 licet
2989 1460 3342 1534 quibusdam
3374 1463 3444 1517 ad
3476 1462 3695 1517 sacrifi-

2047 1551 2205 1606 cium
2227 1550 2483 1606 salutare
2513 1551 2625 1622 (30)
2659 1551 2967 1623 profecerit
3000 1568 3014 1618 ;
3047 1555 3242 1606 tamen
3288 1551 3518 1607 videtur
3575 1550 3695 1606 illis

2048 1639 2139 1695 sui
2171 1639 2353 1694 fuisse
2383 1640 2602 1695 furoris
2634 1638 3002 1706 alimentum,
3036 1644 3093 1696 et
3123 1640 3292 1696 cibus
3329 1639 3538 1713 culpae,
3603 1641 3696 1696 in-

2048 1728 2460 1799 centivumque
2492 1728 2734 1800 peccati.
2773 1727 3031 1800 Denique
3061 1727 3244 1784 Judas
3294 1746 3504 1800 panem
3535 1745 3696 1784 acoe-

2050 1814 2137 1887 pit
2165 1829 2200 1869 a
2229 1814 2478 1881 Christo,
2512 1821 2570 1869 et
2596 1820 2738 1870 tunc
2768 1815 2958 1888 magis
2987 1814 3247 1886 repletus
3277 1819 3367 1871 est
3413 1815 3645 1872 diabolo
3684 1833 3696 1883 ;

2052 1904 2189 1976 quia
2219 1920 2335 1958 non
2367 1902 2590 1974 accepit
2618 1919 2687 1958 ex
2717 1903 2846 1974 ﬁde,
2876 1903 2977 1975 qui
3025 1907 3145 1959 tam
3178 1903 3456 1976 hospitali
3517 1903 3702 1960 Domi-

2051 2009 2126 2048 no
2161 1993 2313 2050 720
2345 1991 2734 2065 proditionem
2767 1994 3029 2066 parabat.

2123 2083 2216 2136 60.
2250 2082 2319 2137 Et
2346 2081 2534 2138 iratus
2565 2086 2655 2140 est
2682 2082 2862 2138 David
2895 2082 2966 2138 ad
2995 2080 3162 2137 illum
3192 2081 3404 2138 virum.
3434 2081 3700 2138 Diximus

2053 2171 2209 2242 quod
2243 2187 2345 2242 per
2371 2169 2720 2243 Prophetam
2749 2171 3088 2228 Judmorum
3137 2170 3392 2244 populus
3449 2169 3705 2227 declara-

2054 2263 2172 2327 tur,
2205 2264 2262 2314 et
2286 2258 2414 2314 ideo
2446 2259 2557 2314 sub
2580 2259 2688 2314 hac
2721 2260 2910 2331 ﬁgura
2939 2276 3001 2315 se
3032 2259 3156 2330 ipse
3197 2260 3570 2316 condemnat.
3603 2258 3702 2315 Di-

2053 2363 2206 2420 gnus
2235 2353 2324 2404 est
2356 2352 2544 2404 morte
2572 2347 2660 2403 vir
2692 2347 2790 2404 ille
2822 2349 2920 2420 qui
2949 2347 3082 2404 fecit
3137 2349 3268 2413 hoc,
3300 2353 3358 2404 et
3413 2347 3702 2406 oviculam

2054 2435 2324 2492 restituet
2352 2436 2413 2490 in
2445 2435 2868 2510 quadruplum,
2897 2436 3006 2492 hoc
3035 2441 3146 2503 est,
3166 2437 3496 2509 periturum
3529 2453 3707 2509 popu-

2052 2524 2177 2582 lum
2243 2524 2609 2593 Judaeorum,
2641 2524 2744 2580 sed
2799 2524 3289 2582 cumulatioribus
3346 2525 3517 2582 bonis
3559 2526 3702 2582 frui-

2054 2617 2254 2670 turum
2287 2611 2566 2685 populum
2614 2611 3015 2670 Christianum
3053 2631 3066 2681 ;
3124 2613 3266 2684 quia
3322 2613 3708 2686 praestabilior

2054 2707 2144 2758 est
2174 2701 2558 2774 praesentibus
2589 2705 2778 2757 status
2807 2701 2906 2772 qui
2937 2715 3006 2756 ex
3053 2701 3477 2759 resurrectione
3529 2703 3704 2760 debe-

2055 2794 2171 2846 tur.

2124 2880 2219 2935 61.
2261 2879 2630 2951 Propositum
2663 2879 2810 2935 mihi
2840 2879 2971 2946 fuit,
3003 2882 3068 2935 ut
3098 2879 3440 2936 meminisse
3497 2880 3702 2954 digna-

2057 2967 2224 3034 mini,
2257 2969 2536 3026 adversus
2566 2983 2666 3024 eos
2695 2969 2795 3039 qui
2819 2967 3200 3025 homicidium
3227 2968 3705 3040 adulteriumqus

2057 3058 2242 3113 sancti
2273 3057 2448 3113 David
2478 3057 2842 3130 urguendum
2875 3061 3102 3130 putant,
3135 3057 3525 3130 qualicunque
3577 3074 3705 3114 meo

2059 3146 2412 3219 respondere
2441 3161 2711 3202 sermone
2753 3162 2765 3200 :
2798 3150 2856 3202 et
2874 3146 2956 3202 ita
2986 3146 3180 3203 favore
3232 3150 3436 3203 vestras
3492 3146 3704 3202 unani-

298 3252 416 3296 non
448 3234 721 3292 deficient
747 3234 911 3291 omni
941 3235 1096 3292 bono
1128 3234 1330 3304 (Ibid).
1357 3256 1385 3283 »
1414 3235 1564 3308 Ergo
1589 3234 1769 3292 nolite
1789 3251 1949 3291 recu-
1977 3223 2284 3292 Cmitatis
2313 3237 2598 3291 tractatus
2629 3235 2815 3291 nostri
2847 3252 3057 3292 cursus
3093 3235 3278 3292 evasit
3311 3252 3323 3290 :
3385 3239 3450 3292 ut
3496 3235 3704 3308 praedi-

298 3340 432 3394 sare
463 3338 694 3379 omnem
744 3339 1082 3396 pauperem.
1143 3323 1370 3395 Pauper
1423 3327 1548 3380 erat
1604 3324 1829 3390 Petrus,
1887 3328 1946 3380 et

296 3428 476 3485 quem
506 3411 767 3481 donaret,
801 3409 1179 3473 nummulam
1208 3428 1324 3467 non
1355 3411 1612 3468 habebat
1641 3429 1654 3468 :
1689 3413 1792 3468 sed
1812 3428 1946 3484 pre-

296 3501 600 3558 tiosiorem
631 3499 791 3559 omni
822 3502 1072 3573 pecunia
1100 3501 1358 3558 donabat
1385 3500 1660 3558 salutem.
1720 3503 1948 3575 Pauper

296 3589 399 3646 ille
429 3594 554 3647 erat
582 3591 831 3648 Lazarus
862 3590 922 3646 in
955 3590 1268 3663 Evangelio
1307 3591 1463 3663 (Luc.
1523 3603 1636 3661 xvr,
1668 3592 1782 3662 20),
1843 3593 1944 3648 sed

297 3679 524 3750 illequi
559 3681 692 3736 ante
722 3678 782 3734 in
810 3682 967 3736 ostro
997 3677 1158 3736 dives
1181 3679 1420 3749 jacebat
1450 3683 1508 3734 et
1536 3695 1816 3752 purpura,
1852 3695 1947 3751 op-

296 3767 462 3824 tabat
491 3771 628 3840 post
655 3767 876 3824 exitum
905 3767 1059 3833 vitm,
1119 3766 1379 3824 stillante
1435 3767 1617 3840 digito
1673 3767 1947 3840 pauperis

294 3856 629 3928 refrigerari
658 3855 812 3926 (Ibid.
847 3857 934 3920 19,
965 3857 1078 3926 24).
1111 3855 1386 3919 Quamvis
1412 3855 1510 3911 ille
1541 3859 1701 3912 ostro
1739 3873 1945 3929 super-

295 3946 412 4002 bus
441 3945 598 4018 regio
627 3948 685 4002 et
710 3945 1048 4018 purpuratis
1077 3945 1338 4001 vestibus
1368 3943 1614 4000 vulnera
1670 3945 1947 4018 pauperis

295 4034 461 4090 dives
485 4033 824 4092 fastidiosus
854 4033 1166 4099 horruerit,
1191 4037 1392 4091 tamen
1422 4032 1484 4088 in
1515 4033 1762 4092 infernis
1791 4032 1944 4090 loca-

295 4128 397 4179 tus
426 4123 667 4194 optabat
695 4139 762 4179 eo
793 4122 901 4178 loci
945 4122 1130 4178 fuisse
1154 4137 1269 4193 quo
1304 4123 1579 4180 Lazarus.
1639 4124 1765 4189 Quo
1821 4123 1947 4180 loco

290 4211 467 4268 lectio
497 4227 612 4268 non
639 4211 871 4268 videtur
898 4209 1278 4284 pecuniarum
1309 4210 1548 4266 divitem
1599 4227 1945 4284 pauperem-

297 4315 414 4372 que
443 4298 767 4356 describere
799 4317 812 4368 ;
847 4299 947 4356 sed
979 4314 1114 4355 eum
1145 4313 1459 4370 pauperem
1491 4298 1593 4370 qui
1623 4316 1728 4371 pro
1762 4300 1874 4356 fide
1890 4306 1950 4356 et

297 4387 606 4444 devotione
634 4387 874 4444 vulnera
905 4386 1167 4459 corporis
1200 4403 1316 4443 non
1374 4387 1687 4455 horruerit,
1722 4389 1940 4445 famem

285 4476 706 4549 jejuniumque
733 4475 1018 4532 toleravit.

2055 3325 2280 3380 candus
2310 3341 2408 3381 ore
2437 3325 2704 3381 omnium
2743 3324 3055 3396 videretur,
3113 3341 3289 3397 quem
3347 3325 3705 3397 putabamus

2056 3431 2173 3470 non
2204 3430 2377 3486 posse
2402 3413 2654 3470 defendi.
2685 3415 2794 3470 Sed
2843 3413 3121 3488 quoniam
3179 3417 3379 3470 nostro
3435 3414 3524 3469 vir
3577 3432 3708 3472 san-

2057 3507 2186 3560 ctus
2216 3501 2434 3559 auxilio
2464 3519 2580 3558 non
2612 3501 2852 3576 indiget,
2894 3505 3022 3575 jam
3079 3504 3206 3576 ipse
3260 3504 3425 3560 vobis
3482 3520 3586 3576 pro
3645 3521 3708 3560 se

2055 3590 2352 3662 loquatur,
2418 3595 2476 3646 et
2541 3591 2758 3647 factum
2829 3607 3005 3648 suum
3071 3593 3260 3665 ipsius
3312 3593 3469 3649 diota
3505 3593 3701 3649 defen-

2057 3679 2219 3736 dant.

2679 3785 2917 3842 CAPUT
2976 3787 3095 3842 Xll.

2057 3874 2234 3931 David
2259 3878 2540 3946 peccatum
2569 3890 2730 3929 suum
2761 3876 2863 3930 Deo
2893 3875 3197 3944 conﬁtetur,
3231 3879 3523 3945 composito
3551 3878 3705 3945 psal-

2125 3961 2214 4018 mo
2246 3943 2296 4012 ιζ,
2326 3946 2482 4018 cujus
2502 3943 2592 4001 hic
2620 3962 2805 4001 versus
2834 3943 3064 4018 aliquot
3088 3943 3455 4017 explicantur,
3520 3943 3710 4018 impri-

2128 4017 2233 4090 mis
2263 4016 2395 4090 quae
2414 4018 2488 4072 sit
2518 4033 2722 4090 magna
2750 4016 3369 4090 misericordia,’qu5:eve
3413 4016 3708 4090 multitudo

2127 4089 2566 4155 miserationum,
2613 4087 2934 4160 inquiritur
3070 4087 3199 4148 tum‘
3233 4087 3473 4154 docetur,
3533 4087 3710 4143 solum

2127 4160 2297 4214 Deum
2336 4160 2657 4231 iniquitates
2688 4159 2902 4216 nostras
2948 4159 3145 4231 delere,
3204 4175 3323 4230 quae
3380 4175 3503 4231 cum
3543 4160 3712 4231 latere

2128 4247 2239 4286 non
2265 4230 2497 4300 possint,
2527 4233 2775 4300 exempto
2807 4230 2982 4287 David
3025 4233 3152 4285 sunt
3208 4230 3550 4300 conﬁtenda.
3609 4230 3710 4285 De-

2128 4249 2239 4286 no-n
2265 4249 2497 4300 possim,
2527 4249 2729 4358 eum;

2128 4318 2282 4356 mum
2314 4304 2560 4358 Arianos
2589 4305 2650 4358 in
2728 4337 2729 4352 η

2128 4388 2188 4428 re
2213 4373 2446 4446 planum
2481 4373 2558 4430 ﬁt.

2127 4480 2218 4534 62.
2257 4501 2285 4529 «
2317 4478 2610 4543 Miserere,
2643 4477 2855 4550 inquit,
2890 4478 3026 4544 mei,
3083 4477 3348 4544 Domine,
3385 4480 3710 4536 secundum

2728 4303 3108 4360 anichaeorum
3129 4303 3461 4372 impietatem
3494 4300 3706 4357 recede-

366 4565 456 4656 58.
487 4564 632 4656 Cum
661 4564 844 4656 igitur
878 4564 1121 4656 haberet
1177 4563 1452 4656 populus
1485 4563 1824 4622 Judaorum
1883 4566 1943 4622 in
1978 4591 2028 4656 ι)
2063 4583 2338 4656 magnam
2372 4566 2837 4656 misericordiam
2865 4571 3028 4623 tuam
3058 4568 3229 4640 (Psat.
3265 4585 3314 4635 ι,
3346 4568 3425 4640 3).
3453 4590 3481 4618 ››
3530 4568 3708 4634 Nova,

290 4653 420 4709 suis
450 4654 728 4726 gregibus
757 4653 1043 4726 plurimas
1072 4651 1271 4725 copias
1300 4652 1628 4710 hostiarum
1665 4672 1678 4709 :
1725 4659 1944 4712 tamem

291 4758 478 4800 unam
507 4743 798 4802 oviculam
826 4759 1002 4815 quam
1038 4741 1289 4815 populus
1331 4740 1428 4799 ille
1485 4758 1713 4815 pauper
1764 4743 1944 4801 habe-

295 4832 423 4902 bat,
465 4831 701 4904 eripuit,
746 4831 1025 4905 gloriosae
1084 4829 1246 4887 illam
1307 4830 1626 4902 subjiciens
1685 4833 1944 4905 passioni

295 4919 404 4976 Vis
431 4919 582 4977 scire
602 4937 779 4994 quam
809 4937 972 4978 ovem
1003 4921 1031 4975 ‘I
1063 4943 1091 4970 ‹‹
1135 4920 1302 4988 Sicut
1331 4919 1454 4976 ovis
1513 4921 1586 4976 ad
1643 4920 1943 4980 victimam

291 5009 508 5068 ductus
537 5014 628 5066 est
651 5010 784 5083 (lsa.
816 5025 933 5074 Lm,
963 5010 1044 5081 7),
1078 5031 1104 5058 »
1128 5007 1239 5080 qui
1271 5025 1421 5080 pene
1452 5009 1728 5082 pauperis
1758 5009 1946 5069 aleba-

293 5101 416 5167 tur,
444 5103 502 5156 et
530 5103 670 5171 potu
702 5097 976 5171 pauperis
1003 5098 1298 5168 utebatur,
1329 5101 1387 5153 et
1414 5097 1472 5152 in
1505 5097 1640 5154 sinu
1671 5099 1945 5171 pauperis

369 5235 484 5312 (30)
511 5239 947 5312 codex'Theod.
992 5255 1095 5311 pro
1125 5237 1195 5292 ad
1251 5236 1612 5312 sacrificium,
1643 5239 1804 5295 solus
1861 5240 1940 5296 le-

320 5305 386 5383 git
415 5305 486 5365 ad
512 5310 837 5383 sacrarium.
881 5311 947 5366 Et
992 5305 1253 5380 quatuor
1307 5305 1549 5383 vocibus
1599 5309 1938 5383 interjectis.

347 5397 430 5436 ra.
465 5398 530 5436 ac
561 5382 718 5450 Gill.,
759 5381 880 5438 illis
908 5379 1078 5450 fuisse
1105 5379 1764 5452 furatumwalimentumf
1800 5384 1937 5440 Cod.

294 5453 501 5524 Torn.,
534 5454 650 5508 illis
675 5456 774 5510 sui
799 5455 941 5524 furti
969 5451 1311 5509 atinitmtum.
1346 5451 1513 5507 Rom.
1564 5451 1708 5508 edit.
1739 5457 1798 5509 et
1825 5471 1936 5511 ms.

2061 4655 2175 4713 nisi
2207 4655 2397 4723 fallor,
2431 4655 2640 4712 fratres
2669 4655 3028 4723 charissimi,
3059 4657 3396 4727 conjunctio
3426 4656 3540 4714 ista
3587 4673 3710 4712 ser-

2057 4745 2274 4811 monis,
2309 4750 2374 4800 ut
2401 4760 2617 4816 magna
2647 4745 3050 4802 misericordia
3097 4745 3405 4802 diceretur.
3439 4746 3563 4801 Non
3621 4744 3705 4799 fa-

2055 4833 2165 4890 cile
2194 4832 2335 4890 alibi
2367 4832 2585 4890 lectum
2611 4833 2853 4890 memini
2887 4851 2900 4889 :
2934 4839 2992 4890 et
3020 4833 3147 4890 ideo
3181 4852 3308 4908 qua
3361 4834 3439 4889 sit
3494 4847 3708 4903 magna

2056 4921 2479 4991 misericordia,
2521 4939 2638 4979 non
2667 4922 2836 4980 facile
2887 4922 3210 4980 dixerimus
3237 4922 3372 4992 (31).
3432 4918 3705 4992 Legimus

2053 5015 2251 5068 tamen
2285 5027 2560 5084 magnam
2595 5011 2692 5068 Dei
2724 5011 3021 5068 virtutem.
3055 5013 3126 5067 Et
3156 5011 3283 5068 ideo
3332 5008 3704 5065 consideran-

2053 5104 2142 5156 tes
2190 5117 2316 5172 qua:
2357 5115 2571 5172 magna
2636 5100 2716 5158 sit
2781 5101 2983 5167 virtus,
3017 5098 3302 5170 conjicere
3357 5095 3706 5170 poterimus,

2053 5243 2183 5298 bus.
2222 5243 2391 5298 Rom.
2425 5258 2579 5310 vero,
2613 5247 2670 5297 et
2720 5260 2829 5298 ms.
2871 5241 3115 5308 Theod.,
3175 5243 3310 5311 Quae
3381 5241 3450 5302 sit
3506 5257 3709 5312 magna

2051 5314 2434 5370 misericordia
2490 5313 2745 5368 debemus
2788 5313 3085 5368 advertere.
3115 5313 3253 5367 Nam
3279 5313 3385 5367 etsi
3439 5327 3702 5384 magnam

2049 5385 2483 5442 misericordiam
2516 5400 2625 5455 non
2652 5385 2820 5455 facile
2850 5385 3166 5455 tegeremus,
3196 5387 3305 5440 etc.
3336 5385 3410 5443 At
3438 5383 3565 5455 qua:
3612 5383 3706 5439 hic

2049 5457 2249 5536 addita
2281 5459 2440 5536 sunt,
2476 5454 2644 5536 nobis
2669 5454 2867 5526 potius
2896 5454 3172 5536 videntur
3197 5454 3545 5536 coniectoris
3602 5473 3703 5536 cu-

292 5523 671 5599 Theqd._,__ilte
695 5523 988 5599 suifuisse
1043 5524 1260 5599 furoris
1303 5530 1678 5591 augmtum.
1730 5525 1939 5583 Melius
2042 5528 2284 5599 jusdam
2318 5523 2696 5599 periphrasis,
2733 5543 2909 5597 quam
2941 5527 3195 5583 auctoris
3228 5523 3416 5599 ipsius
3454 5544 3591 5584 vera
3619 5526 3701 5582 lo~

291 5611 395 5668 sex
425 5595 706 5668 Gallicani
739 5593 864 5668 cod.
898 5593 1051 5668 quos
1068 5593 1262 5668 secuti
1291 5610 1518 5650 sumus.

369 5667 483 5737 (3t)
513 5667 605 5724 Sic
637 5668 774 5724 edit.
810 5665 936 5724 Eral
969 5672 1025 5723 et
1054 5665 1185 5724 Gill.
1222 5681 1354 5722 cum
1391 5682 1534 5722 mss.
1575 5666 1691 5726 fere
1746 5669 1937 5726 omni-

2049 5599 2226 5655 cutio.
