4078 6196
459 312 581 380 965

1917 310 1982 372 8.
2029 304 2404 374 AMBROSH

3702 311 3797 380 956

463 447 641 525 quam
667 443 1134 507 misericordiam
1166 449 1440 523 magnam
1465 445 1715 505 voluerit
1771 446 2100 518 designare.
2136 448 2190 510 Α
2221 443 2402 500 virtus
2436 441 2646 502 caelum
2697 440 2979 514 candidit,
3038 445 3241 520 utique
3297 460 3508 521 magna
3559 447 3798 520 sapientia

462 543 734 614 Legimus
765 540 919 595 enim
954 539 1011 595 in
1073 543 1274 596 sancto
1333 538 1673 596 Hieremia:
1735 561 1764 588 ‹‹
1823 537 1967 604 Quis
2023 553 2105 605 es,

461 629 705 687 Domine
731 628 761 684 7
789 629 877 684 Tu
913 627 1097 684 fecisti
1129 627 1336 684 caelum
1397 632 1454 683 et
1507 632 1746 694 terram,
1777 627 1836 682 in
1895 641 2111 699 magna

458 718 672 773 virtute
699 721 825 781 tua,
857 723 913 774 et
943 717 1180 772 brachio
1214 716 1442 772 excelso
1482 718 1698 789 (larem.
1731 733 1907 783 xxxn,
1941 717 2043 782 t7).
2080 737 2108 762 ››

457 807 660 863 Virtus
690 823 826 881 ergo
855 822 1067 878 magna
1098 805 1308 860 caelum
1372 805 1524 861 fecit.
1584 807 1719 871 Quae
1777 809 1868 860 est
1921 803 2108 858 virtus

461 913 724 969 magna;
781 895 988 961 Patris,
1021 912 1092 949 an
1152 894 1340 950 Filii?
1398 895 1608 967 Magna
1662 894 1864 966 utique
1922 891 2107 949 Patris

458 985 645 1041 virtus
677 989 786 1048 est,
821 983 943 1056 ipse
971 984 1123 1039 enim
1159 1001 1261 1056 per
1316 983 1526 1039 Filium
1585 983 1792 1038 coelum
1865 982 1999 1038 fecit
2052 984 2110 1037 et

459 1079 700 1137 terram,
736 1072 889 1129 sicut
918 1073 1101 1128 babes
1134 1091 1146 1128 :
1181 1097 1209 1123 ‹‹
1240 1074 1299 1128 In
1335 1073 1624 1145 principio
1647 1073 1781 1127 fecit
1814 1075 1961 1126 Deus
1993 1087 2108 1125 cm-

459 1162 582 1218 lum
612 1167 666 1216 et
701 1167 912 1217 terram
949 1162 1102 1231 (Gen.
1136 1179 1174 1226 i,
1209 1162 1281 1228 t).
1320 1183 1348 1208 η
1390 1161 1501 1216 Sed
1561 1166 1753 1216 tamen
1813 1163 1870 1216 et
1925 1159 2107 1215 Filius

460 1267 674 1324 magna
702 1251 890 1306 virtus
921 1255 1029 1305 est.
1063 1251 1207 1305 Nam
1250 1266 1380 1304 cum
1438 1251 1710 1306 virtutem
1773 1247 1959 1304 Patris
2017 1248 2105 1304 Fi-

460 1340 604 1396 lium
636 1338 870 1412 legeris,
906 1340 1055 1395 sicut
1079 1339 1260 1394 habes
1290 1339 1586 1395 Christum
1623 1338 1718 1394 Dei
1757 1337 2104 1410 sapientiam

457 1435 633 1501 atque
662 1430 936 1484 virtutem
975 1429 1022 1499 (l
1052 1429 1170 1484 Cor.
1208 1446 1246 1496 ι,
1295 1428 1409 1499 24),
1470 1428 1672 1501 utique
1729 1443 1862 1484 cum
1920 1426 2105 1481 virtus

459 1518 647 1574 Patris
679 1517 861 1572 Filius
892 1517 987 1584 sit,
1022 1535 1236 1591 magna
1258 1517 1443 1573 virtus
1474 1522 1563 1574 est
1594 1517 1794 1572 Filius.
1819 1515 2104 1582 Quemad-

459 1607 699 1663 modum
733 1606 914 1679 igitur
943 1607 1312 1679 omnipotens
1357 1608 1698 1680 denegatur,
1730 1622 1905 1678 quem
1964 1605 2104 1659 fate-

457 1712 593 1751 mur
619 1712 894 1768 magnam
927 1695 1024 1750 Dei
1059 1711 1187 1750 esse
1215 1695 1486 1750 virtutem
1517 1695 1545 1750 ‘I
1587 1696 1715 1751 Haec
1743 1694 1926 1766 igitur
1979 1709 2100 1749 ma-

457 1800 572 1858 gna
600 1784 787 1839 virtus
817 1783 1027 1839 coelum
1061 1784 1216 1850 fecit,
1251 1783 1390 1856 quia
1421 1783 1631 1838 omium
1664 1783 1795 1839 fecit
1827 1787 1883 1838 et
1900 1781 2102 1851 Filius,

457 1873 609 1930 sicut
640 1873 820 1928 babes
851 1889 864 1927 :
900 1897 927 1922 «
961 1873 1171 1928 Omnia
1200 1889 1302 1945 per
1331 1873 1524 1944 ipsum
1556 1873 1708 1928 facta
1738 1876 1878 1928 sunt
1920 1871 2099 1943 (Joan.

457 1981 499 2031 ι,
528 1963 605 2033 3).
643 1985 669 2010 ››
701 1962 848 2034 Ergo
879 1961 926 2018 si
960 1966 1016 2016 et
1048 1962 1214 2017 Pater
1243 1961 1379 2016 fecit
1407 1967 1463 2016 et
1495 1961 1698 2026 Filius,
1730 1961 1933 2034 utique
1967 1959 2101 2014 facti

457 2051 652 2107 unitas
678 2050 1034 2122 operationis
1064 2049 1284 2105 indicat
1314 2050 1620 2105 unitatem.
1655 2049 1777 2104 Non
1808 2065 1944 2121 ergo
1975 2064 2104 2120 ope-

460 2140 608 2197 ratio
640 2139 828 2195 Patris
860 2142 915 2193 et
947 2137 1073 2194 Filii
1107 2137 1416 2208 discrepat.
1451 2137 1509 2192 Si
1543 2141 1735 2192 autem
1793 2153 1912 2192 una
1967 2152 2101 2208 ope-

461 2229 630 2293 ratio,
689 2245 806 2282 una
863 2227 1066 2298 utique
1121 2227 1476 2299 operationis
1528 2229 1810 2298 potestas,
1867 2233 1917 2282 et
1978 2241 2101 2278 ma-

449 2319 638 2391 jestas
694 2333 812 2372 una
871 2315 1154 2371 factorum
1213 2319 1318 2371 est.
1380 2315 1512 2370 Haec
1569 2316 1639 2371 de
1699 2315 1867 2371 Patre
1921 2317 1980 2370 et
2010 2313 2101 2369 Fi-

454 2405 555 2462 lio.

529 2495 617 2551 63.
661 2493 807 2560 Quid
879 2510 1015 2566 ergo
1071 2492 1314 2548 silemus
1354 2493 1424 2548 de
1480 2492 1723 2565 Spiritu,
1780 2490 2102 2564 praesertim

458 2599 592 2641 cum
623 2581 926 2654 Scriptura
955 2597 1064 2638 nos
1095 2581 1294 2638 divina
1324 2597 1437 2636 non
1470 2579 1728 2653 patiatur
1756 2579 1927 2636 silere
1951 2579 1980 2634 *ἶ
2001 2583 2106 2635 Dat

457 2673 614 2729 enim
645 2670 807 2727 locus
838 2669 1409 2742 opportunissimum
1440 2668 1841 2726 testimonium
1864 2669 1937 2724 ad
1969 2685 2102 2723 san-

458 2761 534 2816 cti
565 2759 822 2832 Spiritus
873 2759 1158 2815 unitatem
1219 2775 1352 2815 cum
1412 2758 1578 2814 Patre
1633 2765 1691 2814 et
1749 2757 1891 2814 Filio
1953 2759 2106 2814 780

459 2847 980 2920 comprobandum,
1014 2851 1081 2902 ut
1108 2849 1238 2919 ejus
1285 2862 1518 2919 quoque
1577 2847 1973 2920 operationem
2033 2846 2106 2900 ab

460 2953 632 3010 Opere
661 2936 852 2992 Patris
883 2938 939 2990 et
981 2935 1108 2991 Filii
1149 2934 1466 2991 dissociare
1522 2952 1904 3007 nequeamus.
1941 2934 2107 3007 Legi-

460 3040 596 3080 mus
639 3022 795 3079 euim
852 3040 1128 3093 magnam
1175 3025 1449 3080 virtutem
1506 3023 1695 3080 Patris
1752 3041 1901 3089 esse,
1949 3023 2105 3094 quod

460 3113 672 3170 omium
706 3111 879 3168 fecit:
914 3127 1187 3185 magnam
1218 3111 1495 3168 virtutem
1524 3113 1703 3168 etiam
1755 3112 1965 3168 Filium
2014 3128 2105 3169 es-

2219 536 2429 590 coetum
2463 533 2745 604 condidit,
2777 534 2916 609 quia
2953 537 3242 610 scriptum
3289 542 3376 594 est
3409 555 3422 592 :
3455 561 3483 588 «
3531 537 3715 594 Omnia
3755 541 3798 596 in

2221 617 2512 695 sapientia
2540 625 2724 680 fecisti
2756 625 2925 697 (Psal.
2957 642 3080 691 cm,
3109 628 3220 698 24).
3258 649 3284 674 ››

2287 714 2376 768 64.
2411 713 2734 770 Didicimus
2762 713 2942 787 igitur
2972 732 3096 788 quae
3131 732 3342 789 magna
3372 715 3446 772 sit
3474 715 3661 782 virtus,
3682 715 3804 772 colli-

2219 817 2429 874 gamus
2461 819 2614 858 nunc
2645 820 2769 875 quae
2803 820 3016 876 magna
3047 804 3123 861 sit
3153 804 3563 860 misericordia.
3600 805 3652 860 Si
3704 822 3802 860 ma-

2216 905 2334 962 gna
2361 889 2548 946 virtus
2579 891 2752 948 cmlos
2785 892 2936 961 fecit,
2970 898 3029 949 et
3057 910 3272 966 magna
3301 893 3678 950 misericordia
3724 895 3802 949 de-

2216 979 2315 1034 bet
2344 995 2472 1036 esse
2503 981 2574 1035 de
2605 981 2771 1047 coelo,
2803 986 2860 1038 et
2901 997 3112 1055 magna
3135 983 3372 1055 justitia
3401 983 3566 1039 debet
3617 999 3726 1039 esse
3751 983 3803 1039 de

2217 1065 2383 1135 coelo,
2408 1069 2644 1139 justitia
2675 1071 2832 1126 enim
2862 1072 2933 1127 de
2963 1071 3104 1128 caelo
3135 1073 3450 1145 prospexit,
3509 1079 3563 1128 et
3615 1071 3803 1126 miseri-

2217 1155 2414 1212 cordia
2446 1159 2600 1214 vcnit
2628 1176 2660 1214 e
2689 1158 2852 1216 ccelo.
2903 1161 3113 1234 Magna
3141 1178 3278 1234 ergo
3333 1161 3482 1216 tacta
3532 1159 3804 1216 misericor-

2219 1243 2332 1312 dia,
2365 1246 2503 1317 quia
2537 1270 2565 1297 ‹‹
2595 1248 2847 1304 Verbum
2881 1266 3014 1306 caro
3047 1250 3268 1306 factum
3299 1254 3409 1317 est,
3467 1252 3521 1305 et
3569 1249 3803 1304 habitavit

2217 1332 2278 1389 in
2312 1335 2479 1391 nobis
2513 1336 2688 1408 (Joan.
2724 1354 2762 1406 ι,
2799 1339 2908 1410 14).
2940 1360 2969 1388 ››
3003 1339 3151 1412 Ergo
3184 1355 3402 1411 magna
3445 1338 3623 1393 virtus
3667 1335 3803 1393 etslos

2218 1421 2371 1488 fecit,
2406 1440 2623 1496 magna
2651 1426 2838 1482 virtus
2894 1426 3069 1484 caelos
3123 1427 3445 1495 inclinavit,
3506 1426 3646 1481 sicut
3694 1425 3803 1497 legi-

2217 1527 2349 1566 mus
2377 1528 2390 1566 :
2425 1535 2452 1562 «
2485 1513 2553 1568 Et
2582 1513 2886 1570 inclinavit
2914 1515 3088 1571 caelos
3117 1521 3174 1571 et
3201 1515 3502 1571 descendit
3522 1515 3678 1586 (Psal.
3697 1531 3802 1580 xvu,

2218 1600 2383 1668 10).»
2433 1600 2556 1664 Quo
2613 1603 2942 1659 ostenditur
2998 1620 3302 1677 nunquam
3363 1602 3668 1659 divinitatis
3716 1619 3804 1656 sua

2215 1705 2416 1746 exsors
2450 1691 2633 1747 fuisse
2667 1691 2764 1747 Dei
2794 1692 3001 1759 Filius,
3034 1709 3138 1749 nec
3193 1710 3329 1749 cum
3386 1693 3533 1748 inter
3583 1691 3806 1748 homines

2214 1783 2563 1847 versaretur,
2596 1781 2876 1852 quoniam
2907 1782 3018 1838 etsi
3048 1783 3311 1855 suscepit
3354 1783 3507 1856 quod
3541 1799 3647 1838 non
3693 1785 3803 1848 erat,

2215 1884 2326 1922 non
2359 1867 2584 1922 destitit
2614 1873 2808 1926 tamen
2869 1887 2998 1927 esse
3056 1871 3211 1944 quod
3257 1876 3404 1928 erat.
3467 1872 3652 1942 Itaque
3701 1885 3804 1924 cum

2210 1954 2426 2011 dicitur
2458 1973 2470 2010 :
2504 1979 2531 2005 «
2567 1958 2634 2012 Et
2665 1957 2968 2015 inclinavit
3015 1959 3212 2027 cmlos,
3247 1963 3309 2016 et
3368 1959 3673 2027 descendit,
3718 1975 3804 2014 non

2211 2048 2332 2100 tam
2363 2045 2592 2100 videtur
2621 2047 2692 2102 de
2723 2047 2864 2104 ccelo
2897 2049 3271 2106 descendisse
3317 2050 3450 2121 (32),
3505 2065 3668 2120 quam
3706 2047 3804 2119 ipso

2211 2133 2585 2190 descendisse
2614 2151 2748 2192 cum
2798 2137 2961 2193 coelo.
3021 2138 3165 2194 Nam
3224 2155 3362 2194 cum
3423 2139 3586 2194 Pater
3637 2135 3805 2192 Filium

2212 2221 2604 2295 alloqueretur
2626 2211 2693 2280 in
2737 2225 2907 2282 terris
2946 2227 3146 2294 situm,
3181 2226 3374 2299 angeli
3435 2226 3803 2289 ministrarent,

2212 2327 2327 2366 non
2359 2316 2478 2368 tam
2511 2316 2774 2370 mutasse
2797 2314 3026 2371 videtur
3057 2316 3256 2372 sedem
3289 2315 3393 2372 Dei
3422 2314 3615 2381 Filius,
3664 2328 3807 2386 quam

2210 2399 2604 2458 transtulisse.
2636 2402 2784 2475 Ergo
2815 2403 3131 2461 didicimus
3164 2421 3445 2478 magnam
3476 2419 3598 2461 esse
3624 2401 3807 2459 miseri-

2211 2489 2488 2545 cordiam.

2281 2578 2371 2634 65.
2406 2579 2608 2652 Itaque
2639 2581 2687 2637 si
2721 2597 2938 2655 magna
2967 2583 3376 2639 misericordia
3404 2587 3493 2640 est
3521 2581 3827 2658 descendis--

2213 2683 2277 2721 se
2305 2668 2376 2723 de
2402 2667 2564 2734 caelo,
2597 2685 2725 2742 quas
2758 2670 2835 2726 sit
2889 2671 3204 2728 multitudo
3267 2673 3692 2728 miserationum
3720 2669 3809 2724 dis-

2209 2755 2476 2828 tinguere
2559 2762 2734 2830 atque
2818 2758 3142 2833 intelligere
3221 2762 3528 2818 debemus.
3586 2758 3813 2831 Sequitur

2212 2842 2369 2898 enim
2406 2861 2419 2898 :
2454 2867 2483 2894 «
2507 2846 2574 2900 Et
2593 2847 2918 2903 secundum
2955 2848 3398 2906 multitudinem
3420 2847 3810 2906 miserationum

2213 2935 2451 2988 tuarum
2483 2934 2611 2990 dele
2641 2935 3016 3008 iniquitatem
3049 2953 3240 2994 meam
3272 2940 3451 3008 (Psal.
3485 2957 3534 3006 L,
3564 2941 3634 3009 3).
3667 2961 3685 2988 ι
3715 2935 3810 2991 Non

2215 3021 2373 3077 enim
2408 3021 2565 3078 idem
2597 3024 2890 3097 signiﬁcat
2921 3029 3168 3098 uterque
3197 3027 3526 3083 versiculus
3558 3045 3570 3093 ;
3623 3025 3710 3081 sed
3757 3021 3813 3076 il—

2212 3107 2314 3164 lud
2346 3109 2418 3165 ad
2452 3109 2913 3169 incarnationem
2957 3114 3222 3182 refertur,
3258 3115 3370 3171 hoc
3420 3131 3550 3172 vero
3579 3113 3716 3186 quod
3741 3126 3813 3166 se-

461 3218 546 3268 se,
577 3200 854 3273 quoniam
888 3181 1101 3257 coelum
1133 3201 1269 3256 fecit
1300 3219 1313 3268 ;
1348 3217 1454 3255 nec
1513 3199 1703 3255 solum
1762 3200 1897 3256 fecit
1928 3219 1940 3256 :
2000 3202 2100 3256 sed
2135 3181 2178 3249 (ἶ
2215 3197 2436 3268 quitur,
2471 3200 2539 3254 ad
2572 3215 2672 3257 eas
2702 3202 3069 3258 referendum
3101 3181 3336 3260 videtur
3374 3221 3518 3276 quas
3548 3181 3640 3260 Dei
3668 3199 3812 3257 Filius

458 3290 633 3346 etiam
665 3289 918 3353 firmavit
949 3305 962 3344 :
999 3311 1028 3339 ‹‹
1048 3289 1237 3346 Verbo
1270 3289 1428 3345 enim
1464 3289 1690 3346 Domini
1731 3289 1857 3345 coeli
1890 3290 2106 3346 firmati

459 3383 601 3435 sunt
629 3379 800 3448 (Psat.
834 3395 1013 3440 xxxn,
1047 3377 1124 3448 6).
1165 3400 1192 3426 »
1221 3378 1370 3450 Ergo
1411 3377 1460 3434 si
1516 3381 1573 3433 et
1629 3377 1834 3434 fecisse
1889 3383 1947 3434 et
2003 3379 2106 3434 fir-

459 3482 653 3522 masse
684 3465 895 3521 ccelum
928 3481 1150 3538 magnas
1180 3466 1414 3524 virtutis
1445 3470 1553 3532 est,
1587 3467 1763 3522 etiam
1821 3467 2105 3542 Spiritum

458 3557 729 3611 sanctum
761 3572 796 3611 a
824 3555 1128 3626 majestate
1155 3571 1380 3629 magnae
1411 3556 1646 3612 virtutis
1675 3573 1944 3630 separare
1989 3575 2104 3614 non

457 3658 799 3716 possumus,
834 3642 974 3714 quia
1001 3642 1288 3716 scriptum
1321 3648 1454 3700 est:
1515 3669 1543 3695 «
1595 3646 1664 3702 Et
1719 3646 1928 3718 spiritu
1989 3647 2106 3703 oris

459 3733 589 3804 ejus
615 3731 807 3788 omnis
837 3731 1024 3787 virtus
1081 3747 1288 3788 eorum
1347 3733 1532 3804 (Ibid).
1569 3755 1598 3784 »
1653 3735 1916 3807 Namque
1971 3752 2106 3791 cum

459 3821 672 3878 ccelum
702 3821 867 3876 fieret
894 3825 952 3877 et
981 3826 1154 3892 terra,
1188 3822 1663 3894 superferebatur
1711 3823 1985 3895 Spiritus,
2037 3826 2110 3881 de

461 3927 576 3982 quo
606 3909 744 3965 alibi
794 3910 877 3964 ait
932 3910 1214 3982 propheta
1268 3910 1449 3968 David
1482 3930 1500 3966 :
1560 3936 1588 3962 «
1649 3912 1864 3968 Emitte
1931 3913 2108 3986 Spiri-

461 4003 589 4055 tum
618 4003 810 4065 tuum,
841 4003 898 4053 et
926 4000 1283 4054 creabuntur
1309 4002 1480 4068 (Psal.
1514 4017 1632 4067 CIII,
1664 4000 1778 4068 30).
1815 4023 1844 4051 »
1877 4006 1953 4057 De
1993 4018 2108 4073 quo

460 4087 636 4144 etiam
694 4086 836 4142 alibi
894 4087 1083 4142 dixit:
1171 4110 1199 4137 «
1272 4089 1558 4154 Quoniam
1642 4089 1846 4146 videbo
1933 4089 2108 4146 oculos

461 4180 617 4242 tuos,
661 4191 841 4248 opera
893 4176 1215 4248 digitorum
1278 4181 1514 4232 tuorum
1573 4178 1742 4249 (Paul.
1793 4195 1914 4245 VIII,
1969 4180 2041 4250 4).
2078 4200 2107 4227 ››

462 4264 587 4320 Non
621 4265 775 4320 enim
807 4263 1212 4336 corporalibus
1240 4264 1443 4337 digitis
1473 4266 1627 4322 Deus
1656 4265 1866 4322 crelum
1891 4267 2026 4323 fecit
2054 4272 2111 4323 et

464 4357 680 4407 terram
716 4370 728 4406 :
766 4353 867 4409 sed
898 4353 1143 4425 spiritus
1171 4354 1359 4426 gratia
1388 4355 1767 4426 septiformis,
1825 4355 1923 4412 illo
1954 4357 2109 4412 vide-

467 4438 602 4495 licet
632 4441 813 4510 digito
844 4441 914 4496 de
948 4457 1064 4512 quo
1093 4441 1277 4497 babes
1309 4443 1368 4497 in
1403 4443 1710 4516 Evangelio
1745 4462 1757 4499 :
1807 4467 1834 4494 «
1867 4443 2030 4510 Quod
2061 4444 2110 4499 si

2213 3284 2273 3342 in
2297 3303 2470 3343 carne
2499 3291 2760 3363 suscepit
2788 3291 3058 3364 injurias,
3091 3292 3232 3365 quia
3246 3293 3558 3366 jejunavit,
3585 3289 3705 3364 quia
3717 3303 3814 3344 esu-

2215 3374 2331 3440 riit,
2365 3377 2506 3449 quia
2561 3379 2736 3446 ﬂevit,
2771 3380 2910 3453 quia
2964 3379 3282 3454 vapulavit,
3335 3382 3474 3453 quia
3530 3378 3810 3453 cruciﬁxus,

2216 3463 2356 3536 quia
2384 3471 2676 3537 mortuus,
2737 3469 2879 3541 quia
2909 3468 3177 3542 sepultus
3204 3475 3316 3526 est.
3353 3473 3478 3526 Haec
3533 3468 3675 3526 enim
3721 3480 3814 3521 car-

2217 3553 2332 3620 nis,
2362 3571 2478 3610 non
2509 3555 2835 3613 divinitatis
2865 3556 3124 3631 insignia
3161 3563 3324 3614 sunt.
3357 3561 3425 3615 Et
3470 3554 3812 3614 necessarium

2215 3640 2348 3712 fuit,
2380 3646 2446 3698 ut
2475 3660 2872 3702 aerumnarum
2907 3645 3359 3704 multitudinem
3419 3645 3813 3703 miserationum

2218 3729 2535 3789 multitudo
2566 3733 2902 3806 depelleret,
2962 3735 3275 3808 profutura
3335 3735 3502 3792 nobis
3553 3730 3813 3790 Dominicis

2216 3820 2536 3877 certamine
2562 3823 2876 3893 passionis.

2301 3908 2444 3964 78]
2481 3911 2570 3966 66.
2603 3909 2729 3967 Non
2779 3911 2936 3968 enim
2968 3928 3076 3968 sua
3133 3917 3372 3985 peccata
3427 3913 3660 3976 delebat,
3711 3906 3816 3979 quia

2218 4005 2524 4075 peccatum
2555 3999 2787 4056 nullum
2819 4000 3033 4056 feecrat
3064 4017 3078 4069 ;
3114 4002 3216 4057 sed
3248 4002 3393 4073 quia
3450 4003 3724 4074 peceatum
3751 3994 3811 4048 fa-

2217 4095 2350 4148 ctus
2378 4094 2488 4158 est,
2522 4090 2723 4144 nostra
2751 4093 2920 4144 erant
2946 4089 3198 4146 delenda
3227 4096 3487 4162 peccata,
3511 4090 3651 4145 sicut
3674 4081 3810 4142 David

2217 4180 2366 4236 dixit
2399 4196 2412 4234 :
2447 4199 2476 4228 «
2509 4175 2645 4235 Dele
2676 4175 3050 4249 iniquitatem
3079 4195 3294 4234 meam.
3324 4201 3354 4230 ››
3386 4179 3533 4243 Quid
3563 4180 3644 4232 est
3682 4171 3813 4228 dele!

2217 4268 2539 4324 Videamus
2568 4265 2678 4321 hoc
2705 4267 2948 4321 verbum
2984 4284 2998 4334 ;
3033 4283 3148 4322 non
3170 4267 3330 4322 enim
3359 4267 3603 4324 otiosum
3627 4267 3719 4320 est.
3738 4259 3813 4314 De-

2220 4357 2399 4428 nique
2420 4359 2478 4411 et
2494 4353 2631 4410 alibi
2657 4353 2741 4410 ait
2764 4372 2783 4408 :
2807 4376 2836 4404 «
2860 4354 2976 4427 Ego
2999 4371 3132 4411 sum
3159 4356 3260 4428 qui
3321 4355 3485 4412 deleo
3529 4351 3812 4423 iniquitates

2221 4456 2372 4513 tuas,
2388 4451 2446 4501 et
2468 4459 2692 4500 memor
2712 4459 2828 4498 non
2848 4460 2946 4499 ero
2969 4445 3095 4516 (13a.
3121 4461 3284 4510 xum,
3305 4447 3465 4516 25).»
3487 4446 3624 4500 Sunt
3643 4437 3812 4512 proice

466 4527 526 4584 in
558 4528 740 4601 digito
771 4528 868 4584 Dei
900 4528 1068 4600 ejicio
1098 4531 1386 4587 daemonia
1416 4533 1566 4601 (Luc.
1608 4549 1684 4598 χι,
1718 4533 1830 4603 20).
1859 4554 1888 4582 ››
1947 4533 2112 4588 Hunc
2142 4547 2189 4612 D
2219 4539 2278 4590 to
2295 4533 2410 4590 alte
2433 4532 2726 4604 impressa
2746 4532 3015 4603 quaedam
3033 4534 3405 4589 conscientia:
3427 4537 3628 4588 nostris
3661 4524 3815 4612 ulcera

468 4614 624 4670 enim
659 4615 912 4688 digitum
939 4615 1078 4671 alibi
1109 4617 1395 4689 Spiritum
1453 4620 1619 4684 dixit,
1669 4619 1823 4676 sicut
1879 4619 2061 4676 habes
2095 4638 2108 4676 :

473 4724 500 4758 ιι
539 4704 702 4769 Quod
734 4703 873 4759 siin
906 4703 1115 4776 spiritu
1171 4705 1272 4761 Dei
1331 4707 1500 4777 ejicio
1557 4707 1845 4764 daemonia
1900 4708 2110 4777 (Matth.

468 4811 568 4861 xu,
594 4794 707 4864 28).
744 4793 804 4850 Si
837 4793 1016 4864 igitur
1060 4793 1310 4864 Spiritus
1367 4795 1470 4850 Dei
1528 4795 1748 4867 digitus
1807 4802 1914 4860 est,
1975 4815 2114 4869 quo-

470 4882 630 4938 niam
663 4881 966 4938 brachium
1002 4882 1103 4939 Dei
1135 4881 1318 4938 Filius
1349 4887 1456 4951 est,
1491 4883 1694 4955 utique
1711 4885 1965 4956 Spiritus
1991 4903 2116 4942 coo-

473 4977 709 5043 peratus
738 4971 894 5027 Patri
941 4976 1001 5028 et
1059 4970 1203 5027 Filio
1258 4987 1359 5044 per
1414 4971 1702 5027 unitatem
1760 4975 2116 5045 operationis

473 5063 686 5116 emtum
718 5059 852 5116 fecit
877 5065 934 5116 et
962 5066 1198 5116 terram.
1251 5061 1384 5116 Ideo
1413 5059 1570 5116 enim
1627 5061 1879 5134 digitum
1938 5064 2117 5120 Filius

474 5149 856 5220 nuncupavit,
890 5153 956 5204 ut
986 5154 1269 5222 tanquam
1324 5149 1502 5205 unius
1559 5151 1842 5222 corporis,
1900 5151 1984 5208 ita
2039 5152 2120 5208 di-

2221 4621 2590 4687 delictorum,
2621 4625 2678 4676 et
2699 4620 2968 4692 quaedam
3001 4621 3293 4678 mentium
3354 4626 3672 4679 nostrarum
3721 4608 3815 4668 ani-

2223 4725 2573 4781 morumque
2600 4707 2839 4774 vibices,
2874 4724 3007 4778 quae
3035 4724 3300 4765 errorum
3334 4714 3651 4765 nostrorum
3679 4699 3816 4756 abdu-

2222 4803 2441 4855 cuntur
2487 4796 2803 4854 ulceribus.
2864 4796 3053 4853 Habet
3081 4814 3222 4870 ergo
3281 4799 3458 4870 culpa
3510 4795 3814 4852 Characme

2226 4904 2367 4943 suos
2397 4893 2457 4942 et
2485 4886 2700 4957 apices,
2733 4884 2952 4957 quibus
2982 4886 3250 4959 proditur
3279 4903 3294 4941 :
3344 4886 3497 4959 quod
3530 4899 3634 4939 non
3686 4879 3814 4947 inge-

2227 4977 2325 5032 nio
2355 4978 2556 5032 nostro
2579 4971 2943 5046 affingimus,
2971 4975 3072 5031 sed
3135 4975 3473 5048 prophetica
3526 4963 3813 5028 auctoritate

2226 5065 2557 5138 signemus.
2591 5063 2821 5135 Scripta
2848 5067 2938 5118 est
2965 5080 3136 5137 ergo;
3159 5070 3217 5120 et
3243 5065 3342 5120 ubi
3373 5063 3581 5133 scripta
3609 5052 3810 5114 sitvide:

2226 5155 2286 5209 In
2316 5161 2554 5225 pectore,
2611 5149 2824 5222 inquit,
2856 5151 3038 5207 cordis
3068 5155 3154 5208 tui
3175 5154 3295 5224 (33)
3328 5153 3539 5221 (Jerem.
3591 5160 3709 5206 xvu,
3755 5139 3808 5202 il.

475 5235 736 5294 vinitatis
783 5237 1134 5310 exprimeret
1191 5238 1493 5293 unitatem.
1541 5238 1740 5310 Itaque
1795 5239 1846 5296 si
1906 5258 2122 5313 magna
2229 5243 2348 5298 Hoc
2379 5245 2469 5297 est
2501 5240 2583 5296 ibi
2640 5238 2860 5311 scripta
2913 5243 3004 5296 est
3059 5240 3243 5313 culpas
3302 5239 3502 5306 series,
3533 5235 3622 5290 ubi
3674 5229 3808 5285 etiam

550 5402 840 5483 (.32).Edi_t.
874 5395 1027 5472 Era,
1060 5373 1295 5483 Gill._ac
1347 5405 1540 5483 item,
1569 5422 1682 5483 non
1739 5415 1859 5483 tam
1910 5409 2125 5483 videtur
2232 5413 2294 5467 in
2323 5410 2546 5478 tabulis,
2579 5411 2780 5482 inquit.
2818 5409 2994 5466 cordis
3021 5412 3121 5466 tui.
3153 5403 3631 5483 Alia2__vero__e_di_t.
3677 5400 3808 5483 MF:

477 5473 633 5527 cwlos
659 5475 966 5553 inclinasse,
998 5494 1161 5547 quam
1195 5481 1306 5553 ipse
1326 5477 1394 5533 de
1423 5478 1557 5553 cajlo
1607 5477 1958 5536 descendisse.
2011 5481 2124 5538 Sed
2234 5499 2440 5553 omnes
2471 5472 2733 5553 mss.,'In
2763 5472 3024 5553 pectore,
3083 5485 3191 5537 etc.
3253 5479 3395 5535 Vide
3447 5472 3707 5531 Nobilium

478 5559 622 5598 mss.
657 5545 915 5615 quinque
945 5545 1133 5602 locum
1171 5545 1338 5604 nobis
1372 5549 1771 5606 restituerunt.

553 5616 664 5683 (33)
697 5614 834 5668 Gill.
866 5617 923 5670 in
956 5621 1221 5691 margine
1250 5626 1307 5674 et
1335 5621 1473 5675 edit.
1507 5621 1675 5676 Rom.
1710 5623 1766 5676 in
1801 5627 2068 5679 contextu
2110 5644 2122 5681 :

2236 5553 2393 5609 hunc
2424 5551 2638 5608 locum.
