4078 6196
352 328 470 396 937

347 556 574 615 tabulis
628 560 819 617 cordis
876 560 1232 618 carnalibus.
1295 562 1402 620 Sed
1466 580 1596 635 qua:
1656 561 1810 617 bona
1868 567 2011 618 sunt

350 663 467 702 non
501 653 828 706 atramento
858 651 1217 717 scribuntur,
1260 653 1361 708 sed
1422 651 1633 723 spiritu
1694 651 1790 707 Dei
1854 649 2005 706 vivi:

350 752 478 807 quae
508 741 707 794 autem
740 738 966 806 vitiosa,
1009 740 1254 813 graphio
1305 741 1486 797 ferreo
1530 745 1588 796 et
1638 756 1834 813 ungue
1871 740 2007 795 ada-

350 827 620 882 mantino
705 829 914 901 (Ibid)
973 829 1133 885 Talis
1193 831 1618 902 propemodum
1694 829 2006 901 scriptura,

350 913 544 985 qualis
597 921 685 972 est
735 934 907 990 paena
961 918 1203 990 peccati.
1267 918 1560 974 Scribitur
1608 917 1708 974 illa
1766 915 2010 990 graphio

348 1003 555 1072 ferreo,
590 1004 698 1061 hoc
725 1007 885 1078 virga
916 1007 1103 1063 ferrea
1132 1012 1450 1074 coercetur,
1509 1008 1664 1063 sicut
1721 1006 2010 1078 scriptum

349 1095 478 1147 est:
514 1115 543 1142 ‹‹
579 1095 763 1165 Reges
797 1112 898 1151 eos
925 1095 985 1152 in
1014 1097 1180 1169 virga
1204 1096 1390 1152 ferrea
1419 1097 1592 1168 (Ρεαι.
1618 1113 1681 1158 η,
1715 1096 1791 1166 9).
1828 1116 1854 1143 »
1886 1092 2012 1148 Alia

345 1191 439 1240 est
467 1183 569 1239 illa
592 1184 756 1255 virga
781 1191 955 1248 recta,
1005 1187 1170 1258 virga
1201 1186 1360 1258 regni
1397 1186 1480 1241 tui
1515 1187 1689 1254 (Paul.
1732 1201 1878 1250 κων,
1910 1185 1965 1252 7)
1992 1198 2004 1235 :

347 1273 470 1328 haec
502 1273 791 1344 supplicio
821 1280 1043 1329 coercet
1075 1274 1296 1340 noxios,
1339 1274 1441 1330 illa
1469 1275 1737 1330 innoxios
1795 1273 2008 1346 guber-
2062 1307 2067 1312 -

346 1367 452 1417 nat
479 1361 901 1435 imperio.Ergo
931 1362 1151 1434 scripta
1179 1367 1270 1418 est
1299 1362 1471 1434 culpa
1496 1380 1508 1416 :
1543 1363 1850 1418 videamus
1884 1360 2005 1416 ubi.

347 1450 475 1505 Non
499 1450 660 1517 foris,
693 1451 794 1507 sed
826 1451 986 1507 intus
1019 1451 1077 1507 in
1109 1452 1282 1508 corde
1312 1455 1412 1507 tuo
1443 1455 1500 1506 et
1531 1451 1589 1506 in
1624 1454 1858 1522 pectore
1882 1454 2003 1504 tuo.

345 1540 510 1595 Sicut
537 1540 693 1596 enim
725 1555 904 1612 prope
933 1543 1022 1596 est
1084 1541 1326 1596 verbum
1383 1539 1443 1596 in
1493 1557 1590 1596 ore
1650 1543 1772 1608 tuo,
1829 1543 1887 1594 et
1945 1538 2005 1593 in

345 1629 520 1685 corde
549 1633 688 1685 tuo:
721 1629 807 1684 sic
836 1627 1174 1684 infidelibus
1207 1629 1266 1684 in
1297 1629 1425 1700 ipso
1455 1629 1626 1684 corde
1662 1626 2008 1699 exprimitur

345 1717 537 1789 ﬁgura
561 1719 800 1790 peccati,
834 1723 892 1772 et
920 1718 1135 1773 erroris
1164 1717 1408 1788 effigies.
1470 1718 1633 1773 lntus
1685 1717 1867 1789 igitur
1915 1721 2006 1771 est

1526 334 1914 402 APOLOGIA
1966 336 2208 400 DAVID
2257 343 2298 402 Α
2313 339 2596 404 LTEBA.

352 472 548 527 forma
577 468 852 539 virtutis;
909 485 1024 528 non
1081 469 1140 528 in
1193 469 1412 529 tabulis
1463 471 1732 546 lapideis,
1795 471 1894 527 sed
1951 472 2010 528 in
2045 476 2096 538 Α
2126 475 2497 533 innocentem
2527 481 2585 533 te
2614 474 2876 536 asseris?
2929 475 3054 536 Nan
3105 481 3195 536 est
3248 474 3432 553 igitur
3482 481 3774 540 maximus
3861 521 3877 530 .

3652 342 3774 412 958

2124 566 2502 621 erubescendi
2534 566 2716 636 locus,
2750 569 2984 640 quando
3033 585 3166 625 cum
3225 566 3498 641 plurimis
3557 572 3773 643 peccati

2123 653 2300 709 inista
2328 657 2623 712 consortia
2651 664 2824 721 sunt;
2860 659 2911 713 si
2941 675 3262 730 sequamur
3285 663 3475 714 tamen
3509 658 3770 716 studium

2123 743 2468 814 corrigendi.
2502 747 2698 816 Neque
2733 762 2936 801 rursus
2993 761 3222 817 paveas,
3285 761 3356 800 ne
3395 744 3576 818 culpes
3636 762 3772 802 con-

2121 829 2295 885 fessio
2329 833 2595 886 teneatur
2615 831 2685 886 ad
2748 849 2998 904 poenam.
3033 833 3229 888 Bonus
3260 833 3416 888 enim
3447 838 3505 889 et
3545 834 3773 889 miseri-

2121 933 2250 973 cors
2283 925 2430 973 Deus
2461 936 2574 975 non
2610 920 2798 976 solum
2830 920 3034 993 culpas
3093 921 3388 994 ignoscere
3444 923 3770 979 confitenti-

2122 1005 2254 1070 bus,
2302 1008 2402 1063 sed
2460 1010 2634 1065 etiam
2692 1011 2934 1082 prmmia
2991 1009 3421 1086 corrigentibus
3475 1010 3773 1082 impertire

2121 1097 2455 1166 consuevit;
2481 1098 2531 1153 si
2561 1104 2758 1154 tamen
2784 1099 3189 1172 unusquisque
3207 1099 3317 1156 sibi
3351 1099 3557 1156 donari
3588 1105 3769 1173 petat,

2119 1185 2277 1254 quod
2329 1185 2599 1258 intelligit
2643 1205 2757 1243 non
2789 1187 2986 1244 latere.
3029 1212 3048 1238 ο
3086 1188 3189 1244 Dic
3237 1204 3375 1261 ergo
3432 1189 3772 1260 iniquitates

2118 1278 2272 1339 tuas,
2307 1279 2368 1328 ut
2413 1275 2760 1345 justiﬁceris
2787 1279 2914 1345 (Isa.
2966 1295 3124 1345 xun,
3157 1278 3270 1348 26).
3308 1299 3335 1327 ››
3367 1277 3464 1334 Dei
3505 1295 3610 1334 vox
3659 1278 3770 1333 ista

2117 1366 2205 1416 est
2253 1361 2502 1419 volentis
2553 1364 2888 1436 ignoscere:
2924 1365 3022 1421 Dei
3053 1382 3162 1421 vox
3214 1366 3326 1422 ista
3381 1371 3470 1422 est
3527 1365 3767 1438 promit-

2118 1449 2318 1516 tentis,
2350 1453 2504 1522 quod
2527 1456 2694 1508 tuum
2725 1453 2863 1508 velit
2892 1454 3084 1510 delere
3122 1461 3446 1526 peccatum.
3707 1522 3710 1524 γ

2186 1539 2275 1596 69.
2299 1540 2464 1595 «Tibi
2497 1541 2782 1611 peccavi,»
2815 1542 2993 1597 David
3022 1542 3532 1609 dicit,«etmalum
3565 1560 3762 1599 coram

2116 1629 2172 1682 te
2202 1627 2330 1683 feci.
2371 1651 2391 1676 ο
2431 1630 2545 1684 Hoc
2573 1634 2680 1697 est,
2715 1631 2824 1686 etsi
2855 1630 3125 1686 homines
3156 1647 3271 1686 non
3303 1631 3518 1699 vident,
3552 1633 3654 1688 sed
3704 1637 3767 1687 tu

2114 1714 2311 1770 vides:
2346 1717 2455 1772 etsi
2503 1717 2771 1773 homines
2803 1734 2897 1774 me
2943 1719 3266 1789 dijudicare
3327 1735 3441 1775 non
3499 1725 3768 1791 possunt,

344 1805 540 1903 culpa,
573 1807 736 1862 intus
763 1810 818 1862 et
848 1806 1055 1872 virtus,
1087 1808 1158 1862 Et
1187 1807 1316 1862 ideo
1366 1806 1680 1863 Dominus:
1717 1828 1744 1855 «
1779 1805 2000 1872 Sentio,
2035 1839 2080 1903 B
2113 1804 2252 1902 quia
2283 1805 2598 1878 participes
2627 1806 2974 1862 delictorum
3031 1812 3207 1874 sunt;
3243 1812 3303 1861 tu
3363 1812 3560 1862 tamen
3582 1809 3765 1878 judex

345 1893 561 1966 inquit,
595 1895 664 1950 de
697 1909 789 1949 me
845 1894 1118 1949 virtutem
1151 1895 1340 1950 exisse
1373 1895 1522 1965 (Luc.
1556 1911 1678 1961 vui,
1713 1893 1836 1962 46):
1874 1915 1902 1942 »
1937 1896 2001 1948 ut

344 1984 680 2039 ostenderet
719 1999 851 2054 qua:
888 1984 1041 2039 bona
1071 1986 1230 2050 sunt,
1265 1983 1337 2038 de
1385 1982 1659 2037 interiore
1692 1981 2002 2054 procedere

343 2077 403 2128 et
431 2076 632 2128 contra
660 2087 786 2143 quae
819 2071 974 2126 mala
990 2070 1523 2138 sunt,deinteriore
1549 2069 1799 2141 prodire.
1826 2093 1853 2120 «
1875 2069 1998 2124 Non

343 2161 508 2216 enim
541 2161 696 2232 quod
729 2159 929 2225 intrat,
963 2157 1174 2232 inquit,
1233 2159 1291 2214 in
1328 2176 1414 2225 os,
1448 2159 1789 2230 coinquinat
1814 2156 2000 2214 homi-

344 2266 506 2313 nem.
539 2250 639 2305 sed
682 2250 835 2320 quod
895 2249 1010 2304 exit
1059 2249 1130 2304 de
1177 2265 1275 2303 ore
1330 2247 1538 2316 (Matth.
1571 2265 1660 2313 xv,
1691 2248 1798 2317 14).
1838 2269 1864 2296 ››
1922 2247 2001 2304 De

343 2338 685 2394 eordeenim
717 2342 818 2393 tuo
837 2337 1214 2409 cogitationes
1241 2337 1597 2409 procedunt;
1620 2340 1676 2392 et
1706 2336 1835 2391 ideo
1866 2351 2000 2392 cave

344 2443 418 2482 ne
439 2427 510 2482 de
529 2427 706 2483 corde
726 2431 828 2481 tuo
859 2425 1023 2481 mala:
1047 2425 1430 2497 cogitationes
1454 2426 1756 2497 prodeant,
1791 2440 1916 2496 qua;
1945 2428 2001 2479 te

339 2515 664 2587 posteriore
692 2519 956 2585 tempore
985 2519 1239 2585 arguant
1267 2518 1325 2569 et
1356 2517 1656 2570 accusent.
1687 2512 1812 2569 Non
1844 2511 2000 2567 enim

339 2608 495 2659 Deus
524 2602 876 2660 testimoniis
907 2603 979 2658 ad
1033 2603 1450 2658 revincendum
1503 2606 1560 2657 te
1613 2601 2001 2674 argumentis-

337 2708 455 2764 que
479 2692 734 2764 indiget:
785 2696 889 2746 tua
911 2696 969 2746 te
996 2691 1126 2763 ipsa
1155 2690 1330 2762 culpa
1360 2695 1598 2746 accusat
1625 2694 1682 2746 et
1712 2691 1926 2762 prodit.

407 2782 499 2835 67.
536 2781 750 2836 Deinde
791 2780 938 2835 bene
996 2780 1054 2834 in
1116 2779 1225 2834 hoc
1276 2779 1509 2835 Psalmo
1568 2779 1746 2834 David
1807 2779 1993 2836 dicit:

337 2891 368 2919 «ι
400 2869 472 2924 Et
508 2867 787 2931 delictum
814 2884 1013 2924 meum
1072 2872 1276 2924 contra
1305 2884 1397 2923 me
1429 2871 1518 2923 est
1565 2883 1798 2938 semper
1827 2867 1994 2938 (Psal.

335 2975 390 3028 ι,
420 2959 499 3030 5).
536 2980 564 3009 ››
591 2957 685 3013 Vas
714 2956 872 3012 enim
906 2955 1050 3012 mihi
1084 2957 1239 3028 quod
1282 2957 1461 3012 latere
1492 2955 1684 3028 cupio,
1713 2959 1770 3011 et
1818 2955 1998 3013 latere

334 3062 456 3102 non
488 3046 764 3118 possum!
797 3045 1098 3111 Quomodo
1130 3046 1288 3101 enim
1319 3045 1532 3112 latebo,
1564 3045 1666 3116 qui
1712 3044 1998 3117 inscripta

331 3133 398 3190 in
432 3138 662 3207 pectore
692 3149 822 3190 meo
880 3149 1016 3207 gero
1047 3149 1314 3190 meorum
1345 3133 1563 3189 indicia
1589 3133 1943 3190 delictorum
1976 3138 2000 3189 Ρ

2111 1908 2172 1947 es
2202 1891 2592 1964 singulorum,
2627 1895 2766 1966 quia
2795 1912 2996 1968 expers
3029 1912 3090 1952 es
3119 1893 3489 1952 delictorum.
3553 1895 3768 1960 Quam-

2110 1979 2252 2036 libet
2279 1981 2339 2036 in
2381 1982 2555 2037 corde
2606 1982 2814 2038 intimo
2846 1981 3226 2055 cogitationes
3280 1982 3468 2038 noxiae
3525 1981 3768 2050 lateant,

2111 2085 2306 2124 coram
2336 2076 2393 2124 te
2425 2074 2619 2126 tamen
2655 2071 2950 2144 sunt,‘qui
2980 2075 3144 2143 potes
3176 2070 3403 2127 dicere:
3444 2090 3466 2119 α
3502 2071 3651 2136 Quid
3683 2088 3770 2129 co-

2111 2155 2307 2228 gitatis
2339 2159 2495 2214 mala
2545 2160 2602 2214 in
2658 2159 2935 2216 cordibus
2989 2159 3201 2216 vestris
3230 2159 3436 2230 (Matth.
3469 2177 3546 2228 rx,
3603 2161 3708 2235 4)?
3740 2182 3761 2210 ι

2111 2244 2331 2317 Nempe
2358 2246 2624 2303 Christus
2654 2247 2763 2303 hoc
2794 2249 2952 2304 dicit.
2989 2247 3096 2312 Qui
3127 2263 3264 2320 ergo
3307 2247 3469 2303 novit
3507 2247 3648 2319 quid
3705 2247 3766 2304 in

2111 2334 2282 2388 corde
2312 2334 2390 2389 sit
2419 2335 2726 2406 scriptum,
2761 2340 2952 2407 potest
2971 2337 3162 2392 delere
3194 2335 3479 2408 quidquid
3503 2335 3562 2390 in
3595 2337 3766 2393 corde

2109 2423 2507 2494 conscriptum
2537 2427 2644 2479 est.
2680 2424 2784 2479 Cui
2817 2441 2878 2481 se
2912 2425 3160 2480 fateatur
3191 2429 3388 2481 noster
3415 2425 3593 2480 David
3649 2441 3764 2481 non

2110 2508 2300 2565 solum
2334 2510 2391 2565 in
2423 2511 2638 2584 seipse,
2670 2512 2769 2567 sed
2801 2512 2974 2567 etiam
3008 2514 3066 2568 in
3117 2513 3306 2584 primo
3339 2513 3575 2569 homine
3633 2529 3762 2586 pec-

2109 2599 2453 2667 casse,dum
2485 2604 2775 2672 praecepta
2795 2600 2992 2655 divina
3025 2605 3401 2656 temerantur.

2177 2689 2266 2742 70.
2327 2691 2449 2754 Quo
2534 2688 2666 2745 licet
2720 2690 3036 2756 advertere,
3096 2689 3308 2745 fratres
3365 2689 3763 2758 dilectissimi,

2109 2777 2607 2847 quemadmodum
2631 2793 2836 2833 omnes
2855 2777 3130 2845 haereses,
3147 2778 3288 2833 dum
3304 2793 3365 2833 se
3387 2776 3759 2850 impugnant,

2107 2865 2168 2920 in
2200 2882 2263 2921 se
2303 2870 2632 2922 recurrunt.
2666 2867 2888 2936 Itaque,
2915 2865 3115 2921 Ariani
3156 2867 3297 2921 dum
3329 2865 3518 2922 Patris
3547 2869 3605 2922 et
3632 2865 3762 2922 Filii

2108 2959 2382 3026 separant
2413 2959 2777 3027 potestatem,
2809 2955 2868 3008 in
2899 2970 3032 3010 eum
3067 2953 3284 3010 furiose
3307 2953 3524 3010 exitum
3558 2954 3760 3027 dispu-

2105 3043 2344 3099 tationis
2374 3044 2683 3100 incurrunt
2709 3047 2772 3098 ut
2788 3060 2922 3098 cum
2942 3042 3275 3099 Mauichaais
3293 3059 3494 3099 eorum
3519 3058 3759 3098 concur-

2107 3136 2197 3187 rat
2227 3133 2472 3188 assertio
2499 3150 2512 3199 ;
2545 3132 2629 3188 illi
2663 3132 2822 3188 enim
2853 3131 3056 3188 dicunt
3083 3131 3331 3188 alterum
3389 3131 3572 3188 Deum
3631 3148 3761 3189 esse

333 3201 666 3279 Nudabitur
696 3223 755 3278 in
783 3201 1116 3292 illo‘judicii
1150 3221 1244 3277 die
1273 3222 1740 3294 uniuscujusque
1769 3226 1996 3294 pectus,
2029 3201 2070 3268 (ἶ
2108 3221 2339 3287 veteris,
2372 3220 2620 3277 alterum
2653 3220 2786 3276 novi
2820 3220 3200 3276 Testamenti.
3239 3223 3422 3286 Quam
3452 3220 3755 3292 profanam

332 3310 742 3366 testimonium
774 3309 1058 3366 reddente
1086 3309 1363 3366 omnibus
1394 3310 1750 3366 conscientia
1783 3327 1913 3376 sua,
1941 3316 1996 3365 et

331 3399 581 3454 invicem
608 3399 1025 3454 accusantibus
1054 3397 1532 3468 eOgitationibus,
1563 3401 1666 3453 aut
1695 3397 1870 3453 etiam
1902 3399 1997 3453 de-

331 3486 730 3553 fendentibus,
761 3486 821 3541 in
845 3486 938 3543 die
968 3503 1087 3557 qua
1110 3485 1404 3557 judicabit
1424 3485 1710 3541 Dominus
1764 3484 1995 3541 occulta

331 3575 664 3632 hominum.
698 3573 840 3638 Quis
897 3575 1086 3646 pudor
1142 3574 1260 3641 ille,
1308 3590 1442 3630 cum
1501 3573 1664 3645 prodi
1714 3573 1992 3629 omnibus

331 3663 574 3736 coeperit
601 3663 757 3735 quod
793 3663 1149 3734 putabamus
1194 3661 1486 3719 occultum
1522 3679 1535 3728 ;
1582 3678 1718 3717 cum
1767 3661 1991 3733 aperire

331 3767 398 3808 se
429 3750 671 3825 coeperit
725 3750 1200 3822 uniuscujusque
1231 3741 1426 3821 imago
1459 3749 1676 3815 delicti,
1712 3753 1776 3804 ut
1804 3765 1986 3804 unus-

330 3839 587 3911 quisque
618 3839 707 3894 sui
743 3837 1008 3895 criminis
1037 3837 1187 3894 serie
1218 3837 1598 3893 revincatur?
1627 3837 1767 3903 Quis
1798 3837 1988 3910 pudor

329 3943 469 3984 cum
522 3927 690 3982 illum
776 3942 951 3999 quem
978 3926 1396 3998 despicabilem
1427 3925 1486 3981 in
1518 3925 1627 3981 hoc
1653 3925 1864 3981 saeculo
1886 3926 1983 3996 ju-

327 4016 594 4085 dicebas,
647 4016 861 4071 videris
924 4030 1056 4071 esse
1103 4009 1436 4086 praelatum;
1495 4013 1664 4069 illum
1749 4029 1982 4069 servum

327 4111 523 4172 tuum,
555 4103 722 4160 illum
754 4119 928 4176 quem
974 4105 1149 4175 juxta
1221 4101 1419 4158 saeculi
1478 4102 1659 4174 hujus
1737 4101 1983 4158 astutias

329 4194 598 4265 ineptum
637 4197 696 4249 et
749 4191 1072 4248 inhabilem
1124 4190 1527 4257 arbitrabaris,
1583 4189 1980 4262 simplicitatis

326 4298 451 4338 sua
473 4281 692 4338 divitiis
721 4279 1061 4350 cognoveris
1086 4278 1438 4334 honoratum
1459 4278 1486 4332 ?
1534 4279 1678 4350 Ergo
1708 4279 1847 4334 dum
1897 4279 1980 4333 vi-

325 4371 546 4439 vimus,
578 4369 989 4442 confugiamus
1020 4367 1092 4423 ad
1124 4383 1258 4422 eum
1289 4366 1390 4438 qui
1418 4371 1609 4439 potest
1635 4365 1828 4423 delere
1853 4384 1981 4438 pec-

326 4460 549 4515 catum.
605 4458 721 4514 Nec
790 4472 1023 4512 vereare
1077 4455 1232 4526 quod
1284 4455 1528 4526 graphio
1584 4454 1767 4510 ferreo
1829 4457 1977 4512 132

2106 3311 2488 3366 assertionem
2521 3309 2777 3365 Ecclesia
2808 3316 3010 3365 sancta
3025 3309 3394 3377 condemnat,
3420 3325 3547 3381 quaa
3571 3325 3752 3365 unum

2103 3397 2287 3453 Deum
2320 3398 2491 3470 legit;
2516 3399 2655 3470 quia
2684 3422 2711 3448 «
2748 3415 2902 3454 unus
2934 3399 3087 3454 Deus
3119 3397 3281 3454 Pater
3309 3414 3378 3453 ex
3399 3414 3516 3470 quo
3534 3397 3753 3466 omnia,

2101 3490 2158 3539 et
2185 3503 2292 3541 nos
2322 3487 2380 3540 in
2412 3486 2606 3557 ipsum
2633 3503 2646 3541 :
2678 3490 2736 3541 et
2766 3503 2921 3542 unus
2951 3486 3236 3543 Dominus
3253 3487 3428 3542 Jesus
3457 3503 3560 3559 per
3579 3501 3754 3558 quem

2099 3573 2316 3634 omnia.
2345 3578 2404 3628 et
2433 3590 2539 3628 nos
2577 3589 2680 3646 per
2708 3573 2905 3645 ipsum
2937 3575 2985 3645 (I
3012 3576 3132 3630 Cor.
3167 3590 3292 3642 VIII,
3325 3575 3401 3646 6).
3459 3599 3485 3625 ‹‹
3543 3575 3755 3648 Utique

2098 3661 2467 3732 omnipotens
2498 3666 2754 3733 potestas
2785 3666 2842 3716 et
2873 3679 2988 3716 una
3010 3662 3197 3717 Patris
3253 3668 3310 3717 et
3340 3662 3465 3718 l-‘ilii
3497 3663 3754 3720 declara-

2097 3752 2213 3816 tur,
2273 3752 2338 3804 ut
2393 3765 2497 3804 nec
2554 3749 2782 3804 Patrem
2841 3765 2875 3803 a
2929 3748 3071 3804 Novi
3127 3750 3482 3806 Testamenti
3567 3741 3754 3824 gratia

2095 3852 2499 3904 secernamus,
2528 3846 2634 3893 nec
2665 3852 2872 3892 rursus
2929 3837 3001 3892 ab
3057 3835 3486 3894 instauratione
3546 3840 3753 3894 mundi

2095 3925 2308 3981 Filium
2351 3941 2707 3996 separemus.

2161 4015 2251 4068 71.
2286 4013 2545 4085 Denique
2574 4013 3013 4069 consideremus
3035 4017 3236 4068 utrum
3263 4011 3417 4068 idem
3450 4012 3605 4068 Deus
3635 4012 3748 4083 (45)

2091 4102 2402 4173 utriusque
2432 4103 2510 4157 sit
2545 4102 2809 4158 conditor
2854 4100 3237 4157 Testamenti.
3264 4099 3486 4171 Nempe
3544 4116 3749 4156 omnes

2088 4189 2146 4245 in
2180 4190 2368 4262 primo
2398 4190 2636 4246 homine
2667 4189 3056 4262 peccavimus,
3091 4192 3148 4244 et
3196 4205 3299 4260 per
3327 4193 3550 4244 natura;
3609 4205 3750 4244 suc-

2089 4279 2411 4335 cessionem
2442 4278 2625 4351 culpaa
2655 4294 2887 4351 quoque
2917 4277 2989 4334 ab
3029 4293 3146 4332 uno
3178 4276 3237 4331 in
3296 4293 3504 4334 omnes
3561 4279 3752 4333 trans-

2088 4368 2219 4423 fusa
2275 4368 2593 4434 successio,
2651 4371 2756 4423 est.
2821 4367 2886 4422 In
2949 4383 3124 4438 quem
3183 4382 3320 4438 ergo
3381 4365 3630 4437 peccavi,
3687 4366 3747 4421 in

2087 4457 2336 4522 Patrem,
2370 4473 2443 4511 an
2470 4455 2529 4510 in
2556 4453 2816 4510 Filium?
2865 4454 3077 4527 Utique
3131 4454 3191 4510 in
3247 4471 3379 4510 eum
3441 4454 3541 4527 qui
3599 4453 3748 4511 mihi

327 4546 614 4619 scriptum
646 4551 753 4611 est,
786 4550 842 4601 et
872 4560 1067 4616 ungue
1093 4541 1471 4598 adamantina
1496 4543 1647 4613 (34);
1680 4543 1775 4598 hic
1821 4543 1977 4599 enim
2008 4560 2054 4622 D
2086 4543 2355 4613 credidit,
2390 4543 2544 4615 quod
2602 4559 2717 4598 non
2767 4543 3053 4598 servando
3097 4543 3349 4614 peccavi.
3402 4541 3746 4598 Mandatum

326 4640 529 4708 portas
554 4635 771 4691 ferreas
816 4633 1350 4703 adamantinasque
1379 4631 1683 4704 confregit,
1745 4648 1849 4688 nec
1906 4632 1978 4687 ti-

329 4741 492 4781 meas
522 4723 758 4795 culpam
791 4722 979 4778 fateri.

399 4815 490 4868 68.
540 4812 856 4868 Confessus
913 4816 1000 4866 est
1059 4809 1261 4877 David,
1313 4808 1552 4881 agnovit
1607 4809 1976 4881 iniquitatem

327 4916 523 4966 suam,
565 4899 798 4972 agnovit
828 4913 1123 4962 errorem;
1178 4902 1235 4952 et
1265 4897 1392 4953 ideo
1450 4895 1568 4952 ait:
1605 4919 1632 4946 «
1690 4897 1976 4963 Quoniam

329 4987 702 5059 iniquitatem
733 5001 924 5042 meam
951 5001 1201 5057 agnosco
1232 4985 1412 5056 (Ibid).
1443 5007 1470 5034 ››
1493 4983 1667 5040 David
1692 4985 1977 5058 agnoscit,

329 5083 392 5133 et
420 5081 486 5131 tu
518 5092 632 5132 non
659 5073 976 5147 agnoscis?
1006 5071 1183 5129 David
1242 5072 1475 5139 fatetur,
1533 5077 1590 5129 et
1640 5076 1702 5127 tu
1757 5073 1980 5145 negas?

330 5163 548 5221 Paulus
577 5181 640 5221 se
679 5166 982 5220 nocentem
1031 5161 1247 5218 clamat
1288 5163 1338 5231 (Ι
1385 5163 1518 5217 Tim.
1569 5161 1750 5230 1,45),
1813 5167 1872 5217 et
1914 5167 1976 5216 tu

400 5361 513 5431 (34)
546 5360 670 5415 Non
703 5360 1020 5415 obscurum
1051 5361 1140 5413 est
1168 5355 1428 5431 alludere
1450 5358 1761 5412 Auctorem
1784 5356 1856 5412 ad
1877 5355 1978 5431 illa

326 5428 582 5498 Hiere'm,
614 5447 665 5498 c,
710 5433 773 5486 17
808 5447 820 5485 :
877 5433 1168 5486 Peccatum
1203 5428 1359 5485 Iudae
1405 5431 1673 5500 scriptum
1701 5431 1779 5483 est
1834 5429 1976 5500 style

322 5506 528 5630 gerrae,
569 5497 656 5557 ’in'
703 5518 886 5572 ungue
941 5500 1320 5564 adamantina,
1381 5503 1446 5553 ut
1497 5497 1669 5571 Vulg.
1720 5497 1972 5570 praefert.

379 5591 460 5629 asc
490 5579 687 5629 autem
717 5573 895 5628 verba
934 5589 1068 5628 cum
1125 5571 1531 5627 desiderentur
1585 5570 1645 5626 in
1701 5571 1830 5626 LXX
1888 5571 1972 5626 in-

323 5587 460 5630 uaac
490 5587 687 5629 autem
717 5587 895 5628 verba
934 5589 1068 5628 cum
1125 5587 1531 5627 desiderentur
1585 5587 1645 5626 in
1701 5587 1830 5626 mu
1888 5588 1972 5626 in-

323 5652 531 5718 terpr.,
565 5660 801 5702 necesse
832 5643 1006 5700 fuerit
1035 5647 1100 5699 ut
1128 5645 1373 5708 Auctor,
1392 5641 1682 5715 siquidem
1731 5642 1972 5699 Ambro-

2088 4636 2177 4688 est
2206 4632 2454 4698 homini,
2484 4636 2552 4686 ut
2580 4632 2652 4687 ab
2684 4632 2960 4688 omnibus
2991 4635 3255 4704 gustaret
3285 4648 3412 4703 quae
3461 4634 3628 4686 erant
3684 4628 3745 4684 in

2089 4721 2380 4792 paradiso,
2413 4721 2514 4776 sed
2545 4719 2771 4792 lignum
2829 4721 3083 4776 scientia:
3146 4718 3280 4775 boni
3318 4723 3375 4774 et
3431 4716 3569 4774 mali
3629 4732 3743 4770 non

2088 4814 2353 4882 tangeret
2380 4809 2534 4878 (Gen.
2568 4827 2629 4876 ιι,
2663 4811 2771 4877 47).
2803 4810 2991 4865 Adam
3023 4825 3160 4880 ergo
3192 4808 3248 4862 in
3292 4804 3540 4878 singulis
3573 4802 3741 4860 nobis

2088 4904 2197 4953 est.
2233 4899 2294 4952 In
2328 4897 2428 4954 illo
2459 4898 2614 4953 enim
2646 4898 2902 4954 conditio
2960 4897 3222 4953 humana
3278 4893 3542 4965 deliquit,
3603 4891 3743 4964 quia

2088 5002 2188 5058 per
2219 5003 2402 5042 unum
2436 4987 2494 5041 in
2527 5004 2731 5043 omnes
2761 4985 3138 5058 pertransivit
3176 4986 3500 5055 peccatum.
3560 4979 3741 5036 Video

2087 5091 2384 5131 summam
2417 5076 2563 5131 mihi
2595 5075 2899 5141 creditam,
2933 5073 3097 5129 video
3131 5087 3259 5143 quae
3317 5067 3739 5142 praevaricatio-

2087 5163 2182 5219 nis
2211 5180 2324 5220 εει-ει
2355 5164 2506 5220 788
2559 5160 2972 5228 contraxerim,
3021 5161 3163 5214 dum
3219 5157 3392 5214 vetita
3443 5161 3500 5213 et
3557 5156 3739 5212 inter-

2085 5359 2210 5415 sius
2239 5358 2337 5414 ille
2363 5357 2459 5424 sit,
2485 5361 2586 5412 aut
2613 5357 2739 5425 ejus
2767 5370 2986 5426 suppar
3013 5350 3188 5426 aetati,
3231 5367 3298 5408 ea
3354 5349 3616 5426 citaverit
3670 5367 3737 5408 ex

2087 5430 2201 5486 alio
2226 5422 2490 5500 interpr”
2524 5422 2801 5500 aut—forte
2832 5422 2901 5481 ei
2929 5422 3193 5500 versione
3231 5423 3553 5490 communi,
3609 5439 3736 5496 qua

2085 5501 2239 5557 varie
2268 5495 2405 5556 olim
2454 5497 2779 5569 legebatur,
2825 5502 2880 5551 et
2936 5495 2992 5550 in
3052 5511 3377 5569 quam‘non
3424 5495 3639 5569 pauca
3668 5510 3737 5549 ex

2085 5571 2216 5628 aliis
2247 5565 2612 5626 versionibus
2647 5569 2873 5624 fuerant
2904 5565 3196 5631 congesta.
3230 5565 3476 5624 Consule
3535 5565 3734 5631 etiam,

2086 5643 2134 5700 si
2164 5645 2350 5710 vacat,
2383 5656 2558 5714 super
2585 5641 2693 5698 hoc
2731 5639 2854 5697 loco
2886 5639 3202 5697 Nobilium.
