4116 6188
439 335 562 400 959

1898 334 1966 395 S.
2011 331 2389 398 AMBROSli

3729 333 3855 399 960

430 474 588 531 dicta
616 472 880 544 degusto.
914 466 1062 525 Hine
1081 464 1604 526 deb'eoeommissaa
1619 465 1794 525 sortis
1814 481 2079 535 usuram,
2111 472 2166 538 Α
2197 468 2351 524 784
2407 462 2732 539 majestatis
2800 471 2976 541 atque
3026 463 3262 528 virtutis
3319 465 3673 527 Trinitatem
3729 483 3859 526 esse

430 562 571 635 quia
598 558 883 616 creditum
915 557 1328 614 mandatorum
1371 556 1694 614 cmlestium
1756 557 1946 613 fmnus
2002 557 2091 614 in-

429 654 710 708 temerata
744 647 891 703 fides
923 663 1154 702 servare
1185 663 1300 703 non
1348 646 1556 718 potuit.

497 742 588 796 72.
647 735 1006 812 Aguovimus
1075 734 1389 805 creditum,
1447 751 1841 808 agnoscamus
1911 734 2088 791 etiam

427 829 794 886 creditorem.
830 823 1147 882 Creditoris
1183 841 1392 896 nempe
1414 825 1516 896 jus
1547 828 1636 880 est
1666 828 1731 880 ut
1788 823 1982 896 exigat
2037 826 2094 880 et

429 919 681 984 relaxet;
714 920 771 972 et
794 916 924 970 ideo
957 913 1110 970 idem
1145 913 1384 981 relaxat,
1433 913 1533 985 qui
1571 914 1676 983 jus
1734 913 1913 969 habet
1971 912 2091 968 exi-

427 1006 624 1080 gendi.
663 1005 806 1060 Cum
850 1002 1030 1076 igitur
1083 1002 1140 1056 in
1201 1002 1511 1075 Evangelio
1562 1001 1833 1057 Christus
1882 1001 2094 1057 dixerit

427 1094 573 1152 mihi
599 1112 612 1150 :
637 1117 665 1144 «
691 1092 960 1149 Remissa
981 1096 1121 1147 sunt
1149 1091 1252 1146 tibi
1291 1095 1526 1163 peccata
1557 1095 1659 1146 tua
1681 1091 1830 1160 (Luc.
1855 1107 1910 1157 v,
1939 1091 2090 1161 20);»

425 1198 620 1240 nonne
649 1182 922 1238 eumdem
964 1179 1226 1252 intelligo
1285 1179 1591 1235 dominum
1648 1178 1844 1246 sortis,
1894 1194 2088 1250 quem,

426 1272 712 1328 arbitrum
743 1269 924 1324 veniae
955 1284 1302 1340 recognosco
1323 1272 1348 1322 ?
1375 1272 1495 1322 Aut
1557 1266 1603 1322 si
1639 1267 1807 1322 Pater
1848 1265 2094 1322 credidit

425 1365 482 1419 et
510 1359 692 1416 Filius
723 1357 1018 1425 relaxavit,
1049 1374 1164 1413 non
1197 1374 1298 1430 per
1327 1356 1636 1423 unitatem,
1698 1359 1762 1412 ut
1790 1372 1897 1412 nos
1957 1355 2095 1410 dici-

426 1466 598 1518 mus;
632 1449 733 1505 sed
766 1452 832 1504 ut
860 1446 1058 1503 Ariani
1091 1451 1383 1513 asserunt,
1427 1461 1530 1516 per
1559 1444 1901 1501 distantiam
1937 1448 2097 1516 pote-

424 1539 622 1596 statis:
675 1537 824 1593 nlius
863 1551 999 1608 ergo
1041 1535 1196 1592 Deus
1253 1533 1518 1599 credidit,
1554 1533 1708 1589 alius
1768 1532 2094 1590 relaxavit?

424 1618 586 1686 Unde
616 1628 946 1692 incurrunt,
981 1629 1048 1680 ut
1091 1623 1547 1679 Manichaeorum
1608 1622 1914 1694 perﬁdiam
1975 1638 2089 1678 non

423 1717 689 1774 evadant.
725 1713 942 1769 Deinde
975 1728 1157 1767 unum
1186 1711 1434 1766 dicendo
1467 1711 1689 1766 bonum
1721 1710 1930 1775 Deum,
1989 1710 2091 1765 ad-

421 1808 650 1861 vertant
680 1819 829 1875 quos
860 1802 1104 1873 laqueos
1147 1799 1454 1855 dementia)
1515 1816 1635 1855 sum
1692 1798 1972 1854 incidant.
2029 1799 2090 1854 Si

422 1895 617 1950 bonus
647 1895 756 1959 est,
791 1890 889 1962 qui
935 1888 1211 1954 credidit,
1245 1888 1544 1960 quomodo
1576 1903 1692 1942 non
1750 1891 1842 1943 est
1897 1887 2089 1942 bonus

423 1983 523 2056 qui
583 1979 906 2037 relaxavit?
967 1979 1114 2050 Ergo
1171 1993 1306 2033 cum
1366 1975 1482 2032 illis
1540 1979 1767 2048 partem
1828 1975 2085 2032 habeant

422 2069 640 2139 Ariani,
690 2070 752 2124 in
800 2083 1051 2140 quorum
1111 2064 1492 2124 assertionem
1550 2064 1895 2137 perveniunt
1946 2064 2080 2135 (36).

424 2154 541 2216 Nec
573 2158 788 2215 mirum
821 2156 870 2212 si
899 2156 952 2212 is
983 2154 1084 2228 qui
1117 2153 1298 2210 semel
1330 2153 1562 2210 deviare
1607 2152 1780 2225 ccepit
1835 2169 1870 2209 a
1923 2168 2079 2221 vero,

425 2247 674 2304 nexibus
704 2262 766 2302 se
796 2243 969 2302 alieni
1000 2243 1217 2300 erroris
1252 2241 1526 2298 involvat.

493 2335 584 2391 73.
613 2335 688 2390 Et
716 2333 844 2390 ideo
873 2347 995 2388 una
1023 2340 1114 2388 est
1149 2329 1462 2400 sententia,
1495 2346 1622 2402 quae
1677 2328 2079 2386 haereticorum

423 2423 688 2481 omnium
723 2421 1028 2479 machinas
1059 2420 1344 2486 destruat,
1392 2423 1456 2474 ut
1512 2418 1690 2474 unius
1747 2417 2076 2490 potestatis,

497 2565 610 2636 (35)
640 2564 770 2633 Era,
802 2566 862 2618 et
910 2560 1045 2636 Gill.
1080 2577 1215 2636 cum
1253 2563 1445 2636 parte
1475 2576 1619 2636 mss.
1682 2559 2080 2636 cmuiderenias

399 2629 863 2707 :ulruraque’eum
901 2633 1043 2690 idem
1101 2629 1273 2690 Deus:
1323 2630 1471 2688 Edit.
1536 2631 1704 2692 Rom.
1763 2647 1897 2687 cum
1965 2629 2080 2686 alia

423 2711 596 2782 parte
617 2709 682 2782 et
721 2709 900 2782 textu-
940 2775 981 2782 _
1257 2771 1360 2782 η...
1524 2771 1559 2782 ..
1856 2771 1880 2782 -
1949 2770 1960 2782 .

491 2779 604 2850 (37)
638 2779 724 2833 lta
751 2777 891 2833 edit.
940 2775 1068 2850 Era.
1128 2789 1196 2829 ac
1251 2771 1386 2850 Gil].
1440 2771 1793 2850 quibuscum
1852 2771 2078 2828 faciunt

419 2843 597 2915 mss,
612 2852 850 2924 excepto
881 2846 1038 2924 quod
1071 2843 1338 2924 nonnulli
1370 2843 1625 2924 habent,
1667 2859 1794 2899 cum
1844 2858 2077 2924 quorum

418 2913 719 2992 assertione
751 2913 1106 2992 'pervEm'unt.
1167 2915 1331 2972 Unde
1385 2914 1552 2992 forte
1587 2915 1752 2972 Rom.
1811 2913 1950 2992 edit.
2019 2918 2076 2992 et

421 3008 565 3052 mss.
603 2985 847 3055 Thco'd.,
889 3005 1015 3044 cum
1071 3002 1300 3059 quorum
1355 2987 1650 3041 assertione
1722 2985 2070 3042 conveniunt.

2199 555 2545 623 credamus;
2579 559 2638 612 et
2665 555 2795 613 ideo
2833 555 2905 613 ab
2948 573 3016 616 eo
3071 557 3227 630 quod
3279 557 3463 615 Filius
3523 558 3682 624 fecit,
3742 575 3854 615 non

2200 660 2541 716 separemus
2572 644 2800 702 Patrem
2856 645 3010 718 (37);
3072 663 3179 702 nec
3221 647 3295 705 ab
3350 664 3416 704 eo
3475 648 3632 720 quod
3692 647 3860 705 Pater

2202 733 2521 801 mandavit,
2553 732 2764 790 Filium
2793 749 3194 809 segregemus.
3228 736 3315 793 Ita
3343 737 3500 794 enim
3531 737 3855 804 ﬂet,utncn

2201 820 2449 880 alterum
2496 826 2677 879 Deum
2710 824 2940 891 veteris,
2981 823 3275 894 alternum
3306 825 3438 882 novi
3497 827 3858 883 Testameuti

2201 910 2555 968 inducamus
2582 929 2595 979 ;
2630 912 2734 968 sed
2761 928 2864 984 per
2893 913 3178 972 unitatem
3211 914 3520 986 potestatis
3563 919 3622 971 et
3679 915 3854 972 Filius

2202 999 2260 1054 in
2296 999 2480 1068 Patre,
2513 1005 2571 1062 et
2599 1003 2771 1056 Pater
2799 1000 3158 1076 intelligatur
3188 1003 3245 1058 in
3273 1003 3436 1074 Filio,
3465 1006 3522 1060 et
3555 1003 3742 1060 Filius
3770 1004 3857 1059 fc:-

2202 1093 2440 1146 neretur
2470 1089 2530 1145 in
2559 1089 2748 1157 Patre,
2781 1093 2838 1146 et
2888 1091 3058 1157 Pater
3114 1090 3332 1156 relaxet
3371 1092 3430 1148 in
3483 1092 3652 1149 Filio.
3713 1093 3851 1149 Nam

2201 1179 2258 1232 et
2285 1177 2455 1234 Pater
2485 1177 2731 1236 dimittit
2760 1183 3062 1251 peccatum
3088 1195 3101 1234 :
3155 1179 3366 1236 Filium
3397 1180 3702 1240 dimisisse
3731 1183 3852 1254 jam

2201 1264 2480 1322 diximus.

2272 1355 2361 1409 74.
2394 1353 2636 1427 Accipet
2673 1355 2814 1427 quia
2863 1355 3110 1412 dimittit
3176 1360 3233 1413 et
3288 1357 3531 1413 Pater.«
3594 1358 3850 1425 Dimitte,

2201 1441 2414 1515 inquit,
2448 1443 2621 1500 nobis
2651 1443 2846 1502 debita
2870 1447 3092 1512 nostra,
3131 1444 3287 1501 sicut
3341 1450 3399 1501 et
3442 1462 3552 1502 nos
3611 1446 3851 1503 dimitti-

2205 1547 2338 1587 mus
2365 1531 2732 1589 debitoribus
2759 1531 2976 1596 nostris
3003 1533 3210 1602 (Matth.
3256 1550 3332 1601 v1,
3384 1533 3496 1605 l2).
3562 1557 3590 1584 »
3614 1534 3850 1600 ,Utique

2201 1635 2271 1675 ex
2298 1635 2551 1692 persona
2580 1624 2782 1680 nostra
2808 1622 2918 1677 hoc
2942 1621 3127 1678 Filius
3157 1622 3310 1678 Patri
3341 1622 3503 1678 dicit.
3556 1623 3675 1680 Nec
3731 1624 3850 1680 ideo

2201 1707 2359 1776 dicit,
2394 1709 2563 1781 quasi
2595 1709 2890 1768 dimittere
2921 1709 3048 1783 ipse
3095 1726 3212 1768 non
3269 1712 3456 1784 possit
3490 1730 3502 1767 :
3563 1713 3670 1770 sed
3730 1713 3849 1770 ideo

2202 1795 2362 1867 dicit,
2399 1801 2462 1853 ut
2491 1801 2553 1854 tu
2587 1797 2870 1864 unitatem
2901 1798 3207 1871 potestatis
3234 1799 3556 1874 intelligas.

2267 1887 2358 1941 75.
2391 1886 2657 1959 Denique
2703 1887 2752 1944 si
2809 1887 3220 1950 auctoritatem
3275 1889 3490 1961 queris
3551 1889 3613 1944 in
3671 1889 3848 1947 Filio:

2201 1995 2230 2024 ‹‹
2259 1974 2392 2031 Jam
2422 1992 2546 2040 vos,
2580 1974 2791 2048 inquit,
2821 1976 3030 2040 mundi
3051 1977 3197 2037 estis
3252 1982 3492 2051 propter
3520 1995 3849 2040 sermonem

2194 2078 2369 2134 quem
2403 2062 2633 2120 locutus
2665 2080 2796 2123 sum
2826 2064 2994 2122 vobis
3025 2067 3202 2134 (Joan.
3248 2081 3339 2133 xv,
3360 2067 3473 2139 l2).
3524 2091 3553 2118 ››
3608 2069 3852 2125 Dimittit

2193 2166 2487 2223 sermone,
2520 2151 2768 2212 dimittit
2794 2152 3088 2226 imperio:
3139 2153 3241 2210 sed
3299 2171 3434 2212 cum
3478 2157 3708 2214 ratione
3764 2157 3849 2214 di-

2192 2238 2376 2296 mittit
2430 2239 2631 2306 dicens
2664 2257 2678 2296 :
2716 2262 2745 2292 «
2773 2241 2950 2311 Vade,
2978 2246 3037 2298 et
3066 2242 3311 2316 posthac
3328 2244 3459 2300 vide
3516 2261 3592 2300 ne
3649 2261 3848 2319 pecces

2189 2327 2604 2399 (Joan.v,1li).
2641 2352 2670 2379 ››
2726 2329 2916 2387 Habes
2973 2330 3404 2401 auctoritatem,
3461 2332 3604 2405 quia
3657 2336 3852 2390 vetera

2189 2415 2429 2482 donavit
2458 2418 2677 2485 :habes
2699 2418 3016 2491 judicium,
3050 2420 3189 2494 quia
3219 2421 3417 2478 futura
3463 2423 3846 2496 praescripsit,

2259 2559 2371 2614 Sed
2403 2559 2593 2633 potior
2615 2559 2843 2633 videtur
2871 2564 3076 2626 nostra
3103 2560 3291 2628 lectio,
3314 2577 3449 2618 cum
3481 2562 3643 2620 haud
3669 2564 3844 2620 dubie

2187 2634 2391 2706 auctor
2405 2631 2490 2706 ’ad
2522 2631 2578 2686 id
2613 2631 2906 2706 respiciat,
2940 2633 3098 2704 quod
3130 2649 3309 2705 supra
3338 2634 3587 2706 dixerat,
3639 2651 3845 2692 omnes

2187 2701 2438 2758 haereses
2465 2702 2525 2758 in
2557 2719 2621 2759 se
2650 2701 2898 2760 invicem
2928 2701 3249 2761 recurrere.

2256 2774 2370 2859 (:37)
2426 2773 2577 2830 Edit.
2627 2773 2764 2840 Era.
2817 2791 2886 2830 ac
2930 2775 3128 2859 ἣρως,
3183 2779 3236 2832 et
3272 2774 3841 2859 ideohqgodfﬂius

2183 2844 2490 2918 [aetnaea
2559 2860 2873 2918 separemus
2907 2863 2942 2902 a
2988 2847 3175 2914 Patre,
3234 2852 3346 2903 etc.
3405 2844 3538 2904 Gill.
3581 2853 3641 2905 et
3698 2865 3841 2905 mss.

2184 2914 2457 2990 Theod,.._
2485 2914 2954 2990 non'separemas
3006 2919 3244 2983 Patrem.
3291 2920 3366 2972 At
3417 2934 3616 2988 veram
3671 2919 3843 2976 istius

2184 2983 2295 3042 loci
2329 2985 2635 3044 lectionem
2668 2983 2812 3044 mss.
2846 2987 3098 3044 aliorum
3118 2990 3430 3046 consensui
3459 2985 3767 3047 debemus.

733 3341 848 3432 IN
904 3337 1065 3426 XII
1122 3331 1843 3429 PSALMOBUM
1904 3336 2760 3434 ENARBATIONES
2820 3337 3505 3439 ADMONI'I‘IO.

482 3716 691 3774 Divum
719 3711 1096 3771 Ambrosium
1128 3709 1530 3783 superioribus
1559 3709 1726 3766 libris
1756 3709 2145 3783 expositiones
2177 3707 2547 3766 Psalmorum
2579 3707 2807 3782 aliquot
2835 3709 3157 3774 inseruisse
3171 3712 3298 3782 jam
3333 3716 3473 3769 ante
3502 3729 3621 3770 non
3654 3717 3836 3773 semel

411 3803 804 3864 indicavimus
835 3800 1158 3873 (Admonit.
1194 3800 1252 3855 in
1283 3798 1384 3855 lib.
1419 3798 1484 3856 de
1515 3799 1694 3864 Tobia,
1727 3797 1827 3853 lib.
1876 3797 1942 3854 de
1971 3798 2249 3871 Interpell.
2303 3799 2354 3855 el
2383 3799 2604 3872 Apolog.
2636 3797 2852 3868 David),
2886 3815 2953 3855 ac
2998 3803 3278 3872 praeterea
3335 3801 3512 3856 etiam
3573 3801 3633 3858 in
3694 3804 3835 3860 sub-

411 3892 680 3966 sequenti
713 3889 1013 3948 volumine
1043 3887 1577 3944 animadvertemus
1600 3885 1777 3957 (Orat.
1813 3885 1882 3942 de
1913 3885 2065 3943 Obit.
2113 3885 2448 3958 Theodos.).
2508 3887 2706 3952 Tanta)
2765 3885 2989 3954 scilicet
3041 3887 3340 3957 utilitatis,
3402 3888 3522 3946 imo
3578 3907 3716 3948 vero
3781 3899 3840 3950 et

409 3980 784 4040 necessitatis
816 3994 946 4034 esse
974 3977 1225 4033 ducebat
1254 3974 1596 4048 hujusmodi
1629 3973 2101 4031 enarrationibus
2125 3973 2408 4048 populum
2432 3990 2607 4034 suum
2639 3973 2949 4038 instituere
2975 3973 2988 4028 l
3014 3990 3130 4030 non
3166 3974 3282 4030 alia
3296 3992 3532 4048 quoque
3552 3977 3714 4034 haud
3736 3980 3839 4035 du-

407 4070 502 4128 bie
532 4085 712 4126 causa
741 4067 1021 4124 inductus
1050 4065 1121 4121 ad
1155 4064 1333 4126 hosce
1363 4080 1444 4118 xu
1474 4062 1736 4125 Psalmos
1769 4063 2176 4124 edisserendos
2207 4061 2435 4136 appulit
2463 4061 2898 4124 mentem.Illos
2918 4063 3283 4136 temporibus
3305 4064 3837 4140 occasionibusque

407 4158 656 4216 diversis
689 4156 904 4230 partim
935 4152 1356 4219 concionendo,
1391 4150 1602 4224 partim
1634 4151 1930 4222 dictando,
1964 4169 2098 4208 cum
2130 4151 2411 4207 nimirum
2434 4151 2560 4223 jam
2593 4149 2824 4224 publice
2851 4151 3028 4208 verba
3060 4150 3247 4208 facere
3279 4150 3393 4208 sibi
3417 4168 3522 4227 per
3547 4151 3832 4212 valetudi-

408 4264 546 4306 nem
579 4263 693 4304 non
727 4245 944 4312 liceret,
976 4242 1328 4317 explanavit.
1363 4240 1542 4298 Isthic
1573 4244 1766 4302 autem
1798 4240 2062 4297 Psalterii
2096 4239 2306 4306 seriem
2339 4245 2576 4297 secutus
2607 4256 2720 4308 non
2752 4243 2862 4307 est,
2897 4240 3376 4313 quandoquidem
3435 4240 3652 4299 ultimo
3707 4243 3829 4301 loco

409 4334 773 4394 elucubravit
803 4332 1015 4389 Psalmi
1050 4348 1184 4387 xun
1208 4329 1784 4387 commentationem.
1821 4328 1985 4385 Unde
2007 4328 2301 4403 intelligas
2325 4329 2476 4386 hanc
2497 4346 2579 4396 xu
2596 4328 2961 4388 Psalmorum
2985 4328 3387 4386 collectionem
3421 4346 3605 4403 quam
3622 4349 3832 4389 secun-

410 4423 553 4479 dum
595 4421 860 4479 ordinem
894 4437 1036 4476 mss.
1071 4423 1404 4478 nostrorum
1437 4417 1804 4483 exhibemus,
1831 4419 2123 4475 Ambrosii
2158 4435 2286 4478 esse
2316 4434 2432 4474 non
2463 4433 2653 4494 posse.
2688 4417 2974 4474 Fortassis
3007 4416 3170 4475 illam
3201 4418 3640 4477 concinnaverit
3671 4422 3830 4495 quis-

409 4511 569 4584 piam
597 4526 630 4567 e
660 4507 966 4582 discipulis
997 4509 1146 4581 ejus,
1180 4512 1355 4580 atque
1385 4507 1526 4564 adeo
1548 4507 1833 4565 Paulinus
1861 4507 2006 4581 ipse,
2031 4507 2249 4580 quippe
2269 4505 2371 4579 qui
2393 4505 2665 4568 ultimum
2698 4506 2962 4578 ejusdem
2995 4507 3425 4564 enarrationem
3449 4507 3550 4564 illo
3574 4508 3835 4566 dictante

407 4599 717 4672 exceperit.
752 4598 958 4655 Utrum
986 4614 1122 4654 vero
1155 4595 1443 4670 quidquid
1473 4596 1534 4652 S.
1568 4595 1785 4670 praesul
1815 4595 1875 4652 in
1901 4595 2058 4654 idem
2089 4600 2505 4668 argumentum
2537 4611 2798 4670 unquam
2829 4595 3034 4666 edidit,
3065 4612 3133 4652 ea
3161 4595 3502 4654 collectione
3534 4599 3836 4656 continea-

408 4694 526 4757 tur,
560 4689 850 4747 incertum
883 4690 990 4744 est.
1025 4685 1326 4759 Siquidem
1360 4685 1515 4757 apud
1548 4684 1995 4757 antiquissimos
2026 4689 2293 4742 auctores
2325 4685 2582 4757 (Hieron.
2615 4684 2784 4758 epist.
2816 4685 2910 4755 89,
2939 4683 3000 4741 in
3029 4684 3168 4742 edit.
3220 4701 3372 4741 nova
3423 4688 3682 4759 August.
3714 4690 3786 4744 75
3817 4706 3829 4741 :

407 4777 669 4840 Cassiod.
705 4775 807 4832 lib.
839 4775 904 4832 de
941 4776 1060 4834 Div.
1096 4776 1182 4830 lit.
1217 4789 1342 4845 cap.
1377 4773 1432 4842 4)
1463 4772 1562 4844 qui
1595 4772 1666 4829 de
1696 4772 1804 4829 hoc
1837 4771 2057 4845 aliquid
2087 4770 2394 4848 scripsere,
2437 4771 2592 4845 quod
2639 4771 2906 4836 Psalmos
2957 4771 3057 4830 ille
3111 4773 3469 4846 exposuerit,
3531 4791 3830 4847 nusquam

410 4883 758 4925 reperimus.

472 4885 758 5014 Rigas]:
784 4957 922 5011 sunt
953 4950 1216 5010 nonnulli
1248 4966 1317 5006 ex
1345 4965 1413 5005 ea
1441 4949 1766 5006 Prefatione
1788 4967 1914 5023 qum
1947 4951 2137 5023 primo
2168 4949 2400 5006 Psalmo
2434 4949 2829 5026 praemittitur,
2847 4954 3001 5007 recte
3019 4949 3212 5023 colligi
3232 4949 3544 5008 Doctorem
3559 4956 3831 5010 nostrum

404 5047 477 5103 de
507 5043 858 5102 illustrando
886 5039 1482 5100 commentationibus
1513 5040 1672 5096 omni
1707 5039 1987 5096 Psalterio
2020 5039 2352 5112 suscepisse
2382 5038 2716 5103 consilium.
2737 5040 2953 5097 Verum
2987 5056 3122 5096 cum
3151 5039 3248 5096 illa
3271 5039 3542 5097 Praefatio
3564 5046 3830 5098 tantum-

390 5133 580 5192 modo
613 5131 837 5199 Basilii,
871 5132 942 5188 de
964 5147 1081 5204 quo
1115 5129 1260 5185 nihil
1290 5127 1406 5188 tale
1437 5132 1817 5195 memoratur,
1850 5127 2240 5194 imitationem
2267 5128 2582 5196 contineat,
2614 5144 2681 5186 ac
2713 5145 2984 5186 sermone
3015 5145 3132 5186 uno
3163 5129 3236 5200 ad
3279 5127 3568 5201 populum
3627 5129 3828 5187 habito

407 5226 672 5291 constet;
706 5239 821 5294 quo
860 5220 1099 5294 quidem
1131 5219 1230 5276 ille
1260 5216 1629 5275 Psalmorum
1663 5217 1723 5273 in
1755 5232 1966 5291 genere
1992 5217 2195 5274 laudes
2211 5217 2554 5291 ampliﬁcat,
2577 5217 2679 5274 sed
2699 5221 2978 5291 praterea
3007 5215 3155 5274 nihil
3187 5215 3393 5290 recipit
3433 5233 3496 5273 se
3539 5220 3831 5290 praestita-

409 5326 540 5368 rum
573 5327 587 5366 :
622 5326 735 5368 non
769 5309 1028 5369 multum
1055 5324 1261 5382 urgere
1291 5306 1462 5362 nobis
1492 5306 1722 5362 videtur
1749 5323 1817 5362 ea
1847 5305 2016 5362 ratio.
2049 5305 2194 5363 Hinc
2225 5304 2398 5380 paulo
2436 5305 2780 5363 validiorem
2831 5306 2967 5363 duci
3023 5321 3196 5378 posse
3233 5304 3649 5363 existimamus
3704 5312 3825 5363 tum

371 5425 376 5427 ·
409 5399 566 5471 quod
597 5399 895 5456 Psalmum
927 5417 1092 5456 xxxvi
1124 5396 1440 5454 cnuclcans
1471 5393 1900 5454 enarrationem
1932 5412 2044 5451 Lvu
2075 5394 2420 5467 polliceatur
2448 5395 2636 5468 (num.
2668 5394 2780 5469 32),
2813 5411 2992 5470 quam
3022 5411 3139 5456 non
3172 5394 3446 5466 reliquit:
3481 5399 3612 5451 tum
3673 5396 3824 5468 quod

409 5501 546 5542 me
577 5488 868 5559 integrum
899 5487 1205 5560 explanare
1240 5502 1355 5542 non
1386 5485 1654 5553 valuerit,
1687 5483 1878 5540 ultimi
1902 5484 1992 5540 sui
2035 5483 2224 5542 morbi
2255 5482 2684 5541 conﬂictatione
2713 5483 3090 5558 praepeditus.
3149 5481 3564 5544 Pulcherrima:
3626 5489 3826 5553 autem

411 5573 493 5628 illi
523 5574 851 5632 Praefationi
887 5576 988 5632 Vir
1019 5581 1258 5633 sanctus
1289 5575 1460 5648 primi
1498 5573 1712 5632 Psalmi
1743 5574 2166 5646 expositionem
2192 5575 2475 5632 continua
2504 5571 2654 5632 serie
2683 5572 3023 5645 conjunxit;
3057 5577 3122 5631 ut
3177 5588 3246 5630 ex
3297 5571 3653 5644 transitione
3712 5589 3828 5646 qua

409 5663 559 5722 inter
589 5680 646 5721 se
677 5663 787 5721 illa
811 5665 1178 5739 copulantur,
1197 5663 1604 5737 intelligimus.
1640 5665 1749 5723 Sed
1773 5663 1914 5720 illud
1939 5680 2169 5738 quoque
2187 5663 2322 5722 istic
2343 5663 2863 5723 animadvertimus
2883 5664 3084 5738 ipsum
3107 5664 3163 5720 in
3196 5660 3579 5722 Ecclesiae“
3605 5666 3665 5722 et
3696 5669 3830 5736 post
