4078 6196
345 319 454 378 961
1090 316 1696 380 ENARRATIONES
1745 317 1821 377 ΙΝ
1869 318 2228 380 PSALMOS
2275 318 2403 379 ΧΗ.
2438 351 2513 364 -—
2544 318 3003 382 ADMONITIO.
3628 327 3746 387 962

345 453 659 509 consuetos
685 448 1054 508 Psalmorum
1084 453 1292 508 cantus
1323 465 1654 508 sermonem
1688 448 2002 516 habuisse;
2035 465 2138 507 nec
2168 467 2283 507 non
2318 468 2432 507 una
2461 467 2600 506 eum.
2625 451 2754 508 aliis
2785 452 3154 508 auditoribus
3201 453 3536 512 interfuisse
3592 464 3745 516 cato-

345 539 694 598 chumencs.
726 540 889 607 Quod
921 539 1068 596 ferte
1107 556 1223 595 non
1250 538 1405 596 male
1434 539 1630 612 arguit
1658 539 1930 606 eumdem
1959 555 2061 610 per
2089 538 2606 611 Quadragesimam
2640 557 2768 596 esse
2801 540 3262 612 pronuntiatum.
3296 543 3478 614 Cujus
3524 562 3745 603 annum

345 629 457 686 etsi
491 633 650 686 certo
677 645 792 686 non
816 629 1345 702 deprehendamus,
1377 631 1574 684 tamen
1603 628 1674 683 ad
1697 626 1858 684 illius
1891 627 2282 700 cognitionem
2315 629 2583 684 accedere
2617 633 2933 702 utcumque
2967 647 3304 703 possumus.
3339 631 3565 688 Etenim
3617 651 3748 692 eam

345 718 688 774 concionem
722 733 834 772 non
867 721 1096 774 tantum
1127 716 1294 774 libris
1323 719 1398 773 De
1425 719 1576 774 obitu
1609 717 1807 789 fratris
1838 716 2026 788 Satyri
2053 732 2120 772 ac
2149 717 2222 771 De
2239 716 2342 787 ﬁde
2375 719 2786 773 resurrectionis
2817 718 2915 790 qui
2950 718 3007 773 in
3040 720 3242 774 eadem
3301 720 3574 788 citantur,
3614 739 3748 779 con-

347 810 466 864 stat
494 806 873 879 posteriorem
904 822 1033 863 esse
1057 825 1070 875 ;
1104 823 1302 863 verum
1317 805 1495 863 etiam
1510 809 1642 879 post
1657 804 1998 878 popularem
2019 808 2257 861 cantum
2286 804 2343 859 in
2363 805 2621 860 Ecclesia
2641 806 3061 862 Mediolanensi
3099 807 3431 864 institutum
3464 809 3746 868 habitam.

346 896 602 968 Cmpisse
633 896 792 952 enim
823 894 1023 968 populi
1055 899 1292 951 cantum
1329 895 1673 968 priusquam
1706 893 1796 949 hic
1830 892 2096 950 Psalmus
2119 894 2191 948 ab
2213 894 2518 950 Ambrosio
2548 894 2954 966 explicaretur,
2979 897 3101 967 ipse
3121 897 3264 952 satis
3287 898 3579 967 declarat;
3613 917 3748 958 cum

347 992 478 1059 post
521 988 908 1041 memoratam
938 983 1275 1051 mulierum,
1308 983 1625 1056 virginum,
1666 999 1898 1049 senum,
1947 982 2519 1055 infantium,regum,
2553 983 2818 1040 miletum
2851 984 3240 1056 psalmodiam
3277 988 3357 1044 ita
3388 990 3700 1064 subjungit
3732 1009 3746 1048 :

349 1076 484 1130 Cum
511 1075 766 1129 Psatmus
795 1073 1016 1144 legitur,
1048 1074 1168 1144 ipse
1192 1073 1302 1129 sibi
1329 1073 1546 1145 effector
1572 1073 2101 1129 estsilentiiﬂmnes
2122 1073 2437 1143 loquuntur,
2469 1081 2520 1129 et
2543 1089 2698 1130 nemo
2731 1073 2985 1144 obstrepit
3015 1075 3262 1144 (Praefat.
3300 1093 3462 1132 num.
3503 1079 3580 1150 9).
3615 1081 3750 1146 Qua

349 1177 492 1218 sane
522 1159 679 1216 haud
709 1161 954 1217 obscure
983 1159 1295 1232 designant
1321 1160 1521 1216 studia
1548 1159 1797 1216 recentis
1817 1159 2068 1216 instituti
2091 1160 2282 1216 adhuc
2310 1160 2590 1216 ferventia
2624 1179 2636 1228 ;
2673 1161 2823 1217 unde
2856 1160 2917 1215 fit
2951 1165 3012 1216 ut
3043 1163 3306 1219 eamdem
3327 1164 3579 1237 opellam
3597 1166 3753 1227 ultra

350 1265 574 1306 annum
603 1264 777 1304 eccm
807 1246 1183 1320 rejiciendam
1215 1259 1331 1303 non
1362 1252 1658 1320 putemus.

423 1337 639 1395 Psalmi
669 1353 816 1392 xxxv
845 1341 902 1393 et
931 1335 1118 1393 alioru
1136 1337 1459 1410 mquinque
1480 1335 1852 1409 sequentium
1875 1337 2274 1394 enarrationes
2295 1340 2566 1395 eumdem
2587 1339 2864 1395 orationis
2882 1341 3271 1398 characterem
3307 1361 3419 1415 prie
3451 1362 3513 1402 se
3535 1346 3750 1405 ferunt.

352 1429 526 1486 Extra
557 1425 1014 1483 controversiam
1043 1430 1134 1482 est
1162 1442 1260 1483 eas
1291 1441 1497 1482 omnes
1525 1426 1598 1482 ad
1629 1425 1914 1499 populum
1948 1425 2128 1482 fuisse
2159 1427 2601 1499 pronuntiatus;
2637 1427 2743 1482 hoc
2773 1430 2927 1484 enim
2961 1430 3270 1502 Scriptum
3294 1450 3422 1504 quae
3464 1435 3523 1490 in
3553 1436 3751 1493 Eccle-

351 1519 441 1574 sia
497 1515 701 1572 eodem
759 1515 852 1570 die
892 1513 1041 1570 lecta
1069 1514 1258 1570 fuerat
1285 1513 1632 1586 priusquam
1663 1513 1879 1571 diceret
1907 1515 2274 1583 Ambrosius,
2306 1516 2580 1587 frequens
2613 1515 2830 1572 mentio
2862 1517 3002 1572 satis
3029 1519 3283 1576 ostendit
3309 1521 3391 1592 (in
3411 1523 3560 1580 Psal.
3585 1543 3747 1594 xxxv,

353 1625 411 1662 n.
445 1606 553 1672 20;
579 1606 639 1661 in
665 1604 816 1659 Psal.
850 1619 1040 1674 xxxvr,
1071 1620 1129 1659 n.
1157 1606 1193 1657 2
1219 1607 1276 1659 et
1299 1601 1484 1672 alibi).
1519 1602 1664 1659 Cum
1693 1605 1888 1658 autem
1921 1603 2052 1676 pius
2080 1608 2277 1675 pastor
2309 1604 2476 1659 unice
2504 1605 2699 1676 gregis
2731 1604 2820 1659 sui
2882 1606 3199 1676 profectum
3253 1609 3312 1664 in
3369 1603 3751 1671 concionibus

349 1695 639 1768 spectaret
667 1693 828 1758 suis;
867 1692 1082 1748 idcirco
1113 1692 1172 1746 in
1205 1691 1296 1748 hi's
1326 1691 1620 1764 praecipua
1650 1691 1903 1764 quadam
1935 1708 2076 1746 cura
2105 1690 2384 1747 moralem
2438 1707 2676 1746 sensum
2717 1692 2963 1763 vestigat
3003 1699 3059 1749 et
3109 1699 3498 1770 prosequitur.
3551 1705 3751 1762 Sicubi

352 1789 550 1841 tamen
582 1781 812 1854 mystici
850 1780 1146 1836 evolvendi
1177 1785 1444 1836 occurrat
1480 1780 1801 1846 locus,eum
1830 1779 1944 1836 sibi
1974 1779 2216 1836 minime
2246 1780 2636 1836 omittendum
2663 1783 2850 1852 putat.
2889 1781 3321 1842 \‘erumtamem
3344 1805 3471 1860 quae
3493 1808 3601 1848 sua
3627 1810 3750 1850 mo—

353 1872 545 1928 destia
573 1875 682 1938 est,
715 1869 856 1926 dum
884 1869 942 1924 in
977 1872 1223 1939 utroque
1243 1884 1423 1924 sensu
1455 1867 1702 1923 aliorum
1737 1867 1964 1940 placitis
1991 1885 2160 1924 suam
2189 1885 2420 1940 quoque
2461 1868 2662 1939 adjicit
2719 1868 3092 1939 sententiam,
3144 1873 3478 1932 auditorum
3532 1879 3753 1950 judicio

354 1960 641 2032 quidnam
673 1962 947 2030 praestare
977 1957 1262 2024 videatur,
1295 1973 1600 2030 nunquam
1633 1973 1748 2013 non
1781 1957 2090 2030 permittit.
2145 1956 2289 2012 ilinc
2337 1955 2614 2028 praeclara
2671 1953 2804 2011 illa:
2863 1957 3114 2013 Nostrum
3169 1966 3249 2016 est
3304 1965 3454 2019 enim
3509 1983 3755 2038 quaerere

356 2051 664 2116 veritatem,
709 2053 872 2102 tuum
899 2055 979 2103 est
1008 2047 1210 2118 eligere
1237 2045 1367 2118 quid
1395 2047 1640 2118 sequaris
1671 2047 1752 2117 (in
1775 2046 1926 2102 Psal.
1960 2062 2192 2114 xxxvm,
2227 2063 2283 2100 ιι.
2317 2047 2429 2116 22).
2463 2047 2536 2100 At
2565 2061 2695 2100 vero
2727 2045 2843 2100 illic
2876 2065 2989 2102 non
3022 2047 3213 2104 solum
3248 2067 3439 2110 mores
3463 2055 3536 2110 ad
3569 2057 3756 2115 virtu-

354 2143 474 2196 tem
506 2133 863 2194 informandi
885 2134 1150 2191 studium
1181 2134 1405 2202 elucet;
1438 2150 1675 2192 summa
1703 2134 1943 2207 insuper
1971 2133 2285 2190 adhibetur
2316 2132 2639 2206 diligentia,
2677 2137 2740 2189 ut
2774 2141 3000 2191 mentes
3029 2137 3361 2195 orthodoxae
3418 2142 3555 2199 fidei
3611 2146 3752 2220 dog-

355 2226 537 2284 matis
563 2226 926 2282 imbuantur.
959 2223 1040 2280 Ea
1063 2224 1134 2280 de
1163 2236 1342 2280 causa
1370 2222 1561 2280 varios
1591 2222 1917 2291 haereticos,
1950 2227 2011 2278 ut
2042 2225 2184 2294 puta
2212 2223 2434 2289 Novati,
2467 2221 2880 2294 Appollinaris,
2917 2241 2980 2280 ac
3010 2224 3386 2297 potissimum
3413 2231 3536 2286 Arii
3569 2239 3755 2292 secta-

353 2322 514 2372 tores
545 2315 870 2386 impugnat.
902 2312 1124 2368 Ibidem
1152 2312 1329 2368 etiam
1360 2329 1476 2368 non
1508 2313 1680 2369 modo
1710 2311 2016 2368 Trinitatis
2065 2314 2239 2382 atque
2269 2309 2693 2366 Incarnationis
2753 2313 3029 2384 mysteria
3067 2315 3283 2372 enodat
3335 2321 3392 2373 et
3448 2320 3758 2380 conﬁrmat

355 2402 641 2477 singulari
672 2400 1124 2474 perspicuitate:
1157 2400 1260 2456 sed
1272 2399 1634 2473 et‘geminam
1651 2398 1865 2457 Christi
1897 2398 2252 2456 voluntatem
2284 2403 2460 2470 atque
2487 2399 2882 2471 operationem
2913 2401 2994 2456 ita
3013 2401 3262 2476 explicat
3282 2406 3363 2477 (in
3384 2408 3532 2466 Psal.
3559 2427 3754 2482 xxxix,

355 2509 413 2550 n.
450 2493 589 2548 lB‘et
615 2489 800 2559 alibi),
834 2491 898 2544 nt
927 2487 1020 2543 vix
1042 2487 1419 2560 praestantius
1453 2487 1779 2560 quidquam
1812 2490 1944 2560 post
1971 2491 2201 2542 exortos
2247 2486 2662 2543 Monothelitas
2717 2495 3101 2561 exspectares.
3163 2492 3324 2551 Facit
3380 2501 3576 2555 autem
3636 2500 3756 2559 hec

357 2580 702 2656 mysterium
733 2582 856 2634 tam
883 2575 1230 2633 sublimium
1261 2577 1568 2650 expositio,
1603 2580 1665 2632 ut
1694 2577 1746 2632 ei
1774 2575 1932 2632 solos
1963 2574 2300 2632 interfuisse
2325 2575 2650 2648 baptizatos
2681 2576 3063 2636 existimenus
3089 2597 3102 2647 ;
3136 2580 3386 2640 Maxime
3442 2603 3578 2644 cum
3627 2589 3757 2646 istic

357 2669 505 2728 nihil
539 2669 899 2734 observetur,
929 2665 1086 2737 quod
1116 2668 1248 2736 apte
1277 2665 1351 2721 ad
1378 2665 1834 2722 catechumenos
1865 2667 2040 2736 queat
2061 2663 2287 2720 referri.
2321 2664 2605 2720 Caeterum
2637 2681 2743 2721 nec
2774 2664 2850 2721 ibi
2881 2683 2986 2738 pro
3009 2669 3312 2728 occasione
3368 2676 3758 2745 praetermittit

349 2760 521 2816 tritas
551 2755 838 2830 quaedam
872 2754 1178 2811 retundere
1205 2753 1650 2811 idololatrarum
1680 2753 2142 2810 criminationes.

425 2845 708 2918 Quisquis
729 2843 964 2904 easdem
995 2842 1540 2913 commentationes,
1561 2842 1856 2916 iniprimis
1887 2845 2081 2900 autem
2113 2841 2378 2914 ipsarum
2393 2844 2628 2900 exordia
2646 2843 2796 2901 inter
2817 2861 2880 2902 se
2900 2862 3013 2902 non
3037 2848 3424 2917 perfunctorie
3454 2869 3756 2928 compara-

354 2937 525 3004 verit,
550 2937 780 2990 tantum
809 2932 870 2988 in
901 2932 988 2988 eis
1013 2931 1432 2988 cohaerentiam
1461 2931 1986 3004 cognationemque
2015 2930 2433 3002 deprehendet,
2483 2937 2547 2988 ut
2575 2933 2798 2989 detecto
2834 2939 3048 3006 quotus
3098 2953 3290 2993 annus
3341 2940 3439 2995 uni
3499 2942 3756 3016 cuipiam

355 3024 598 3082 inscribi
628 3023 856 3091 debeat,
887 3019 1218 3077 crediturus
1248 3021 1326 3076 sit
1354 3024 1583 3078 aetatem
1623 3019 1888 3076 omnium
1921 3019 2033 3076 subi
2066 3035 2193 3075 esse
2220 3020 2769 3091 exploratissimam.
2805 3021 3006 3094 Itaque
3036 3021 3168 3081 illas
3199 3041 3314 3081 non
3354 3027 3465 3084 nisi
3497 3035 3628 3101 post
3656 3049 3756 3090 vui

358 3116 496 3172 Idus
525 3113 683 3184 Sept.
717 3109 854 3167 anni
883 3109 989 3164 393
1045 3107 1382 3165 lucubratas
1413 3113 1513 3164 aut
1543 3113 1842 3181 peroratas
1872 3107 2054 3164 fuisse
2083 3107 2240 3163 haud
2274 3125 2486 3180 magno
2519 3110 2749 3181 negotio
2789 3126 3247 3182 cognoscemus;
3285 3131 3419 3170 cum
3443 3117 3759 3178 evidentis-

358 3203 580 3258 simum
599 3200 680 3256 sit
703 3197 1062 3255 mentionem
1087 3195 1150 3252 in
1178 3195 1407 3253 Psalmo
1438 3214 1608 3253 mw
1629 3195 1754 3252 fieri
1791 3195 2042 3252 victoria
2071 3195 2293 3267 (Enarr.
2339 3199 2401 3252 in
2451 3198 2602 3262 Psal,
2659 3215 2849 3263 xxxvx,
2899 3215 3064 3254 num.
3103 3201 3188 3271 19)
3221 3219 3395 3273 quam
3437 3221 3504 3260 eo
3524 3205 3620 3263 die
3645 3223 3760 3280 ope

357 3290 556 3346 divina
585 3289 655 3344 de
684 3286 941 3358 Eugenio
962 3289 1208 3358 tyranno
1239 3284 1552 3357 reportavit
1579 3284 1959 3340 Theodosius.
1992 3285 2061 3338 Et
2090 3283 2240 3339 hanc
2274 3284 2552 3356 temporis
2585 3285 2982 3342 definitionem
3016 3288 3524 3349 confirmantbene
3547 3294 3754 3352 multa.

358 3378 620 3435 Primum
651 3374 810 3431 enim
835 3374 1083 3429 Sanctus
1113 3370 1208 3427 hic
1238 3374 1434 3427 noster
1463 3371 1534 3450 de
1561 3371 1947 3428 Sarmationis
1984 3387 2052 3427 ac
2082 3371 2414 3428 Barbatiani
2473 3371 2791 3429 defectione
2821 3390 2856 3428 a
2912 3376 3232 3432 monastico
3291 3378 3532 3436 instituo
3585 3383 3757 3453 quasi

357 3467 430 3522 de
461 3480 522 3522 re
553 3463 795 3520 minime
826 3461 1043 3518 recenti
1075 3459 1372 3532 loquitur:
1404 3457 1639 3524 Dudum,
1674 3458 1869 3531 inquit
1897 3459 2082 3531 (Enar.
2108 3461 2170 3514 in
2195 3459 2342 3514 Psal.
2379 3476 2564 3528 xxxw,
2596 3473 2760 3516 num.
2816 3462 2928 3533 49),
2959 3462 3024 3518 de
3078 3469 3425 3523 monasteriis
3481 3472 3754 3528 exierunt,

358 3555 579 3612 Horum
610 3556 806 3608 autem
829 3554 1230 3622 apostatarum
1263 3543 1461 3621 fugam
1484 3548 1555 3604 ad
1588 3564 1809 3604 annum
1869 3547 1973 3603 389
2023 3547 2198 3603 refert
2254 3548 2580 3604 accuratior
2636 3551 2997 3621 supputatio.
3046 3552 3266 3610 Deinde
3294 3556 3392 3612 ubi
3423 3557 3600 3615 dicit:
3655 3562 3760 3616 Ea:-

356 3646 613 3700 stiterunt
642 3641 842 3696 Ariani
869 3639 1046 3708 regali
1075 3639 1304 3693 subnixi
1325 3639 1588 3708 potentia,
1621 3639 1718 3708 qui
1757 3637 2021 3708 templum
2053 3637 2275 3693 Domini
2318 3644 2578 3708 putarent
2625 3638 2733 3691 sibi
2785 3653 2898 3693 esse
2953 3624 3301 3714 tradendum,
3330 3650 3759 3715 persecutionem

358 3732 555 3788 acerba
579 3731 896 3785 minitantes
920 3727 1141 3799 (Enarr.
1175 3727 1236 3781 in
1263 3727 1414 3781 Psal.
1444 3741 1661 3795 xxxvu,
1687 3741 1848 3779 num.
1884 3723 1950 3780 19
1979 3728 2035 3779 et
2065 3741 2228 3779 num.
2261 3724 2350 3794 43)
2377 3741 2390 3791 ;
2425 3739 2794 3796 nequaquam
2819 3725 3136 3782 obscurum
3176 3736 3263 3785 est
3295 3735 3757 3803 persecutionem

355 3819 601 3878 Justinaa
632 3816 944 3889 designari.
977 3815 1188 3882 Tertio,
1222 3830 1411 3869 nonne
1431 3812 1826 3868 Theodosium
1866 3812 1938 3868 ab
1967 3811 2577 3867 Thessalonicensium
2610 3811 2828 3867 caedem
2875 3813 3188 3870 admonere
3221 3817 3446 3874 videtur
3475 3821 3592 3878 illis
3630 3841 3756 3879 ver-

359 3909 488 3965 bis:
548 3905 870 3973 Imilamini,
905 3906 1278 3976 imperatores,
1310 3902 1623 3975 exemplum
1658 3899 1928 3969 divinum,
1962 3904 2070 3956 etc.
2106 3899 2190 3972 (In
2237 3900 2384 3958 Psal.
2418 3915 2508 3971 XL,
2541 3916 2705 3956 num.
2733 3900 2871 3971 38)?
2914 3900 3024 3957 Sed
3074 3919 3262 3974 neque
3313 3907 3479 3962 nobis
3517 3910 3757 3966 absurdi

361 4001 560 4053 notam
594 3995 798 4051 merito
829 3993 1143 4065 quisquam
1174 3991 1473 4062 inusserit,
1506 3990 1554 4045 si
1578 3989 1897 4046 dixerimus
1927 3987 2144 4045 ibidem
2176 4005 2304 4045 esse
2332 3988 2632 4061 nonnulla,
2663 4003 2790 4061 quas
2839 3989 2982 4045 scite
3037 3989 3096 4045 in
3151 3992 3414 4062 ejusdem
3477 3997 3757 4069 principis

361 4099 666 4156 nunquam
697 4081 840 4139 satis
869 4079 1165 4137 laudatam
1190 4079 1591 4152 paenitentiam
1621 4079 1852 4136 cadant.
1906 4077 2036 4134 Haec
2067 4081 2262 4134 autem
2291 4077 2488 4135 omnia
2517 4081 2650 4134 ante
2681 4095 2903 4135 annum
2947 4079 3054 4134 389
3084 4080 3345 4138 evenisse
3395 4083 3451 4138 in
3493 4085 3758 4142 confesso

361 4177 468 4230 est.
492 4173 789 4229 Postremo
819 4167 1238 4226 commentaria
1265 4183 1374 4225 sua
1393 4166 1453 4223 in
1483 4167 1696 4224 Lucam
1730 4165 1870 4222 citat
1891 4165 2060 4238 quasi
2091 4182 2206 4222 non
2239 4167 2320 4222 ita
2350 4166 2576 4239 pridem
2607 4167 2929 4239 composita
2984 4169 3070 4240 (in
3098 4169 3247 4224 Psal.
3304 4187 3533 4238 XXXVIII,
3590 4190 3755 4230 num.

363 4264 416 4332 1)
445 4279 458 4329 ;
509 4258 980 4333 quandoquidem
1008 4256 1314 4314 memorati
1343 4256 1456 4313 loci
1486 4256 1904 4329 expositionem
1932 4255 2160 4326 repetit,
2194 4263 2254 4310 ut
2283 4271 2461 4327 quam
2491 4256 2824 4311 auditorum
2855 4255 3068 4313 animis
3115 4257 3381 4330 desperet
3408 4260 3600 4317 adhuc
3629 4278 3756 4320 esse

409 4352 736 4406 rassentem.

409 4368 736 4406 raesentem.

364 4368 499 4506 Suae
531 4454 666 4493 cum
696 4436 781 4493 sic
823 4435 1092 4502 habeant,
1121 4434 1528 4492 existimamus
1558 4433 1681 4490 fore
1717 4431 2012 4490 neminem
2046 4432 2146 4504 qui
2177 4433 2412 4490 easdem
2434 4433 2831 4489 enarrationes
2862 4433 2935 4489 ad
2990 4434 3238 4492 Justinm
3295 4440 3758 4510 persecutionem

361 4525 714 4584 obstinatius
745 4524 1079 4580 referendas
1111 4529 1238 4578 esse
1264 4517 1594 4578 contendat.
1626 4519 1751 4576 Non
1783 4520 2122 4593 ignoramus
2166 4523 2361 4578 tamen
2393 4520 2856 4592 Ripamontium,
2888 4523 3087 4578 Hister.
3144 4523 3360 4582 Mediol.
3396 4545 3428 4584 a
3485 4545 3548 4586 se
3602 4531 3758 4588 beati

361 4613 547 4672 Caroli
571 4614 746 4686 jussu
777 4612 1066 4668 editarum
1093 4610 1307 4666 decade
1339 4627 1376 4677 ι,
1409 4609 1701 4665 afﬁrmem
1729 4609 1838 4665 sub
1870 4609 2025 4664 idem
2055 4613 2289 4684 tempus
2320 4607 2518 4680 preslia
2549 4609 2814 4679 quasdam
2867 4610 3018 4666 inter
3049 4611 3400 4672 orthodoxos
3425 4621 3481 4673 et
3514 4619 3758 4675 Arianos

355 4719 485 4759 esse
513 4701 850 4769 commissa,
884 4700 942 4754 in
984 4699 1202 4771 quibus
1249 4696 1433 4753 multa
1489 4697 1545 4752 in
1580 4696 1841 4770 priorum
1873 4695 2123 4769 gratiam
2155 4695 2436 4754 miracula
2466 4696 2558 4751 his
2591 4712 2716 4769 qua:
2745 4697 2804 4752 in
2853 4698 3086 4757 Psalmo
3115 4718 3186 4756 xx
3207 4719 3301 4758 xvr
3323 4705 3756 4772 describuntur,

360 4791 535 4864 plane
561 4788 783 4846 similia
810 4786 1177 4859 contigerint.
1210 4785 1428 4842 Verum
1459 4784 1637 4857 hujus
1666 4784 1920 4842 auctorls
1949 4801 2082 4840 cum
2105 4801 2220 4840 non
2261 4783 2375 4840 nisi
2404 4784 2695 4840 veteribus
2725 4786 3083 4858 quibusdam
3114 4788 3402 4858 iconibus,
3427 4791 3756 4863 inscriptio-

363 4879 559 4948 nibus,
586 4888 688 4935 aut
718 4876 972 4949 denique
1020 4878 1314 4932 certorum
1343 4872 1602 4936 locorum
1633 4872 2127 4947 appellationibus
2156 4872 2398 4939 nitatur,
2426 4872 2742 4930 auctoritas
2772 4891 2886 4931 non
2919 4880 3008 4932 est
3055 4877 3221 4947 tanti,
3281 4883 3345 4933 ut
3402 4878 3756 4950 scriptorum

363 4966 629 5024 omnium
660 4964 768 5023 soli
800 4963 948 5021 bello
973 4963 1032 5019 in
1067 4963 1388 5036 Eugenium
1414 4967 1728 5036 tyrannum
1754 4966 1918 5036 gesto
1967 4962 2170 5018 eadem
2213 4960 2479 5034 prodigia
2510 4962 2898 5020 tribuentium
2957 4965 3268 5022 consensui
3325 4970 3758 5039 anteponantur

361 5056 508 5112 Nam
540 5054 694 5126 quod
726 5057 964 5110 sanctus
993 5051 1094 5107 Vir
1121 5051 1462 5124 petitionem
1494 5051 1844 5107 Arianorum
1866 5067 1992 5123 quas
2014 5048 2235 5122 aliquot
2263 5055 2396 5106 ante
2426 5067 2609 5107 annos
2631 5051 2783 5108 facta
2804 5053 3011 5120 fuerat,
3045 5059 3478 5121 commemoret,
3512 5055 3568 5111 id
3602 5062 3757 5117 certe

363 5159 481 5200 non
509 5141 701 5215 magis
731 5139 946 5197 mirum
976 5139 1156 5195 videri
1185 5138 1376 5210 debet,
1408 5155 1588 5210 quam
1611 5138 1766 5211 quod
1799 5137 2084 5194 librorum
2105 5137 2170 5193 de
2196 5139 2535 5196 Pwnitentia
2565 5140 2752 5197 multo
2783 5140 3182 5213 antiquiorum
3214 5142 3296 5214 (in
3333 5145 3484 5200 Psal.
3543 5163 3634 5214 XL,
3695 5165 3752 5204 n.

359 5231 473 5302 24),
504 5230 622 5286 imo
646 5233 705 5286 et
749 5231 990 5286 eventus
1016 5226 1324 5298 cujusdam
1371 5241 1548 5299 quem
1608 5240 1754 5297 puer
1809 5225 2001 5282 adhuc
2067 5227 2192 5299 ipse
2248 5233 2650 5300 conspexerat,
2705 5229 3064 5285 mentionem
3122 5230 3463 5304 neutiquam
3519 5240 3753 5307 praeter-

363 5318 610 5376 miserit.

431 5408 596 5465 Nunc
623 5407 930 5464 veniamus
959 5404 1031 5462 ad
1061 5402 1507 5478 explicationem
1537 5400 1754 5458 Psalmi
1783 5419 1944 5469 me,
1976 5403 2132 5474 quod
2155 5421 2224 5460 ex
2255 5405 2528 5478 cperibus
2558 5404 2821 5460 Doctoris
2880 5406 3062 5460 nostri
3113 5406 3386 5466 ultimum
3447 5416 3554 5468 est.
3616 5414 3753 5472 Eam

357 5495 458 5554 ille
501 5495 745 5554 Paulino
780 5495 1024 5553 diacono
1049 5509 1155 5550 suo
1185 5495 1361 5564 atque
1389 5491 1735 5572 amanuensi
1765 5491 1971 5564 paucis
2000 5496 2316 5566 antequam
2366 5493 2484 5549 fato
2517 5493 2876 5566 iungeretur,
2921 5494 3128 5552 diebus
3181 5498 3439 5570 dictavit,
3463 5502 3591 5573 jam
3641 5509 3753 5562 Deo
3779 5507 3792 5520 '

360 5602 477 5659 quo
509 5601 688 5658 prope
733 5585 890 5642 diem
919 5582 1217 5657 potiturus
1244 5585 1388 5649 erat,
1419 5580 1631 5652 plenus
1665 5584 1768 5648 ;ut
1795 5578 1994 5653 clypeo
2015 5581 2206 5655 igneo,
2237 5596 2411 5656 quem
2443 5580 2617 5652 capiti
2637 5582 2765 5653 ejus
2808 5582 2958 5638 idem
2995 5584 3272 5643 Paulinus
3317 5587 3752 5663 impendentem

356 5674 524 5742 vidit,
545 5672 1020 5748 portendebatur.
1046 5671 1109 5729 In
1138 5669 1250 5728 hac
1279 5669 1534 5744 profecto
1563 5667 1966 5728 lucubratione
2000 5669 2326 5744 singularia
2373 5669 2640 5744 quaedam
2689 5669 2977 5732 virtutum
3007 5675 3334 5749 specimina
3389 5679 3754 5756 consignavit

356 5763 604 5850 (Paulin.
631 5765 692 5824 in
728 5763 843 5824 Vita
871 5761 1146 5825 Ambrosii
1174 5761 1227 5838 );
1261 5772 1366 5821 nec
1395 5757 1552 5823 enim
1581 5761 1811 5820 tantum
1842 5759 2192 5824 modestiam
2222 5758 2538 5820 maximam
2567 5761 2763 5838 prodit
2791 5777 2927 5824 eum
2957 5763 3018 5822 in
3043 5765 3401 5842 explicandis
3430 5767 3750 5844 Scripturis
