  <div class='ocr_page' id='page_1' title='image "/cluster/home/n/w/nwhite01/storage/ocr_20150623/14/hvd.32044048207138/487.png"; bbox 0 0 4116 6188; ppageno 0'>
   <div class='ocr_carea' id='block_1_1' title="bbox 372 318 3782 393">
    <p class='ocr_par' dir='ltr' id='par_1_1' title="bbox 372 318 3782 393">
     <span class='ocr_line' id='line_1_1' title="bbox 372 318 3782 393; baseline 0 -3"><span class='ocrx_word' id='word_1_1' title='bbox 372 326 490 393; x_wconf 83' lang='lat'><strong>963</strong></span> <span class='ocrx_word' id='word_1_2' title='bbox 1831 325 1895 388; x_wconf 88' lang='lat' dir='ltr'><strong>S.</strong></span> <span class='ocrx_word' id='word_1_3' title='bbox 1942 318 2316 390; x_wconf 74' lang='lat' dir='ltr'><strong>AMBROSII</strong></span> <span class='ocrx_word' id='word_1_4' title='bbox 3661 330 3782 391; x_wconf 71' lang='grc'><strong>964</strong></span> 
     </span>
    </p>
   </div>
   <div class='ocr_carea' id='block_1_2' title="bbox 370 456 3786 536">
    <p class='ocr_par' dir='ltr' id='par_1_2' title="bbox 370 456 3786 536">
     <span class='ocr_line' id='line_1_2' title="bbox 370 456 3786 536; baseline -0.001 -19"><span class='ocrx_word' id='word_1_5' title='bbox 370 463 614 536; x_wconf 84' lang='lat' dir='ltr'><strong>ingenio</strong></span> <span class='ocrx_word' id='word_1_6' title='bbox 646 475 750 518; x_wconf 87' lang='lat' dir='ltr'><strong>suo</strong></span> <span class='ocrx_word' id='word_1_7' title='bbox 783 475 844 515; x_wconf 90' lang='lat' dir='ltr'><strong>se</strong></span> <span class='ocrx_word' id='word_1_8' title='bbox 875 457 1140 515; x_wconf 83' lang='lat' dir='ltr'><strong>diffidere</strong></span> <span class='ocrx_word' id='word_1_9' title='bbox 1189 457 1527 532; x_wconf 79' lang='lat' dir='ltr'><strong>proﬁtetur:</strong></span> <span class='ocrx_word' id='word_1_10' title='bbox 1560 473 1758 514; x_wconf 82' lang='lat' dir='ltr'><strong>verum</strong></span> <span class='ocrx_word' id='word_1_11' title='bbox 1795 459 1969 513; x_wconf 77' lang='lat' dir='ltr'><strong>etiam</strong></span> <span class='ocrx_word' id='word_1_12' title='bbox 1996 475 2294 515; x_wconf 88' lang='lat' dir='ltr'><strong>summum</strong></span> <span class='ocrx_word' id='word_1_13' title='bbox 2357 459 2617 514; x_wconf 83' lang='lat' dir='ltr'><strong>studium</strong></span> <span class='ocrx_word' id='word_1_14' title='bbox 2642 471 2779 530; x_wconf 84' lang='lat' dir='ltr'><strong>erga</strong></span> <span class='ocrx_word' id='word_1_15' title='bbox 2814 459 2986 513; x_wconf 81' lang='lat' dir='ltr'><strong>ﬁdem</strong></span> <span class='ocrx_word' id='word_1_16' title='bbox 3020 456 3364 513; x_wconf 79' lang='lat' dir='ltr'><strong>catholicam</strong></span> <span class='ocrx_word' id='word_1_17' title='bbox 3397 457 3570 528; x_wconf 83' lang='lat' dir='ltr'><strong>cujus</strong></span> <span class='ocrx_word' id='word_1_18' title='bbox 3601 457 3786 530; x_wconf 88' lang='lat' dir='ltr'><strong>gratia</strong></span> 
     </span>
    </p>
   </div>
   <div class='ocr_carea' id='block_1_3' title="bbox 370 545 3782 620">
    <p class='ocr_par' dir='ltr' id='par_1_3' title="bbox 370 545 3782 620">
     <span class='ocr_line' id='line_1_3' title="bbox 370 545 3782 620; baseline -0.001 -15"><span class='ocrx_word' id='word_1_19' title='bbox 370 551 650 605; x_wconf 91' lang='lat' dir='ltr'><strong>adversus</strong></span> <span class='ocrx_word' id='word_1_20' title='bbox 684 547 1002 616; x_wconf 72' lang='lat' dir='ltr'><strong>haereticos,</strong></span> <span class='ocrx_word' id='word_1_21' title='bbox 1033 547 1286 604; x_wconf 82' lang='lat' dir='ltr'><strong>maxime</strong></span> <span class='ocrx_word' id='word_1_22' title='bbox 1318 550 1511 603; x_wconf 89' lang='lat' dir='ltr'><strong>autem</strong></span> <span class='ocrx_word' id='word_1_23' title='bbox 1547 547 1792 603; x_wconf 84' lang='lat' dir='ltr'><strong>Arianos</strong></span> <span class='ocrx_word' id='word_1_24' title='bbox 1823 548 1894 602; x_wconf 89' lang='lat' dir='ltr'><strong>ad</strong></span> <span class='ocrx_word' id='word_1_25' title='bbox 1943 552 2266 603; x_wconf 88' lang='lat' dir='ltr'><strong>extremum</strong></span> <span class='ocrx_word' id='word_1_26' title='bbox 2328 562 2513 620; x_wconf 90' lang='lat' dir='ltr'><strong>usque</strong></span> <span class='ocrx_word' id='word_1_27' title='bbox 2566 545 2841 619; x_wconf 80' lang='lat' dir='ltr'><strong>spiritum</strong></span> <span class='ocrx_word' id='word_1_28' title='bbox 2898 546 3250 613; x_wconf 88' lang='lat' dir='ltr'><strong>decertavit;</strong></span> <span class='ocrx_word' id='word_1_29' title='bbox 3311 549 3595 618; x_wconf 67' lang='lat' dir='ltr'><strong>preterea</strong></span> <span class='ocrx_word' id='word_1_30' title='bbox 3649 563 3782 602; x_wconf 85' lang='lat' dir='ltr'><strong>vero</strong></span> 
     </span>
    </p>
   </div>
   <div class='ocr_carea' id='block_1_4' title="bbox 368 633 3784 709">
    <p class='ocr_par' dir='ltr' id='par_1_4' title="bbox 368 633 3784 709">
     <span class='ocr_line' id='line_1_4' title="bbox 368 633 3784 709; baseline -0.001 -16"><span class='ocrx_word' id='word_1_31' title='bbox 368 637 642 694; x_wconf 83' lang='lat' dir='ltr'><strong>eximiam</strong></span> <span class='ocrx_word' id='word_1_32' title='bbox 685 635 1100 692; x_wconf 88' lang='lat' dir='ltr'><strong>charitatemin</strong></span> <span class='ocrx_word' id='word_1_33' title='bbox 1133 652 1369 709; x_wconf 82' lang='lat' dir='ltr'><strong>gregem</strong></span> <span class='ocrx_word' id='word_1_34' title='bbox 1401 636 1784 708; x_wconf 84' lang='lat' dir='ltr'><strong>suum,cujus</strong></span> <span class='ocrx_word' id='word_1_35' title='bbox 1805 635 2400 692; x_wconf 89' lang='lat' dir='ltr'><strong>demuminstituendi</strong></span> <span class='ocrx_word' id='word_1_36' title='bbox 2424 634 3091 692; x_wconf 88' lang='lat' dir='ltr'><strong>laboribusimmortuus</strong></span> <span class='ocrx_word' id='word_1_37' title='bbox 3110 639 3217 691; x_wconf 89' lang='lat' dir='ltr'><strong>est.</strong></span> <span class='ocrx_word' id='word_1_38' title='bbox 3235 633 3584 707; x_wconf 88' lang='lat' dir='ltr'><strong>Colligimus</strong></span> <span class='ocrx_word' id='word_1_39' title='bbox 3604 635 3784 691; x_wconf 87' lang='lat' dir='ltr'><strong>etiam</strong></span> 
     </span>
    </p>
   </div>
   <div class='ocr_carea' id='block_1_5' title="bbox 363 722 3784 797">
    <p class='ocr_par' dir='ltr' id='par_1_5' title="bbox 363 722 3784 797">
     <span class='ocr_line' id='line_1_5' title="bbox 363 722 3784 797; baseline -0.001 -16"><span class='ocrx_word' id='word_1_40' title='bbox 363 741 434 781; x_wconf 85' lang='lat' dir='ltr'><strong>ex</strong></span> <span class='ocrx_word' id='word_1_41' title='bbox 463 725 668 782; x_wconf 90' lang='lat' dir='ltr'><strong>eodem</strong></span> <span class='ocrx_word' id='word_1_42' title='bbox 701 724 940 780; x_wconf 87' lang='lat' dir='ltr'><strong>Paulino</strong></span> <span class='ocrx_word' id='word_1_43' title='bbox 971 725 1154 795; x_wconf 80' lang='lat' dir='ltr'><strong>(lbid.)</strong></span> <span class='ocrx_word' id='word_1_44' title='bbox 1198 729 1553 797; x_wconf 78' lang='lat' dir='ltr'><strong>postremam</strong></span> <span class='ocrx_word' id='word_1_45' title='bbox 1583 723 1734 780; x_wconf 88' lang='lat' dir='ltr'><strong>hanc</strong></span> <span class='ocrx_word' id='word_1_46' title='bbox 1765 724 2142 797; x_wconf 89' lang='lat' dir='ltr'><strong>scriptionem</strong></span> <span class='ocrx_word' id='word_1_47' title='bbox 2175 724 2472 780; x_wconf 79' lang='lat' dir='ltr'><strong>Ambrosii</strong></span> <span class='ocrx_word' id='word_1_48' title='bbox 2516 724 2688 780; x_wconf 84' lang='lat' dir='ltr'><strong>festis</strong></span> <span class='ocrx_word' id='word_1_49' title='bbox 2721 723 3102 780; x_wconf 88' lang='lat' dir='ltr'><strong>Paschalibus</strong></span> <span class='ocrx_word' id='word_1_50' title='bbox 3159 723 3295 779; x_wconf 90' lang='lat' dir='ltr'><strong>anni</strong></span> <span class='ocrx_word' id='word_1_51' title='bbox 3339 723 3450 778; x_wconf 88' lang='grc'>397</span> <span class='ocrx_word' id='word_1_52' title='bbox 3479 722 3784 780; x_wconf 79' lang='lat' dir='ltr'><strong>ascriben-</strong></span> 
     </span>
    </p>
   </div>
   <div class='ocr_carea' id='block_1_6' title="bbox 365 811 3783 887">
    <p class='ocr_par' dir='ltr' id='par_1_6' title="bbox 365 811 3783 887">
     <span class='ocr_line' id='line_1_6' title="bbox 365 811 3783 887; baseline -0.001 -17"><span class='ocrx_word' id='word_1_53' title='bbox 365 815 505 871; x_wconf 91' lang='lat' dir='ltr'><strong>dam</strong></span> <span class='ocrx_word' id='word_1_54' title='bbox 536 828 688 882; x_wconf 86' lang='lat' dir='ltr'><strong>esse,</strong></span> <span class='ocrx_word' id='word_1_55' title='bbox 720 814 1196 886; x_wconf 82' lang='lat' dir='ltr'><strong>quandoquidem</strong></span> <span class='ocrx_word' id='word_1_56' title='bbox 1230 830 1296 870; x_wconf 91' lang='lat' dir='ltr'><strong>eo</strong></span> <span class='ocrx_word' id='word_1_57' title='bbox 1328 817 1609 886; x_wconf 91' lang='lat' dir='ltr'><strong>tempore,</strong></span> <span class='ocrx_word' id='word_1_58' title='bbox 1647 821 1708 868; x_wconf 91' lang='lat' dir='ltr'><strong>ut</strong></span> <span class='ocrx_word' id='word_1_59' title='bbox 1741 814 1850 869; x_wconf 81' lang='lat' dir='ltr'><strong>fert</strong></span> <span class='ocrx_word' id='word_1_60' title='bbox 1881 813 2239 886; x_wconf 87' lang='lat' dir='ltr'><strong>probabilior</strong></span> <span class='ocrx_word' id='word_1_61' title='bbox 2266 814 2482 885; x_wconf 84' lang='lat' dir='ltr'><strong>Opinio,</strong></span> <span class='ocrx_word' id='word_1_62' title='bbox 2513 813 2570 869; x_wconf 94' lang='lat' dir='ltr'><strong>in</strong></span> <span class='ocrx_word' id='word_1_63' title='bbox 2604 812 2750 869; x_wconf 87' lang='lat' dir='ltr'><strong>vivis</strong></span> <span class='ocrx_word' id='word_1_64' title='bbox 2781 813 3001 887; x_wconf 87' lang='lat' dir='ltr'><strong>agitare</strong></span> <span class='ocrx_word' id='word_1_65' title='bbox 3032 812 3223 868; x_wconf 79' lang='lat' dir='ltr'><strong>desiit.</strong></span> <span class='ocrx_word' id='word_1_66' title='bbox 3280 814 3405 878; x_wconf 88' lang='lat' dir='ltr'><strong>Qua</strong></span> <span class='ocrx_word' id='word_1_67' title='bbox 3434 813 3507 869; x_wconf 91' lang='lat' dir='ltr'><strong>de</strong></span> <span class='ocrx_word' id='word_1_68' title='bbox 3539 829 3600 870; x_wconf 90' lang='lat' dir='ltr'><strong>re</strong></span> <span class='ocrx_word' id='word_1_69' title='bbox 3648 811 3783 868; x_wconf 82' lang='lat' dir='ltr'><strong>alibi</strong></span> 
     </span>
    </p>
   </div>
   <div class='ocr_carea' id='block_1_7' title="bbox 367 900 884 959">
    <p class='ocr_par' dir='ltr' id='par_1_7' title="bbox 367 900 884 959">
     <span class='ocr_line' id='line_1_7' title="bbox 367 900 884 959; baseline -0.002 -1"><span class='ocrx_word' id='word_1_70' title='bbox 367 902 598 959; x_wconf 81' lang='lat' dir='ltr'><strong>dicetur</strong></span> <span class='ocrx_word' id='word_1_71' title='bbox 626 900 884 958; x_wconf 85' lang='lat' dir='ltr'><strong>uberius.</strong></span> 
     </span>
    </p>
   </div>
   <div class='ocr_carea' id='block_1_8' title="bbox 440 989 3785 1064">
    <p class='ocr_par' dir='ltr' id='par_1_8' title="bbox 440 989 3785 1064">
     <span class='ocr_line' id='line_1_8' title="bbox 440 989 3785 1064; baseline -0 -19"><span class='ocrx_word' id='word_1_72' title='bbox 440 991 666 1046; x_wconf 65' lang='lat' dir='ltr'><strong>Ultima:</strong></span> <span class='ocrx_word' id='word_1_73' title='bbox 697 995 949 1061; x_wconf 89' lang='lat' dir='ltr'><strong>quatuor</strong></span> <span class='ocrx_word' id='word_1_74' title='bbox 978 989 1390 1045; x_wconf 86' lang='lat' dir='ltr'><strong>Enarrationes</strong></span> <span class='ocrx_word' id='word_1_75' title='bbox 1421 1006 1669 1062; x_wconf 88' lang='lat' dir='ltr'><strong>quarum</strong></span> <span class='ocrx_word' id='word_1_76' title='bbox 1704 1007 1820 1045; x_wconf 88' lang='lat' dir='ltr'><strong>una</strong></span> <span class='ocrx_word' id='word_1_77' title='bbox 1849 991 2062 1046; x_wconf 86' lang='lat' dir='ltr'><strong>citatur</strong></span> <span class='ocrx_word' id='word_1_78' title='bbox 2092 991 2164 1046; x_wconf 88' lang='lat' dir='ltr'><strong>ab</strong></span> <span class='ocrx_word' id='word_1_79' title='bbox 2192 990 2542 1063; x_wconf 82' lang='lat' dir='ltr'><strong>Augustino,</strong></span> <span class='ocrx_word' id='word_1_80' title='bbox 2575 990 2817 1064; x_wconf 89' lang='lat' dir='ltr'><strong>perinde</strong></span> <span class='ocrx_word' id='word_1_81' title='bbox 2847 1006 2914 1046; x_wconf 89' lang='lat' dir='ltr'><strong>ac</strong></span> <span class='ocrx_word' id='word_1_82' title='bbox 2937 990 3064 1046; x_wconf 71' lang='lat' dir='ltr'><strong>alias</strong></span> <span class='ocrx_word' id='word_1_83' title='bbox 3087 989 3459 1046; x_wconf 89' lang='lat' dir='ltr'><strong>sermonibus</strong></span> <span class='ocrx_word' id='word_1_84' title='bbox 3479 993 3785 1057; x_wconf 76' lang='lat' dir='ltr'><strong>constant;</strong></span> 
     </span>
    </p>
   </div>
   <div class='ocr_carea' id='block_1_9' title="bbox 367 1076 3783 1151">
    <p class='ocr_par' dir='ltr' id='par_1_9' title="bbox 367 1076 3783 1151">
     <span class='ocr_line' id='line_1_9' title="bbox 367 1076 3783 1151; baseline -0.001 -17"><span class='ocrx_word' id='word_1_85' title='bbox 367 1079 523 1151; x_wconf 91' lang='lat' dir='ltr'><strong>quod</strong></span> <span class='ocrx_word' id='word_1_86' title='bbox 554 1081 611 1134; x_wconf 90' lang='lat' dir='ltr'><strong>et</strong></span> <span class='ocrx_word' id='word_1_87' title='bbox 639 1076 773 1150; x_wconf 79' lang='lat' dir='ltr'><strong>styli</strong></span> <span class='ocrx_word' id='word_1_88' title='bbox 799 1077 966 1143; x_wconf 79' lang='lat' dir='ltr'><strong>ratio,</strong></span> <span class='ocrx_word' id='word_1_89' title='bbox 1001 1083 1057 1132; x_wconf 92' lang='lat' dir='ltr'><strong>et</strong></span> <span class='ocrx_word' id='word_1_90' title='bbox 1087 1077 1243 1133; x_wconf 89' lang='lat' dir='ltr'><strong>citati</strong></span> <span class='ocrx_word' id='word_1_91' title='bbox 1277 1077 1594 1150; x_wconf 68' lang='lat' dir='ltr'><strong>Scriptura:</strong></span> <span class='ocrx_word' id='word_1_92' title='bbox 1625 1095 1728 1150; x_wconf 89' lang='lat' dir='ltr'><strong>per</strong></span> <span class='ocrx_word' id='word_1_93' title='bbox 1747 1079 1983 1134; x_wconf 90' lang='lat' dir='ltr'><strong>eosdem</strong></span> <span class='ocrx_word' id='word_1_94' title='bbox 2015 1078 2139 1134; x_wconf 89' lang='lat' dir='ltr'><strong>dies</strong></span> <span class='ocrx_word' id='word_1_95' title='bbox 2167 1079 2226 1134; x_wconf 88' lang='lat' dir='ltr'><strong>in</strong></span> <span class='ocrx_word' id='word_1_96' title='bbox 2259 1079 2516 1135; x_wconf 83' lang='lat' dir='ltr'><strong>Ecclesia</strong></span> <span class='ocrx_word' id='word_1_97' title='bbox 2545 1079 2798 1135; x_wconf 81' lang='lat' dir='ltr'><strong>recitatae</strong></span> <span class='ocrx_word' id='word_1_98' title='bbox 2851 1078 2958 1135; x_wconf 90' lang='lat' dir='ltr'><strong>loci</strong></span> <span class='ocrx_word' id='word_1_99' title='bbox 2987 1078 3133 1135; x_wconf 86' lang='lat' dir='ltr'><strong>satis</strong></span> <span class='ocrx_word' id='word_1_100' title='bbox 3190 1078 3458 1134; x_wconf 89' lang='lat' dir='ltr'><strong>indicant</strong></span> <span class='ocrx_word' id='word_1_101' title='bbox 3501 1077 3582 1148; x_wconf 81' lang='lat' dir='ltr'><strong>(in</strong></span> <span class='ocrx_word' id='word_1_102' title='bbox 3635 1078 3783 1133; x_wconf 76' lang='grc' dir='ltr'><em>Ρεαι.</em></span> 
     </span>
    </p>
   </div>
   <div class='ocr_carea' id='block_1_10' title="bbox 363 1163 3774 1242">
    <p class='ocr_par' dir='ltr' id='par_1_10' title="bbox 363 1163 3774 1242">
     <span class='ocr_line' id='line_1_10' title="bbox 363 1163 3774 1242; baseline 0.001 -21"><span class='ocrx_word' id='word_1_103' title='bbox 363 1183 491 1234; x_wconf 81' lang='lat' dir='ltr'><strong>va,</strong></span> <span class='ocrx_word' id='word_1_104' title='bbox 525 1182 686 1220; x_wconf 87' lang='lat' dir='ltr'><strong>num.</strong></span> <span class='ocrx_word' id='word_1_105' title='bbox 723 1163 874 1220; x_wconf 64' lang='lat' dir='ltr'><strong>15&#39;et</strong></span> <span class='ocrx_word' id='word_1_106' title='bbox 903 1165 1083 1237; x_wconf 83' lang='lat' dir='ltr'><strong>alibi).</strong></span> <span class='ocrx_word' id='word_1_107' title='bbox 1119 1167 1228 1221; x_wconf 76' lang='lat' dir='ltr'><strong>Sed</strong></span> <span class='ocrx_word' id='word_1_108' title='bbox 1259 1165 1425 1221; x_wconf 87' lang='lat' dir='ltr'><strong>valde</strong></span> <span class='ocrx_word' id='word_1_109' title='bbox 1456 1183 1688 1239; x_wconf 82' lang='lat' dir='ltr'><strong>quoque</strong></span> <span class='ocrx_word' id='word_1_110' title='bbox 1719 1167 1993 1224; x_wconf 86' lang='lat' dir='ltr'><strong>credibile</strong></span> <span class='ocrx_word' id='word_1_111' title='bbox 2025 1172 2114 1222; x_wconf 89' lang='lat' dir='ltr'><strong>est</strong></span> <span class='ocrx_word' id='word_1_112' title='bbox 2141 1176 2344 1224; x_wconf 86' lang='lat' dir='ltr'><strong>earum</strong></span> <span class='ocrx_word' id='word_1_113' title='bbox 2371 1167 2621 1241; x_wconf 83' lang='lat' dir='ltr'><strong>singulis</strong></span> <span class='ocrx_word' id='word_1_114' title='bbox 2651 1167 2915 1242; x_wconf 87' lang='lat' dir='ltr'><strong>singulos</strong></span> <span class='ocrx_word' id='word_1_115' title='bbox 2945 1183 3243 1223; x_wconf 88' lang='lat' dir='ltr'><strong>sermones</strong></span> <span class='ocrx_word' id='word_1_116' title='bbox 3290 1165 3602 1230; x_wconf 88' lang='lat' dir='ltr'><strong>contineri,</strong></span> <span class='ocrx_word' id='word_1_117' title='bbox 3639 1182 3774 1223; x_wconf 88' lang='lat' dir='ltr'><strong>cum</strong></span> 
     </span>
    </p>
   </div>
   <div class='ocr_carea' id='block_1_11' title="bbox 368 1253 3788 1330">
    <p class='ocr_par' dir='ltr' id='par_1_11' title="bbox 368 1253 3788 1330">
     <span class='ocr_line' id='line_1_11' title="bbox 368 1253 3788 1330; baseline -0 -19"><span class='ocrx_word' id='word_1_118' title='bbox 368 1253 734 1311; x_wconf 88' lang='lat' dir='ltr'><strong>Psalmorum</strong></span> <span class='ocrx_word' id='word_1_119' title='bbox 763 1253 1030 1308; x_wconf 83' lang='lat' dir='ltr'><strong>versiculi</strong></span> <span class='ocrx_word' id='word_1_120' title='bbox 1064 1255 1277 1326; x_wconf 89' lang='lat' dir='ltr'><strong>raptim</strong></span> <span class='ocrx_word' id='word_1_121' title='bbox 1313 1260 1747 1327; x_wconf 90' lang='lat' dir='ltr'><strong>percurrantur,</strong></span> <span class='ocrx_word' id='word_1_122' title='bbox 1778 1263 1833 1312; x_wconf 87' lang='lat' dir='ltr'><strong>et</strong></span> <span class='ocrx_word' id='word_1_123' title='bbox 1871 1255 2219 1312; x_wconf 91' lang='lat' dir='ltr'><strong>ultimorum</strong></span> <span class='ocrx_word' id='word_1_124' title='bbox 2253 1257 2536 1330; x_wconf 88' lang='lat' dir='ltr'><strong>expositio</strong></span> <span class='ocrx_word' id='word_1_125' title='bbox 2568 1273 2746 1330; x_wconf 90' lang='lat' dir='ltr'><strong>quam</strong></span> <span class='ocrx_word' id='word_1_126' title='bbox 2778 1256 3039 1330; x_wconf 88' lang='lat' dir='ltr'><strong>priorum</strong></span> <span class='ocrx_word' id='word_1_127' title='bbox 3073 1256 3254 1311; x_wconf 90' lang='lat' dir='ltr'><strong>multo</strong></span> <span class='ocrx_word' id='word_1_128' title='bbox 3285 1254 3364 1310; x_wconf 89' lang='lat' dir='ltr'><strong>sit</strong></span> <span class='ocrx_word' id='word_1_129' title='bbox 3407 1253 3672 1320; x_wconf 89' lang='lat' dir='ltr'><strong>brevior;</strong></span> <span class='ocrx_word' id='word_1_130' title='bbox 3719 1270 3788 1310; x_wconf 88' lang='lat' dir='ltr'><strong>nc</strong></span> 
     </span>
    </p>
   </div>
   <div class='ocr_carea' id='block_1_12' title="bbox 367 1340 3788 1416">
    <p class='ocr_par' dir='ltr' id='par_1_12' title="bbox 367 1340 3788 1416">
     <span class='ocr_line' id='line_1_12' title="bbox 367 1340 3788 1416; baseline -0 -20"><span class='ocrx_word' id='word_1_131' title='bbox 367 1341 589 1398; x_wconf 90' lang='lat' dir='ltr'><strong>scilicet</strong></span> <span class='ocrx_word' id='word_1_132' title='bbox 617 1341 690 1396; x_wconf 94' lang='lat' dir='ltr'><strong>ob</strong></span> <span class='ocrx_word' id='word_1_133' title='bbox 721 1357 944 1398; x_wconf 83' lang='lat' dir='ltr'><strong>moram</strong></span> <span class='ocrx_word' id='word_1_134' title='bbox 977 1340 1407 1413; x_wconf 88' lang='lat' dir='ltr'><strong>longiusculam</strong></span> <span class='ocrx_word' id='word_1_135' title='bbox 1440 1344 1610 1398; x_wconf 69' lang='lat' dir='ltr'><strong>taedio</strong></span> <span class='ocrx_word' id='word_1_136' title='bbox 1641 1343 2016 1398; x_wconf 78' lang='lat' dir='ltr'><strong>afficerentur</strong></span> <span class='ocrx_word' id='word_1_137' title='bbox 2040 1343 2354 1400; x_wconf 87' lang='lat' dir='ltr'><strong>auditores.</strong></span> <span class='ocrx_word' id='word_1_138' title='bbox 2387 1345 2602 1400; x_wconf 84' lang='lat' dir='ltr'><strong>Harum</strong></span> <span class='ocrx_word' id='word_1_139' title='bbox 2637 1361 2808 1416; x_wconf 93' lang='lat' dir='ltr'><strong>porro</strong></span> <span class='ocrx_word' id='word_1_140' title='bbox 2852 1344 3157 1400; x_wconf 86' lang='lat' dir='ltr'><strong>character</strong></span> <span class='ocrx_word' id='word_1_141' title='bbox 3211 1341 3462 1397; x_wconf 89' lang='lat' dir='ltr'><strong>minime</strong></span> <span class='ocrx_word' id='word_1_142' title='bbox 3520 1340 3788 1396; x_wconf 90' lang='lat' dir='ltr'><strong>diversus</strong></span> 
     </span>
    </p>
   </div>
   <div class='ocr_carea' id='block_1_13' title="bbox 365 1429 3789 1505">
    <p class='ocr_par' dir='ltr' id='par_1_13' title="bbox 365 1429 3789 1505">
     <span class='ocr_line' id='line_1_13' title="bbox 365 1429 3789 1505; baseline -0.001 -19"><span class='ocrx_word' id='word_1_143' title='bbox 365 1436 488 1486; x_wconf 88' lang='lat' dir='ltr'><strong>est:</strong></span> <span class='ocrx_word' id='word_1_144' title='bbox 524 1447 627 1486; x_wconf 93' lang='lat' dir='ltr'><strong>nec</strong></span> <span class='ocrx_word' id='word_1_145' title='bbox 656 1431 780 1501; x_wconf 87' lang='lat' dir='ltr'><strong>jam</strong></span> <span class='ocrx_word' id='word_1_146' title='bbox 813 1430 869 1484; x_wconf 90' lang='lat' dir='ltr'><strong>in</strong></span> <span class='ocrx_word' id='word_1_147' title='bbox 903 1430 1048 1502; x_wconf 80' lang='lat' dir='ltr'><strong>ipsis</strong></span> <span class='ocrx_word' id='word_1_148' title='bbox 1080 1431 1231 1484; x_wconf 90' lang='lat' dir='ltr'><strong>sicut</strong></span> <span class='ocrx_word' id='word_1_149' title='bbox 1261 1430 1318 1484; x_wconf 92' lang='lat' dir='ltr'><strong>in</strong></span> <span class='ocrx_word' id='word_1_150' title='bbox 1355 1433 1755 1504; x_wconf 85' lang='lat' dir='ltr'><strong>superioribus</strong></span> <span class='ocrx_word' id='word_1_151' title='bbox 1784 1432 2080 1487; x_wconf 82' lang='lat' dir='ltr'><strong>versiones</strong></span> <span class='ocrx_word' id='word_1_152' title='bbox 2111 1433 2354 1505; x_wconf 76' lang='lat' dir='ltr'><strong>Aquilae,</strong></span> <span class='ocrx_word' id='word_1_153' title='bbox 2387 1432 2824 1504; x_wconf 80' lang='lat' dir='ltr'><strong>&#39;I‘hcodotionis,</strong></span> <span class='ocrx_word' id='word_1_154' title='bbox 2883 1440 2987 1487; x_wconf 90' lang='lat' dir='ltr'><strong>aut</strong></span> <span class='ocrx_word' id='word_1_155' title='bbox 3033 1430 3368 1504; x_wconf 81' lang='lat' dir='ltr'><strong>Symmachi</strong></span> <span class='ocrx_word' id='word_1_156' title='bbox 3425 1429 3789 1499; x_wconf 83' lang='lat' dir='ltr'><strong>referuntur,</strong></span> 
     </span>
    </p>
   </div>
   <div class='ocr_carea' id='block_1_14' title="bbox 364 1517 3788 1592">
    <p class='ocr_par' dir='ltr' id='par_1_14' title="bbox 364 1517 3788 1592">
     <span class='ocr_line' id='line_1_14' title="bbox 364 1517 3788 1592; baseline -0.001 -18"><span class='ocrx_word' id='word_1_157' title='bbox 364 1524 603 1590; x_wconf 88' lang='lat' dir='ltr'><strong>excepta</strong></span> <span class='ocrx_word' id='word_1_158' title='bbox 635 1517 843 1573; x_wconf 90' lang='lat' dir='ltr'><strong>ultima</strong></span> <span class='ocrx_word' id='word_1_159' title='bbox 863 1519 1031 1588; x_wconf 80' lang='lat' dir='ltr'><strong>cujus</strong></span> <span class='ocrx_word' id='word_1_160' title='bbox 1063 1518 1245 1574; x_wconf 88' lang='lat' dir='ltr'><strong>semel</strong></span> <span class='ocrx_word' id='word_1_161' title='bbox 1268 1525 1497 1576; x_wconf 87' lang='lat' dir='ltr'><strong>tantum</strong></span> <span class='ocrx_word' id='word_1_162' title='bbox 1529 1528 1581 1576; x_wconf 83' lang='lat' dir='ltr'><strong>et</strong></span> <span class='ocrx_word' id='word_1_163' title='bbox 1608 1520 1778 1592; x_wconf 89' lang='lat' dir='ltr'><strong>quasi</strong></span> <span class='ocrx_word' id='word_1_164' title='bbox 1810 1521 1996 1576; x_wconf 86' lang='lat' dir='ltr'><strong>obiter</strong></span> <span class='ocrx_word' id='word_1_165' title='bbox 2029 1521 2091 1575; x_wconf 80' lang='lat' dir='ltr'><strong>fit</strong></span> <span class='ocrx_word' id='word_1_166' title='bbox 2123 1521 2360 1577; x_wconf 90' lang='lat' dir='ltr'><strong>mentio.</strong></span> <span class='ocrx_word' id='word_1_167' title='bbox 2397 1522 2461 1576; x_wconf 88' lang='lat' dir='ltr'><strong>Et</strong></span> <span class='ocrx_word' id='word_1_168' title='bbox 2493 1521 2631 1576; x_wconf 87' lang='lat' dir='ltr'><strong>hinc</strong></span> <span class='ocrx_word' id='word_1_169' title='bbox 2650 1523 2792 1576; x_wconf 84' lang='lat' dir='ltr'><strong>forte</strong></span> <span class='ocrx_word' id='word_1_170' title='bbox 2813 1537 2927 1575; x_wconf 91' lang='lat' dir='ltr'><strong>non</strong></span> <span class='ocrx_word' id='word_1_171' title='bbox 2951 1519 3206 1575; x_wconf 85' lang='lat' dir='ltr'><strong>absurde</strong></span> <span class='ocrx_word' id='word_1_172' title='bbox 3227 1518 3479 1590; x_wconf 80' lang='lat' dir='ltr'><strong>colligas</strong></span> <span class='ocrx_word' id='word_1_173' title='bbox 3510 1517 3788 1573; x_wconf 87' lang='lat' dir='ltr'><strong>eamdem</strong></span> 
     </span>
    </p>
   </div>
   <div class='ocr_carea' id='block_1_15' title="bbox 364 1604 3787 1682">
    <p class='ocr_par' dir='ltr' id='par_1_15' title="bbox 364 1604 3787 1682">
     <span class='ocr_line' id='line_1_15' title="bbox 364 1604 3787 1682; baseline -0.001 -19"><span class='ocrx_word' id='word_1_174' title='bbox 364 1624 491 1679; x_wconf 67' lang='lat' dir='ltr'><strong>quae</strong></span> <span class='ocrx_word' id='word_1_175' title='bbox 525 1607 722 1677; x_wconf 90' lang='lat' dir='ltr'><strong>unius,</strong></span> <span class='ocrx_word' id='word_1_176' title='bbox 757 1608 932 1662; x_wconf 88' lang='lat' dir='ltr'><strong>etiam</strong></span> <span class='ocrx_word' id='word_1_177' title='bbox 966 1607 1216 1662; x_wconf 84' lang='lat' dir='ltr'><strong>aliarum</strong></span> <span class='ocrx_word' id='word_1_178' title='bbox 1249 1613 1473 1663; x_wconf 75' lang='lat' dir='ltr'><strong>mtatem</strong></span> <span class='ocrx_word' id='word_1_179' title='bbox 1509 1626 1656 1665; x_wconf 89' lang='lat' dir='ltr'><strong>esse.</strong></span> <span class='ocrx_word' id='word_1_180' title='bbox 1694 1611 2057 1682; x_wconf 86' lang='lat' dir='ltr'><strong>Quapropter</strong></span> <span class='ocrx_word' id='word_1_181' title='bbox 2087 1626 2219 1664; x_wconf 92' lang='lat' dir='ltr'><strong>cum</strong></span> <span class='ocrx_word' id='word_1_182' title='bbox 2253 1609 2468 1665; x_wconf 88' lang='lat' dir='ltr'><strong>Psalmi</strong></span> <span class='ocrx_word' id='word_1_183' title='bbox 2503 1627 2590 1665; x_wconf 73' lang='lat' dir='ltr'><strong>LXI</strong></span> <span class='ocrx_word' id='word_1_184' title='bbox 2622 1608 3089 1682; x_wconf 81' lang='lat' dir='ltr'><strong>explanationem</strong></span> <span class='ocrx_word' id='word_1_185' title='bbox 3123 1608 3508 1664; x_wconf 85' lang='lat' dir='ltr'><strong>manifestum</strong></span> <span class='ocrx_word' id='word_1_186' title='bbox 3532 1606 3608 1661; x_wconf 91' lang='lat' dir='ltr'><strong>sit</strong></span> <span class='ocrx_word' id='word_1_187' title='bbox 3624 1604 3787 1662; x_wconf 84' lang='lat' dir='ltr'><strong>habi-</strong></span> 
     </span>
    </p>
   </div>
   <div class='ocr_carea' id='block_1_16' title="bbox 362 1693 3789 1770">
    <p class='ocr_par' dir='ltr' id='par_1_16' title="bbox 362 1693 3789 1770">
     <span class='ocr_line' id='line_1_16' title="bbox 362 1693 3789 1770; baseline -0.001 -18"><span class='ocrx_word' id='word_1_188' title='bbox 362 1703 484 1752; x_wconf 90' lang='lat' dir='ltr'><strong>tam</strong></span> <span class='ocrx_word' id='word_1_189' title='bbox 517 1697 698 1751; x_wconf 85' lang='lat' dir='ltr'><strong>fuisse</strong></span> <span class='ocrx_word' id='word_1_190' title='bbox 732 1695 990 1767; x_wconf 86' lang='lat' dir='ltr'><strong>proxime</strong></span> <span class='ocrx_word' id='word_1_191' title='bbox 1023 1700 1152 1767; x_wconf 82' lang='lat' dir='ltr'><strong>post</strong></span> <span class='ocrx_word' id='word_1_192' title='bbox 1181 1697 1437 1751; x_wconf 83' lang='lat' dir='ltr'><strong>Gratiani</strong></span> <span class='ocrx_word' id='word_1_193' title='bbox 1473 1699 1709 1764; x_wconf 64' lang='lat' dir='ltr'><strong>cedem,</strong></span> <span class='ocrx_word' id='word_1_194' title='bbox 1746 1697 1988 1753; x_wconf 85' lang='lat' dir='ltr'><strong>alteram</strong></span> <span class='ocrx_word' id='word_1_195' title='bbox 2023 1699 2316 1754; x_wconf 61' lang='lat' dir='ltr'><strong>Ambrosii</strong></span> <span class='ocrx_word' id='word_1_196' title='bbox 2352 1697 2704 1770; x_wconf 73' lang='lat' dir='ltr'><strong>legationem</strong></span> <span class='ocrx_word' id='word_1_197' title='bbox 2738 1698 2809 1753; x_wconf 90' lang='lat' dir='ltr'><strong>ad</strong></span> <span class='ocrx_word' id='word_1_198' title='bbox 2839 1697 3184 1762; x_wconf 87' lang='lat' dir='ltr'><strong>Maximum,</strong></span> <span class='ocrx_word' id='word_1_199' title='bbox 3227 1701 3285 1752; x_wconf 93' lang='lat' dir='ltr'><strong>et</strong></span> <span class='ocrx_word' id='word_1_200' title='bbox 3341 1693 3658 1752; x_wconf 85' lang='lat' dir='ltr'><strong>Theodosii</strong></span> <span class='ocrx_word' id='word_1_201' title='bbox 3719 1694 3789 1748; x_wconf 89' lang='lat' dir='ltr'><strong>de</strong></span> 
     </span>
    </p>
   </div>
   <div class='ocr_carea' id='block_1_17' title="bbox 368 1782 3782 1857">
    <p class='ocr_par' dir='ltr' id='par_1_17' title="bbox 368 1782 3782 1857">
     <span class='ocr_line' id='line_1_17' title="bbox 368 1782 3782 1857; baseline -0.001 -18"><span class='ocrx_word' id='word_1_202' title='bbox 368 1785 473 1839; x_wconf 87' lang='lat' dir='ltr'><strong>hoc</strong></span> <span class='ocrx_word' id='word_1_203' title='bbox 504 1789 751 1855; x_wconf 87' lang='lat' dir='ltr'><strong>tyranno</strong></span> <span class='ocrx_word' id='word_1_204' title='bbox 783 1784 1110 1850; x_wconf 87' lang='lat' dir='ltr'><strong>victoriam,</strong></span> <span class='ocrx_word' id='word_1_205' title='bbox 1144 1785 1412 1855; x_wconf 79' lang='lat' dir='ltr'><strong>sequitur</strong></span> <span class='ocrx_word' id='word_1_206' title='bbox 1441 1802 1539 1840; x_wconf 89' lang='lat' dir='ltr'><strong>eas</strong></span> <span class='ocrx_word' id='word_1_207' title='bbox 1569 1801 1774 1841; x_wconf 88' lang='lat' dir='ltr'><strong>omnes</strong></span> <span class='ocrx_word' id='word_1_208' title='bbox 1805 1803 1957 1841; x_wconf 91' lang='lat' dir='ltr'><strong>anno</strong></span> <span class='ocrx_word' id='word_1_209' title='bbox 1987 1786 2111 1852; x_wconf 83' lang='lat'><strong>390,</strong></span> <span class='ocrx_word' id='word_1_210' title='bbox 2145 1786 2237 1841; x_wconf 90' lang='lat' dir='ltr'><strong>cui</strong></span> <span class='ocrx_word' id='word_1_211' title='bbox 2272 1785 2467 1857; x_wconf 88' lang='lat' dir='ltr'><strong>plures</strong></span> <span class='ocrx_word' id='word_1_212' title='bbox 2501 1785 2840 1856; x_wconf 84' lang='lat' dir='ltr'><strong>hujusmodi</strong></span> <span class='ocrx_word' id='word_1_213' title='bbox 2875 1783 3296 1840; x_wconf 81' lang='lat' dir='ltr'><strong>Ambrosianas</strong></span> <span class='ocrx_word' id='word_1_214' title='bbox 3336 1782 3782 1839; x_wconf 81' lang='lat' dir='ltr'><strong>lucubrationes</strong></span> 
     </span>
    </p>
   </div>
   <div class='ocr_carea' id='block_1_18' title="bbox 364 1871 1826 1946">
    <p class='ocr_par' dir='ltr' id='par_1_18' title="bbox 364 1871 1826 1946">
     <span class='ocr_line' id='line_1_18' title="bbox 364 1871 1826 1946; baseline 0.003 -20"><span class='ocrx_word' id='word_1_215' title='bbox 364 1871 636 1927; x_wconf 90' lang='lat' dir='ltr'><strong>tribuunt</strong></span> <span class='ocrx_word' id='word_1_216' title='bbox 667 1871 949 1938; x_wconf 83' lang='lat' dir='ltr'><strong>historici,</strong></span> <span class='ocrx_word' id='word_1_217' title='bbox 983 1872 1075 1926; x_wconf 88' lang='lat' dir='ltr'><strong>vix</strong></span> <span class='ocrx_word' id='word_1_218' title='bbox 1107 1889 1278 1944; x_wconf 89' lang='lat' dir='ltr'><strong>posse</strong></span> <span class='ocrx_word' id='word_1_219' title='bbox 1310 1873 1422 1928; x_wconf 89' lang='lat' dir='ltr'><strong>dici</strong></span> <span class='ocrx_word' id='word_1_220' title='bbox 1457 1874 1826 1946; x_wconf 88' lang='lat' dir='ltr'><strong>posteriores.</strong></span> 
     </span>
    </p>
   </div>
   <div class='ocr_carea' id='block_1_19' title="bbox 435 1958 3786 2036">
    <p class='ocr_par' dir='ltr' id='par_1_19' title="bbox 435 1958 3786 2036">
     <span class='ocr_line' id='line_1_19' title="bbox 435 1958 3786 2036; baseline 0.001 -23"><span class='ocrx_word' id='word_1_221' title='bbox 435 1958 782 2014; x_wconf 82' lang='lat' dir='ltr'><strong>Ambrosius</strong></span> <span class='ocrx_word' id='word_1_222' title='bbox 817 1959 874 2013; x_wconf 92' lang='lat' dir='ltr'><strong>iu</strong></span> <span class='ocrx_word' id='word_1_223' title='bbox 910 1959 1247 2016; x_wconf 70' lang='lat' dir='ltr'><strong>Prmfatione</strong></span> <span class='ocrx_word' id='word_1_224' title='bbox 1287 1967 1461 2032; x_wconf 87' lang='lat' dir='ltr'><strong>atque</strong></span> <span class='ocrx_word' id='word_1_225' title='bbox 1517 1963 1885 2018; x_wconf 85' lang='lat' dir='ltr'><strong>enarratione</strong></span> <span class='ocrx_word' id='word_1_226' title='bbox 1918 1962 1977 2017; x_wconf 94' lang='lat' dir='ltr'><strong>in</strong></span> <span class='ocrx_word' id='word_1_227' title='bbox 2012 1962 2312 2018; x_wconf 89' lang='lat' dir='ltr'><strong>Psalmum</strong></span> <span class='ocrx_word' id='word_1_228' title='bbox 2344 1963 2602 2036; x_wconf 90' lang='lat' dir='ltr'><strong>primum</strong></span> <span class='ocrx_word' id='word_1_229' title='bbox 2635 1980 2702 2019; x_wconf 85' lang='lat' dir='ltr'><strong>ex</strong></span> <span class='ocrx_word' id='word_1_230' title='bbox 2734 1962 2943 2018; x_wconf 88' lang='lat' dir='ltr'><strong>Basilio</strong></span> <span class='ocrx_word' id='word_1_231' title='bbox 2975 1960 3162 2018; x_wconf 86' lang='lat' dir='ltr'><strong>multa</strong></span> <span class='ocrx_word' id='word_1_232' title='bbox 3191 1977 3445 2034; x_wconf 90' lang='lat' dir='ltr'><strong>quorum</strong></span> <span class='ocrx_word' id='word_1_233' title='bbox 3498 1958 3786 2015; x_wconf 82' lang='lat' dir='ltr'><strong>nonnulla</strong></span> 
     </span>
    </p>
   </div>
   <div class='ocr_carea' id='block_1_20' title="bbox 365 2046 3781 2124">
    <p class='ocr_par' dir='ltr' id='par_1_20' title="bbox 365 2046 3781 2124">
     <span class='ocr_line' id='line_1_20' title="bbox 365 2046 3781 2124; baseline -0.001 -18"><span class='ocrx_word' id='word_1_234' title='bbox 365 2049 494 2120; x_wconf 69' lang='lat' dir='ltr'><strong>mis.</strong></span> <span class='ocrx_word' id='word_1_235' title='bbox 523 2047 664 2103; x_wconf 90' lang='lat' dir='ltr'><strong>locis</strong></span> <span class='ocrx_word' id='word_1_236' title='bbox 693 2046 1102 2116; x_wconf 90' lang='lat' dir='ltr'><strong>indicavimus,</strong></span> <span class='ocrx_word' id='word_1_237' title='bbox 1132 2066 1239 2104; x_wconf 91' lang='lat' dir='ltr'><strong>suo</strong></span> <span class='ocrx_word' id='word_1_238' title='bbox 1273 2066 1430 2105; x_wconf 92' lang='lat' dir='ltr'><strong>more</strong></span> <span class='ocrx_word' id='word_1_239' title='bbox 1462 2053 1754 2122; x_wconf 89' lang='lat' dir='ltr'><strong>sumpsit;</strong></span> <span class='ocrx_word' id='word_1_240' title='bbox 1789 2051 2096 2122; x_wconf 88' lang='lat' dir='ltr'><strong>Origenem</strong></span> <span class='ocrx_word' id='word_1_241' title='bbox 2130 2068 2384 2124; x_wconf 89' lang='lat' dir='ltr'><strong>quoque,</strong></span> <span class='ocrx_word' id='word_1_242' title='bbox 2407 2057 2469 2107; x_wconf 91' lang='lat' dir='ltr'><strong>ut</strong></span> <span class='ocrx_word' id='word_1_243' title='bbox 2494 2051 2821 2108; x_wconf 88' lang='lat' dir='ltr'><strong>observavit</strong></span> <span class='ocrx_word' id='word_1_244' title='bbox 2838 2049 3292 2123; x_wconf 80' lang='lat' dir='ltr'><strong>8.Hieronymus</strong></span> <span class='ocrx_word' id='word_1_245' title='bbox 3314 2049 3463 2121; x_wconf 91' lang='lat' dir='ltr'><strong>(loco</strong></span> <span class='ocrx_word' id='word_1_246' title='bbox 3487 2065 3625 2121; x_wconf 91' lang='lat' dir='ltr'><strong>sup.</strong></span> <span class='ocrx_word' id='word_1_247' title='bbox 3647 2048 3781 2103; x_wconf 85' lang='lat' dir='ltr'><strong>cita-</strong></span> 
     </span>
    </p>
   </div>
   <div class='ocr_carea' id='block_1_21' title="bbox 364 2135 3781 2213">
    <p class='ocr_par' dir='ltr' id='par_1_21' title="bbox 364 2135 3781 2213">
     <span class='ocr_line' id='line_1_21' title="bbox 364 2135 3781 2213; baseline -0 -21"><span class='ocrx_word' id='word_1_248' title='bbox 364 2138 469 2208; x_wconf 90' lang='lat' dir='ltr'><strong>to),</strong></span> <span class='ocrx_word' id='word_1_249' title='bbox 500 2135 903 2210; x_wconf 68' lang='lat' dir='ltr'><strong>inquibust</strong></span> <span class='ocrx_word' id='word_1_250' title='bbox 939 2141 1154 2192; x_wconf 80' lang='lat' dir='ltr'><strong>secutus</strong></span> <span class='ocrx_word' id='word_1_251' title='bbox 1179 2146 1276 2193; x_wconf 77' lang='lat' dir='ltr'><strong>est.</strong></span> <span class='ocrx_word' id='word_1_252' title='bbox 1311 2139 1476 2195; x_wconf 84' lang='lat' dir='ltr'><strong>Certe</strong></span> <span class='ocrx_word' id='word_1_253' title='bbox 1509 2139 1746 2212; x_wconf 86' lang='lat' dir='ltr'><strong>quidem</strong></span> <span class='ocrx_word' id='word_1_254' title='bbox 1775 2141 1874 2212; x_wconf 90' lang='lat' dir='ltr'><strong>qui</strong></span> <span class='ocrx_word' id='word_1_255' title='bbox 1926 2140 2232 2213; x_wconf 88' lang='lat' dir='ltr'><strong>utriusque</strong></span> <span class='ocrx_word' id='word_1_256' title='bbox 2263 2141 2784 2197; x_wconf 83' lang='lat' dir='ltr'><strong>commentationes</strong></span> <span class='ocrx_word' id='word_1_257' title='bbox 2831 2140 2890 2194; x_wconf 91' lang='lat' dir='ltr'><strong>in</strong></span> <span class='ocrx_word' id='word_1_258' title='bbox 2921 2138 3186 2212; x_wconf 89' lang='lat' dir='ltr'><strong>psalmos</strong></span> <span class='ocrx_word' id='word_1_259' title='bbox 3242 2154 3431 2205; x_wconf 71' lang='lat' dir='ltr'><strong>xxxvx,</strong></span> <span class='ocrx_word' id='word_1_260' title='bbox 3483 2153 3678 2193; x_wconf 82' lang='lat' dir='ltr'><strong>xxxvu</strong></span> <span class='ocrx_word' id='word_1_261' title='bbox 3725 2141 3781 2192; x_wconf 85' lang='lat' dir='ltr'><strong>et</strong></span> 
     </span>
    </p>
   </div>
   <div class='ocr_carea' id='block_1_22' title="bbox 364 2224 3781 2300">
    <p class='ocr_par' dir='ltr' id='par_1_22' title="bbox 364 2224 3781 2300">
     <span class='ocr_line' id='line_1_22' title="bbox 364 2224 3781 2300; baseline 0 -21"><span class='ocrx_word' id='word_1_262' title='bbox 364 2241 578 2279; x_wconf 83' lang='lat' dir='ltr'><strong>xxvvm</strong></span> <span class='ocrx_word' id='word_1_263' title='bbox 610 2225 764 2279; x_wconf 84' lang='lat' dir='ltr'><strong>inter</strong></span> <span class='ocrx_word' id='word_1_264' title='bbox 790 2240 854 2280; x_wconf 83' lang='lat' dir='ltr'><strong>se</strong></span> <span class='ocrx_word' id='word_1_265' title='bbox 882 2224 1213 2292; x_wconf 90' lang='lat' dir='ltr'><strong>contulerit,</strong></span> <span class='ocrx_word' id='word_1_266' title='bbox 1244 2225 1399 2281; x_wconf 89' lang='lat' dir='ltr'><strong>haud</strong></span> <span class='ocrx_word' id='word_1_267' title='bbox 1433 2243 1618 2298; x_wconf 80' lang='lat' dir='ltr'><strong>pauca</strong></span> <span class='ocrx_word' id='word_1_268' title='bbox 1647 2244 1713 2283; x_wconf 84' lang='lat' dir='ltr'><strong>ex</strong></span> <span class='ocrx_word' id='word_1_269' title='bbox 1743 2227 2110 2299; x_wconf 89' lang='lat' dir='ltr'><strong>Origenianis</strong></span> <span class='ocrx_word' id='word_1_270' title='bbox 2128 2227 2188 2283; x_wconf 90' lang='lat' dir='ltr'><strong>in</strong></span> <span class='ocrx_word' id='word_1_271' title='bbox 2217 2229 2642 2285; x_wconf 81' lang='lat' dir='ltr'><strong>Ambrosianas</strong></span> <span class='ocrx_word' id='word_1_272' title='bbox 2671 2229 2988 2300; x_wconf 88' lang='lat' dir='ltr'><strong>comperiet</strong></span> <span class='ocrx_word' id='word_1_273' title='bbox 3015 2244 3144 2284; x_wconf 89' lang='lat' dir='ltr'><strong>esse</strong></span> <span class='ocrx_word' id='word_1_274' title='bbox 3173 2225 3480 2283; x_wconf 87' lang='lat' dir='ltr'><strong>translata.</strong></span> <span class='ocrx_word' id='word_1_275' title='bbox 3516 2226 3634 2282; x_wconf 89' lang='lat' dir='ltr'><strong>Sed</strong></span> <span class='ocrx_word' id='word_1_276' title='bbox 3689 2225 3781 2280; x_wconf 90' lang='lat' dir='ltr'><strong>hic</strong></span> 
     </span>
    </p>
   </div>
   <div class='ocr_carea' id='block_1_23' title="bbox 366 2312 3782 2388">
    <p class='ocr_par' dir='ltr' id='par_1_23' title="bbox 366 2312 3782 2388">
     <span class='ocr_line' id='line_1_23' title="bbox 366 2312 3782 2388; baseline 0.001 -21"><span class='ocrx_word' id='word_1_277' title='bbox 366 2313 609 2385; x_wconf 91' lang='lat' dir='ltr'><strong>insuper</strong></span> <span class='ocrx_word' id='word_1_278' title='bbox 638 2312 914 2384; x_wconf 86' lang='lat' dir='ltr'><strong>dogmata</strong></span> <span class='ocrx_word' id='word_1_279' title='bbox 943 2313 1212 2385; x_wconf 68' lang='lat' dir='ltr'><strong>quaedam</strong></span> <span class='ocrx_word' id='word_1_280' title='bbox 1241 2331 1374 2369; x_wconf 90' lang='lat' dir='ltr'><strong>cum</strong></span> <span class='ocrx_word' id='word_1_281' title='bbox 1406 2315 1671 2388; x_wconf 91' lang='lat' dir='ltr'><strong>Origenis</strong></span> <span class='ocrx_word' id='word_1_282' title='bbox 1699 2316 1995 2371; x_wconf 89' lang='lat' dir='ltr'><strong>erraribus</strong></span> <span class='ocrx_word' id='word_1_283' title='bbox 2025 2316 2096 2378; x_wconf 88' lang='lat' dir='ltr'><strong>de</strong></span> <span class='ocrx_word' id='word_1_284' title='bbox 2119 2316 2372 2387; x_wconf 87' lang='lat' dir='ltr'><strong>judicio,</strong></span> <span class='ocrx_word' id='word_1_285' title='bbox 2403 2318 2826 2374; x_wconf 88' lang='lat' dir='ltr'><strong>resurrectione</strong></span> <span class='ocrx_word' id='word_1_286' title='bbox 2853 2319 2938 2386; x_wconf 56' lang='lat' dir='ltr'><strong>(in</strong></span> <span class='ocrx_word' id='word_1_287' title='bbox 2970 2318 3122 2373; x_wconf 74' lang='lat' dir='ltr'><strong>Psal.</strong></span> <span class='ocrx_word' id='word_1_288' title='bbox 3157 2335 3197 2384; x_wconf 86' lang='grc' dir='ltr'><strong>ι,</strong></span> <span class='ocrx_word' id='word_1_289' title='bbox 3248 2333 3413 2372; x_wconf 90' lang='lat' dir='ltr'><strong>num.</strong></span> <span class='ocrx_word' id='word_1_290' title='bbox 3469 2316 3566 2383; x_wconf 87' lang='lat'><strong>55,</strong></span> <span class='ocrx_word' id='word_1_291' title='bbox 3617 2319 3676 2371; x_wconf 90' lang='lat' dir='ltr'><strong>et</strong></span> <span class='ocrx_word' id='word_1_292' title='bbox 3723 2316 3782 2369; x_wconf 75' lang='lat' dir='ltr'><strong>in</strong></span> 
     </span>
    </p>
   </div>
   <div class='ocr_carea' id='block_1_24' title="bbox 364 2401 3782 2480">
    <p class='ocr_par' dir='ltr' id='par_1_24' title="bbox 364 2401 3782 2480">
     <span class='ocr_line' id='line_1_24' title="bbox 364 2401 3782 2480; baseline 0.001 -26"><span class='ocrx_word' id='word_1_293' title='bbox 364 2401 514 2455; x_wconf 76' lang='grc' dir='ltr'><strong>Ρδαι.</strong></span> <span class='ocrx_word' id='word_1_294' title='bbox 564 2417 752 2468; x_wconf 69' lang='lat' dir='ltr'><strong>xxxvn,</strong></span> <span class='ocrx_word' id='word_1_295' title='bbox 778 2417 940 2456; x_wconf 91' lang='lat' dir='ltr'><strong>num.</strong></span> <span class='ocrx_word' id='word_1_296' title='bbox 972 2403 1084 2469; x_wconf 75' lang='grc'><strong>54),</strong></span> <span class='ocrx_word' id='word_1_297' title='bbox 1117 2418 1340 2459; x_wconf 81' lang='lat' dir='ltr'><strong>necnon</strong></span> <span class='ocrx_word' id='word_1_298' title='bbox 1369 2403 1636 2459; x_wconf 87' lang='lat' dir='ltr'><strong>omnium</strong></span> <span class='ocrx_word' id='word_1_299' title='bbox 1666 2404 1840 2460; x_wconf 90' lang='lat' dir='ltr'><strong>etiam</strong></span> <span class='ocrx_word' id='word_1_300' title='bbox 1873 2403 2189 2462; x_wconf 85' lang='lat' dir='ltr'><strong>electorum</strong></span> <span class='ocrx_word' id='word_1_301' title='bbox 2221 2422 2324 2478; x_wconf 92' lang='lat' dir='ltr'><strong>per</strong></span> <span class='ocrx_word' id='word_1_302' title='bbox 2354 2405 2549 2478; x_wconf 88' lang='lat' dir='ltr'><strong>ignem</strong></span> <span class='ocrx_word' id='word_1_303' title='bbox 2590 2407 2936 2480; x_wconf 86' lang='lat' dir='ltr'><strong>purgatione</strong></span> <span class='ocrx_word' id='word_1_304' title='bbox 2966 2405 3289 2461; x_wconf 90' lang='lat' dir='ltr'><strong>admodum</strong></span> <span class='ocrx_word' id='word_1_305' title='bbox 3319 2403 3526 2461; x_wconf 83' lang='lat' dir='ltr'><strong>afﬁnia</strong></span> <span class='ocrx_word' id='word_1_306' title='bbox 3577 2403 3782 2476; x_wconf 86' lang='lat' dir='ltr'><strong>depre-</strong></span> 
     </span>
    </p>
   </div>
   <div class='ocr_carea' id='block_1_25' title="bbox 367 2487 3783 2565">
    <p class='ocr_par' dir='ltr' id='par_1_25' title="bbox 367 2487 3783 2565">
     <span class='ocr_line' id='line_1_25' title="bbox 367 2487 3783 2565; baseline 0.001 -22"><span class='ocrx_word' id='word_1_307' title='bbox 367 2487 707 2544; x_wconf 89' lang='lat' dir='ltr'><strong>hendimus.</strong></span> <span class='ocrx_word' id='word_1_308' title='bbox 742 2488 957 2565; x_wconf 87' lang='lat' dir='ltr'><strong>Verum</strong></span> <span class='ocrx_word' id='word_1_309' title='bbox 986 2489 1310 2562; x_wconf 84' lang='lat' dir='ltr'><strong>insignium</strong></span> <span class='ocrx_word' id='word_1_310' title='bbox 1344 2491 1600 2548; x_wconf 84' lang='lat' dir='ltr'><strong>virorum</strong></span> <span class='ocrx_word' id='word_1_311' title='bbox 1633 2492 1837 2548; x_wconf 86' lang='lat' dir='ltr'><strong>honori</strong></span> <span class='ocrx_word' id='word_1_312' title='bbox 1865 2492 1994 2560; x_wconf 90' lang='lat' dir='ltr'><strong>hoc,</strong></span> <span class='ocrx_word' id='word_1_313' title='bbox 2026 2493 2110 2548; x_wconf 88' lang='lat' dir='ltr'><strong>uti</strong></span> <span class='ocrx_word' id='word_1_314' title='bbox 2143 2510 2248 2548; x_wconf 89' lang='lat' dir='ltr'><strong>nos</strong></span> <span class='ocrx_word' id='word_1_315' title='bbox 2275 2492 2416 2548; x_wconf 80' lang='lat' dir='ltr'><strong>alibi</strong></span> <span class='ocrx_word' id='word_1_316' title='bbox 2455 2494 2868 2550; x_wconf 89' lang='lat' dir='ltr'><strong>adnotavimus</strong></span> <span class='ocrx_word' id='word_1_317' title='bbox 2897 2493 3215 2564; x_wconf 80' lang='lat' dir='ltr'><strong>(Admonit.</strong></span> <span class='ocrx_word' id='word_1_318' title='bbox 3251 2493 3308 2546; x_wconf 90' lang='lat' dir='ltr'><strong>in</strong></span> <span class='ocrx_word' id='word_1_319' title='bbox 3369 2491 3477 2548; x_wconf 91' lang='lat' dir='ltr'><strong>lib.</strong></span> <span class='ocrx_word' id='word_1_320' title='bbox 3507 2496 3570 2548; x_wconf 87' lang='lat' dir='ltr'><strong>et</strong></span> <span class='ocrx_word' id='word_1_321' title='bbox 3621 2490 3783 2561; x_wconf 86' lang='lat' dir='ltr'><strong>alibi)</strong></span> 
     </span>
    </p>
   </div>
   <div class='ocr_carea' id='block_1_26' title="bbox 368 2577 3784 2656">
    <p class='ocr_par' dir='ltr' id='par_1_26' title="bbox 368 2577 3784 2656">
     <span class='ocr_line' id='line_1_26' title="bbox 368 2577 3784 2656; baseline 0.001 -24"><span class='ocrx_word' id='word_1_322' title='bbox 368 2577 585 2644; x_wconf 88' lang='lat' dir='ltr'><strong>dabat;</strong></span> <span class='ocrx_word' id='word_1_323' title='bbox 621 2582 686 2632; x_wconf 91' lang='lat' dir='ltr'><strong>ut</strong></span> <span class='ocrx_word' id='word_1_324' title='bbox 706 2593 905 2633; x_wconf 89' lang='lat' dir='ltr'><strong>eorum</strong></span> <span class='ocrx_word' id='word_1_325' title='bbox 938 2577 1243 2648; x_wconf 84' lang='lat' dir='ltr'><strong>Opiniones</strong></span> <span class='ocrx_word' id='word_1_326' title='bbox 1275 2579 1536 2634; x_wconf 91' lang='lat' dir='ltr'><strong>nondum</strong></span> <span class='ocrx_word' id='word_1_327' title='bbox 1569 2579 1794 2651; x_wconf 88' lang='lat' dir='ltr'><strong>iiquido</strong></span> <span class='ocrx_word' id='word_1_328' title='bbox 1821 2581 2177 2654; x_wconf 65' lang='lat' dir='ltr'><strong>proscripta:</strong></span> <span class='ocrx_word' id='word_1_329' title='bbox 2231 2582 2306 2637; x_wconf 87' lang='lat' dir='ltr'><strong>ab</strong></span> <span class='ocrx_word' id='word_1_330' title='bbox 2357 2581 2618 2639; x_wconf 86' lang='lat' dir='ltr'><strong>Ecclesia</strong></span> <span class='ocrx_word' id='word_1_331' title='bbox 2672 2599 2992 2656; x_wconf 90' lang='lat' dir='ltr'><strong>proponere</strong></span> <span class='ocrx_word' id='word_1_332' title='bbox 3043 2599 3157 2638; x_wconf 91' lang='lat' dir='ltr'><strong>non</strong></span> <span class='ocrx_word' id='word_1_333' title='bbox 3217 2585 3586 2654; x_wconf 86' lang='lat' dir='ltr'><strong>gravaretur,</strong></span> <span class='ocrx_word' id='word_1_334' title='bbox 3647 2579 3784 2635; x_wconf 89' lang='lat' dir='ltr'><strong>licet</strong></span> 
     </span>
    </p>
   </div>
   <div class='ocr_carea' id='block_1_27' title="bbox 361 2663 3778 2742">
    <p class='ocr_par' dir='ltr' id='par_1_27' title="bbox 361 2663 3778 2742">
     <span class='ocr_line' id='line_1_27' title="bbox 361 2663 3778 2742; baseline 0.001 -23"><span class='ocrx_word' id='word_1_335' title='bbox 361 2663 688 2736; x_wconf 84' lang='lat' dir='ltr'><strong>Oppositam</strong></span> <span class='ocrx_word' id='word_1_336' title='bbox 722 2665 1073 2721; x_wconf 89' lang='lat' dir='ltr'><strong>sententiam</strong></span> <span class='ocrx_word' id='word_1_337' title='bbox 1127 2665 1264 2721; x_wconf 88' lang='lat' dir='ltr'><strong>data</strong></span> <span class='ocrx_word' id='word_1_338' title='bbox 1293 2667 1600 2723; x_wconf 90' lang='lat' dir='ltr'><strong>occasione</strong></span> <span class='ocrx_word' id='word_1_339' title='bbox 1621 2668 1822 2724; x_wconf 87' lang='lat' dir='ltr'><strong>doceat</strong></span> <span class='ocrx_word' id='word_1_340' title='bbox 1853 2673 2030 2740; x_wconf 88' lang='lat' dir='ltr'><strong>atque</strong></span> <span class='ocrx_word' id='word_1_341' title='bbox 2059 2666 2360 2742; x_wconf 73' lang='lat' dir='ltr'><strong>approbet.</strong></span> <span class='ocrx_word' id='word_1_342' title='bbox 2402 2671 2466 2727; x_wconf 82' lang='lat' dir='ltr'><strong>Id</strong></span> <span class='ocrx_word' id='word_1_343' title='bbox 2493 2675 2692 2727; x_wconf 84' lang='lat' dir='ltr'><strong>autem</strong></span> <span class='ocrx_word' id='word_1_344' title='bbox 2738 2686 2872 2726; x_wconf 90' lang='lat' dir='ltr'><strong>cum</strong></span> <span class='ocrx_word' id='word_1_345' title='bbox 2903 2670 2962 2725; x_wconf 90' lang='lat' dir='ltr'><strong>in</strong></span> <span class='ocrx_word' id='word_1_346' title='bbox 2993 2669 3105 2726; x_wconf 90' lang='lat' dir='ltr'><strong>hoc</strong></span> <span class='ocrx_word' id='word_1_347' title='bbox 3137 2669 3264 2742; x_wconf 91' lang='lat' dir='ltr'><strong>ipso</strong></span> <span class='ocrx_word' id='word_1_348' title='bbox 3296 2672 3646 2742; x_wconf 87' lang='lat' dir='ltr'><strong>argumento</strong></span> <span class='ocrx_word' id='word_1_349' title='bbox 3696 2667 3778 2723; x_wconf 80' lang='lat' dir='ltr'><strong>fa-</strong></span> 
     </span>
    </p>
   </div>
   <div class='ocr_carea' id='block_1_28' title="bbox 363 2753 3781 2830">
    <p class='ocr_par' dir='ltr' id='par_1_28' title="bbox 363 2753 3781 2830">
     <span class='ocr_line' id='line_1_28' title="bbox 363 2753 3781 2830; baseline 0.001 -22"><span class='ocrx_word' id='word_1_350' title='bbox 363 2757 526 2808; x_wconf 90' lang='lat' dir='ltr'><strong>ctum</strong></span> <span class='ocrx_word' id='word_1_351' title='bbox 559 2753 631 2808; x_wconf 88' lang='lat' dir='ltr'><strong>ab</strong></span> <span class='ocrx_word' id='word_1_352' title='bbox 661 2769 728 2809; x_wconf 93' lang='lat' dir='ltr'><strong>eo</strong></span> <span class='ocrx_word' id='word_1_353' title='bbox 749 2768 1196 2826; x_wconf 89' lang='lat' dir='ltr'><strong>cognoscamus,</strong></span> <span class='ocrx_word' id='word_1_354' title='bbox 1231 2755 1483 2810; x_wconf 82' lang='lat' dir='ltr'><strong>maxime</strong></span> <span class='ocrx_word' id='word_1_355' title='bbox 1513 2771 1580 2810; x_wconf 91' lang='lat' dir='ltr'><strong>ex</strong></span> <span class='ocrx_word' id='word_1_356' title='bbox 1611 2755 1704 2812; x_wconf 91' lang='lat' dir='ltr'><strong>his</strong></span> <span class='ocrx_word' id='word_1_357' title='bbox 1745 2773 1875 2829; x_wconf 72' lang='lat' dir='ltr'><strong>quae</strong></span> <span class='ocrx_word' id='word_1_358' title='bbox 1905 2757 1962 2812; x_wconf 89' lang='lat' dir='ltr'><strong>in</strong></span> <span class='ocrx_word' id='word_1_359' title='bbox 2019 2758 2378 2830; x_wconf 82' lang='lat' dir='ltr'><strong>expositione</strong></span> <span class='ocrx_word' id='word_1_360' title='bbox 2426 2759 2642 2816; x_wconf 81' lang='lat' dir='ltr'><strong>Psalmi</strong></span> <span class='ocrx_word' id='word_1_361' title='bbox 2691 2775 2886 2828; x_wconf 78' lang='lat' dir='ltr'><strong>cxvm,</strong></span> <span class='ocrx_word' id='word_1_362' title='bbox 2937 2773 3116 2815; x_wconf 86' lang='lat' dir='ltr'><strong>serm.</strong></span> <span class='ocrx_word' id='word_1_363' title='bbox 3174 2759 3268 2824; x_wconf 87' lang='lat'><strong>20,</strong></span> <span class='ocrx_word' id='word_1_364' title='bbox 3325 2773 3479 2812; x_wconf 89' lang='lat' dir='ltr'><strong>vers.</strong></span> <span class='ocrx_word' id='word_1_365' title='bbox 3539 2759 3576 2810; x_wconf 90' lang='lat'><strong>2</strong></span> <span class='ocrx_word' id='word_1_366' title='bbox 3615 2760 3671 2810; x_wconf 88' lang='lat' dir='ltr'><strong>et</strong></span> <span class='ocrx_word' id='word_1_367' title='bbox 3727 2757 3781 2822; x_wconf 92' lang='lat'><strong>8,</strong></span> 
     </span>
    </p>
   </div>
   <div class='ocr_carea' id='block_1_29' title="bbox 364 2841 3781 2919">
    <p class='ocr_par' dir='ltr' id='par_1_29' title="bbox 364 2841 3781 2919">
     <span class='ocr_line' id='line_1_29' title="bbox 364 2841 3781 2919; baseline 0.001 -23"><span class='ocrx_word' id='word_1_368' title='bbox 364 2842 566 2906; x_wconf 89' lang='lat' dir='ltr'><strong>tradit,</strong></span> <span class='ocrx_word' id='word_1_369' title='bbox 591 2841 908 2898; x_wconf 89' lang='lat' dir='ltr'><strong>admodum</strong></span> <span class='ocrx_word' id='word_1_370' title='bbox 943 2841 1134 2898; x_wconf 89' lang='lat' dir='ltr'><strong>simile</strong></span> <span class='ocrx_word' id='word_1_371' title='bbox 1163 2843 1280 2898; x_wconf 85' lang='lat' dir='ltr'><strong>veri</strong></span> <span class='ocrx_word' id='word_1_372' title='bbox 1309 2847 1399 2898; x_wconf 90' lang='lat' dir='ltr'><strong>est</strong></span> <span class='ocrx_word' id='word_1_373' title='bbox 1426 2843 1578 2900; x_wconf 89' lang='lat' dir='ltr'><strong>circa</strong></span> <span class='ocrx_word' id='word_1_374' title='bbox 1607 2843 1727 2900; x_wconf 68' lang='lat' dir='ltr'><strong>haec</strong></span> <span class='ocrx_word' id='word_1_375' title='bbox 1756 2845 1872 2900; x_wconf 90' lang='lat' dir='ltr'><strong>duo</strong></span> <span class='ocrx_word' id='word_1_376' title='bbox 1904 2846 2093 2918; x_wconf 86' lang='lat' dir='ltr'><strong>capita</strong></span> <span class='ocrx_word' id='word_1_377' title='bbox 2122 2847 2319 2918; x_wconf 90' lang='lat' dir='ltr'><strong>ipsum</strong></span> <span class='ocrx_word' id='word_1_378' title='bbox 2343 2864 2456 2903; x_wconf 90' lang='lat' dir='ltr'><strong>non</strong></span> <span class='ocrx_word' id='word_1_379' title='bbox 2490 2846 2606 2902; x_wconf 89' lang='lat' dir='ltr'><strong>alia</strong></span> <span class='ocrx_word' id='word_1_380' title='bbox 2635 2847 2917 2914; x_wconf 80' lang='lat' dir='ltr'><strong>sensisse,</strong></span> <span class='ocrx_word' id='word_1_381' title='bbox 2946 2863 3130 2919; x_wconf 76' lang='lat' dir='ltr'><strong>quam</strong></span> <span class='ocrx_word' id='word_1_382' title='bbox 3155 2863 3286 2919; x_wconf 66' lang='lat' dir='ltr'><strong>quae</strong></span> <span class='ocrx_word' id='word_1_383' title='bbox 3328 2849 3533 2919; x_wconf 85' lang='lat' dir='ltr'><strong>postea</strong></span> <span class='ocrx_word' id='word_1_384' title='bbox 3561 2843 3781 2900; x_wconf 87' lang='lat' dir='ltr'><strong>clarius</strong></span> 
     </span>
    </p>
   </div>
   <div class='ocr_carea' id='block_1_30' title="bbox 364 2928 3781 3008">
    <p class='ocr_par' dir='ltr' id='par_1_30' title="bbox 364 2928 3781 3008">
     <span class='ocr_line' id='line_1_30' title="bbox 364 2928 3781 3008; baseline 0.001 -24"><span class='ocrx_word' id='word_1_385' title='bbox 364 2930 438 2984; x_wconf 88' lang='lat' dir='ltr'><strong>ab</strong></span> <span class='ocrx_word' id='word_1_386' title='bbox 457 2929 785 3001; x_wconf 87' lang='lat' dir='ltr'><strong>Augustino</strong></span> <span class='ocrx_word' id='word_1_387' title='bbox 815 2931 830 3000; x_wconf 96' lang='lat'>(</span> <span class='ocrx_word' id='word_1_388' title='bbox 866 2928 967 2984; x_wconf 92' lang='lat' dir='ltr'><strong>lib.</strong></span> <span class='ocrx_word' id='word_1_389' title='bbox 991 2947 1065 2985; x_wconf 86' lang='lat' dir='ltr'><strong>xx</strong></span> <span class='ocrx_word' id='word_1_390' title='bbox 1094 2932 1166 2986; x_wconf 87' lang='lat' dir='ltr'><strong>De</strong></span> <span class='ocrx_word' id='word_1_391' title='bbox 1193 2932 1363 2998; x_wconf 61' lang='lat' dir='ltr'><strong>civit,</strong></span> <span class='ocrx_word' id='word_1_392' title='bbox 1387 2949 1513 3004; x_wconf 90' lang='lat' dir='ltr'><strong>cap.</strong></span> <span class='ocrx_word' id='word_1_393' title='bbox 1541 2935 1574 2986; x_wconf 93' lang='lat'>8</span> <span class='ocrx_word' id='word_1_394' title='bbox 1600 2951 1612 3001; x_wconf 93' lang='lat'>;</span> <span class='ocrx_word' id='word_1_395' title='bbox 1652 2932 1750 2988; x_wconf 90' lang='lat' dir='ltr'><strong>lib.</strong></span> <span class='ocrx_word' id='word_1_396' title='bbox 1785 2950 1901 3001; x_wconf 78' lang='lat' dir='ltr'><strong>XXI,</strong></span> <span class='ocrx_word' id='word_1_397' title='bbox 1933 2950 2060 3006; x_wconf 89' lang='lat' dir='ltr'><strong>cap.</strong></span> <span class='ocrx_word' id='word_1_398' title='bbox 2093 2936 2185 3006; x_wconf 75' lang='lat'><strong>26)</strong></span> <span class='ocrx_word' id='word_1_399' title='bbox 2223 2936 2353 3006; x_wconf 86' lang='lat' dir='ltr'><strong>ejus</strong></span> <span class='ocrx_word' id='word_1_400' title='bbox 2381 2935 2672 3008; x_wconf 88' lang='lat' dir='ltr'><strong>discipulo</strong></span> <span class='ocrx_word' id='word_1_401' title='bbox 2701 2934 3014 3008; x_wconf 82' lang='lat' dir='ltr'><strong>explanata</strong></span> <span class='ocrx_word' id='word_1_402' title='bbox 3038 2934 3418 3008; x_wconf 77' lang='lat' dir='ltr'><strong>postmodum</strong></span> <span class='ocrx_word' id='word_1_403' title='bbox 3467 2932 3781 2993; x_wconf 81' lang='lat' dir='ltr'><strong>communi</strong></span> 
     </span>
    </p>
   </div>
   <div class='ocr_carea' id='block_1_31' title="bbox 365 3017 1651 3094">
    <p class='ocr_par' dir='ltr' id='par_1_31' title="bbox 365 3017 1651 3094">
     <span class='ocr_line' id='line_1_31' title="bbox 365 3017 1651 3094; baseline 0.002 -22"><span class='ocrx_word' id='word_1_404' title='bbox 365 3033 654 3074; x_wconf 85' lang='lat' dir='ltr'><strong>consensu</strong></span> <span class='ocrx_word' id='word_1_405' title='bbox 688 3017 939 3090; x_wconf 89' lang='lat' dir='ltr'><strong>amplexi</strong></span> <span class='ocrx_word' id='word_1_406' title='bbox 970 3023 1110 3074; x_wconf 91' lang='lat' dir='ltr'><strong>sunt</strong></span> <span class='ocrx_word' id='word_1_407' title='bbox 1139 3035 1343 3076; x_wconf 88' lang='lat' dir='ltr'><strong>omnes</strong></span> <span class='ocrx_word' id='word_1_408' title='bbox 1373 3019 1651 3094; x_wconf 87' lang='lat' dir='ltr'><strong>theologi.</strong></span> 
     </span>
    </p>
   </div>
   <div class='ocr_carea' id='block_1_32' title="bbox 1015 3393 3236 3560">
    <p class='ocr_par' dir='ltr' id='par_1_32' title="bbox 1015 3393 3236 3560">
     <span class='ocr_line' id='line_1_32' title="bbox 1015 3393 3236 3560; baseline -0.006 -5"><span class='ocrx_word' id='word_1_409' title='bbox 1015 3393 1842 3555; x_wconf 71' lang='lat' dir='ltr'><strong>SANGTI</strong></span> <span class='ocrx_word' id='word_1_410' title='bbox 2031 3399 3122 3560; x_wconf 70' lang='lat' dir='ltr'><strong>AMBROSII</strong></span> <span class='ocrx_word' id='word_1_411' title='bbox 3231 3540 3236 3541; x_wconf 31' lang='grc' dir='ltr'>ε</span> 
     </span>
    </p>
   </div>
   <div class='ocr_carea' id='block_1_33' title="bbox 1540 3673 2574 3736">
    <p class='ocr_par' dir='ltr' id='par_1_33' title="bbox 1540 3673 2574 3736">
     <span class='ocr_line' id='line_1_33' title="bbox 1540 3673 2574 3736; baseline -0.001 -1"><span class='ocrx_word' id='word_1_412' title='bbox 1540 3673 2175 3735; x_wconf 82' lang='lat' dir='ltr'><strong>MEDIOLANENSIS</strong></span> <span class='ocrx_word' id='word_1_413' title='bbox 2218 3675 2574 3736; x_wconf 85' lang='lat' dir='ltr'><strong>EPISCOPI</strong></span> 
     </span>
    </p>
   </div>
   <div class='ocr_carea' id='block_1_34' title="bbox 1412 3872 2666 4005">
    <p class='ocr_par' dir='ltr' id='par_1_34' title="bbox 1412 3872 2666 4005">
     <span class='ocr_line' id='line_1_34' title="bbox 1412 3872 2666 4005; baseline 0.004 -5"><span class='ocrx_word' id='word_1_414' title='bbox 1412 3872 2461 4005; x_wconf 80' lang='lat' dir='ltr'><strong>ENABBATION</strong></span> <span class='ocrx_word' id='word_1_415' title='bbox 2476 3876 2666 4005; x_wconf 88' lang='lat' dir='ltr'><strong>ES</strong></span> 
     </span>
    </p>
   </div>
   <div class='ocr_carea' id='block_1_35' title="bbox 1281 4121 2860 4210">
    <p class='ocr_par' dir='ltr' id='par_1_35' title="bbox 1281 4121 2860 4210">
     <span class='ocr_line' id='line_1_35' title="bbox 1281 4121 2860 4210; baseline 0.001 -4"><span class='ocrx_word' id='word_1_416' title='bbox 1281 4122 1390 4206; x_wconf 87' lang='lat' dir='ltr'>IN</span> <span class='ocrx_word' id='word_1_417' title='bbox 1449 4121 1614 4206; x_wconf 92' lang='lat' dir='ltr'><strong>XII</strong></span> <span class='ocrx_word' id='word_1_418' title='bbox 1671 4122 2190 4210; x_wconf 86' lang='lat' dir='ltr'><strong>PSALMOS</strong></span> <span class='ocrx_word' id='word_1_419' title='bbox 2251 4121 2860 4210; x_wconf 86' lang='lat' dir='ltr'><strong>DAVIDICOS</strong></span> 
     </span>
    </p>
   </div>
   <div class='ocr_carea' id='block_1_36' title="bbox 917 4444 3214 4554">
    <p class='ocr_par' dir='ltr' id='par_1_36' title="bbox 917 4444 3214 4554">
     <span class='ocr_line' id='line_1_36' title="bbox 917 4444 3214 4554; baseline 0 -18"><span class='ocrx_word' id='word_1_420' title='bbox 917 4444 1046 4537; x_wconf 93' lang='lat' dir='ltr'>IN</span> <span class='ocrx_word' id='word_1_421' title='bbox 1116 4445 1712 4554; x_wconf 84' lang='lat' dir='ltr'><strong>PSALMUM</strong></span> <span class='ocrx_word' id='word_1_422' title='bbox 1783 4447 2276 4543; x_wconf 86' lang='lat' dir='ltr'><strong>PRIMUM</strong></span> <span class='ocrx_word' id='word_1_423' title='bbox 2344 4446 3064 4544; x_wconf 83' lang='lat' dir='ltr'><strong>ENARRATIO</strong></span> <span class='ocrx_word' id='word_1_424' title='bbox 3112 4447 3214 4537; x_wconf 68' lang='grc' dir='ltr'><strong>α).</strong></span> 
     </span>
    </p>
   </div>
   <div class='ocr_carea' id='block_1_37' title="bbox 1958 4649 2153 4663">
    <p class='ocr_par' dir='ltr' id='par_1_37' title="bbox 1958 4649 2153 4663">
     <span class='ocr_line' id='line_1_37' title="bbox 1958 4649 2153 4663; baseline 0.005 -3"><span class='ocrx_word' id='word_1_425' title='bbox 1958 4649 2153 4663; x_wconf 68' lang='lat'><em>—</em></span> 
     </span>
    </p>
   </div>
   <div class='ocr_carea' id='block_1_38' title="bbox 855 4801 1522 4858">
    <p class='ocr_par' dir='ltr' id='par_1_38' title="bbox 855 4801 1522 4858">
     <span class='ocr_line' id='line_1_38' title="bbox 855 4801 1522 4858; baseline 0.003 -2"><span class='ocrx_word' id='word_1_426' title='bbox 855 4801 1092 4857; x_wconf 58' lang='grc' dir='ltr'><strong>πολι-τ</strong></span> <span class='ocrx_word' id='word_1_427' title='bbox 1132 4801 1522 4858; x_wconf 74' lang='grc' dir='ltr'><strong>ΡΒιΕΡΑΤΙΟ.</strong></span> 
     </span>
    </p>
   </div>
   <div class='ocr_carea' id='block_1_39' title="bbox 442 4887 2012 4964">
    <p class='ocr_par' dir='ltr' id='par_1_39' title="bbox 442 4887 2012 4964">
     <span class='ocr_line' id='line_1_39' title="bbox 442 4887 2012 4964; baseline 0 -18"><span class='ocrx_word' id='word_1_428' title='bbox 442 4891 495 4946; x_wconf 72' lang='grc'><strong>4.</strong></span> <span class='ocrx_word' id='word_1_429' title='bbox 528 4887 811 4954; x_wconf 88' lang='lat' dir='ltr'><strong>Quoniam</strong></span> <span class='ocrx_word' id='word_1_430' title='bbox 844 4907 1144 4946; x_wconf 90' lang='lat' dir='ltr'><strong>summum</strong></span> <span class='ocrx_word' id='word_1_431' title='bbox 1174 4889 1372 4945; x_wconf 89' lang='lat' dir='ltr'><strong>virtuti</strong></span> <span class='ocrx_word' id='word_1_432' title='bbox 1404 4889 1760 4946; x_wconf 90' lang='lat' dir='ltr'><strong>incentivum</strong></span> <span class='ocrx_word' id='word_1_433' title='bbox 1805 4907 2012 4964; x_wconf 86' lang='lat' dir='ltr'><strong>propo-</strong></span> 
     </span>
    </p>
   </div>
   <div class='ocr_carea' id='block_1_40' title="bbox 363 4977 2014 5039">
    <p class='ocr_par' dir='ltr' id='par_1_40' title="bbox 363 4977 2014 5039">
     <span class='ocr_line' id='line_1_40' title="bbox 363 4977 2014 5039; baseline -0.002 0"><span class='ocrx_word' id='word_1_434' title='bbox 363 4983 484 5039; x_wconf 85' lang='lat' dir='ltr'><strong>suit</strong></span> <span class='ocrx_word' id='word_1_435' title='bbox 511 4981 664 5036; x_wconf 84' lang='lat' dir='ltr'><strong>Deus</strong></span> <span class='ocrx_word' id='word_1_436' title='bbox 695 4978 901 5033; x_wconf 67' lang='lat' dir='ltr'><strong>futura:</strong></span> <span class='ocrx_word' id='word_1_437' title='bbox 934 4977 1313 5034; x_wconf 90' lang='lat' dir='ltr'><strong>beatitudinis</strong></span> <span class='ocrx_word' id='word_1_438' title='bbox 1343 4978 1780 5035; x_wconf 85' lang='lat' dir='ltr'><strong>delectationem</strong></span> <span class='ocrx_word' id='word_1_439' title='bbox 1808 4997 1820 5034; x_wconf 94' lang='lat'>:</span> <span class='ocrx_word' id='word_1_440' title='bbox 1849 4979 2014 5035; x_wconf 85' lang='lat' dir='ltr'><strong>vehe-</strong></span> 
     </span>
    </p>
   </div>
   <div class='ocr_carea' id='block_1_41' title="bbox 364 5065 2010 5140">
    <p class='ocr_par' dir='ltr' id='par_1_41' title="bbox 364 5065 2010 5140">
     <span class='ocr_line' id='line_1_41' title="bbox 364 5065 2010 5140; baseline -0.002 -14"><span class='ocrx_word' id='word_1_441' title='bbox 364 5087 531 5126; x_wconf 90' lang='lat' dir='ltr'><strong>mens</strong></span> <span class='ocrx_word' id='word_1_442' title='bbox 589 5083 821 5140; x_wconf 90' lang='lat' dir='ltr'><strong>quoque</strong></span> <span class='ocrx_word' id='word_1_443' title='bbox 875 5066 1066 5122; x_wconf 86' lang='lat' dir='ltr'><strong>calcar</strong></span> <span class='ocrx_word' id='word_1_444' title='bbox 1121 5067 1335 5122; x_wconf 89' lang='lat' dir='ltr'><strong>erroris</strong></span> <span class='ocrx_word' id='word_1_445' title='bbox 1387 5065 1826 5123; x_wconf 86' lang='lat' dir='ltr'><strong>delectationem</strong></span> <span class='ocrx_word' id='word_1_446' title='bbox 1883 5083 2010 5124; x_wconf 90' lang='lat' dir='ltr'><strong>esse</strong></span> 
     </span>
    </p>
   </div>
   <div class='ocr_carea' id='block_1_42' title="bbox 2041 4802 3775 4880">
    <p class='ocr_par' dir='ltr' id='par_1_42' title="bbox 2041 4802 3775 4880">
     <span class='ocr_line' id='line_1_42' title="bbox 2041 4802 3775 4880; baseline 0.001 -21"><span class='ocrx_word' id='word_1_447' title='bbox 2041 4815 2098 4880; x_wconf 75' lang='grc' dir='ltr'><strong>Α</strong></span> <span class='ocrx_word' id='word_1_448' title='bbox 2127 4802 2319 4860; x_wconf 90' lang='lat' dir='ltr'><strong>locum</strong></span> <span class='ocrx_word' id='word_1_449' title='bbox 2349 4819 2484 4860; x_wconf 90' lang='lat' dir='ltr'><strong>eum</strong></span> <span class='ocrx_word' id='word_1_450' title='bbox 2515 4803 2695 4861; x_wconf 91' lang='lat' dir='ltr'><strong>errori</strong></span> <span class='ocrx_word' id='word_1_451' title='bbox 2722 4804 3022 4871; x_wconf 90' lang='lat' dir='ltr'><strong>daturum,</strong></span> <span class='ocrx_word' id='word_1_452' title='bbox 3054 4805 3112 4859; x_wconf 89' lang='lat' dir='ltr'><strong>et</strong></span> <span class='ocrx_word' id='word_1_453' title='bbox 3141 4803 3364 4859; x_wconf 64' lang='lat' dir='ltr'><strong>caeteris</strong></span> <span class='ocrx_word' id='word_1_454' title='bbox 3409 4803 3775 4876; x_wconf 83' lang='lat' dir='ltr'><strong>propositam</strong></span> 
     </span>
    </p>
   </div>
   <div class='ocr_carea' id='block_1_43' title="bbox 2124 4891 3776 4965">
    <p class='ocr_par' dir='ltr' id='par_1_43' title="bbox 2124 4891 3776 4965">
     <span class='ocr_line' id='line_1_43' title="bbox 2124 4891 3776 4965; baseline -0.001 -16"><span class='ocrx_word' id='word_1_455' title='bbox 2124 4909 2288 4965; x_wconf 87' lang='lat' dir='ltr'><strong>spem</strong></span> <span class='ocrx_word' id='word_1_456' title='bbox 2320 4891 2528 4949; x_wconf 89' lang='lat' dir='ltr'><strong>salutis</strong></span> <span class='ocrx_word' id='word_1_457' title='bbox 2549 4909 2677 4950; x_wconf 86' lang='lat' dir='ltr'><strong>esse</strong></span> <span class='ocrx_word' id='word_1_458' title='bbox 2703 4892 2932 4959; x_wconf 88' lang='lat' dir='ltr'><strong>debere,</strong></span> <span class='ocrx_word' id='word_1_459' title='bbox 2973 4908 3087 4964; x_wconf 90' lang='lat' dir='ltr'><strong>qua</strong></span> <span class='ocrx_word' id='word_1_460' title='bbox 3143 4891 3203 4947; x_wconf 89' lang='lat' dir='ltr'><strong>in</strong></span> <span class='ocrx_word' id='word_1_461' title='bbox 3253 4895 3608 4965; x_wconf 67' lang='lat' dir='ltr'><strong>praeraptam</strong></span> <span class='ocrx_word' id='word_1_462' title='bbox 3668 4891 3776 4947; x_wconf 86' lang='lat' dir='ltr'><strong>hu-</strong></span> 
     </span>
    </p>
   </div>
   <div class='ocr_carea' id='block_1_44' title="bbox 2123 4979 3775 5054">
    <p class='ocr_par' dir='ltr' id='par_1_44' title="bbox 2123 4979 3775 5054">
     <span class='ocr_line' id='line_1_44' title="bbox 2123 4979 3775 5054; baseline -0.001 -18"><span class='ocrx_word' id='word_1_463' title='bbox 2123 4998 2297 5037; x_wconf 88' lang='lat' dir='ltr'><strong>mano</strong></span> <span class='ocrx_word' id='word_1_464' title='bbox 2346 4982 2544 5038; x_wconf 89' lang='lat' dir='ltr'><strong>sedem</strong></span> <span class='ocrx_word' id='word_1_465' title='bbox 2591 4981 2789 5054; x_wconf 90' lang='lat' dir='ltr'><strong>generi</strong></span> <span class='ocrx_word' id='word_1_466' title='bbox 2856 4979 3276 5036; x_wconf 85' lang='lat' dir='ltr'><strong>contenderent</strong></span> <span class='ocrx_word' id='word_1_467' title='bbox 3323 4979 3654 5036; x_wconf 82' lang='lat' dir='ltr'><strong>reformari.</strong></span> <span class='ocrx_word' id='word_1_468' title='bbox 3710 4980 3775 5034; x_wconf 81' lang='lat' dir='ltr'><strong>Et</strong></span> 
     </span>
    </p>
   </div>
   <div class='ocr_carea' id='block_1_45' title="bbox 2121 5066 3774 5143">
    <p class='ocr_par' dir='ltr' id='par_1_45' title="bbox 2121 5066 3774 5143">
     <span class='ocr_line' id='line_1_45' title="bbox 2121 5066 3774 5143; baseline -0.001 -18"><span class='ocrx_word' id='word_1_469' title='bbox 2121 5071 2273 5125; x_wconf 91' lang='lat' dir='ltr'><strong>idem</strong></span> <span class='ocrx_word' id='word_1_470' title='bbox 2308 5085 2410 5143; x_wconf 92' lang='lat' dir='ltr'><strong>per</strong></span> <span class='ocrx_word' id='word_1_471' title='bbox 2437 5072 2692 5142; x_wconf 88' lang='lat' dir='ltr'><strong>speciem</strong></span> <span class='ocrx_word' id='word_1_472' title='bbox 2723 5068 3009 5141; x_wconf 82' lang='lat' dir='ltr'><strong>serpentis</strong></span> <span class='ocrx_word' id='word_1_473' title='bbox 3029 5085 3156 5139; x_wconf 66' lang='lat' dir='ltr'><strong>qua</strong></span> <span class='ocrx_word' id='word_1_474' title='bbox 3188 5067 3584 5140; x_wconf 73' lang='lat' dir='ltr'><strong>prasﬁguravit</strong></span> <span class='ocrx_word' id='word_1_475' title='bbox 3614 5066 3774 5124; x_wconf 79' lang='lat' dir='ltr'><strong>delc-</strong></span> 
     </span>
    </p>
   </div>
   <div class='ocr_carea' id='block_1_46' title="bbox 363 5155 2012 5228">
    <p class='ocr_par' dir='ltr' id='par_1_46' title="bbox 363 5155 2012 5228">
     <span class='ocr_line' id='line_1_46' title="bbox 363 5155 2012 5228; baseline -0.002 -13"><span class='ocrx_word' id='word_1_476' title='bbox 363 5158 633 5216; x_wconf 88' lang='lat' dir='ltr'><strong>diabolus</strong></span> <span class='ocrx_word' id='word_1_477' title='bbox 665 5156 1028 5228; x_wconf 87' lang='lat' dir='ltr'><strong>excogitavit.</strong></span> <span class='ocrx_word' id='word_1_478' title='bbox 1091 5155 1402 5228; x_wconf 87' lang='lat' dir='ltr'><strong>Utriusque</strong></span> <span class='ocrx_word' id='word_1_479' title='bbox 1450 5157 1746 5212; x_wconf 65' lang='lat' dir='ltr'><strong>sententiis</strong></span> <span class='ocrx_word' id='word_1_480' title='bbox 1780 5162 2012 5228; x_wconf 68' lang='lat' dir='ltr'><strong>praestat</strong></span> 
     </span>
    </p>
   </div>
   <div class='ocr_carea' id='block_1_47' title="bbox 364 5243 2010 5316">
    <p class='ocr_par' dir='ltr' id='par_1_47' title="bbox 364 5243 2010 5316">
     <span class='ocr_line' id='line_1_47' title="bbox 364 5243 2010 5316; baseline -0.001 -15"><span class='ocrx_word' id='word_1_481' title='bbox 364 5247 646 5303; x_wconf 89' lang='lat' dir='ltr'><strong>indicium</strong></span> <span class='ocrx_word' id='word_1_482' title='bbox 679 5245 906 5316; x_wconf 89' lang='lat' dir='ltr'><strong>primus</strong></span> <span class='ocrx_word' id='word_1_483' title='bbox 928 5244 1172 5300; x_wconf 90' lang='lat' dir='ltr'><strong>humani</strong></span> <span class='ocrx_word' id='word_1_484' title='bbox 1203 5243 1434 5316; x_wconf 91' lang='lat' dir='ltr'><strong>generis</strong></span> <span class='ocrx_word' id='word_1_485' title='bbox 1462 5245 1672 5313; x_wconf 84' lang='lat' dir='ltr'><strong>Adam,</strong></span> <span class='ocrx_word' id='word_1_486' title='bbox 1704 5261 1738 5298; x_wconf 90' lang='lat' dir='ltr'><strong>a</strong></span> <span class='ocrx_word' id='word_1_487' title='bbox 1769 5245 2010 5300; x_wconf 90' lang='lat' dir='ltr'><strong>Domino</strong></span> 
     </span>
    </p>
   </div>
   <div class='ocr_carea' id='block_1_48' title="bbox 365 5332 2009 5405">
    <p class='ocr_par' dir='ltr' id='par_1_48' title="bbox 365 5332 2009 5405">
     <span class='ocr_line' id='line_1_48' title="bbox 365 5332 2009 5405; baseline -0.001 -15"><span class='ocrx_word' id='word_1_488' title='bbox 365 5334 481 5391; x_wconf 83' lang='lat' dir='ltr'><strong>Deo</strong></span> <span class='ocrx_word' id='word_1_489' title='bbox 503 5333 561 5388; x_wconf 91' lang='lat' dir='ltr'><strong>in</strong></span> <span class='ocrx_word' id='word_1_490' title='bbox 595 5332 865 5405; x_wconf 85' lang='lat' dir='ltr'><strong>paradiso</strong></span> <span class='ocrx_word' id='word_1_491' title='bbox 899 5332 1210 5405; x_wconf 87' lang='lat' dir='ltr'><strong>voluptatis</strong></span> <span class='ocrx_word' id='word_1_492' title='bbox 1242 5333 1506 5405; x_wconf 87' lang='lat' dir='ltr'><strong>positus;</strong></span> <span class='ocrx_word' id='word_1_493' title='bbox 1541 5337 1604 5388; x_wconf 88' lang='lat' dir='ltr'><strong>ut</strong></span> <span class='ocrx_word' id='word_1_494' title='bbox 1639 5336 1856 5388; x_wconf 66' lang='lat' dir='ltr'><strong>eterna</strong></span> <span class='ocrx_word' id='word_1_495' title='bbox 1911 5334 2009 5388; x_wconf 82' lang='lat' dir='ltr'><strong>de-</strong></span> 
     </span>
    </p>
   </div>
   <div class='ocr_carea' id='block_1_49' title="bbox 364 5420 2010 5489">
    <p class='ocr_par' dir='ltr' id='par_1_49' title="bbox 364 5420 2010 5489">
     <span class='ocr_line' id='line_1_49' title="bbox 364 5420 2010 5489; baseline -0.001 -11"><span class='ocrx_word' id='word_1_496' title='bbox 364 5421 672 5478; x_wconf 82' lang='lat' dir='ltr'><strong>lectatione</strong></span> <span class='ocrx_word' id='word_1_497' title='bbox 715 5421 1023 5489; x_wconf 78' lang='lat' dir='ltr'><strong>frueretur,</strong></span> <span class='ocrx_word' id='word_1_498' title='bbox 1083 5421 1156 5475; x_wconf 89' lang='lat' dir='ltr'><strong>ad</strong></span> <span class='ocrx_word' id='word_1_499' title='bbox 1200 5421 1473 5477; x_wconf 88' lang='lat' dir='ltr'><strong>virtutem</strong></span> <span class='ocrx_word' id='word_1_500' title='bbox 1534 5421 1736 5476; x_wconf 71' lang='lat' dir='ltr'><strong>futuras</strong></span> <span class='ocrx_word' id='word_1_501' title='bbox 1793 5420 2010 5477; x_wconf 91' lang='lat' dir='ltr'><strong>sobolis</strong></span> 
     </span>
    </p>
   </div>
   <div class='ocr_carea' id='block_1_50' title="bbox 364 5507 2009 5584">
    <p class='ocr_par' dir='ltr' id='par_1_50' title="bbox 364 5507 2009 5584">
     <span class='ocr_line' id='line_1_50' title="bbox 364 5507 2009 5584; baseline -0.001 -19"><span class='ocrx_word' id='word_1_502' title='bbox 364 5508 814 5584; x_wconf 86' lang='lat' dir='ltr'><strong>provocandam.</strong></span> <span class='ocrx_word' id='word_1_503' title='bbox 861 5507 1059 5581; x_wconf 81' lang='lat' dir='ltr'><strong>Neque</strong></span> <span class='ocrx_word' id='word_1_504' title='bbox 1115 5510 1268 5565; x_wconf 89' lang='lat' dir='ltr'><strong>enim</strong></span> <span class='ocrx_word' id='word_1_505' title='bbox 1305 5513 1428 5565; x_wconf 90' lang='lat' dir='ltr'><strong>erat</strong></span> <span class='ocrx_word' id='word_1_506' title='bbox 1467 5508 1830 5582; x_wconf 87' lang='lat' dir='ltr'><strong>incognitum</strong></span> <span class='ocrx_word' id='word_1_507' title='bbox 1895 5507 2009 5564; x_wconf 90' lang='lat' dir='ltr'><strong>Deo</strong></span> 
     </span>
    </p>
   </div>
   <div class='ocr_carea' id='block_1_51' title="bbox 438 5649 2004 5727">
    <p class='ocr_par' dir='ltr' id='par_1_51' title="bbox 438 5649 2004 5727">
     <span class='ocr_line' id='line_1_51' title="bbox 438 5649 2004 5727; baseline 0.002 -19"><span class='ocrx_word' id='word_1_508' title='bbox 438 5650 517 5727; x_wconf 83' lang='grc' dir='ltr'><strong>(ί)</strong></span> <span class='ocrx_word' id='word_1_509' title='bbox 549 5649 758 5724; x_wconf 83' lang='lat' dir='ltr'><strong>Soript.</strong></span> <span class='ocrx_word' id='word_1_510' title='bbox 789 5650 920 5710; x_wconf 78' lang='lat' dir='ltr'><strong>fort.</strong></span> <span class='ocrx_word' id='word_1_511' title='bbox 955 5651 1091 5708; x_wconf 85' lang='lat' dir='ltr'><strong>circ.</strong></span> <span class='ocrx_word' id='word_1_512' title='bbox 1126 5669 1219 5710; x_wconf 89' lang='lat' dir='ltr'><strong>an.</strong></span> <span class='ocrx_word' id='word_1_513' title='bbox 1248 5651 1372 5722; x_wconf 74' lang='grc'><strong>381,</strong></span> <span class='ocrx_word' id='word_1_514' title='bbox 1410 5668 1524 5710; x_wconf 87' lang='lat' dir='ltr'><strong>non</strong></span> <span class='ocrx_word' id='word_1_515' title='bbox 1575 5650 1730 5710; x_wconf 86' lang='lat' dir='ltr'><strong>ultra</strong></span> <span class='ocrx_word' id='word_1_516' title='bbox 1753 5667 1847 5708; x_wconf 90' lang='lat' dir='ltr'><strong>an.</strong></span> <span class='ocrx_word' id='word_1_517' title='bbox 1881 5651 2004 5711; x_wconf 82' lang='lat'><strong>390.</strong></span> 
     </span>
    </p>
   </div>
   <div class='ocr_carea' id='block_1_52' title="bbox 2121 5156 3770 5229">
    <p class='ocr_par' dir='ltr' id='par_1_52' title="bbox 2121 5156 3770 5229">
     <span class='ocr_line' id='line_1_52' title="bbox 2121 5156 3770 5229; baseline -0.001 -17"><span class='ocrx_word' id='word_1_518' title='bbox 2121 5157 2391 5213; x_wconf 90' lang='lat' dir='ltr'><strong>ctationis</strong></span> <span class='ocrx_word' id='word_1_519' title='bbox 2415 5157 2768 5225; x_wconf 87' lang='lat' dir='ltr'><strong>illecebram,</strong></span> <span class='ocrx_word' id='word_1_520' title='bbox 2803 5157 3004 5212; x_wconf 85' lang='lat' dir='ltr'><strong>uxoria</strong></span> <span class='ocrx_word' id='word_1_521' title='bbox 3035 5157 3417 5228; x_wconf 89' lang='lat' dir='ltr'><strong>persuasione</strong></span> <span class='ocrx_word' id='word_1_522' title='bbox 3465 5156 3770 5229; x_wconf 83' lang='lat' dir='ltr'><strong>deceptus.</strong></span> 
     </span>
    </p>
   </div>
   <div class='ocr_carea' id='block_1_53' title="bbox 2121 5243 3772 5319">
    <p class='ocr_par' dir='ltr' id='par_1_53' title="bbox 2121 5243 3772 5319">
     <span class='ocr_line' id='line_1_53' title="bbox 2121 5243 3772 5319; baseline -0.002 -18"><span class='ocrx_word' id='word_1_523' title='bbox 2121 5245 2436 5302; x_wconf 90' lang='lat' dir='ltr'><strong>Occasione</strong></span> <span class='ocrx_word' id='word_1_524' title='bbox 2477 5246 2660 5319; x_wconf 91' lang='lat' dir='ltr'><strong>igitur</strong></span> <span class='ocrx_word' id='word_1_525' title='bbox 2698 5250 2955 5318; x_wconf 90' lang='lat' dir='ltr'><strong>accepta,</strong></span> <span class='ocrx_word' id='word_1_526' title='bbox 2986 5244 3350 5300; x_wconf 87' lang='lat' dir='ltr'><strong>adversarius</strong></span> <span class='ocrx_word' id='word_1_527' title='bbox 3386 5259 3493 5316; x_wconf 90' lang='lat' dir='ltr'><strong>per</strong></span> <span class='ocrx_word' id='word_1_528' title='bbox 3522 5243 3772 5299; x_wconf 84' lang='lat' dir='ltr'><strong>delecta-</strong></span> 
     </span>
    </p>
   </div>
   <div class='ocr_carea' id='block_1_54' title="bbox 2121 5331 3774 5406">
    <p class='ocr_par' dir='ltr' id='par_1_54' title="bbox 2121 5331 3774 5406">
     <span class='ocr_line' id='line_1_54' title="bbox 2121 5331 3774 5406; baseline -0.002 -18"><span class='ocrx_word' id='word_1_529' title='bbox 2121 5334 2337 5390; x_wconf 90' lang='lat' dir='ltr'><strong>tionem</strong></span> <span class='ocrx_word' id='word_1_530' title='bbox 2381 5333 2525 5388; x_wconf 88' lang='lat' dir='ltr'><strong>mihi</strong></span> <span class='ocrx_word' id='word_1_531' title='bbox 2557 5336 2830 5406; x_wconf 86' lang='lat' dir='ltr'><strong>operatus</strong></span> <span class='ocrx_word' id='word_1_532' title='bbox 2851 5338 2941 5389; x_wconf 90' lang='lat' dir='ltr'><strong>est</strong></span> <span class='ocrx_word' id='word_1_533' title='bbox 2982 5335 3250 5388; x_wconf 90' lang='lat' dir='ltr'><strong>mortem.</strong></span> <span class='ocrx_word' id='word_1_534' title='bbox 3271 5332 3475 5402; x_wconf 83' lang='lat' dir='ltr'><strong>Itaque</strong></span> <span class='ocrx_word' id='word_1_535' title='bbox 3511 5331 3672 5402; x_wconf 88' lang='lat' dir='ltr'><strong>quod</strong></span> <span class='ocrx_word' id='word_1_536' title='bbox 3694 5331 3774 5385; x_wconf 64' lang='lat' dir='ltr'><strong>dio</strong></span> 
     </span>
    </p>
   </div>
   <div class='ocr_carea' id='block_1_55' title="bbox 2117 5417 3776 5495">
    <p class='ocr_par' dir='ltr' id='par_1_55' title="bbox 2117 5417 3776 5495">
     <span class='ocr_line' id='line_1_55' title="bbox 2117 5417 3776 5495; baseline -0.002 -20"><span class='ocrx_word' id='word_1_537' title='bbox 2117 5421 2253 5478; x_wconf 87' lang='lat' dir='ltr'><strong>vina</strong></span> <span class='ocrx_word' id='word_1_538' title='bbox 2279 5421 2470 5495; x_wconf 88' lang='lat' dir='ltr'><strong>gratia</strong></span> <span class='ocrx_word' id='word_1_539' title='bbox 2511 5421 2798 5476; x_wconf 88' lang='lat' dir='ltr'><strong>tributum</strong></span> <span class='ocrx_word' id='word_1_540' title='bbox 2852 5423 2976 5476; x_wconf 90' lang='lat' dir='ltr'><strong>erat</strong></span> <span class='ocrx_word' id='word_1_541' title='bbox 3025 5420 3098 5475; x_wconf 90' lang='lat' dir='ltr'><strong>ad</strong></span> <span class='ocrx_word' id='word_1_542' title='bbox 3147 5417 3344 5484; x_wconf 87' lang='lat' dir='ltr'><strong>vitam,</strong></span> <span class='ocrx_word' id='word_1_543' title='bbox 3405 5418 3628 5474; x_wconf 80' lang='lat' dir='ltr'><strong>factum</strong></span> <span class='ocrx_word' id='word_1_544' title='bbox 3684 5422 3776 5472; x_wconf 85' lang='lat' dir='ltr'><strong>est</strong></span> 
     </span>
    </p>
   </div>
   <div class='ocr_carea' id='block_1_56' title="bbox 2120 5506 3771 5583">
    <p class='ocr_par' dir='ltr' id='par_1_56' title="bbox 2120 5506 3771 5583">
     <span class='ocr_line' id='line_1_56' title="bbox 2120 5506 3771 5583; baseline -0.001 -18"><span class='ocrx_word' id='word_1_545' title='bbox 2120 5509 2264 5566; x_wconf 88' lang='lat' dir='ltr'><strong>mihi</strong></span> <span class='ocrx_word' id='word_1_546' title='bbox 2296 5511 2354 5567; x_wconf 90' lang='lat' dir='ltr'><strong>in</strong></span> <span class='ocrx_word' id='word_1_547' title='bbox 2387 5515 2657 5577; x_wconf 83' lang='lat' dir='ltr'><strong>mortem,</strong></span> <span class='ocrx_word' id='word_1_548' title='bbox 2687 5524 2872 5583; x_wconf 87' lang='lat' dir='ltr'><strong>eoque</strong></span> <span class='ocrx_word' id='word_1_549' title='bbox 2907 5506 3228 5566; x_wconf 79' lang='lat' dir='ltr'><strong>faciliorem</strong></span> <span class='ocrx_word' id='word_1_550' title='bbox 3259 5507 3538 5563; x_wconf 85' lang='lat' dir='ltr'><strong>inimicus</strong></span> <span class='ocrx_word' id='word_1_551' title='bbox 3568 5522 3771 5564; x_wconf 77' lang='lat' dir='ltr'><strong>asson-</strong></span> 
     </span>
    </p>
   </div>
  </div>
