4116 6188
308 339 430 402 965

1478 334 1938 401 ENARRA'I‘IO
1982 339 2057 400 IN
2104 337 2505 402 PSALMUM
2551 341 2598 403 Ι.

3628 352 3745 414 966

313 490 451 529 sum
481 470 738 528 hominis
767 469 977 525 habuit
1009 487 1022 535 ;
1066 468 1138 524 ad
1199 468 1434 541 lapsum
1495 471 1654 529 enim
1713 457 1963 546 speciem
1995 483 2047 548 Α
2075 488 2222 528 cum
2265 473 2395 526 suis
2426 475 2693 547 c0piis,in
2731 479 2952 548 majora
2981 475 3280 550 ingenium
3310 481 3584 538 attollens
3639 501 3743 540 su-

315 559 627 635 prastendit
655 562 896 615 naturae.
931 556 1306 613 Delectarunt
1334 559 1490 614 enim
1522 577 1702 632 opera
1731 580 1839 618 sua
1857 563 1968 617 Do-

318 650 548 705 minum
583 647 989 704 :delectarunt
1019 645 1210 718 prima
1254 653 1478 702 naturae
1528 649 1788 718 exordia,
1845 667 1970 722 quae

315 739 526 794 videns
556 735 832 793 Dominus
861 736 943 791 ait
977 751 991 790 :
1024 756 1052 783 «
1088 735 1248 790 Bona
1275 735 1442 791 valde
1472 738 1670 807 (Gem,
1704 757 1742 804 1,
1769 740 1881 811 3i).
1917 760 1944 788 ››

392 829 447 881 2.
481 826 740 882 Laudant
759 823 956 898 angeli
1002 823 1344 890 Dominum,
1379 824 1645 897 psallunt
1697 828 1750 883 ei
1809 831 1974 900 pote-

320 920 505 972 states
551 913 845 980 cmlorum,
899 917 960 968 et
1018 917 1155 968 ante
1214 912 1410 985 ipsum
1470 913 1711 970 initium
1767 916 1974 971 mundi

319 1003 632 1060 Cherubim
651 1008 707 1057 et
725 1001 1030 1073 Seraphim
1053 1002 1296 1071 (2),cum
1319 1003 1606 1059 suavitate
1630 1021 1854 1060 canoras
1875 1023 1976 1060 vo-

321 1093 406 1148 cis
428 1108 545 1148 suaa
568 1091 770 1146 dicunt
792 1107 804 1145 :
831 1113 856 1139 ‹‹
883 1091 1160 1157 Sanctus,
1179 1095 1444 1156 sanctus,
1466 1096 1714 1148 sanctus
1747 1093 1870 1164 (Isa.
1892 1111 1971 1160 VI,

315 1182 394 1251 3).
430 1202 459 1228 »
485 1181 796 1234 Innumera
826 1179 978 1234 738
1011 1178 1359 1250 angelorum
1391 1178 1576 1235 millia
1593 1180 1977 1246 assistunt,et

315 1269 580 1324 seniores
611 1271 666 1322 et
696 1268 866 1324 turba
895 1283 1116 1338 magna
1147 1266 1299 1322 sicut
1322 1284 1492 1324 voces
1515 1285 1805 1340 aquarum
1830 1269 1978 1324 mul-

319 1363 515 1412 tarum
537 1357 850 1410 concinunt
867 1356 1111 1410 Alleluia
1143 1356 1350 1426 (Apum,
1373 1373 1487 1422 xxx,
1514 1359 1565 1421 1,
1587 1359 1647 1422 4,
1673 1358 1749 1428 6).
1776 1358 1976 1429 Ipsum

323 1462 490 1501 axem
521 1444 644 1500 cceli
673 1447 787 1500 lert
814 1444 1150 1515 expressior
1196 1461 1390 1499 sermo
1421 1447 1495 1514 (3)
1550 1461 1687 1500 cum
1722 1448 1977 1517 quadam

323 1532 586 1606 perpetui
634 1539 948 1588 concentus
1010 1533 1302 1588 suavitate
1374 1535 1614 1599 veisari,
1678 1541 1744 1589 ut
1797 1550 1978 1590 sonus

321 1625 456 1694 ejus
483 1623 754 1677 extremis
785 1626 1071 1676 terrarum
1104 1623 1373 1692 partibus
1405 1623 1711 1678 audiretur
1735 1625 1833 1690 (4),
1878 1625 1978 1678 ubi

319 1716 465 1766 sunt
494 1711 759 1780 quaidam
784 1716 1003 1764 secreta
1039 1714 1284 1763 naturae.
1321 1709 1435 1765 Nec
1467 1709 1522 1764 id
1559 1713 1630 1766 ab
1659 1727 1768 1766 usu
1804 1718 1978 1765 natu-

2077 575 2186 614 um
2226 559 2397 628 (quia
2443 565 2666 634 majora
2721 567 2945 620 viribus
3002 567 3124 623 suis
3155 570 3341 624 fuerat
3391 574 3738 641 assecutus),

2079 646 2401 704 canticum
2451 651 2693 709 Domino
2724 655 2929 708 cecinit
2977 656 3348 727 triumphale.
3385 658 3565 713 Maria
3596 675 3738 729 quo-

2081 749 2213 807 que
2247 737 2592 811 tympanum
2638 759 2876 797 sumens
2931 745 3118 811 (Emori.
3182 763 3274 808 xv,
3325 748 3438 810 20),
3499 751 3738 801 caeteras

2081 823 2446 881 hortabatur
2475 829 2670 884 dicens
2704 846 2717 884 :
2752 853 2778 878 ‹‹
2813 834 3121 886 Cantemus
3145 833 3388 888 Domino
3420 851 3432 888 :
3486 832 3737 904 gloriose

2081 910 2254 968 enim
2279 911 2695 974 honoriﬁcatus
2725 924 2833 983 est,
2867 935 3079 990 equum
3113 925 3170 975 et
3205 936 3570 976 ascensorem
3601 937 3738 992 pro-

2079 998 2232 1073 jecit
2256 1001 2314 1056 in
2351 1021 2509 1061 mare
2538 1007 2716 1077 (lbid.,
2755 1007 2827 1077 1).
2865 1028 2891 1055 ››
2929 1009 3050 1078 lpse
3080 1009 3254 1062 etiam
3314 1009 3542 1080 Moyses
3600 1025 3736 1063 cum

2082 1089 2280 1162 legem
2312 1091 2540 1148 Domini
2572 1093 2830 1166 legisset,
2865 1111 2980 1166 quo
3010 1096 3137 1165 ejus
3174 1097 3516 1151 memoriam
3539 1103 3737 1167 pecto-

2086 1178 2255 1234 ribus
2275 1179 2558 1252 aflligeret
2586 1183 2974 1245 audientium,
3029 1200 3132 1254 per
3159 1183 3448 1238 canticum
3507 1182 3739 1238 locutus

2089 1272 2180 1323 est
2210 1267 2409 1323 dicens
2442 1286 2454 1325 :
2495 1291 2522 1318 ‹‹
2551 1271 2722 1334 Audi,
2751 1272 3048 1334 caelum,et
3076 1271 3317 1342 loquar;
3352 1277 3740 1342 exspectetur

2087 1356 2242 1411 sicut
2269 1357 2465 1428 pluvia
2494 1358 2793 1430 eloquium
2828 1376 3045 1424 meum,
3080 1369 3136 1414 et
3172 1362 3535 1415 descendant
3583 1361 3740 1415 sicut

2089 1462 2184 1500 ros
2213 1447 2387 1501 verba
2415 1464 2564 1512 mea,
2597 1449 2751 1502 sicut
2786 1448 2974 1503 imber
3025 1465 3201 1518 super
3257 1465 3520 1520 gramen,
3579 1450 3738 1503 sicut

2090 1533 2188 1587 nix
2217 1550 2394 1604 super
2423 1536 2641 1590 faenum
2666 1537 2843 1601 (Deut.
2877 1553 3052 1590 xxx”.
3091 1537 3224 1603 1-2).
3257 1558 3285 1585 ››
3695 1552 3698 1556 '

2165 1624 2221 1677 5.
2272 1624 2601 1678 Delectatur
2657 1624 2838 1696 igitur
2887 1627 3110 1678 cantico
3166 1627 3315 1680 Deus
3374 1643 3488 1681 non
3541 1625 3738 1683 solum

2087 1713 2337 1777 laudari,
2371 1713 2470 1767 sed
2523 1713 2698 1766 etiam
2752 1713 3129 1766 reconciliari.
3194 1715 3330 1767 lude
3395 1725 3452 1769 et
3508 1715 3738 1786 Moyses

287 1811 290 1814 ’
320 1817 400 1854 ra:
441 1798 697 1854 alienum
754 1797 980 1852 videtur
1014 1816 1027 1865 ;
1082 1798 1568 1869 quandoquidem
1627 1815 1737 1853 vox
1795 1799 1980 1855 missa
2011 1847 2056 1871 η
2088 1811 2231 1860 tunc
2261 1800 2512 1856 maxime
2541 1801 2766 1854 cantico
2799 1817 2941 1854 usus
2973 1807 3080 1862 est,
3114 1802 3348 1871 quando
3379 1802 3589 1856 coelum
3647 1807 3742 1857 te-

321 1885 578 1959 gratiore
608 1884 813 1956 plausu
841 1903 871 1940 e
900 1885 1248 1941 nemoribus
1305 1885 1571 1951 resultet,
1606 1892 1709 1941 aut
1765 1888 1976 1942 monti-

322 1976 463 2042 bus,
496 1983 549 2029 et
576 1973 831 2029 suaviore
858 1990 1001 2029 sono
1034 1973 1287 2028 reddant
1317 1975 1476 2045 quod
1512 1974 1863 2045 acceperint.
1914 1975 1979 2030 In

324 2061 589 2135 scopulis
619 2079 846 2134 quoque
876 2062 1022 2134 ipsis
1049 2066 1110 2117 et
1141 2060 1435 2134 lapidibus
1495 2062 1715 2132 reperit
1771 2069 1983 2118 natura

326 2152 486 2224 quod
515 2149 840 2206 delectaret.
879 2149 1149 2206 Aliorum
1205 2150 1466 2222 specula,
1526 2151 1779 2207 aliorum
1839 2167 1982 2207 usus

327 2239 578 2296 delectat
606 2243 708 2295 aut
735 2239 940 2310 gratia.
993 2239 1153 2294 Ferte
1209 2238 1371 2310 ipsa,
1433 2244 1616 2310 atque
1675 2255 1814 2294 aves
1871 2239 1983 2294 loci

330 2327 666 2384 ammnioris
752 2331 851 2382 aut
905 2325 1318 2382 modulatioris
1385 2327 1545 2382 vocis
1598 2325 1984 2384 delectatione

328 2416 684 2473 mulcentur.
719 2416 1087 2472 Lactentibus
1118 2431 1354 2486 quoque
1393 2415 1655 2488 parvulis
1685 2420 1789 2470 aut
1820 2432 1986 2473 seve-

330 2507 477 2561 ritas
503 2505 706 2560 terrori
737 2508 846 2573 est,
878 2509 979 2560 aut
1008 2503 1314 2559 blanditias
1345 2504 1653 2575 voluptati.
1688 2502 1984 2560 Naturalis

330 2594 517 2665 igitur
544 2592 844 2648 delectatio
875 2599 982 2648 est.

404 2683 460 2736 3.
495 2680 652 2736 Unde
683 2687 740 2736 et
764 2681 942 2737 David
989 2683 1257 2745 sanctus,
1293 2679 1395 2751 qui
1454 2680 1782 2735 adverteret
1829 2682 1986 2738 unde

328 2770 532 2837 homo,
564 2773 618 2824 et
649 2785 765 2840 qua
789 2775 942 2825 esset
973 2769 1180 2825 fraude
1210 2768 1473 2838 dejectus
1495 2768 1656 2839 (nam
1690 2768 1739 2822 si
1761 2771 1985 2826 tenuis-

330 2861 425 2915 set
453 2857 705 2913 infusam
738 2856 850 2912 sibi
881 2875 914 2913 a
943 2857 1194 2913 Domino
1224 2862 1450 2911 aeternae
1482 2854 1645 2910 illius
1701 2856 1985 2914 caelestis-

332 2953 452 3018 qu'e
480 2945 880 3002 delectationis
909 2947 1186 3019 gratiam,
1224 2961 1330 3000 nec
1360 2943 1742 3000 saecularibus
1779 2953 1988 3018 captus

333 3033 635 3090 amisisset
687 3032 999 3103 illecebris,
1063 3050 1374 3105 nunquam
1422 3037 1542 3088 tam
1610 3031 1986 3102 miserabilis,

336 3139 609 3179 arumnis
652 3122 930 3178 subiisset
975 3123 1270 3194 injurias),
1303 3120 1500 3191 itaque
1530 3137 1802 3193 reparare
1857 3139 1986 3180 eam

2011 1847 2058 1912 B

2091 1891 2461 1948 stificabatur
2485 1894 2542 1943 et
2575 1894 2788 1944 terram
2827 1907 2841 1953 ;
2902 1895 2967 1942 ut
3022 1887 3272 1943 salutem
3304 1904 3472 1944 suam
3493 1889 3746 1946 ccslestis

2091 1996 2235 2035 sono
2267 1976 2463 2050 gratiae
2495 1977 2898 2032 concinentem
2936 1977 3165 2031 avidius
3197 1977 3454 2032 mundus
3485 1977 3739 2044 audiret,

2090 2075 2147 2125 et
2177 2083 2352 2122 sacra:
2383 2066 2668 2121 suavitate
2700 2065 3026 2119 dulcedinis
3057 2066 3115 2119 in
3146 2070 3426 2119 aeternum
3456 2064 3602 2137 legis
3633 2066 3738 2121 ob-

2095 2154 2387 2213 servantia
2417 2153 2714 2209 mentibus
2744 2153 2988 2207 inoleret
3018 2152 3316 2208 humanis.
3350 2153 3613 2224 Denique
3662 2153 3742 2210 le-

2095 2244 2187 2318 gis
2219 2242 2430 2298 tabulae
2462 2242 2806 2314 priusquam
2831 2243 3057 2296 cantico
3089 2242 3483 2309 firmarentur,
3519 2258 3621 2314 per
3648 2242 3737 2297 in-

2093 2330 2491 2403 dignationem
2535 2329 2750 2400 Moysis
2793 2329 2987 2383 fractas
3047 2335 3104 2384 et
3152 2330 3522 2384 comminutae
3584 2336 3743 2386 sunt.

2099 2421 2204 2476 Ubi
2233 2435 2369 2473 vero
2399 2417 2500 2471 tali
2532 2415 2834 2488 signaculo
2861 2421 3208 2474 consecratae
3267 2422 3425 2486 sunt,
3487 2418 3749 2476 humana

2061 2516 2064 2518 ’
2096 2511 2287 2564 locum
2321 2507 2406 2560 ira
2432 2521 2545 2559 non
2579 2505 2805 2570 habuit,
2833 2506 2973 2575 quia
3002 2507 3387 2562 sanctificatio
3417 2522 3545 2562 eam
3569 2523 3748 2564 sacris

2096 2594 2402 2651 suavitatis
2434 2591 2698 2648 exclusit.
2731 2592 3037 2647 Canticum
3069 2593 3272 2664 itaque
3303 2593 3537 2648 Domini
3596 2597 3751 2652 sicut

2113 2699 2210 2739 ros
2241 2679 2474 2736 mollior
2503 2679 2806 2736 descendit
2835 2696 2866 2735 e
2896 2679 3124 2748 ccelo,et
3153 2680 3324 2735 ﬁdem
3347 2680 3654 2738 hominum
3677 2685 3753 2740 si-

2096 2779 2195 2828 cut
2223 2785 2464 2842 gramen
2490 2769 2677 2824 imbre
2708 2769 2962 2840 quodam
2996 2769 3192 2841 gratiae
3243 2769 3532 2840 spiritalis
3591 2771 3747 2828 infu-

2097 2862 2202 2917 dit.
2236 2860 2361 2914 Duo
2393 2857 2575 2930 igitur
2603 2858 2724 2912 hzec
2755 2859 2983 2912 cantica
3013 2859 3072 2912 in
3132 2857 3298 2912 libris
3355 2857 3573 2929 Moysis
3631 2865 3750 2916 tan-

2097 2964 2274 3022 quam
2306 2948 2422 3001 duo
2473 2947 2678 3001 mundi
2711 2944 2886 3011 oculi,
2942 2945 3189 3018 coelique
3247 2946 3494 3013 lumina,
3555 2952 3749 3004 totum

2097 3052 2310 3108 corpus
2340 3036 2532 3107 operis
2562 3034 2690 3105 ejus
2718 3033 3038 3090 illustrant.

2168 3127 2222 3180 6.
2249 3127 2320 3179 At
2349 3140 2484 3180 vero
2516 3123 2690 3178 David
2725 3122 3126 3195 principaliter
3154 3141 3188 3179 a
3229 3123 3476 3180 Domino
3508 3126 3579 3180 ad
3639 3125 3749 3183 hoc

338 3211 586 3268 studens
633 3227 698 3266 ac
730 3212 1043 3267 relormarc
1093 3209 1381 3283 psallendi
1415 3225 1678 3275 munere,
1736 3210 1987 3270 ccelestis
2017 3210 2060 3276 C
2100 3229 2318 3270 munus
2349 3211 2569 3269 electus
2593 3217 2683 3268 est
2715 3229 2727 3279 ;
2762 3217 2827 3266 ut
2857 3213 3008 3283 quod
3042 3213 3100 3267 in
3135 3213 3269 3268 aliis
3309 3230 3505 3269 rarum
3574 3232 3751 3286 praee—

339 3299 513 3355 nobis
542 3298 730 3354 instar
758 3298 1215 3355 conversationis
1243 3297 1523 3352 instituit.

413 3389 470 3442 4.
504 3387 730 3442 Etenim
751 3386 884 3442 licet
912 3387 1104 3443 omnis
1137 3387 1444 3458 Scriptura
1473 3385 1672 3440 divina
1727 3385 1827 3442 Dei
1857 3404 1990 3460 gra-

338 3476 487 3531 tiam
507 3474 1000 3548 spiret,praecipue
1019 3482 1212 3531 tamen
1233 3473 1424 3529 dulcis
1449 3473 1817 3530 Psalmornm
1837 3477 1875 3530 7
1888 3478 1990 3534 89

333 3565 486 3619 liber
519 3564 1033 3635 ;quandoquidem
1060 3565 1185 3635 ipse
1218 3563 1448 3633 Moyses
1479 3563 1576 3632 qui
1614 3561 1792 3632 plano
1824 3571 1989 3634 gesta

334 3653 630 3723 majorum
653 3669 922 3708 sermone
952 3651 1284 3724 descripsit,
1311 3651 1409 3704 ubi
1438 3653 1636 3704 tamen
1670 3665 1772 3720 per
1828 3669 1988 3709 mare

336 3741 602 3796 Rubrum
630 3739 911 3812 populum
945 3747 1175 3812 patrum
1211 3737 1577 3794 memorabili
1599 3738 1988 3798 admiratione

334 3828 687 3896 transduxit,
720 3829 1056 3885 demersum
1088 3827 1381 3900 aspiciens
1402 3842 1599 3898 regem
1623 3825 1985 3886 Pharaonem

406 3945 492 4016 (2)
527 3942 787 4017 Angelos
817 3949 949 4017 ante
975 3945 1169 4017 ipsum
1217 3940 1422 3998 mundi
1479 3940 1713 4017 initium
1761 3948 1986 4000 creatos

334 4014 493 4071 idem
523 4014 868 4070 Ambrosius
899 4014 1342 4072 libIIHexacm.
1395 4029 1523 4085 cap.
1552 4014 1608 4078 5,
1667 4030 1831 4069 num.
1896 4017 1984 4082 19,

341 4089 456 4143 iam
487 4086 782 4142 docuerat.
818 4087 880 4141 Et
911 4093 1060 4143 certe
1091 4088 1214 4143 haec
1261 4086 1435 4142 etiam
1494 4085 1603 4140 fuit
1663 4086 1984 4143 multorum

383 4163 576 4213 atrum
609 4173 741 4212 cum
769 4156 1118 4227 Graecorum,
1153 4162 1280 4214 tum
1305 4157 1648 4213 Latinorum
1670 4158 1982 4215 sententia.

337 4228 498 4310 pride
529 4244 664 4310 cum
696 4227 959 4310 videatur
977 4230 1336 4310 contrarium
1355 4227 1536 4310 papiti
1568 4229 1758 4310 primo
1808 4231 1983 4288 Cone.

337 4300 460 4373 Lat.
494 4299 603 4354 sub
640 4301 837 4373 lnnoc.
869 4300 944 4355 III
972 4300 1242 4373 celebrati
1274 4299 1606 4363 definitum,
1636 4299 1786 4355 hanc
1811 4318 1983 4373 syno-

335 4371 393 4425 di
427 4377 684 4425 mentem
717 4371 898 4426 fuisse
929 4372 1283 4427 credendum
1316 4375 1424 4435 est,
1451 4374 1516 4424 ut
1567 4385 1667 4424 eos
1721 4371 1982 4428 tantum-

336 4441 512 4515 modo
543 4458 790 4515 censura
819 4443 1152 4515 contigeret,
1186 4442 1291 4515 vel
1330 4440 1430 4512 qui
1491 4439 1783 4515 spiritales
1829 4447 1983 4515 sub-

336 4512 586 4569 stantias
615 4512 852 4568 omnino
884 4510 1108 4569 creatas
1137 4510 1558 4579 inﬁciarentur,
1602 4510 1713 4584 vela
1743 4513 1844 4584 qui
1902 4514 1984 4570 ita

2103 3303 2323 3358 minere
2345 3301 2569 3374 reliquo
2592 3316 2764 3373 opere
2794 3301 3042 3368 videtur,
3073 3301 3131 3356 in
3177 3302 3286 3357 hoc
3323 3305 3465 3375 juge
3487 3308 3544 3358 et
3564 3306 3748 3361 conti-

2101 3407 2286 3447 nuum
2321 3391 2651 3462 refulgeret.
2683 3388 2874 3444 Unum
2906 3390 3199 3446 canticum
3226 3390 3478 3462 legimus
3508 3393 3568 3447 in
3600 3393 3750 3450 libro

2097 3479 2372 3534 Judicum
2402 3479 2633 3548 (ludia,
2672 3494 2727 3541 v,
2758 3479 2836 3549 2),
2870 3479 3114 3551 reliqua,
3144 3479 3400 3535 historia:
3435 3497 3617 3548 more,
3651 3483 3750 3540 de-

2099 3583 2291 3634 cursa,
2325 3567 2541 3637 quibus
2571 3582 2847 3636 expressa
2878 3574 3018 3622 sunt
3045 3575 3211 3640 gesta
3234 3569 3748 3639 majorum.Unum

2101 3655 2286 3709 Isaias
2317 3655 2611 3709 canticum
2645 3655 2882 3725 scripsit
2913 3658 3045 3724 (lsa.
3106 3673 3208 3725 χιι,
3244 3655 3318 3725 1),
3379 3674 3495 3728 quo
3554 3661 3751 3732 legen-

2095 3743 2244 3798 tium
2273 3743 2451 3797 corda
2491 3741 2818 3809 mulceret;
2880 3742 2939 3796 in
2995 3743 3238 3814 reliquis
3295 3747 3539 3801 terribili
3603 3751 3749 3805 tuba

2096 3829 2479 3903 correptionis
2511 3831 2829 3885 infremuit.
2862 3831 3165 3886 Canticum
3195 3831 3247 3884 ei
3281 3833 3745 3904 neipsi'quidem

2095 3951 2219 4014 Qua
2248 3951 2444 4001 autem
2477 3946 2699 4000 ratione
2739 3944 3063 4001 conciletur
3092 3945 3185 4000 hic
3218 3945 3380 4001 locus
3437 3957 3571 4003 cum
3619 3950 3752 4006 aliis

2099 4018 2352 4074 auctoris
2386 4017 2592 4081 nostri,
2624 4016 2932 4072 docuimus
2965 4017 3065 4071 lib.
3098 4018 3163 4072 de
3219 4018 3370 4072 Isaac
3423 4028 3473 4073 ct
3530 4022 3750 4087 Anima,

2094 4107 2224 4160 cap.
2254 4092 2310 4155 7,
2331 4095 2470 4144 nota
2502 4087 2572 4142 ad
2606 4091 2875 4160 pag-377
2919 4088 3217 4159 adjuncta.

2167 4159 2242 4234 (4)
2275 4161 2441 4234 Rom.
2496 4159 2661 4228 edit.,
2691 4159 2753 4214 ω
2807 4163 2856 4216 si
2908 4160 3194 4234 assuetudo
3245 4161 3604 4230 pennilteret.
3660 4181 3748 4220 so-

2094 4231 2290 4287 nus...
2323 4231 2626 4287 audiretur.
2664 4234 2791 4298 Vet,
2829 4235 2887 4287 et
2917 4231 3048 4299 cod,
3106 4247 3274 4294 mss.,
3327 4239 3388 4286 ut
3442 4248 3747 4292 sonus......

2093 4303 2386 4359 audiretur
2415 4323 2433 4366 ς
2462 4306 2580 4358 vat.
2613 4317 2769 4368 vero,
2801 4307 2851 4358 et
2875 4319 3184 4358 sonum.....
3215 4302 3420 4357 audiri.

2165 4374 2243 4444 (5)
2274 4374 2538 4429 Ptano....
2565 4389 2838 4447 sermone,
2898 4373 3027 4435 πεζῷ
3055 4373 3203 4436 λόγῳ,
3237 4374 3291 4428 id
3325 4381 3435 4441 est,
3493 4377 3752 4447 pedestri

2095 4463 2197 4501 seu
2229 4461 2405 4526 prosa
2432 4445 2729 4526 oratione;
2765 4451 2829 4526 at
2859 4447 3452 4526 oppppaturpoeticaa
3485 4445 3600 4526 seu
3640 4466 3747 4526 nu-

2095 4514 2274 4572 meris
2306 4517 2576 4580 astrictae,
2609 4532 2737 4587 qua:
2764 4514 2950 4587 ἔπφχόξ
2972 4515 3114 4577 λόγος
3145 4514 3465 4586 dicebatur,
3498 4519 3632 4575 Fuit
3664 4519 3742 4576 si-

335 4567 1168 4667 εειιεειαεχααφίιεετεηι,έίλῖςίη
1202 4599 1434 4667 ρίξδῃειω
1494 4567 1715 4667 peccati
1758 4567 1841 4640 ns
1871 4567 1984 4640 ei;
2014 4567 2062 4632 Ι)
2095 4567 3111 4667 assesassesgenaenerae
3133 4567 3745 4667 ῥβξιςῑοᾙιίτξεῗξςῑῑ-

335 4655 467 4710 dem
502 4655 712 4727 patrati
744 4657 1106 4727 afﬁrmarent
1134 4653 1369 4711 condita
1425 4653 1802 4727 postmodum
1857 4672 1982 4711 cor-

376 4725 592 4793 ora-{in
667 4744 750 4782 ua:
781 4733 1062 4799 tanquam
1091 4726 1150 4782 in
1195 4741 1458 4782 carceres
1515 4725 1979 4785 detruderentur.

333 4743 481 4853 flius
511 4798 570 4853 S.
604 4743 862 4853 ’lghomas
894 4803 1043 4853 part.
1079 4816 1118 4853 1.
1151 4801 1358 4853 cmest.
1391 4797 1482 4853 61.
1512 4801 1620 4852 art.
1654 4797 1710 4853 3.
1742 4805 1979 4853 senten-

386 4797 481 4853 inc
511 4798 570 4854 S.
604 4797 862 4871 Thomas
893 4797 1049 4871 part.
1079 4816 1118 4866 1,
1151 4801 1358 4870 quaest.
1391 4797 1482 4862 61,
1512 4801 1620 4871 art.
1654 4797 1710 4862 3,
1742 4805 1979 4871 senten-

333 4870 476 4940 tiam
510 4885 711 4925 eorum
755 4869 854 4940 qui
888 4867 1124 4940 angelos
1173 4867 1308 4925 cum
1341 4867 1562 4925 caeteris
1591 4869 1846 4940 universi
1877 4887 1978 4926 na-

334 4939 484 4995 turis
515 4944 739 4995 creatos
769 4939 1165 5007 defenderent,
1199 4958 1314 4996 non
1345 4945 1560 4995 certam
1594 4939 1693 4994 sed
1728 4943 1980 4996 tantum-

334 5012 509 5082 modo
539 5011 988 5082 probabiliorem
1020 5018 1204 5067 vocat.
1237 5011 1401 5066 Hunc
1430 5010 1602 5066 etiam
1631 5010 1978 5067 licebitcon-

333 5081 498 5136 sulas
531 5081 734 5152 cpusc.
756 5083 848 5148 23,
881 5099 995 5138 non
1027 5099 1195 5138 secus
1227 5098 1294 5138 ac
1324 5082 1464 5137 Sixt.
1494 5083 1840 5151 ‘Senensem,
1873 5082 1975 5140 lib.

332 5152 654 5208 vBiblioth.
693 5162 917 5210 sanctae.
953 5154 1150 5210 adnot.
1176 5155 1231 5209 5.

407 5223 482 5293 (3)
511 5223 597 5278 Ita
625 5224 761 5280 edit.
790 5228 900 5293 vet,
931 5241 1065 5280 cum
1097 5241 1241 5280 mss.
1279 5223 1530 5294 Remig.,
1554 5221 1758 5294 Long.,
1792 5222 1975 5293 Valc.,

331 5292 558 5368 Thuan.
585 5299 646 5368 rt
673 5295 812 5368 Reg.
857 5292 1033 5368 (Vat.
1061 5300 1255 5368 autem
1402 5292 1808 5368 fertexptosior
1862 5310 1977 5349 sero

332 5381 420 5420 mo
452 5385 475 5429 ;
503 5365 660 5450 CplbI.
694 5365 826 5450 vera
849 5371 905 5422 et
931 5366 1084 5450 .V‘ict;
1113 5385 1127 5450 ξ
1159 5367 1340 5450 Ιρξειγῃ
1368 5365 1611 5450 maxime
1637 5365 1839 5450 caelum
1869 5370 1976 5448 [ert

282 5505 290 5511 .
330 5452 507 5518 serata
534 5439 673 5508 foris
701 5438 812 5520 Sed
846 5438 987 5510 quid
1017 5438 1130 5520 sibi
1162 5434 1331 5493 vellet
1389 5434 1558 5503 illud,
1587 5451 1760 5492 sermo
1814 5434 1972 5518 [aria

331 5523 446 5563 nisi
483 5508 636 5571 forte
659 5507 753 5564 hic
781 5509 937 5565 idem
995 5514 1094 5574 sit,
1127 5525 1194 5565 ac
1247 5523 1439 5564 sermo
1493 5509 1842 5576 exterarum,
1897 5525 1973 5564 s1-

287 5590 289 5593 '
330 5593 397 5633 ve
429 5595 463 5634 a
488 5578 601 5654 ﬁde
631 5578 1152 5654 ali_enorum_,_put_a
1181 5577 1440 5654 Platonis
1469 5578 1717 5654 ejusque
1729 5583 1976 5636 sectato-

330 5666 485 5724 rami
517 5651 592 5724 de
618 5651 833 5722 quibus
864 5652 923 5709 in
949 5649 1050 5724 lib.
1083 5652 1148 5710 de
1203 5649 1500 5722 Abraham,
1533 5665 1658 5724 cap.
1691 5651 1746 5724 8,
1805 5667 1970 5710 num.

327 5722 421 5797 54,
452 5720 715 5798 Denique
751 5724 889 5784 edit.
951 5723 1143 5800 Rom.,
1201 5725 1308 5810 fert
1352 5720 1739 5807 quorumdam
1768 5737 1970 5798 ternio,

2093 4657 2281 4731 pturai
2313 4663 2506 4730 partes
2539 4657 2907 4731 maximeque
2938 4657 3282 4731 psalterium,
3316 4657 3379 4715 et
3401 4661 3602 4716 omnia
3631 4661 3748 4715 fer-

2093 4729 2186 4785 ine
2233 4729 2453 4784 Cantica
2509 4729 2775 4784 versibus
2815 4729 3111 4796 constare,
3169 4739 3229 4786 ut
3288 4732 3453 4786 docet
3503 4735 3746 4785 sanctus

2092 4801 2481 4873 Hieronymus
2529 4803 2864 4871 Prw/"ctione
2892 4805 2953 4856 in
2999 4804 3208 4858 librum
3262 4803 3404 4868 Job;
3467 4817 3570 4873 nec
3628 4815 3745 4854 non

2087 4872 2657 4943 Auctor'posterioris
2687 4873 2958 4944 Apologia:
3004 4874 3178 4929 David
3207 4873 3437 4944 videtur
3497 4872 3739 4929 innuere

2089 4959 2218 5014 cap.
2255 4960 2292 5007 1,
2328 4960 2489 4999 num.
2527 4944 2577 4999 ‘2.
2613 4943 2711 4998 ubi
2732 4943 3031 5010 ’Psatmum
3062 4962 3092 4999 1.
3121 4943 3474 5014 divinumrac
3496 4957 3740 5014 sacrum

2090 5012 2320 5068 carmen
2357 5017 2589 5069 vocitat.
2626 5019 2840 5069 Verum
2875 5031 3006 5069 cum
3064 5013 3196 5067 huic
3248 5013 3517 5085 opinioni,
3545 5012 3738 5085 refra-

2088 5090 2303 5211 gantur
2331 5086 2598 5142 nonnulli
2632 5087 3011 5146 recentiores,
3043 5086 3242 5156 planus
3270 5083 3468 5149 sermo,
3508 5083 3626 5138 sive
3653 5100 3747 5154 pe-

2129 5157 2302 5211 estris
2333 5160 2490 5211 sumi
2513 5159 2687 5211 etiam
2720 5162 2912 5211 potest
2943 5173 3042 5211 nro
3075 5155 3283 5210 humili
3336 5172 3402 5210 ac
3457 5154 3739 5211 demisso.

2129 5157 2688 5229 estrissumietiam
2712 5162 2912 5229 potest
2941 5154 3052 5229 pro
3075 5155 3283 5210 humili
3336 5172 3402 5229 ac
3457 5154 3739 5229 demisso,

2087 5233 2154 5282 ut
2184 5228 2364 5284 nobili
2397 5245 2464 5284 ac
2494 5224 2807 5299 magnifico
2860 5224 3208 5299 opponatur,
3236 5297 3245 5299 _
3272 5227 3370 5296 qui
3405 5224 3633 5281 solutus
3665 5226 3743 5299 li-

2087 5308 2198 5371 cet,
2229 5299 2492 5371 poeticus
2531 5297 2789 5371 tamen‘a
2848 5297 3044 5368 probis
3091 5297 3430 5371 naminatur
3482 5298 3738 5352 auctori-

2084 5367 2410 5426 bus.'Unde
2445 5367 2788 5441 Fabiuslib.
2820 5367 2876 5435 x,
2901 5384 3025 5440 cap.
3063 5386 3100 5429 1,
3132 5367 3392 5441 Platonis
3431 5375 3600 5441 negat
3635 5386 3735 5441 pe-

2083 5441 2336 5498 destrem
2368 5456 2495 5495 esse
2527 5440 2850 5511 orationem
2886 5457 2898 5506 ;
2930 5439 2989 5511 et
3031 5446 3137 5511 qui
3168 5439 3432 5495 Psalmos
3494 5439 3739 5496 Davidi-

2047 5512 2051 5516 ’
2084 5529 2182 5568 cos
2213 5511 2490 5570 carminis
2518 5508 2794 5586 vocabulo
2827 5508 3175 5583 insigniunt,
3209 5511 3578 5586 itaexplicari
3604 5530 3734 5586 pas-

2084 5591 2243 5659 sunt,
2277 5589 2341 5639 ut
2373 5597 2576 5638 eorum
2632 5579 3098 5659 dictionem‘non
3134 5587 3251 5640 tam
3284 5579 3546 5659 vinctam
3572 5579 3736 5659 p'edi-

2085 5652 2426 5735 bus,'quam
2470 5652 2773 5735 grandem,
2823 5653 3199 5735 patheticam,
3259 5661 3435 5735 atque
3478 5652 3739 5715 ad'can-

2083 5724 2212 5788 tum
2231 5724 2677 5789 accommodata
2706 5724 2841 5789 esse
2865 5725 3218 5806 signiﬁcent.
