4116 6188
507 320 622 382 96η

1967 313 2002 373 S
2077 307 2445 376 AMBHOSH

3729 325 3819 394 968

509 451 732 509 inimici
764 448 1014 518 objicere
1045 449 1380 518 potuerunt,
1423 446 1522 517 qui
1553 461 1688 500 cum
1749 451 1984 517 prOpter
2039 443 2151 502 alia
2177 447 2234 514 Α
2266 463 2479 518 ponam
2513 463 2689 519 super
2719 445 2915 503 sedem
2947 450 3110 504 tuam
3143 446 3310 517 (Psa-l.
3343 462 3520 517 cxxx',
3569 450 3662 518 ll),
3711 475 3730 501 υ
3776 455 3822 514 ιη

508 542 666 598 dicta
697 553 885 608 usque
915 536 987 592 ad
1020 551 1223 592 necem
1277 539 1416 592 sunt
1446 534 1756 608 persecuti.
1821 533 2014 590 Unum
2046 533 2154 588 Da-

506 627 623 685 niel
657 628 815 699 (Dan.
853 643 935 692 ιιι,
965 625 1080 696 52),
1121 641 1307 680 unum
1339 624 1609 680 Habacuc
1670 623 1892 695 (Habac.
1957 639 2040 689 111,
2072 625 2150 690 2).

503 715 783 774 Salomon
814 714 940 787 ipse
967 713 1148 769 David
1181 713 1359 780 ﬁlius,
1411 711 1549 770 licet
1605 712 1876 768 inumera
1928 710 2156 770 cantica

505 806 789 862 cecinisse
819 803 1066 868 dicatur,
1100 819 1280 858 unum
1315 806 1511 858 tamen
1569 799 1725 873 quod
1779 799 2036 858 Ecclesia
2063 815 2151 855 re-

505 895 747 970 ceperit,
777 893 1138 949 canticorum
1179 890 1483 946 Canticum
1517 889 1843 962 dereliquit.
1899 889 1964 944 In
2020 886 2152 944 aliis

451 975 453 978 ⁴
507 984 686 1056 igitur
716 979 949 1053 singula
973 981 1271 1037 advertere
1301 979 1453 1035 licet.

576 1076 629 1129 7.
663 1069 920 1126 Historia
941 1068 1204 1135 instzuit,
1238 1067 1331 1124 lex
1360 1069 1545 1137 docet,
1582 1067 1887 1140 prophetia
1929 1082 2150 1122 annun-

504 1161 634 1229 tiat,
667 1159 948 1231 correptio
979 1158 1246 1230 castigat,
1279 1156 1581 1213 moralitas
1613 1156 1821 1212 suadet
1856 1172 1868 1209 :
1911 1156 1969 1209 in
2003 1154 2150 1209 libro

505 1249 869 1306 Psalmorum
931 1247 1224 1319 profectus
1283 1252 1373 1302 est
1430 1245 1718 1313 omnium,
1757 1249 1818 1300 et
1861 1242 2152 1300 medicina

503 1339 773 1411 quaedam
797 1336 1005 1393 salutis
1035 1335 1326 1391 humana).
1369 1335 1710 1406 Quicunque
1765 1331 1990 1406 legerit,
2046 1332 2149 1388 ha-

504 1427 602 1484 bet
631 1443 746 1500 quo
776 1425 1023 1497 propriae
1055 1423 1297 1479 vulnera
1327 1423 1621 1494 passionis
1670 1421 1904 1493 speciali
1967 1419 2151 1492 possit

504 1533 708 1572 curare
739 1514 1016 1570 remedio.
1051 1513 1392 1583 Quicunque
1423 1528 1655 1567 cernere
1704 1508 1972 1579 voluerit,
2029 1514 2151 1564 tan-

472 1647 474 1650 μ
501 1622 681 1678 quam
713 1605 772 1661 in
803 1602 1102 1659 communi
1146 1601 1476 1657 animarum
1529 1598 1858 1672 gymnasio,
1889 1603 1946 1653 et
2003 1614 2148 1670 quo-

500 1697 637 1752 dam
660 1693 850 1750 stadio
867 1693 1151 1747 virtutum
1173 1690 1402 1745 diversa
1416 1705 1629 1761 genera
1649 1687 2040 1744 certaminum
2057 1703 2144 1742 re-

505 1785 735 1856 periens
759 1785 1102 1878 preparatus,
1123 1780 1180 1834 id
1215 1779 1325 1833 sibi
1348 1777 1542 1876 eligat,
1567 1778 1660 1833 cui
1683 1794 1743 1833 se
1766 1775 2148 1848 intelligitap-
2177 1813 2225 1878 Β

501 1872 731 1938 tiorem,
766 1885 881 1940 quo
919 1866 1146 1923 facilius
1176 1866 1475 1939 perveniat
1503 1866 1575 1920 ad
1635 1881 1932 1920 coronam.
1997 1864 2150 1919 740

503 1960 564 2015 Si
605 1957 738 2030 quis
769 1962 938 2030 gesta
966 1971 1295 2011 resceusere
1330 1955 1621 2025 majorum
1682 1954 1938 2019 studeat,
1973 1956 2148 2023 atque

499 2047 720 2105 imitari
749 2045 905 2111 velit,
940 2046 1096 2099 intra
1119 2061 1303 2099 unum
1336 2042 1635 2098 Psalmum
1660 2043 1824 2114 (Psal.
1875 2058 2082 2108 Lxxvu,
2113 2041 2148 2093 8

498 2141 549 2194 et
569 2137 701 2209 seq.)
735 2140 917 2192 totam
947 2142 1200 2206 paternis
1232 2131 1490 2188 historiae
1512 2131 1723 2186 seriem
1754 2130 1967 2203 accipit
1987 2145 2144 2186 com-

499 2227 847 2299 prehensam-
880 2241 893 2291 ;
928 2229 993 2278 ut
1047 2221 1393 2278 thesaurum
1441 2219 1735 2276 memoria:
1793 2218 2145 2292 compendio

498 2311 764 2370 lectionis
794 2309 1077 2382 acquirat.
1112 2308 1391 2364 Faciliora
1421 2323 1654 2378 quoque
1683 2305 1972 2376 videntur,
2017 2321 2145 2375 quae

499 2401 729 2457 brevius
751 2397 1131 2471 explicantur.
1153 2395 1299 2452 ιιιυά
1330 2395 1506 2451 etiam
1541 2398 1770 2467 quanta:
1795 2392 2141 2448 altitudinis.

498 2490 653 2562 quod
688 2488 844 2546 brevi
867 2485 1170 2542 intervallo
1206 2502 1218 2551 ;
1251 2485 1638 2540 olfensionum
1670 2484 1916 2539 adversa
1943 2472 2147 2538 distin-

497 2579 602 2645 xit,
633 2581 690 2633 et
721 2573 1209 2633 reconciliationis
1255 2573 1513 2628 secunda
1542 2571 1910 2639 substexuit;
1974 2573 2037 2626 ut
2066 2569 2144 2626 si-

498 2665 621 2722 mul
651 2679 1000 2738 cognoscere
1031 2661 1170 2734 quid
1221 2660 1650 2717 incredulitatis
1701 2661 1936 2716 obesset
1964 2659 2144 2714 oﬂ'en-

496 2772 584 2820 sa,
616 2753 757 2826 quid
789 2752 935 2808 ﬁdes
974 2754 1247 2823 prompta
1276 2750 1562 2804 conferret
1589 2749 1616 2801 ’ἔ
1646 2748 1708 2802 Si
1737 2747 1869 2819 quis
1901 2747 2014 2801 vim
2062 2744 2144 2801 le-

496 2844 587 2916 gis
616 2841 900 2913 explorat,
930 2857 1062 2912 quie
1089 2843 1211 2894 tota
1242 2839 1302 2893 in
1331 2836 1562 2893 vinculo
1583 2835 1887 2892 charitatis
1910 2838 2000 2891 est
2022 2834 2144 2906 (qui

496 2930 655 2987 enim
685 2928 880 3000 diligit
909 2928 1263 3000 proximum,
1297 2925 1486 2998 legem
1543 2923 1846 2996 implevit),
1880 2924 1938 2978 in
1987 2921 2144 2979 Psal-

500 3018 613 3076 mis
643 3017 797 3090 legat
826 3021 1045 3088 quanto
1078 3015 1409 3080 dilectionis
1438 3015 1647 3070 affectu
1679 3029 1784 3085 pro
1821 3011 1998 3068 totius
2028 3009 2145 3083 ple-

496 3108 589 3165 bis
620 3105 902 3179 oppobrio
933 3103 1285 3177 repellendo,
1321 3101 1597 3175 periculis
1627 3118 1690 3158 se
1719 3099 1999 3174 gravibus
2051 3116 2143 3154 so-

496 3197 589 3254 lus
618 3176 894 3267 objecerit
926 3212 941 3262 ;
974 3176 1032 3248 in
1065 3209 1180 3264 quo
1211 3209 1328 3247 non
1373 3191 1658 3262 imparem
1687 3189 1990 3246 charitatis
2020 3187 2145 3260 glo-
2171 3176 2217 3242 C

496 3286 648 3343 riam
690 3283 990 3354 triumpho
1023 3279 1254 3336 virtutis
1300 3283 1595 3350 agnoscet.
1655 3277 1712 3332 Si
1770 3277 1902 3350 quis
1958 3293 2146 3332 corre-

498 3374 766 3446 ptionum
797 3387 948 3427 saeva
975 3368 1272 3436 formidat,
1302 3367 1500 3424 audiet
1526 3367 1817 3423 dicentem
1851 3383 1864 3420 :
1897 3389 1924 3415 ‹‹
1958 3366 2151 3422 1)οωί-

499 3477 592 3527 ne,
625 3476 699 3516 ne
726 3460 782 3514 in
820 3459 905 3513 ira
934 3463 1031 3513 tua
1072 3473 1285 3529 arguas
1318 3473 1430 3520 me,
1464 3473 1655 3528 neque
1685 3455 1746 3510 in
1805 3456 1998 3510 furore
2047 3460 2146 3510 tuo

499 3548 783 3620 corripias
814 3563 908 3603 me
936 3546 1086 3602 Psal.
1118 3563 1196 3612 v1,
1225 3546 1281 3616 2)
1319 3563 1332 3613 ;
1378 3569 1407 3594 »
1438 3549 1495 3600 et
1524 3545 1712 3601 discat
1766 3544 2148 3616 quemadmo-

501 3639 642 3693 dum
675 3637 883 3692 dcbeat
913 3635 1046 3691 irati
1086 3633 1308 3706 judicis
1341 3639 1665 3706 temperare
1695 3649 2028 3690 censuram.
2089 3631 2150 3686 Si

501 3727 640 3797 quis
672 3723 962 3798 patientiae
1001 3739 1352 3796 cognoscere
1408 3724 1585 3795 gestit
1636 3720 1966 3793 exemplum
1999 3719 2152 3794 legat

507 3813 566 3870 in
628 3811 875 3869 Psalmis
909 3830 921 3867 :
959 3835 985 3861 ‹‹
1021 3811 1080 3868 Si
1113 3811 1338 3868 reddidi
1368 3809 1828 3867 retribuentibus
1859 3808 2005 3866 mihi
2035 3825 2155 3864 ma-

511 3901 569 3957 la
598 3902 769 3973 (Psal.
802 3917 903 3968 vn,
945 3901 1001 3968 5)
1037 3917 1050 3968 ;
1114 3921 1141 3948 »
1201 3905 1260 3955 et
1314 3899 1574 3954 advertat
1603 3896 1742 3969 quia
1796 3900 2150 3970 praeceptum

499 3989 912 4062 Evangelicum
943 3987 1154 4060 Spiritu
1186 3986 1466 4060 praevidit,
1500 3985 1712 4042 virtute
1742 3983 2152 4058 praevenit.Ha-

500 4079 603 4134 bes
633 4078 829 4149 itaque
860 4076 1006 4132 illud
1047 4073 1408 4148 proverbiale
1442 4092 1454 4130 :
1517 4096 1544 4124 ‹‹
1606 4073 1752 4139 Quia
1807 4077 2150 4132 mansuetus

500 4166 696 4233 homo,
729 4165 921 4222 cordis
953 4170 1044 4220 est
1073 4164 1336 4220 medicus
1359 4165 1544 4235 (Prov.
1579 4180 1694 4230 xw,
1727 4164 1836 4227 30).
1872 4184 1900 4214 ››
1935 4162 1993 4218 Si
2018 4161 2151 4234 quis

502 4261 778 4328 praeterea
803 4255 1081 4312 adversus
1109 4251 1378 4325 nequitia:
1409 4251 1694 4326 spiritalis
1723 4251 1996 4306 incursus
2025 4249 2153 4306 vult

501 4359 628 4399 esse
661 4343 949 4410 munitus,
976 4341 1114 4414 quid
1151 4342 1339 4414 magis
1391 4339 1547 4413 quod
1609 4338 1978 4412 psallendum
2038 4337 2150 4393 sibi

506 4448 636 4486 esse
676 4431 954 4487 noverit?
1013 4429 1306 4486 Psallebut
1368 4429 1544 4486 David
1595 4427 2040 4498 adolescentior,
2095 4431 2153 4482 et

2265 535 2516 592 Psalmis
2547 536 2748 608 itaque
2778 535 2946 593 nobis
2976 552 3094 592 non
3123 536 3318 592 solum
3368 536 3608 594 nascitur
3654 541 3823 608 Jesus;

2263 625 2366 680 sed
2397 624 2574 680 etiam
2604 623 2920 680 salutarem
2953 623 3116 680 illam
3167 625 3416 697 suscipit
3469 627 3694 698 corporis
3735 648 3830 703 pas.

2265 712 2511 781 sionem,
2543 713 2814 789 quiescit,
2847 713 3116 787 resurgit,
3149 714 3410 772 ascendit
3437 714 3505 771 ad
3545 715 3736 784 caelum,
3761 735 3826 778 se-

2263 802 2363 858 det
2393 804 2467 858 ad
2496 803 2789 859 dexteram
2829 802 3028 859 Pairis.
3061 802 3123 858 Id
3154 803 3308 875 quod
3357 820 3519 860 nemo
3571 821 3829 879 praesump-

2262 895 2418 946 serat
2447 891 2754 952 hominum
2785 891 2995 960 dicere,
3029 891 3136 947 hoc
3167 890 3326 948 solus
3365 892 3455 947 hic
3483 893 3735 965 Propheta
3762 912 3832 953 an-

2263 980 2573 1048 nuntiavit,
2605 984 2806 1054 postea
2835 979 2960 1052 ipse
2991 980 3273 1036 Dominus
3303 978 3362 1035 in
3395 979 3676 1054 Evangelio
3724 999 3832 1056 pra-

2261 1068 2474 1127 dicavit
2504 1068 2656 1139 (Luc.
2689 1085 2842 1135 xxrv,
2873 1069 2984 1139 44).

2331 1159 2384 1213 9.
2420 1157 2635 1215 Omnes
2666 1161 2943 1230 praeterea
2962 1145 3278 1230 scriptores
3311 1155 3653 1213 Psalmorum
3672 1159 3722 1214 in
3741 1159 3832 1230 suis

2259 1246 2496 1317 scriptis
2521 1244 2789 1317 exempla
2816 1251 3158 1318 posuerunt,
3191 1251 3293 1301 aut
3319 1244 3512 1318 aliqua
3537 1246 3676 1307 dicta
3708 1264 3830 1320 sape

2263 1335 2482 1392 riorum
2519 1353 2532 1391 :
2567 1333 2785 1390 Psalmi
2815 1333 2960 1390 nihil
2991 1338 3196 1407 praeter
3223 1334 3380 1407 quod
3410 1351 3575 1390 suum
3618 1340 3710 1402 est,
3757 1335 3829 1392 ha-

2259 1425 2416 1480 bent.
2448 1423 2597 1488 Quid
2629 1422 2808 1495 igitur
2838 1421 3069 1479 Psalmo
3112 1423 3333 1495 gratius
3364 1422 3392 1478 ?
3450 1422 3600 1480 Unde
3647 1423 3832 1496 pulchre

2258 1512 2383 1584 ipse
2413 1512 2591 1568 David
2627 1528 2640 1567 :
2673 1535 2700 1561 ‹‹
2739 1512 3015 1578 Laudate,
3049 1511 3259 1584 inquit,
3290 1511 3563 1582 quoniam
3591 1511 3750 1569 bonus
3770 1516 3832 1570 est

2263 1599 2528 1657 Psalmus
2562 1618 2574 1656 :
2607 1605 2722 1655 Deo
2752 1604 2950 1656 nostro
2980 1600 3058 1654 sit
3078 1600 3363 1672 jucunda,
3397 1600 3700 1672 decoraque
3743 1599 3832 1654 lau-

2259 1689 2413 1745 datio
2441 1690 2606 1762 (Psal.
2641 1706 2823 1755 CXLVI,
2856 1689 2932 1759 1).
2966 1711 2993 1738 ››
3027 1689 3096 1744 Et
3123 1706 3272 1755 vere,
3304 1688 3571 1750 Psalmus
3599 1689 3731 1744 enim
3764 1689 3832 1760 be-

2259 1777 2510 1834 nedictio
2542 1777 2740 1850 populi
2771 1781 2875 1839 est,
2908 1777 3009 1832 Dei
3041 1776 3189 1843 laus,
3224 1777 3412 1850 plebis
3444 1776 3698 1846 laudatio,
3719 1776 3835 1848 plau-

2259 1883 2362 1922 sus
2389 1867 2677 1934 omninm,
2711 1881 2904 1922 sermo
2959 1866 3392 1932 universorum,
3453 1883 3555 1934 vox
3606 1864 3832 1930 Ecclesia,

2259 1955 2393 2010 ﬁdei
2425 1971 2637 2014 canora
2667 1954 2977 2022 confessio,
3009 1953 3374 2012 auctoritatis
3433 1953 3598 2025 plena
3639 1953 3833 2018 devotio,

2257 2043 2546 2100 libertatis
2575 2042 2797 2110 laetitia,
2829 2042 3052 2102 clamor
3071 2042 3488 2114 j-ucunditatis,
3545 2040 3726 2100 laetitiis
3767 2057 3835 2097 re-

2261 2132 2518 2190 sultatio.
2550 2133 2637 2189 Ab
2669 2131 2973 2190 iracundia
3002 2131 3257 2202 mitigat,
3288 2147 3322 2186 a
3347 2129 3718 2198 sollicitudine
3761 2128 3837 2184 ab-

2256 2223 2434 2289 dicat,
2493 2239 2527 2277 a
2565 2237 2811 2278 mmrore
2839 2219 3069 2278 allevat.
3099 2220 3399 2276 Nocturna
3453 2236 3626 2288 arma,
3677 2218 3839 2273 diurna

2257 2309 2596 2383 magisteria
2626 2327 2638 2377 ;
2669 2312 2907 2373 scutum
2939 2307 3000 2364 in
3031 2307 3262 2374 timore,
3295 2308 3512 2372 festum
3568 2308 3622 2363 in
3673 2304 3838 2363 sancti-

2256 2401 2391 2465 tate,
2425 2398 2616 2470 imago
2647 2395 3115 2468 tranquilh'tatis,
3150 2396 3364 2469 pignus
3395 2395 3555 2469 pacis
3574 2400 3840 2468 atqueoon-

2261 2486 2475 2542 cordia:
2500 2485 2766 2558 ,citharae
2795 2485 2968 2552 modo
2997 2502 3066 2542 ex
3096 2485 3341 2544 diversis
3369 2491 3429 2541 et
3448 2484 3752 2558 disparibus
3772 2497 3842 2538 νο·

2255 2575 2422 2630 cibus
2478 2591 2658 2631 unam
2740 2573 3076 2646 exprimens
3133 2573 3509 2630 cantilenam.
3561 2573 3674 2630 Diei
3719 2575 3841 2626 ortus

2255 2662 2554 2720 Psalmum
2583 2661 2847 2730 resultat,
2880 2660 3180 2719 Psalmum
3213 2666 3454 2723 resonat
3483 2677 3722 2717 occasus.

2330 2755 2474 2808 741
2513 2751 2789 2808 Mulieres
2808 2750 3123 2823 Apostolus
3147 2751 3206 2806 iu
3252 2750 3517 2810 Ecclesia
3569 2756 3738 2808 tacere
3772 2748 3842 2818 ju-

2256 2842 2352 2896 bet
2379 2841 2476 2911 (6).
2510 2839 2809 2896 Psalmum
2841 2839 3017 2898 etiam
3050 2839 3196 2894 bene
3227 2836 3492 2902 clamant
3523 2855 3534 2894 :
3591 2837 3675 2898 hic
3722 2833 3842 2890 omni

2255 2928 2443 2986 dulcis
2469 2929 2646 2996 (stati,
2679 2928 2773 2984 hic
2815 2927 3046 3000 utrique
3076 2930 3248 2999 aptus
3277 2933 3370 2984 est
3401 2928 3584 2984 sexui.
3613 2926 3755 2984 Hunc
3778 2939 3842 2980 se-

2255 3034 2361 3072 nes
2390 3016 2582 3089 rigore
2609 3015 2926 3080 senectutis
2953 3016 3220 3088 deposito
3250 3021 3495 3084 canunt,
3556 3015 3695 3070 hunc
3733 3015 3844 3068 vete-

2257 3105 2381 3162 rani
2412 3104 2611 3162 tristes
2643 3104 2704 3160 in
2733 3103 2926 3160 cordis
2957 3104 3050 3159 sui
3099 3104 3476 3175 jucunditate
3531 3099 3844 3174 respondent.

2255 3193 2670 3266 huucjuvenes
2689 3194 2816 3249 sine
2839 3190 3734 3260 invidiacantantlasciviiemunc
3746 3187 3846 3244 ade

2257 3280 2541 3338 lescentes
2558 3282 2683 3337 sine
2700 3281 2933 3337 lubricas
2956 3280 3142 3338 astatis
3164 3282 3427 3354 periculo
3457 3286 3514 3338 et
3544 3279 3846 3338 testamento

2257 3371 2574 3428 concinuut
2615 3369 3289 3442 voluptatis,jvuvenculte
3321 3369 3464 3442 ipsa:
3495 3371 3616 3432 sine
3659 3367 3844 3438 dispen-

2258 3458 2354 3515 dio
2376 3457 2718 3516 matronalis
2737 3455 2996 3530 psallunt
3011 3457 3274 3530 pudoris,
3305 3457 3584 3530 puellula}
3603 3457 3715 3518 sine
3742 3464 3844 3526 91⁵0·

2259 3547 2526 3619 lapsione
2543 3547 2901 3604 verecundiae
2923 3564 3058 3604 cum
3080 3547 3399 3604 sobrietate
3419 3545 3710 3620 gravitatis
3726 3542 3847 3614 ἢχω-

2261 3653 2402 3694 num
2435 3635 2800 3705 Deo,intlexae
2826 3635 2983 3692 vocis
3013 3636 3297 3692 suavitate
3317 3636 3709 3702 modulantur.
3726 3629 3848 3696 Haec

2264 3729 2458 3782 tenere
2487 3725 2666 3798 gestit
2697 3724 2948 3796 pueritia
2975 3725 3074 3795 (Ἰ),
3102 3725 3257 3781 hunc
3289 3725 3564 3782 meditari
3594 3721 3777 3794 gaudet
3791 3717 3852 3770 in-

2261 3813 2462 3880 fantia,
2487 3830 2613 3884 quas
2644 3813 2898 3870 declinat
2933 3812 3211 3869 ediscere.
3263 3813 3473 3880 Ludus
3533 3811 3749 3885 quidam
3790 3803 3854 3870 εει

2262 3901 2368 3958 iste
2396 3900 2669 3956 doctrinae
2703 3901 2944 3978 majoris
2975 3902 3290 3972 profectus,
3325 3918 3511 3974 quam
3569 3916 3693 3955 cum
3741 3888 3855 3950 seris

2263 3989 2514 4046 traditur
2532 3988 2862 4061 disciplina.
2897 3989 3191 4054 Quantum
3224 3989 3531 4046 laboratur
3563 3990 3618 4044 in
3662 3977 3854 4040 ecclesia

2263 4084 2326 4134 ut
2355 4079 2456 4134 ﬁat
2483 4077 2808 4144 silentium,
2837 4094 2974 4134 cum
3004 4076 3284 4134 lectiones
3315 4077 3598 4151 leguntur
3626 4079 3646 4131 P
3670 4074 3718 4128 Si
3739 4081 3852 4132 unus

2259 4166 2556 4239 loQuatur,
2591 4167 2939 4239 obstrepunt
2974 4166 3229 4222 universi
3261 4168 3338 4237 (8)
3376 4185 3389 4234 ;
3449 4183 3584 4222 cum
3639 4159 3850 4226 Psalmi}:

2260 4255 2492 4328 legitur,
2551 4255 2676 4327 ipse
2751 4253 2863 4310 sibi
2931 4258 3018 4310 est
3082 4255 3318 4311 effector
3383 4253 3624 4311 silentii.
3685 4250 3851 4306 Omnes

2259 4345 2601 4417 loquuntur,
2633 4346 2691 4399 et
2716 4341 2918 4399 nullus
2945 4343 3250 4415 obstrepit.
3283 4342 3588 4400 Psalmum
3616 4354 3758 4412 reges
3792 4332 3848 4388 8i-

2261 4451 2331 4534 ne
2323 4431 2664 4534 “ictastatis
2694 4430 3010 4534 supercilio.
3037 4430 3347 4534 resultant.
3383 4433 3451 4488 In
3481 4432 3589 4490 hoc
3616 4421 3853 4534 se‘miniﬁl:

507 4519 702 4574 Saulis
733 4536 984 4591 nequam
1018 4518 1291 4591 spiritum
1339 4519 1596 4590 lugebat,
1631 4519 1732 4590 qui
1789 4534 1924 4572 eum
1983 4521 2152 4572 antea
2178 4543 2225 4607 D
2258 4510 2400 4579 teﬁo
2433 4521 2610 4576 David
2639 4520 2933 4593 gaudebat
2962 4519 3161 4576 videri,
3198 4519 3476 4578 Psalmus
3527 4521 3776 4584 causam!)
3799 4510 3850 4562 ab

513 4608 862 4681 stringebat.

576 4701 629 4753 8.
664 4696 744 4753 De
799 4696 1012 4752 virtute
1065 4701 1259 4752 autem
1321 4696 1638 4770 prophetiae
1691 4696 1828 4767 quid
1890 4694 2154 4765 loquar?

511 4786 675 4852 Quod
707 4785 804 4843 alii
838 4785 1335 4842 annuntiaverunt
1363 4801 1466 4857 per
1494 4785 1824 4856 enigmata,
1857 4783 1994 4839 huic
2041 4782 2150 4842 soli

503 4875 696 4949 palam
729 4879 904 4946 atque
935 4878 1133 4946 aperte
1182 4873 1409 4929 videtur
1465 4889 1592 4929 esse
1648 4873 2028 4944 promissum,
2087 4876 2153 4926 ut

452 4988 454 4991 ·
501 4965 786 5021 Dominus
841 4963 1015 5021 Jesus
1045 4981 1115 5018 ex
1159 4962 1285 5033 ejus
1317 4962 1541 5018 semine
1585 4965 1938 5018 nasceretur.
1999 4960 2154 5017 sicut

501 5053 646 5110 dixit
674 5055 746 5109 ad
779 5070 913 5110 eum
944 5052 1229 5110 Dominus
1261 5069 1277 5105 :
1339 5074 1367 5103 ‹‹
1400 5051 1480 5106 De
1540 5051 1731 5106 fructu
1789 5050 2006 5107 ventris
2065 5049 2150 5105 tui

569 5198 648 5265 (6)
677 5197 781 5254 Hic
811 5197 990 5254 tradit
1017 5194 1362 5252 Ambrosius
1393 5191 1740 5267 Apostolum
1773 5192 2150 5264 prohibuisse

499 5264 739 5340 quidem
768 5285 838 5324 ne
873 5270 928 5340 in
959 5267 1204 5340 ecclesia
1234 5264 1838 5340 docerent‘muliercs,
1873 5281 1988 5340 non
2039 5280 2149 5320 au-

498 5335 618 5410 tem
651 5357 720 5395 ne
776 5339 1108 5410 psallerent.
1164 5338 1232 5392 Et
1281 5353 1481 5410 revera
1510 5335 1670 5410 ipsas
1702 5335 2147 5410 sancti‘Praesu-

502 5409 572 5482 lis
603 5405 1056 5482 aetate—psalmos
1087 5415 1318 5466 cantare
1346 5409 1406 5464 in
1437 5405 1620 5464 sacris
1652 5405 2033 5482 conventibus
2054 5423 2148 5463 so-

499 5478 636 5534 litas
665 5477 824 5534 extra
852 5482 1101 5537 dubium
1135 5485 1260 5547 est;
1295 5486 1354 5536 et
1413 5497 1520 5537 nos
1578 5495 1684 5535 suo
1715 5477 1842 5534 loco
1901 5477 2148 5534 demon-

499 5549 840 5608 strabimus.

571 5620 648 5698 Π)
675 5620 827 5678 Εάίιο
861 5628 916 5678 θι
947 5623 1061 5678 duo
1094 5640 1262 5693 mss,
1304 5623 1459 5683 Hunc
1509 5627 1696 5685 terwra
1755 5621 1914 5694 gestit
1955 5623 2145 5695 pueri-

2259 4609 2732 4682 imperatoribus,
2758 4608 3052 4680 jubilatur
3079 4627 3113 4666 a
3142 4608 3399 4682 populis.
3431 4610 3662 4666 Certant
3686 4603 3850 4660 clama-

2260 4715 2322 4755 re
2351 4697 2566 4772 singuli
2597 4697 2753 4770 quod
2783 4697 3059 4754 omnibus
3102 4698 3349 4770 proiicit.
3409 4699 3582 4755 Domi
3635 4690 3852 4752 Psalmus

2259 4789 2506 4857 canitur,
2539 4787 2681 4847 foris
2731 4790 3083 4848 recensetur.
3118 4785 3255 4843 Sine
3312 4785 3516 4844 labore
3569 4778 3851 4858 percipitur.

2259 4893 2394 4931 cum
2423 4875 2716 4947 voluptate
2746 4878 3046 4944 servatur;
3072 4873 3344 4930 Psalmus
3361 4875 3708 4932 dissidentes
3724 4877 3853 4936 copu'

2259 4965 2360 5032 lat,
2421 4963 2720 5020 discordes
2785 4962 2990 5029 sociat,
3059 4963 3310 5020 offensos
3354 4961 3700 5021 reconciliet.
3747 4947 3850 5017 ouis

2258 5052 2414 5110 enim
2448 5070 2566 5109 non
2594 5051 2854 5108 remittat
2884 5051 2957 5120 ei,
2989 5068 3125 5108 cum
3169 5069 3285 5124 quo
3342 5069 3527 5108 unam
3583 5049 3652 5106 ad
3703 5045 3845 5102 Deum

2257 5197 2357 5252 tia.
2389 5192 2597 5250 Melius
2625 5191 2750 5258 alii,
2780 5159 2966 5250 tenere
3000 5210 3012 5248 :
3075 5191 3157 5247 ibi
3213 5192 3370 5248 enim
3429 5179 3847 5248 subaudiendum

2258 5267 2596 5338 memoriter,
2613 5263 2670 5319 id
2696 5269 2810 5338 est,
2837 5265 2976 5338 scire
2997 5261 3056 5318 ni
3079 5267 3409 5338 Oppugnatur
3430 5258 3687 5338 sequenti
3707 5262 3846 5338 9199'

2259 5322 2392 5420 bro,
2417 5337 2562 5394 hunc
2583 5322 2850 5392 'medita'ri
2876 5335 3008 5407 (hoc
3038 5322 3402 5407 est','discere)
3452 5322 3647 5406 gdudet
3696 5322 3844 5394 ιίιίωι·

2261 5418 2410 5551 ηιῖἒ)
2440 5478 2566 5536 Vet.
2599 5477 2739 5534 edit.
2773 5493 2907 5535 cum
2938 5477 3273 5551 mss._Reg.,
3301 5475 3555 5551 Colb,‘_et

2259 5531 2457 5635 ειὲᾆρίι
2487 5531 2760 5633 amicis.
2777 5531 3056 5615 manus
3072 5531 3402 5608 marcum
3435 5531 3584 5613 aliis,
3606 5531 3846 5610 θῡείνρυιδί

2260 5639 2523 5685 umveru.
