4078 6196
288 366 406 431 989

1446 367 1900 430 ENARRATIO
1939 369 2022 429 IN
2047 367 2442 432 'PSALMUM
2491 372 2540 430 l.

3581 359 3702 428 9’70

291 518 494 558 vocem
533 500 829 558 emiserit?
857 501 1132 574 Magnum
1156 501 1326 574 plane
1349 503 1594 558 tinitat'is
1617 501 1938 570 vinculum,
1971 510 2024 573 Α
2053 500 2164 558 rita
2194 500 2373 575 igitur
2400 504 2544 558 tanti
2576 493 2917 558 ministrum
2951 489 3212 557 muneris
3245 495 3532 556 Dominus
3573 500 3697 556 lau-

292 593 354 648 in
384 609 571 647 unum
597 592 839 647 chorum
862 592 1041 647 totius
1063 608 1375 647 numerum
1412 591 1597 664 plebis
1617 591 1797 646 coirel
1821 590 1944 646 Dis-

290 695 471 752 pares
501 679 734 735 citharis
767 679 926 735 nervi
957 684 1117 746 sunt,
1167 681 1265 736 sed
1313 697 1430 736 una
1483 679 1849 752 symphonia.
1879 680 1942 734 In

300 767 680 841 paucissimis
729 767 965 824 chordis
1013 775 1166 841 saepe
1212 773 1411 824 errant
1458 769 1627 842 digiti
1679 768 1943 836 artificis,

290 857 392 912 sed
425 857 485 912 in
519 855 734 928 populo
765 858 1014 929 spiritus
1063 858 1271 913 artifex
1321 859 1510 914 nescit
1537 874 1748 914 errare.
1785 855 1942 913 Psal-

293 961 427 1002 mus
459 947 730 1002 nocturni
761 947 954 1018 operis
986 948 1428 1014 commercium,
1466 947 1688 1003 diurna:
1721 945 1942 1018 requiei

290 1035 368 1106 (9)
383 1034 764 1106 stipendium,
796 1033 1089 1091 institutio
1116 1035 1941 1108 incipientium,perfectorum

291 1121 677 1178 conﬁrmatio.
709 1121 1065 1194 Angelorum
1119 1124 1541 1191 ministerium,
1575 1124 1784 1179 militia
1831 1140 1942 1178 cae-

291 1212 478 1277 lestis,
511 1211 704 1268 hostia
734 1212 1049 1288 spiritalis._
1074 1213 1371 1269 Psalmum
1421 1219 1480 1270 et
1527 1231 1666 1269 saxa
1703 1229 1941 1285 respon-

293 1301 433 1356 dent
464 1319 477 1356 :
512 1300 777 1372 psalmus
807 1301 1062 1368 canitur,
1093 1306 1148 1358 et
1179 1303 1306 1374 ipsa
1335 1303 1510 1359 etiam
1547 1319 1754 1358 saxosa
1805 1317 1942 1374 pec-

293 1395 422 1445 tora
479 1388 844 1444 molliuntur.
898 1389 1178 1445 Videmus
1236 1392 1373 1446 flere
1421 1390 1740 1462 praeduws,
1792 1391 1944 1446 {lecti

293 1479 808 1534 immisericordes.

369 1569 455 1622 10.
489 1567 684 1622 Certat
713 1566 771 1621 in
805 1567 1032 1638 psalmo
1063 1567 1330 1624 doctrina
1359 1584 1493 1623 cum
1526 1569 1713 1640 gratia
1743 1567 1942 1624 simul.

295 1658 572 1712 Cantatur
617 1655 688 1710 ad
735 1654 1203 1722 delectationem,
1253 1655 1500 1712 discitur
1547 1658 1616 1712 ad
1667 1657 1943 1712 eruditio-

295 1761 452 1801 nem.
485 1745 631 1799 Nam
662 1742 1010 1799 violentiora
1055 1749 1338 1816 pracepta
1381 1761 1496 1800 non
1545 1749 1890 1816 permanent
1931 1762 1943 1800 :

295 1835 451 1906 quod
482 1837 678 1888 autem
710 1850 843 1888 cum
876 1832 1161 1888 suavitate
1194 1834 1542 1905 perceperis,
1580 1834 1638 1888 id
1679 1834 1943 1889 infusum

2054 592 2202 647 dans
2233 591 2312 646 ait
2345 609 2357 646 :
2395 593 2590 647 Inveni
2621 593 2800 648 David
2831 592 3153 648 secundum
3187 607 3285 646 car
3316 603 3536 645 meum.

2125 680 2400 736 12.Aiunt
2429 680 2835 749 etiam,eorum
2868 679 2968 751 qui
3018 679 3242 735 cithara
3278 682 3500 734 canunt
3543 678 3702 750 peri-

2053 769 2233 825 tiores
2286 769 2445 824 intus
2491 787 2696 825 canere
2723 771 2855 841 (11),
2891 773 2956 824 ut
3005 769 3199 824 ferunt
3230 767 3444 824 fabulis
3483 767 3558 823 de
3601 769 3706 822 As-

2053 858 2263 928 pendio
2297 858 2628 926 citharista;
2671 875 2878 914 causas
2929 874 3162 929 quoque
3211 856 3704 925 modulaminum,

2052 950 2110 1001 et
2135 948 2403 1018 quaedam
2433 948 2688 1004 claustra
2719 947 3126 1019 rhythmorum
3150 947 3207 1000 in
3227 945 3525 1017 superiore
3541 948 3706 1018 parte

2053 1051 2182 1090 esse
2204 1035 2492 1108 psalterii.
2527 1039 2731 1093 Docuit
2759 1052 2896 1109 ergo
2927 1035 3106 1091 David
3138 1034 3300 1091 intus
3341 1051 3448 1090 nos
3496 1049 3704 1090 canere

2051 1127 2334 1194 oportere,
2370 1126 2530 1182 intus
2562 1124 2826 1198 psallere,
2861 1124 3359 1196 quemadmodum
3383 1120 3627 1178 canebat
3647 1123 3705 1177 et

2052 1210 2287 1280 Paulus,
2317 1215 2516 1270 dicens
2548 1232 2558 1269 :
2597 1239 2624 1265 «
2659 1215 2848 1270 Orabo
2879 1213 3109 1285 spiritu,
3144 1213 3321 1268 orabo
3360 1217 3416 1267 et
3464 1214 3697 1275 mente;

2054 1298 2301 1370 psallam
2325 1302 2558 1374 spiritu,
2591 1302 2840 1374 psallam
2873 1306 2930 1357 et
2959 1306 3155 1357 mente
3186 1302 3233 1372 (Ι
3261 1301 3519 1368 Cor.x1v,
3554 1300 3693 1367 15).»

2054 1391 2110 1442 et
2140 1389 2210 1443 ad
2243 1392 2610 1463 superiorum
2635 1391 2914 1446 intuitum
2935 1391 3112 1446 vitam
3136 1395 3396 1446 nostram
3419 1393 3702 1460 actusque

2056 1475 2325 1544 formare,
2361 1497 2430 1535 ne
2461 1481 2766 1536 delectatio
2809 1479 3137 1535 dulcedinis
3183 1479 3390 1534 excitet
3442 1478 3702 1549 carparis

2055 1566 2376 1637 passiones,
2412 1570 2629 1640 quibus
2662 1586 2775 1624 non
2808 1569 3116 1624 redimitur
3145 1573 3345 1624 nostra
3375 1567 3702 1635 anima,sed

2055 1657 2364 1724 gravatur;
2398 1673 2530 1711 cum
2581 1658 2652 1711 ad
2703 1657 3102 1728 redemptione
3149 1658 3356 1712 anima)
3389 1673 3506 1712 suae
3545 1655 3704 1728 psal-

2055 1739 2171 1796 lere
2225 1759 2288 1798 se
2341 1749 2584 1801 sanctus
2635 1745 2922 1816 Propheta
2978 1745 3384 1800 memoraverit
3429 1745 3630 1800 dicens
3689 1760 3704 1800 :

2057 1853 2082 1877 ‹‹
2120 1830 2371 1887 Psallam
2403 1833 2508 1888 tibi
2541 1834 2597 1888 in
2632 1834 2892 1906 cythara,
2924 1834 3177 1889 Sanctus
3225 1833 3403 1888 Israel
3438 1849 3450 1888 :
3486 1833 3708 1905 gaude-

295 1879 451 1906 ‘1“""“
482 1879 678 1888 “”“”“’“”’“
713 1879 843 1888 “’“’”“⁵·
876 1879 1160 1888 """""""""'
1194 1879 1542 1905 rv'vvrn'"!
1580 1879 1638 1888 "‘
1680 1879 1943 1889 ⁵⁵⁸““¹¹’“⁴“⁵⁶⁵
2120 1879 2371 1887 “⁷“““’”“⁸·
2407 1879 2508 1888 *⁵⁸η
2541 1879 2597 1888 ⁸⁵⁵
2634 1879 2690 1906 'J
2708 1879 2892 1900 “’⁵⁶“’⁵⁸“Ἷ
2925 1879 3177 1889 ’ν“’“⁶“¹’“’“’
3225 1879 3403 1888 ⁸⁵⁸⁸⁸⁸⁷·
3439 1879 3450 1888 '
3486 1879 3673 1905 D"“'"'

295 1920 478 1978 semel
528 1920 865 1992 praecordiis
913 1937 1029 1976 non
1079 1921 1380 1977 consuevit
1429 1921 1598 1977 elabi.
1637 1923 1799 2000 .Quid
1860 1926 1948 1977 est
1980 1879 2024 1943 Β
2059 1917 2200 1973 bant
2230 1919 2383 1976 labia
2409 1938 2540 1976 mea
2571 1939 2703 1977 eum
2738 1927 3044 1978 cantavero
3076 1922 3215 1990 tibi;
3249 1927 3307 1978 et
3337 1922 3534 1978 anima
3554 1937 3704 1988 mea,

297 2011 454 2083 quod
486 2026 600 2065 non
623 2009 726 2064 tibi
750 2014 1017 2064 occurrat
1038 2009 1296 2081 psalmos
1327 2010 1580 2083 legenti?
1611 2011 1672 2064 In
1706 2011 1797 2066 his
1818 2009 1946 2083 lego

295 2098 601 2155 Canticum
633 2114 736 2170 pro
767 2097 978 2153 dilecto
1000 2100 1170 2169 (Psal.
1203 2116 1352 2165 κων,
1386 2101 1461 2170 τί),
1497 2106 1552 2155 et
1582 2117 1757 2156 sacra:
1787 2100 1948 2155 desi-

295 2187 460 2244 derio
488 2186 790 2242 charitatis
819 2185 1174 2253 inﬂammor,
1205 2187 1266 2243 iu
1297 2188 1390 2244 his
1421 2189 1735 2244 toreularia
1764 2189 1946 2244 divini

295 2275 564 2349 mysterii
612 2290 959 2347 recognosco
991 2277 1161 2345 (Psal.
1193 2293 1316 2343 v11],
1357 2279 1376 2330 1
1416 2285 1467 2332 et
1503 2277 1697 2348 alibi);
1745 2277 1804 2332 in
1853 2277 1948 2333 his

299 2363 721 2421 revelationum
751 2365 1024 2436 gratiam,
1059 2366 1505 2422 resurrectionis
1545 2381 1815 2422 recenseo
1863 2370 1946 2420 te-

295 2453 605 2520 stimonia,
639 2453 1110 2524 repromissionis
1170 2470 1416 2510 munera
1469 2455 1638 2526 (Psal.
1701 2473 1753 2523 1.,
1809 2457 1843 2510 3
1899 2459 1951 2510 et

295 2541 475 2612 seq.);
523 2540 578 2595 in
627 2539 720 2596 his
765 2540 923 2596 disco
957 2541 1140 2597 vitare
1171 2545 1493 2613 peccatum,
1527 2543 1763 2598 dedisco
1797 2543 1947 2600 ’1Δῖ

297 2629 645 2686 erubescere
703 2629 1106 2701 pmnitentiam
1165 2630 1536 2686 delictorum.
1572 2633 1796 2686 Tantus
1828 2648 1947 2698 rex,

297 2722 501 2774 tantus
534 2717 812 2790 propheta
843 2735 950 2774 suo
983 2735 1075 2773 me
1106 2719 1437 2789 provocavit
1462 2719 1829 2792 exemplo,ut
1849 2725 1951 2775 aut

298 2807 686 2864 commissum
724 2807 994 2862 studeam
1039 2811 1349 2863 extenuare
1371 2811 1814 2878 peccatum,aut
1835 2825 1948 2863 non

299 2895 685 2953 commissum
717 2911 940 2952 cavere.

374 2987 459 3040 11.
485 2985 631 3052 Quid
664 2984 844 3057 igitur
873 2983 1160 3056 psalmus,
1193 2983 1307 3040 nisi
1338 2984 1621 3040 virtutum
1666 2991 1755 3041 est
1783 3001 1951 3056 orga-

297 3075 629 3146 num,quod
661 3073 845 3129 sancti
869 3071 1119 3144 Spiritus
1141 3071 1360 3146 plectro
1387 3090 1645 3145 pangens
1668 3074 1953 3147 Propheta

297 3162 668 3232 venerabilis,
701 3161 953 3218 cmlestis
985 3161 1212 3217 sonitus
1244 3162 1377 3217 fecit
1401 3161 1460 3216 in
1496 3164 1659 3218 terris
1689 3161 1952 3218 dulcedi-

2057 2023 2234 2077 quam
2283 2011 2587 2065 redemisti
2639 2013 2809 2082 (Psal.
2864 2029 2989 2078 Lxx,
3040 2013 3131 2077 22,
3179 2013 3291 2082 23).
3344 2033 3372 2061 »
3421 2012 3533 2067 Sed
3580 2011 3707 2080 jam

2055 2096 2267 2165 psalmi
2309 2099 2479 2155 istius
2530 2100 2628 2171 qui
2674 2101 3009 2173 propositus
3056 2105 3144 2156 est
3190 2100 3378 2167 nobis,
3410 2099 3708 2172 ingredia-

2059 2200 2194 2239 mur
2221 2187 2474 2242 exordia.

2129 2274 2214 2328 13.
2251 2276 2421 2345 (Vers.
2460 2277 2535 2346 1.)
2573 2300 2593 2325 α
2632 2277 2866 2344 Beatus,
2899 2277 3110 2350 inquit,
3140 2277 3227 2332 vir
3258 2278 3362 2349 qui
3401 2293 3515 2333 non
3561 2278 3705 2334 abiit

2059 2359 2115 2414 in
2150 2363 2391 2420 consilio
2419 2363 2757 2437 impiorum.
2788 2390 2814 2416 ι)
2842 2369 3027 2434 Quam
3058 2370 3471 2439 aptum,quam
3494 2383 3702 2439 oppor-
3764 2386 3766 2388 ν

2058 2452 2264 2505 tunum
2298 2452 2685 2525 principium!
2719 2455 2984 2526 Namque
3032 2460 3097 2510 ut
3145 2455 3184 2508 ii
3233 2456 3334 2527 qui
3365 2456 3570 2527 agonis
3599 2455 3704 2510 ali-

2058 2554 2232 2608 quam
2267 2540 2698 2598 solemnitatem
2728 2544 3055 2615 receperint
3083 2543 3708 2616 exhibe’ndam,propo—

2058 2643 2194 2682 nere
2225 2631 2531 2700 praemium
2566 2630 2773 2698 solent,
2800 2633 3023 2702 jactare
3052 2647 3278 2686 coronae
3317 2630 3705 2699 nobilitatem,

2062 2731 2176 2786 qua
2209 2719 2484 2773 certaturi
2507 2720 2703 2776 studio
2736 2721 2956 2791 majore
2986 2719 3350 2786 conveniant,
3383 2718 3516 2775 nisu
3557 2734 3708 2790 quo-

2061 2819 2172 2874 que
2215 2807 2592 2877 propensiore
2637 2808 2933 2864 decertent
2987 2826 2999 2862 :
3049 2808 3132 2863 ita
3181 2806 3466 2863 Dominus
3514 2809 3714 2862 noster

2060 2892 2233 2948 Jesus
2291 2896 2454 2966 regni
2512 2896 2766 2953 caelestis
2817 2896 3088 2970 gloriam,
3150 2900 3438 2969 perpetuae
3498 2896 3711 2969 quietis

2060 2982 2332 3051 gratiam,
2366 2984 2491 3039 vitae
2525 2990 2750 3040 aeternae
2777 2985 3199 3040 beatitudinem
3234 2986 3306 3040 ad
3335 2984 3568 3040 virtutis
3597 2984 3712 3039 hu-

2064 3086 2249 3125 manae
2283 3071 2564 3129 incentiva
2596 3075 2916 3146 proposuit.
2951 3075 3270 3146 Imperator
3317 3087 3550 3145 quoque
3576 3089 3709 3130 cum

2062 3161 2432 3231 progreditur
2493 3164 2564 3219 ad
2613 3163 3216 3230 bellum,donativum
3275 3163 3449 3217 militi
3483 3165 3618 3234 (12),
3652 3167 3710 3218 et

299 3268 441 3310 nem
491 3251 817 3308 resultare?
846 3249 1034 3307 Simul
1074 3267 1207 3305 cum
1238 3249 1336 3306 ille
1365 3250 1424 3305 in
1454 3251 1668 3306 fidibus
1700 3256 1757 3307 et
1787 3251 1954 3307 chor-
1986 3244 2028 3311 C
2062 3251 2455 3319 promotiones
2486 3251 2839 3324 dignitatum
2869 3252 2929 3306 in
2962 3252 3224 3307 numeris
3253 3253 3402 3308 748
3434 3251 3710 3307 militari-

302 3340 418 3409 dis,
470 3340 580 3396 hoc
627 3344 714 3395 est
761 3341 820 3394 in
867 3338 1130 3410 reliquiis
1175 3339 1422 3394 mortuis
1454 3339 1812 3395 diversarum
1853 3357 1956 3396 vo-

303 3446 444 3486 cum
480 3427 815 3484 modulatus
845 3427 1206 3495 discrimina,
1235 3426 1441 3482 divinae
1483 3426 1835 3484 laudationis
1884 3429 1956 3486 ad

305 3516 570 3574 caelestia
600 3516 873 3589 dirigeret
903 3515 1252 3570 cantilenam
1279 3533 1292 3582 ;
1330 3514 1525 3570 docuit
1556 3515 1755 3588 utique
1794 3517 1959 3589 prius

308 3605 485 3661 nobis
516 3609 751 3677 peccato
782 3621 910 3660 esse
942 3604 1334 3671 moriendum,
1366 3608 1421 3658 et
1451 3610 1590 3659 tunc
1623 3604 1860 3661 demum
1897 3606 1956 3660 in

302 3695 419 3750 hoc
451 3710 690 3766 corpore
722 3694 950 3749 diversa
970 3709 1145 3765 Opera
1166 3691 1631 3749 discriminanda
1649 3694 1955 3759 virtutum,

301 3783 524 3856 quibus
557 3783 628 3837 ad
659 3781 975 3838 Dominum
1007 3780 1336 3836 devotionis
1368 3785 1578 3836 nostra:
1610 3782 1799 3854 gratia
1830 3799 1957 3854 per-

293 3872 524 3928 Veniret
599 3871 735 3943 (10),
793 3874 858 3925 ut
903 3869 1202 3942 occupatis
1260 3869 1578 3924 intentione
1636 3869 1958 3927 caelestium

297 3960 467 4016 nulla
495 3960 774 4032 irreperet
797 3964 1164 4015 terrenarum
1213 3957 1401 4013 libido
1449 3957 1746 4027 vitiorum,
1782 3960 1958 4016 simul

299 4051 544 4105 animus
593 4048 846 4104 caelestis
894 4049 1094 4122 gratias
1149 4047 1433 4103 suavitate
1487 4047 1814 4105 mitesceret.
1851 4049 1962 4105 Me-

379 4164 578 4246 (9)1ta
607 4164 747 4246 edit.
795 4169 905 4246 vet.
949 4180 1020 4246 ac
1071 4180 1215 4246 mss.
1270 4179 1494 4246 omnes.
1536 4164 1715 4246 .Rom.
1766 4169 1960 4246 autem

303 4234 511 4308 ediit.,
539 4236 765 4308 pararis
811 4235 1095 4301 solatium,
1128 4234 1318 4308 diurni
1366 4234 1570 4290 laboris
1620 4237 1850 4308 requies.
1895 4237 1964 4292 Et

307 4315 453 4362 sane
483 4304 940 4377 Basilius,quem
974 4310 1214 4377 sanctus
1244 4304 1338 4377 hic
1364 4309 1560 4360 noster
1582 4304 1809 4361 videtur
1835 4307 1964 4362 imi-

303 4383 488 4444 tatus,
521 4377 679 4432 hom.
724 4375 801 4431 in‘
833 4377 986 4432 Psal.
1035 4394 1052 4430 1
1097 4376 1218 4431 haec
1249 4375 1426 4430 habet
1458 4393 1470 4431 :
1506 4383 1697 4448 ψαλμός
1728 4384 1880 4433 ὅπλον
1912 4384 1962 4433 ἓν

306 4456 474 4521 φόβῳς
545 4458 852 4521 νυκτερινοῖς,
937 4455 1206 4521 ἀνάπαυςις
1260 4453 1446 4521 -ῃᾴπων
1523 4455 1786 4520 ἡμερινῶν.
1849 4449 1961 4504 Sed

307 4517 461 4575 nihil
510 4524 666 4575 vetat
696 4517 1091 4574 'Ambrosium
1141 4517 1339 4574 Basilii
1388 4517 1569 4574 voces
1612 4517 1678 4574 ac
1728 4525 1960 4575 senten-

308 4589 425 4647 tias
500 4607 618 4647 non
687 4589 994 4660 serviliter,
1061 4591 1162 4645 sed
1230 4587 1495 4654 liberius,
1564 4596 1620 4644 et
1686 4591 1830 4646 forte
1896 4607 1964 4646 ex

308 4661 598 4743 memoria
653 4661 1026 4743 reddidisse;
1063 4661 1281 4743 Neque
1329 4660 1504 4743 etiam
1580 4660 1751 4716 aliter
1817 4662 1972 4718 idem

309 4734 585 4788 imitatus
643 4736 732 4787 est
791 4731 936 4787 illud
987 4731 1209 4797 Basilii,
1259 4737 1450 4802 ψαλμὸς
1498 4740 1554 4786 τὸ
1609 4742 1708 4786 τῶν
1755 4740 1976 4802 ἀγγέλων

310 4805 478 4868 ῐργον,
536 4805 594 4852 τὸ
641 4803 868 4867 οὐράνιον
908 4802 1196 4864 πολίτευμα,
1243 4802 1300 4848 τὸ
1347 4804 1674 4862 πνευματικὸν
1742 4802 1974 4866 Θυμίαμα,

313 4880 427 4931 etc.

387 4945 503 5086 ξω)
536 4944 674 5001 Mss.
710 4945 846 5013 duo,
880 4945 1093 5000 devotio
1127 4949 1326 5000 nostra:
1349 4947 1550 5014 gratia?
1574 4947 1901 5018 perveniret.

407 5017 471 5086 11
533 5017 823 5072 Asconius
854 5016 1140 5083 Praedian,
1177 5016 1235 5070 in
1270 5020 1394 5070 Act.
1430 5017 1463 5070 3
1507 5017 1618 5072 Cic.
1653 5017 1708 5070 in
1739 5017 1901 5072 Verre

415 5016 500 5083 11)
533 5017 823 5072 Asconius
854 5016 1140 5083 Praedian,
1177 5016 1235 5070 in
1270 5020 1394 5070 Act.
1430 5017 1463 5070 3
1507 5016 1618 5072 Cic.
1653 5017 1708 5070 in
1739 5017 1975 5072 Verrem

311 5085 458 5159 quid
484 5085 571 5159 sit
601 5090 749 5143 intus
778 5104 994 5153 canere,
1029 5086 1285 5158 exponit,
1315 5087 1601 5159 docetque
1644 5087 1796 5142 idem
1851 5104 1979 5143 esse

319 5157 390 5214 ac
418 5157 545 5214 sola
575 5159 815 5216 sinistra
844 5160 991 5214 fides
1021 5157 1278 5230 carpere,
1309 5158 1392 5230 ita
1423 5162 1486 5212 ut
1506 5157 1696 5215 sonus
1745 5163 1976 5214 tantum

320 5231 395 5286 ad
429 5230 728 5302 proximos
758 5231 1061 5303 perveniat
1083 5249 1095 5286 :
1123 5229 1256 5303 cum
1290 5229 1743 5303 citharoedorum
1764 5229 1978 5303 vulgus

312 5301 620 5374 dexteram
639 5303 710 5357 ad
735 5301 968 5358 easdem
991 5301 1135 5357 ﬁdes
1153 5302 1370 5374 plectro
1389 5302 1799 5374 percutiendas
1820 5301 1980 5357 adhi-

312 5373 874 5446 beat._Aspendium
905 5381 1100 5430 autem
1148 5372 1526 5446 fcitharistam
1582 5372 1690 5446 hac
1737 5373 1801 5446 in
1858 5376 1981 5428 arte

315 5442 688 5518 excelluisse.
724 5446 906 5518 Porro
931 5444 1262 5518 Aspendius
1295 5444 1592 5518 Stephano
1643 5444 1845 5500 civitas
1879 5448 1983 5518 est

314 5515 849 5598 inn-Paymphl'lia:
891 5515 1121 5598 Vidésis
1169 5517 1298 5598 Era.
1352 5515 1412 5568 in
1461 5515 1626 5572 Prov.
1677 5515 1982 5587 Aspendius

315 5535 376 5570 1n
436 5535 833 5598 raympn'na.
901 5535 1121 5572 VlﬂGSlS
1172 5535 1298 5597 lyra.
1352 5535 1412 5568 in
1461 5535 1626 5572 I’I'OV.
1677 5535 1979 5587 Αδρθληαηω

315 5587 633 5643 citharista.
692 5535 852 5652 δυοά
904 5593 1102 5645 autem
1155 5591 1236 5642 ait
1289 5601 1301 5639 :
1353 5602 1547 5642 causas
1611 5602 1821 5658 quoque
1861 5603 1979 5644 mu-

315 5658 692 5730 d'ulamz'num,
726 5665 834 5716 etc.
868 5659 924 5716 id
958 5659 1267 5716 manifeste
1315 5662 1618 5730 sumptum
1673 5657 1904 5716 videtur
1953 5676 1984 5717 e

312 5729 634 5794 Basilianis
681 5730 798 5789 illis
846 5750 858 5789 :
905 5741 970 5792 Τὸ
999 5738 1274 5807 ψαλτήριον
1307 5736 1358 5789 δι
1389 5729 1533 5794 τοῦτο
1561 5740 1662 5792 τῶν
1703 5738 1986 5811 ἁρμονικῶν

651 5859 917 5925 Parnm.
962 5858 1100 5928 XIV

2065 3337 2175 3392 bus
2207 3338 2528 3409 pollicetur,
2562 3347 2626 3396 ut
2664 3358 2796 3412 spes
2845 3341 3138 3397 commodi
3185 3340 3412 3395 furetur
3455 3341 3706 3410 labores,

2065 3430 2122 3480 et
2170 3431 2396 3482 metum
2444 3431 2765 3485 abscondat
2814 3429 3078 3501 periculi.
3114 3428 3282 3485 Velut
3312 3445 3496 3500 prisco
3527 3429 3710 3502 igitur

2067 3516 2264 3586 magni
2296 3515 2667 3588 imperatoris
2698 3522 2935 3574 sanctus
2963 3519 3144 3574 David
3176 3519 3449 3574 hortatur
3470 3518 3708 3587 milites,

2068 3602 2316 3659 athletas
2364 3611 2546 3669 vocat,
2582 3607 2889 3677 prmmium
2931 3608 3205 3678 exprimit
3235 3607 3478 3663 dicens:
3519 3630 3546 3658 ‹‹
3580 3609 3719 3664 Bea-

2069 3695 2164 3746 tus
2187 3691 2272 3745 vir
2300 3692 2399 3762 qui
2432 3711 2547 3749 non
2577 3693 2722 3749 abiit
2753 3695 2810 3748 in
2846 3695 3094 3750 concilio
3127 3695 3557 3767 impiorum.»A
3579 3713 3724 3768 pre-

2070 3779 2185 3834 mio
2219 3780 2408 3850 cmpit,
2447 3787 2510 3836 ut
2537 3783 2767 3853 pondus
2810 3783 2992 3838 futuri
3047 3782 3388 3839 certaminis
3436 3784 3723 3852 elevaret;

2071 3868 2397 3922 mercedem
2432 3870 2735 3940 praemisit,
2763 3875 2826 3926 ut
2872 3869 3305 3940 unusquisque,
3341 3871 3725 3941 praesentium

2070 3973 2265 4011 rerum
2298 3956 2728 4015 sollicitudines
2777 3975 2846 4014 ac
2894 3957 3124 4014 labores
3155 3957 3329 4013 corde
3369 3957 3724 4026 transiliens,

2071 4045 2141 4098 ad
2176 4045 2550 4101 emerendam
2574 4047 2998 4103 beatitudinem
3028 4047 3361 4102 futurorum
3383 4046 3551 4103 avida
3572 4046 3728 4103 festi-

2072 4158 2264 4221 ῥυθμῶν
2303 4159 2487 4208 ἄνωθεν
2536 4162 2639 4226 ἔχει
2684 4165 2768 4220 τὰς
2814 4162 3054 4226 ἀφορμὰς,
3088 4162 3170 4209 ἵνα
3213 4163 3295 4209 καὶ
3339 4161 3476 4223 ἡμεῖς
3519 4164 3579 4210 τὰ
3628 4163 3728 4209 ἄνω

2073 4231 2231 4288 ζητεῖν
2261 4230 2561 4294 μελετῶμεν,
2594 4236 2675 4280 καὶ
2706 4237 2776 4296 μὴ
2803 4232 2866 4295 τῇ
2896 4233 3052 4296 ἡδονῇ
3089 4236 3175 4281 τοῦ
3217 4232 3394 4295 μέλους
3434 4233 3511 4280 ἐπὶ
3547 4236 3606 4281 τὰ
3644 4236 3730 4294 τῆς

2073 4302 2251 4364 σαρκὸς
2283 4303 2412 4362 πάθη
2442 4304 2841 4367 καταφερώμεθα.

2147 4371 2564 4448 (i2)_(_)bservat
2593 4376 2643 4429 J.
2683 4375 2938 4448 Lipsius
2966 4374 3067 4448 lib.
3116 4392 3158 4448 κζ
3197 4377 3272 4430 Dc
3302 4377 3508 4431 militia
3553 4379 3730 4448 Rom.,

2077 4443 2218 4517 dial.
2256 4445 2340 4509 16,
2367 4445 2622 4517 amplius
2657 4443 2769 4517 ccc'
2806 4446 2976 4500 annis
3025 4446 3080 4500 in
3134 4445 3273 4517 Rep.
3311 4448 3477 4502 Rom.
3511 4443 3732 4504 milites

2085 4515 2210 4588 suis
2243 4515 2578 4587 sumptibus
2629 4516 2756 4572 sine
2801 4517 3037 4588 publica
3088 4515 3380 4588 stipendia
3428 4519 3735 4577 militasse.

2087 4585 2302 4660 Verum
2355 4585 2557 4658 postea
2606 4604 2722 4642 non
2771 4585 3060 4660 stipendia
3109 4585 3327 4658 solum,
3363 4592 3463 4646 sed
3493 4595 3550 4646 et
3576 4591 3737 4647 varia

2088 4658 2466 4733 praemiorum
2495 4658 2939 4733 generacorum
2970 4661 3242 4716 acuendis
3293 4661 3490 4716 virtuti
3523 4679 3738 4733 propo-

2088 4730 2203 4802 sita
2233 4732 2391 4783 sunt.
2430 4729 2614 4784 ln’his
2646 4729 2754 4784 fuit
2783 4733 3130 4799 Donah’zmm,
3181 4732 3236 4786 id
3282 4738 3392 4798 est,
3427 4729 3735 4802 imperato-

2090 4800 2168 4855 ris
2199 4816 2418 4873 munus
2452 4802 2608 4873 quod
2638 4802 2925 4858 militibus
2974 4803 3214 4867 viritim,
3249 4804 3398 4856 sicut
3428 4808 3483 4856 et
3511 4800 3737 4857 civibus

2091 4871 2888 4944 congiariumdividebatur.
2923 4874 3179 4929 Fuerunt
3227 4874 3400 4927 etiam
3443 4873 3739 4944 promotio-

2088 4958 2204 5011 nes,
2239 4959 2371 5015 cum
2407 4943 2540 5015 quis
2573 4944 2804 5000 virtutis
2835 4962 3013 5002 causa
3056 4946 3128 5000 ad
3177 4943 3458 5014 majorem
3488 4945 3737 5015 gradum

2085 5014 2527 5138 1aianmebaiur.
2554 5015 2697 5072 Hinc
2730 5017 3000 5074 Lucanus
3031 5017 3101 5072 de
3132 5015 3324 5070 Scaeva
3353 5014 3596 5072 Caesaris
3630 5015 3740 5071 mi-

2109 5103 2124 5138 1
2159 5102 2186 5138 e
2218 5102 2230 5138 :

2109 5085 2186 5141 ite
2218 5102 2230 5140 :

2908 5185 2983 5234 lbi
3013 5185 3273 5248 sanguine
3307 5183 3473 5233 multo

2215 5246 2498 5297 Promotus
2529 5248 2703 5297 latium
2735 5247 2893 5311 longe
2923 5247 3058 5310 gerit
3081 5246 3268 5297 ordine
3296 5247 3480 5296 vitem.

2089 5371 2253 5444 Apud
2305 5370 2549 5444 Graecos
2581 5382 3120 5444 quoque__1:paporog
3158 5369 3478 5444 dicebatur,
3529 5371 3630 5442 qui
3676 5387 3744 5428 ea

2089 5441 2314 5498 ratione
2347 5444 2414 5497 ad
2450 5441 2764 5514 militarem
2799 5441 3145 5514 dignitatem
3181 5441 3388 5514 luisset
3416 5441 3740 5514 cooptatus,

2091 5520 2156 5569 ut
2203 5515 2360 5569 idem
2413 5513 2647 5584 Lipsius
2695 5512 2876 5567 tradit
2923 5512 3024 5568 lib.
3061 5531 3119 5568 11.
3155 5513 3291 5568 dial.
3325 5515 3377 5567 8.
3411 5512 3606 5570 Sed—et
3635 5514 3745 5568 hoc

2090 5585 2218 5658 ipso
2268 5585 2394 5651 lib.,
2429 5583 2568 5658 dial.
2604 5585 2656 5658 li,
2684 5584 2810 5658 jam
2864 5584 3156 5658 docuerat,
3184 5584 3746 5658 numeroarinferiori

2093 5655 2209 5712 evo
2259 5660 2382 5732 tum
2433 5655 2505 5732 de
2554 5655 2917 5728 cohortibus,
2953 5661 3078 5714 tum
3129 5657 3201 5715 de
3248 5655 3578 5732 legionibus
3628 5657 3747 5713 fre-

2095 5732 2342 5806 quenter
2368 5725 2502 5804 legi.

3336 5855 3417 5937 31,
