4078 6196
509 351 625 415 974

1973 349 2039 411 8.
2083 349 2158 411 Al

2268 347 2460 412 aosn
2770 322 2779 327 “
3091 378 3099 384 -
3721 352 3813 418 972

512 483 744 542 natione
774 476 1663 553 contenderet.«Beatus,inquit,
1684 481 1829 537 vir.»
1856 481 2002 547 Quid
2024 481 2158 555 plus
2185 483 2241 550 Α
2272 482 2351 538 ris
2382 480 2744 549 salubritate,
2777 478 2835 541 id
2868 477 3083 552 quibus
3104 474 3253 534 nihil
3282 478 3488 533 naturae
3510 482 3587 535 est
3619 480 3813 555 bonum;

509 570 709 646 potuit'
729 569 958 626 homini
987 570 1319 643 dari,quam
1353 587 1467 643 quo
1500 569 1643 625 nihil
1677 570 1931 644 amplius
1972 571 2161 642 potuit

508 661 626 718 Deo
675 659 1010 733 Apostolica
1056 659 1401 716 auctoritate
1447 659 1679 715 deferri.
1722 661 1932 717 Beatus
1978 660 2156 729 enim,

510 754 569 807 et
596 747 760 808 solus
786 753 1079 823 potens,et
1097 766 1195 805 rex
1215 753 1546 821 regnum,et
1567 749 1846 805 Dominus
1858 749 2161 805 dominan-

513 838 665 897 tium
694 837 847 895 Deus
872 837 1064 894 dictus
1093 841 1182 893 est
1211 837 1259 908 (I
1288 839 1419 892 Tim.
1448 854 1525 904 v1,
1562 837 1667 907 15).
1702 836 1801 893 Ille
1843 837 2004 894 solus
2058 854 2160 909 po-

515 932 668 995 tens,
704 926 801 982 ille
831 926 949 982 Rex
979 940 1207 998 regum,
1238 924 1336 981 ille
1378 924 1663 981 Dominus
1706 926 2157 993 dominantium,

508 1012 895 1085 beatitudinis
922 1017 1120 1071 tamen
1153 1031 1269 1071 non
1301 1014 1743 1086 supergreditur
1785 1018 2156 1086 potestatem.

514 1101 759 1160 Donavit
788 1102 957 1159 nobis
985 1101 1395 1175 appellationis
1425 1103 1554 1173 ejus
1584 1119 1895 1158 commune
1924 1119 2161 1159 consero

514 1191 688 1263 tium,
717 1207 845 1265 qua
876 1191 1056 1265 digna
1078 1191 1366 1248 mstimata
1388 1195 1477 1247 est
1504 1191 1723 1248 honore
1749 1192 1963 1247 divino.

588 1299 675 1354 14.
729 1298 1180 1355 Consideremus
1233 1315 1387 1353 nunc
1435 1315 1552 1370 qua
1604 1299 1847 1365 ratione,
1882 1322 1910 1348 ‹‹
1952 1302 2161 1355 Beatus

513 1387 622 1455 vir,
656 1407 685 1436 ››
713 1386 923 1443 dixerit
954 1403 967 1442 :
1001 1391 1058 1443 et
1103 1403 1219 1443 non
1268 1387 1481 1460 magis,
1512 1388 1666 1443 beati
1710 1387 1998 1455 homines,
2029 1404 2163 1443 cum

516 1480 763 1547 uterque
793 1491 967 1531 sexus
990 1479 1229 1531 vocetur
1257 1476 1329 1532 ad
1361 1476 1938 1548 gratiam.Numquid
1969 1494 2001 1531 a
2026 1493 2164 1532 con-

513 1564 693 1621 sortio
737 1563 1118 1621 beatitudinis
1166 1564 1412 1621 exclusit
1462 1564 1759 1636 mulieres,
1794 1565 1932 1637 quia
1974 1566 2161 1620 virum

515 1653 708 1710 solum
739 1654 977 1709 beatum
1012 1654 1406 1726 nuncupavit?
1437 1654 1633 1723 Absit;
1666 1654 1805 1725 quia
1828 1671 1931 1709 nec
1964 1671 1997 1710 a
2026 1670 2162 1708 con-

472 1768 475 1773 -
515 1744 693 1798 sortio
726 1746 1002 1797 creaturae
1032 1742 1278 1798 exclusit
1326 1746 1476 1798 Deus
1528 1743 1795 1813 feminas,
1829 1744 1968 1815 quia
1998 1743 2162 1815 prius

514 1832 705 1887 virum
738 1830 1177 1886 condidit.Dixit
1223 1830 1379 1886 enim
1430 1836 1581 1885 Deus
1615 1850 1626 1885 ε
1662 1854 1687 1880 ‹‹
1726 1831 2029 1886 Faciamus
2061 1831 2162 1885 ho-
2195 1853 2240 1917 Β

515 1920 737 1975 minem
762 1919 1088 1974 secundum
1118 1919 1433 1992 imaginem
1467 1925 1810 1986 nostram,et
1834 1921 2158 1975 secundum

514 2005 966 2077 similitudinem
998 2012 1327 2063 nostram...
1362 2008 1429 2063 Et
1461 2008 1614 2074 fecit,
1646 2008 1858 2079 inquit,
1888 2009 2041 2064 Deus
2062 2008 2165 2063 ho-

515 2095 756 2164 minem,
791 2096 865 2151 ad
896 2095 1211 2168 imaginem
1262 2096 1361 2151 Dei
1412 2098 1547 2152 fecit
1586 2096 1776 2163 illum,
1832 2097 2161 2152 masculum

514 2189 571 2241 et
599 2185 879 2241 feminam
911 2184 1049 2240 fecit
1078 2200 1177 2241 eos
1206 2185 1358 2257 (Gen.
1394 2203 1432 2251 1,
1465 2187 1554 2251 26,
1588 2186 1699 2256 27).
1738 2208 1765 2234 υ
1817 2188 1875 2240 In
1925 2187 2163 2241 homine

516 2276 764 2345 uterque
809 2273 1122 2346 signatur:
1156 2273 1215 2327 in
1262 2273 1385 2328 viro
1434 2290 1607 2329 sexus
1652 2274 2016 2345 exprimitur.
2050 2274 2161 2329 Sed

516 2357 1016 2435 quemadmodum
1048 2378 1182 2417 cum
1214 2361 1391 2417 homo
1442 2362 1675 2429 dicitur,
1711 2368 1955 2434 uterque
2003 2379 2160 2418 com-

514 2450 902 2525 prehenditur
949 2467 963 2506 :
1018 2450 1101 2506 ita
1147 2468 1282 2507 cum
1329 2451 1419 2506 vir
1462 2452 1821 2522 nominatur,
1849 2456 1905 2507 et
1954 2451 2163 2517 mulier

514 2540 685 2613 cujus
714 2538 803 2596 vir
828 2538 927 2595 ille
958 2539 1054 2606 sit,
1090 2539 1455 2612 intelligitur.
1496 2540 1772 2611 Denique,
1806 2563 1834 2589 «
1884 2540 2012 2596 Haec
2058 2556 2161 2595 vo-

513 2628 760 2697 cabitur,
828 2628 1040 2701 inquit,
1102 2627 1334 2696 mulier,
1405 2629 1683 2700 quoniam
1748 2629 1817 2685 de
1874 2628 1996 2683 viro
2055 2646 2160 2685 suo

512 2722 755 2791 sumpta
793 2722 883 2773 est
912 2717 1067 2789 (Gen.
1102 2735 1159 2772 ιι.
1191 2719 1303 2789 23).
1340 2740 1368 2767 »
1400 2718 1640 2773 Accedit
1683 2716 1849 2785 illud,
1882 2718 2159 2789 quoniam

512 2822 765 2880 quorum
797 2811 1010 2862 natura
1049 2807 1276 2873 eadem,
1304 2822 1507 2861 eorum
1555 2807 1921 2877 operationes
1961 2807 2162 2878 utique

514 2911 632 2951 non
651 2899 900 2966 possunt
915 2911 1043 2950 esse
1062 2893 1326 2949 discretae
1347 2912 1359 2961 ;
1383 2899 1441 2949 et
1468 2910 1719 2966 quorum
1747 2911 1896 2965 opus
1915 2893 2160 2966 aequale,

513 2998 717 3039 eorum
776 2982 980 3054 utique
1036 2981 1280 3053 aequalis
1351 2987 1409 3037 et
1479 2998 1723 3038 merces.
1777 2982 1982 3037 Virum
2051 2982 2159 3055 igi-

513 3075 611 3128 tur
674 3070 977 3143 Scriptura
1050 3070 1315 3139 dicendo,
1371 3076 1701 3127 consortem
1759 3070 1978 3143 copulae
2046 3087 2160 3126 non

513 3160 919 3233 praetermisit;
973 3158 1112 3231 quia
1156 3164 1215 3216 et
1260 3160 1558 3215 hominem
1607 3160 1876 3226 dicendo,
1925 3175 2162 3215 consor-

514 3254 634 3305 tem
666 3265 782 3305 non
811 3247 995 3304 tacuit
1027 3251 1247 3303 natura:
1272 3249 1406 3318 (13).
1434 3248 1634 3320 Itaque
1663 3248 2163 3319 quemadmodum

520 3338 640 3395 illic
664 3337 964 3394 hominem
998 3336 1219 3391 factum
1251 3335 1523 3407 legimus,
1556 3340 1612 3392 et
1641 3353 1775 3391 eum
1808 3337 1883 3392 sit
1914 3354 2032 3392 una
2061 3354 2162 3391 na-

518 3432 671 3497 tura,
722 3431 920 3482 tamen
973 3424 1353 3497 principalem
1421 3443 1624 3481 sexum
1682 3425 1844 3499 prius
1902 3431 2162 3483 creatum

519 3530 731 3587 negare
782 3531 897 3569 non
947 3530 1312 3586 possumus:
1360 3515 1440 3571 ita
1489 3520 1544 3571 et
1592 3515 1687 3570 hic
1733 3532 1861 3571 cum
1910 3516 2161 3589 legimus

513 3603 813 3672 virum,de
842 3602 1147 3675 principali
1200 3603 1463 3676 portione
1507 3621 1709 3660 sexum
1759 3622 1991 3677 quoque
2022 3623 2159 3678 sup-

514 3708 715 3765 parem
747 3692 1240 3766 recognoscimus.
1270 3693 1436 3748 Paria
1466 3692 1644 3765 igitur
1674 3694 1867 3749 studia
1901 3694 2157 3762 virtutis,

514 3781 656 3853 quia
700 3798 807 3853 par
850 3782 1231 3854 praerogativa
1285 3786 1371 3837 est
1421 3787 1716 3838 creaturae.
1766 3783 1914 3847 Quid
1962 3788 2158 3839 autem

511 3886 718 3927 sexum
749 3871 1053 3940 discutias,
1088 3871 1185 3926 ubi
1217 3889 1327 3927 non
1364 3871 1624 3944 corporis
1655 3889 1688 3927 a
1718 3879 1793 3942 te,
1818 3873 1917 3926 sed
1950 3872 2158 3927 animae

510 3959 834 4017 certamina
863 3959 1387 4032 postulantur,quae
1419 3977 1621 4015 sexum
1656 3978 1768 4015 non
1793 3960 2012 4016 habet?
2033 3961 2157 4016 Non

511 4064 650 4120 ergo
702 4047 822 4103 illic
869 4049 1168 4104 discernes
1214 4048 1517 4118 honorem,
1551 4050 1877 4104 mercedem
1908 4048 2156 4117 dividas,

515 4136 614 4194 ubi
646 4153 762 4193 non
787 4136 1145 4193 discernitur
1173 4153 1366 4193 sexus.
1402 4141 1525 4192 Non
1578 4137 1809 4192 incaute
1858 4140 2075 4205 tamen,
2108 4135 2158 4193 si

510 4225 671 4298 prior
697 4229 933 4282 vocetur
962 4226 1035 4280 ad
1066 4226 1427 4292 exercitium,
1462 4226 1561 4297 qui
1612 4226 1721 4279 fuit
1768 4225 2056 4297 posterior
2085 4226 2158 4281 ad

510 4314 766 4386 lapsum.
798 4315 932 4379 Qua:
966 4314 1116 4371 male
1145 4315 1338 4387 cmpit,
1371 4314 1537 4387 sequi
1570 4314 1760 4382 debet,
1796 4331 1909 4370 non
1952 4330 2159 4386 praece-

511 4402 679 4470 dere;
715 4408 780 4458 ut
806 4403 893 4458 vel
935 4407 1071 4475 post
1117 4404 1582 4475 experimentum
1631 4404 1711 4460 sit
1758 4404 2153 4460 verecundior.

513 4488 662 4545 Male
691 4491 807 4546 Eva
835 4496 1059 4549 natura:
1087 4493 1352 4549 ordinem
1392 4493 1781 4565 praetermisit,
1825 4499 2157 4565 exspectare

2268 571 2521 643 denique
2571 587 2686 626 non
2738 568 2930 626 solum
2978 566 3208 624 facilem
3251 568 3713 627 commutationem
3738 573 3811 630 ba-

2268 660 2407 715 bent
2457 661 2517 714 in
2566 658 2878 727 contraria,
2923 674 3124 714 verum
3169 655 3340 712 etiam
3385 657 3728 716 ministerium
3763 665 3812 718 ad

2269 748 2500 821 culpam
2548 748 2827 804 exhibent
2856 747 2909 802 ei
2940 746 3042 819 qui
3072 746 3156 801 uti
3188 745 3282 801 his
3309 746 3536 801 nesciat.
3564 746 3681 811 Quis
3703 750 3814 807 enim

2260 839 2463 909 justus
2494 841 2729 910 propter
2758 836 3065 911 pecuniam
3084 835 3112 889 ?
3142 833 3280 900 Quis
3309 833 3540 892 humilis
3566 836 3618 891 in
3637 842 3817 910 potesta-

2270 927 2427 983 tibus
2447 926 2475 981 ?
2506 926 2646 994 Quis
2677 926 3011 982 misericors
3057 928 3293 997 propter
3334 923 3698 981 nobilitatem?
3719 928 3816 996 Qui:

2270 1020 2470 1072 castus
2517 1019 2755 1088 propter
2802 1013 3112 1071 decorem?
3160 1012 3493 1069 Illeeebrosa
3542 1013 3647 1070 hinc
3683 1017 3817 1089 magis

2271 1108 2410 1161 sunt
2440 1104 2512 1162 ad
2540 1108 2863 1177 peccatum,
2896 1119 3075 1175 quam
3104 1101 3401 1159 fructuosa
3427 1103 3495 1158 ad
3523 1101 3719 1160 virtutis
3732 1122 3818 1177 pro-

2272 1195 2511 1250 fectum.

2344 1294 2429 1347 16.
2463 1290 2609 1357 Quid
2641 1291 2752 1346 sibi
2785 1290 2996 1346 deinde
3037 1289 3161 1346 vult
3208 1288 3364 1360 quod
3410 1288 3600 1344 maluit
3638 1289 3817 1346 dicere:

2274 1402 2301 1431 ‹‹
2332 1379 2457 1435 Non
2506 1379 2669 1450 abiit,
2703 1383 2759 1434 et
2803 1396 2920 1435 non
2968 1378 3133 1434 stetit
3178 1377 3349 1449 (Psal.
3383 1394 3419 1444 1,
3454 1378 3521 1444 1),
3553 1398 3578 1426 ››
3606 1377 3739 1449 quasi
3773 1380 3821 1434 de

2270 1468 2596 1540 prmterito;
2649 1484 2782 1523 cum
2834 1466 3087 1540 potuerit
3134 1465 3325 1521 dicere
3375 1483 3387 1520 :
3435 1464 3627 1520 Beatus
3664 1466 3733 1520 vir
3754 1468 3818 1537 qui

2271 1575 2387 1613 non
2418 1556 2540 1611 abit
2566 1556 2624 1611 in
2657 1556 2898 1612 consilio
2932 1554 3268 1627 impiorum,
3302 1557 3357 1610 et
3403 1554 3457 1609 in
3505 1553 3591 1609 via
3630 1560 3820 1627 peccato-

2270 1664 2403 1701 rum
2464 1663 2577 1700 non
2638 1650 2773 1715 stat,
2833 1650 2890 1700 et
2946 1646 3004 1698 in
3062 1643 3341 1700 cathedra
3397 1641 3820 1716 pestilentisnon

2271 1735 2471 1790 sedet?
2499 1734 2642 1789 Vide
2674 1736 2922 1806 dogma;
2958 1750 3075 1788 non
3123 1733 3280 1788 enim
3332 1732 3523 1787 statim
3568 1733 3733 1788 beatus
3755 1732 3822 1805 qui

2271 1842 2385 1879 non
2416 1829 2503 1879 est
2538 1824 2756 1895 impius
2803 1826 2905 1879 aut
2948 1827 3237 1895 peccator,
3272 1826 3502 1894 propter
3544 1821 3725 1876 incerta
3744 1822 3824 1877 exi-

2269 1918 2385 1969 tus.
2421 1914 2544 1968 Non
2573 1914 2729 1968 enim
2761 1912 2943 1967 otiose
2975 1912 3257 1983 scriptum
3292 1915 3379 1967 est
3407 1926 3419 1967 :
3444 1934 3469 1960 ‹‹
3490 1912 3619 1965 Ante
3644 1914 3823 1965 mortem

2271 2018 2342 2057 ne
2400 2001 2724 2057 laudaveris
2764 1999 3019 2073 aliquem
3051 2000 3236 2071 (Eucti.
3273 2017 3351 2069 x1,
3380 1999 3487 2069 30).
3519 2022 3543 2047 η
3577 1999 3698 2070 Ergo
3728 1998 3825 2053 dum

2268 2089 2327 2143 in
2361 2088 2469 2144 hac
2498 2088 2612 2143 vita
2643 2088 2956 2160 quisquam
2992 2091 3101 2155 est,
3136 2104 3249 2143 non
3286 2090 3475 2160 potest
3501 2086 3708 2161 deﬁnita
3728 2103 3827 2159 pre-

2271 2178 2559 2233 dieatione
2585 2176 2833 2245 laudari,
2869 2194 3003 2232 cum
3036 2180 3234 2250 patere
3267 2176 3456 2231 adhuc
3506 2176 3670 2249 possit
3699 2176 3828 2231 errori

2271 2267 2415 2338 (11);
2452 2266 2547 2321 ille
2577 2272 2771 2321 autem
2804 2266 2902 2339 qui
2932 2267 3112 2321 vitam
3162 2265 3291 2322 sine
3330 2265 3626 2321 offensione
3658 2262 3826 2319 conclu-

2271 2355 2431 2424 serit,
2459 2355 2591 2425 jure
2621 2354 2773 2409 beati
2806 2353 3199 2427 appellatione
3250 2358 3537 2420 censetur,
3573 2353 3659 2425 qui
3698 2352 3828 2407 utitur

2270 2442 2562 2499 consortio
2594 2443 2918 2499 beatorum.
3572 2464 3582 2473 ι

2339 2539 2427 2595 17.
2459 2541 2568 2596 Sed
2603 2541 2747 2595 forte
2777 2539 2938 2595 dicas
2975 2555 2987 2593 :
3022 2541 3146 2606 Qua
3175 2540 3401 2596 ratione
3420 2554 3549 2611 ergo
3574 2536 3691 2594 alibi
3714 2533 3827 2592 dixit:

2270 2652 2297 2678 ‹‹
2332 2630 2546 2684 Beatus
2577 2629 2676 2699 qui
2707 2628 2979 2701 intelligit
3010 2645 3186 2701 super
3214 2645 3465 2702 egenum
3495 2632 3549 2683 et
3591 2638 3828 2699 pauperem

2271 2720 2442 2790 (Psal.
2477 2736 2562 2784 xe,
2597 2717 2691 2787 2)?
2720 2739 2745 2766 ››
2776 2718 2901 2773 Non
2949 2717 3103 2772 enim
3155 2717 3306 2773 dixit
3358 2719 3576 2774 beatam
3602 2714 3687 2787 qui
3710 2710 3829 2768 intel-

2269 2806 2599 2873 lexerit,sed
2633 2823 2766 2862 eum
2799 2806 2898 2878 qui
2925 2805 3237 2879 intelligit;
3272 2807 3544 2879 quoniam
3572 2803 3830 2877 quibonum

2271 2900 2607 2966 operantur,
2638 2895 2696 2948 in
2729 2895 2857 2966 ipso
2888 2911 3059 2966 opere
3107 2899 3164 2950 et
3214 2911 3334 2967 quo
3383 2895 3687 2967 probentur,
3721 2889 3831 2944 inve-

2271 2983 2462 3049 niunt,
2491 2984 3018 3039 remunerationem
3065 2983 3156 3038 sui
3216 2982 3277 3037 in
3338 2984 3462 3055 ipso
3513 2998 3663 3054 opere
3686 2992 3833 3035 conse-

2270 3076 2533 3144 quentes.
2569 3072 2870 3145 Siquidem
2914 3072 3093 3128 beataa
3141 3072 3370 3129 fructus
3417 3077 3504 3128 est
3548 3064 3833 3127 conscientia

2271 3161 2491 3216 bonum
2523 3162 2762 3216 factum.
2791 3161 2900 3225 Qui
2933 3164 3130 3216 autem
3163 3177 3198 3216 a
3228 3161 3385 3217 malo
3424 3162 3729 3232 temperant,
3753 3170 3833 3210 non

2273 3250 2321 3305 si
2353 3248 2534 3305 semel
2556 3254 2656 3305 aut
2686 3249 2773 3304 bis
2804 3247 3227 3305 declinaverint
3254 3247 3688 3322 culpam,statim
3704 3240 3832 3305 beati;

2274 3338 2374 3394 sed
2406 3338 2453 3394 si
2483 3339 2781 3410 potuerint
2809 3336 2992 3409 culpm
3041 3339 3383 3411 contagium
3423 3355 3518 3411 per
3564 3352 3709 3393 omne
3746 3331 3834 3387 vita

2273 3444 2390 3484 sua:
2424 3431 2655 3499 tempus
2685 3427 2943 3483 evadere.

2346 3536 2430 3589 18.
2466 3534 2628 3589 Nunc
2658 3533 2802 3588 illud
2834 3533 3108 3602 occurrit,
3150 3550 3258 3589 cur
3289 3534 3519 3590 beatum
3562 3532 3720 3587 dicere
3754 3541 3835 3582 ma-

2272 3621 2466 3688 luerit,
2498 3638 2614 3676 non
2647 3638 2782 3676 eum
2813 3621 2913 3693 qui
2944 3620 3177 3693 pietatis
3208 3620 3407 3693 aliquo
3429 3620 3502 3675 sit
3530 3619 3727 3673 functus
3750 3611 3834 3668 offi-

2270 3711 2380 3778 cio,
2412 3711 2512 3766 sed
2545 3727 2679 3765 eum
2711 3710 2809 3782 qui
2841 3710 2911 3765 ab
2943 3709 3262 3781 impiorum
3292 3708 3531 3766 consilio
3556 3713 3831 3777 temperave-

2270 3800 2366 3853 rit.
2406 3798 2648 3854 Videtur
2697 3798 2854 3853 enim
2904 3798 3095 3870 magis
3151 3796 3487 3853 laudandus
3534 3794 3625 3867 qui
3663 3787 3834 3846 virtutis

2271 3904 2487 3942 munus
2536 3886 2886 3959 impleverit,
2935 3902 3115 3958 quam
3163 3887 3267 3959 qui
3315 3892 3605 3958 peccatum
3631 3877 3832 3938 evaserit.

2268 3975 2572 4047 Siquidem
2598 3992 2702 4030 nec
2730 3975 2857 4040 bos,
2890 3990 2996 4030 nec
3019 3991 3231 4046 equus,
3266 3991 3372 4030 nec
3402 3973 3545 4046 lapis
3579 3972 3629 4026 in
3661 3969 3832 4040 peccato

2267 4080 2395 4119 esse
2417 4068 2864 4131 consueverunt,
2894 4068 2996 4119 aut
3026 4064 3228 4119 sedere
3250 4064 3311 4119 in
3336 4062 3603 4119 cathedra
3626 4052 3833 4131 pestilen-

2267 4152 2379 4207 tiae.
2405 4152 2516 4207 Sed
2547 4151 2649 4207 illa
2677 4151 3057 4207 beatitudinis
3088 4168 3203 4207 non
3236 4151 3457 4207 habent
3484 4150 3723 4212 fructum,
3742 4154 3828 4212 que

2266 4239 2499 4295 virtutis
2531 4257 2646 4295 non
2677 4240 2895 4296 habent
2921 4256 3184 4297 sensum.
3209 4241 3359 4296 Nam
3390 4235 3658 4312 quomodo
3684 4242 3827 4304 perve-

2267 4329 2439 4385 niunt
2469 4330 2541 4384 ad
2573 4328 2717 4402 legis
2748 4330 3077 4401 praemium,
3109 4346 3243 4400 qua:
3268 4345 3384 4384 non
3414 4327 3618 4383 habent
3642 4331 3825 4390 sequen-

2266 4419 2351 4474 dae
2382 4418 2527 4491 legis
2552 4418 2825 4474 affectum
2842 4419 2869 4473 ‘2
2889 4423 2964 4474 De
2980 4417 3369 4474 rationalibus
3389 4432 3521 4489 ergo
3541 4406 3827 4486 propositam

2267 4507 2617 4563 sententiam
2647 4506 2831 4573 video,
2866 4506 2974 4563 hoc
3003 4511 3111 4571 est,
3144 4507 3215 4561 de
3247 4506 3437 4562 nobis.
3487 4501 3649 4559 Nobis
3687 4497 3827 4551 autem

512 4577 717 4667 ἀθδῑξίῑ
745 4580 1182 4650 Ρνωεθάθηῑθαιο
1214 4583 1418 4636 Αείυῒθ
1466 4598 1707 4653 serpens
1761 4598 1794 4636 α
1842 4580 2159 4653 Ροδίθτίονθ
2189 4584 2236 4649 D
2267 4595 2503 4651 initium
2556 4595 2866 4662 bonorum,
2925 4593 3285 4651 abstinentia
3341 4595 3684 4667 peccatorum
3730 4583 3828 4641 est;

511 4665 718 4739 coepit;
753 4667 883 4723 ideo
941 4667 1225 4739 propheta
1280 4670 1352 4723 ad
1410 4670 1769 4741 superiorem
1829 4669 2155 4739 revertitur,

510 4772 646 4813 cum
677 4755 881 4828 utique
906 4755 1009 4828 qui
1039 4755 1242 4829 lapsus
1272 4773 1387 4812 non
1418 4763 1594 4827 esset,
1629 4758 1742 4813 nisi
1774 4763 1925 4813 esset
1963 4762 2155 4831 poste-

510 4845 726 4902 riorem
755 4848 1013 4901 secutus.

582 4954 668 5009 15.
702 4952 963 5026 Denique
993 4953 1158 5025 prius
1191 4969 1296 5008 nos
1338 4953 1626 5007 revocavit
1675 4970 1709 5007 a
1754 4952 1943 5025 lapsu,
1977 4970 2153 5025 quam

509 5043 583 5099 ad
624 5042 881 5116 palmam
925 5042 1177 5098 victorias
1227 5040 1573 5114 provocavit.
1607 5064 1633 5091 ‹‹
1669 5042 1903 5109 Beatus,
1939 5043 2150 5114 inquit,

506 5131 597 5188 vir
633 5131 732 5205 qui
757 5149 871 5189 non
903 5131 1052 5187 abiit
1079 5130 1140 5185 in
1172 5130 1415 5186 consilio
1448 5130 1783 5201 impiorum.
1821 5153 1848 5181 ‹‹
1880 5130 2022 5185 Vide
2054 5132 2152 5187 ubi

508 5218 715 5276 beatus
744 5220 1075 5294 appelleris,
1110 5236 1143 5275 o
1176 5219 1349 5275 homo
1384 5234 1397 5274 :
1432 5234 1547 5273 non
1578 5218 1637 5272 in
1668 5218 1909 5285 divitiis,
1937 5236 2051 5274 non
2092 5220 2151 5274 in

514 5310 665 5365 14-1
696 5310 1083 5381 potestatibus
1136 5315 1191 5364 et
1238 5307 1579 5375 honoribus,
1613 5324 1729 5362 non
1762 5307 1820 5362 in
1852 5307 2153 5365 nobilitate

511 5397 764 5467 generis,
798 5403 900 5454 aut
930 5399 1136 5454 decore
1164 5402 1220 5453 et
1251 5395 1828 5469 pulchritudine,non
1858 5396 1919 5452 in
1949 5414 2152 5471 corpo-

583 5624 694 5703 (13)
725 5624 865 5703 Mss.
899 5626 1124 5698 aliquot
1152 5645 1218 5685 ac
1248 5632 1357 5685 vet.
1387 5628 1527 5686 edit.
1550 5627 1611 5687 in
1638 5631 2153 5703 marg.,consortem

509 5710 622 5779 pan
648 5696 822 5754 tacuit
848 5696 1135 5758 creatum.

2267 4684 2544 4756 quoniam
2574 4682 2826 4756 legimus
2860 4699 2872 4737 :
2911 4705 2939 4733 «
2977 4682 3214 4739 Declina
3261 4700 3296 4738 ει
3342 4682 3513 4748 malo,
3555 4682 3607 4734 et
3648 4670 3829 4763 fac

2267 4752 2410 4828 num
2442 4772 2614 4844 (Psal.
2635 4752 2837 4838 ‘XXXVI,
2869 4773 3019 4842 27).»
3051 4772 3154 4827 Hic
3184 4771 3344 4827 enim
3377 4769 3512 4826 ordo
3537 4770 3618 4823 est
3638 4752 3829 4827 discipli°

2265 4878 2376 4929 nte,
2409 4866 2473 4916 ut
2514 4861 2585 4916 ab
2629 4846 3005 4915 inferioribus
3052 4861 3124 4916 ad
3173 4860 3512 4932 perfectiora
3547 4846 3827 4940 contende};

2266 4968 2336 5006 ne
2366 4950 2637 5005 terrearis
2672 4949 2822 5006 mole
2854 4949 3165 5020 majorum,
3199 4948 3303 5020 qui
3353 4947 3614 5002 leviorum
3652 4932 3826 5029 exordio

2263 5040 2475 5095 debeas
2502 5038 2819 5109 provocari.
2843 5036 3145 5093 Sealarum
3165 5038 3326 5093 enim
3347 5034 3589 5092 similem
3603 5044 3709 5086 esse

2265 5134 2436 5200 ptura
2465 5106 2572 5182 nos
2602 5127 2769 5182 docet
2798 5126 3036 5198 pietatis
3067 5141 3401 5192 ascensum,
3435 5139 3533 5195 per
3559 5132 3686 5191 quas
3722 5106 3825 5164 vidit

2262 5215 2502 5289 angelos
2530 5214 2759 5271 Domini
2789 5214 3168 5270 ascendentes
3210 5217 3271 5270 et
3324 5208 3703 5269 descendentes
3727 5210 3821 5289 seg-

2263 5283 2392 5361 ctuvs
2420 5304 2620 5371 Jacob,
2652 5303 2740 5359 vir
2768 5303 3193 5360 exercitationis
3225 5302 3338 5375 (15)
3371 5301 3516 5373 (Gen.
3547 5308 3715 5355 XXVIII,
3752 5283 3821 5349 12):

2262 5393 2363 5467 qui
2394 5392 2563 5450 nobis
2593 5392 2929 5465 propositus
2960 5397 3067 5461 est,
3102 5397 3166 5448 ut
3194 5408 3297 5464 per
3324 5390 3488 5447 illum
3517 5384 3820 5458 cognoscere-

2360 5629 2445 5699 14)
2478 5627 2621 5683 Mss.
2652 5626 2791 5693 duo,
2822 5643 2983 5699 quem
3007 5631 3187 5700 petere
3215 5622 3571 5700 adhucpoew
3597 5628 3794 5700 mag

2358 5689 2446 5781 1⁵)
2482 5701 2573 5761 νίν
2615 5689 3047 5776 θ-τβνσῖιᾶιίοηίἑ,
3076 5699 3135 5763 id
3181 5701 3289 5774 est,
3339 5689 3616 5759 laboribus
3651 5689 3821 5744 exerci-
