4078 6196
258 389 379 467 973

1442 405 1895 474 ENABRATIO
1939 409 2019 474 IN
2063 411 2441 478 PSALMUM
2484 414 2533 476 Ι.

3551 401 3670 480 974

257 553 395 592 mus
417 537 667 610 gradum
689 535 918 593 virtutis
940 538 1222 609 paulatim
1247 557 1351 596 nos
1381 543 1633 614 proferre
1679 544 1908 613 debere,
1939 548 1992 614 Α
2025 562 2169 618 quas
2192 545 2286 602 hic
2325 550 2601 618 putamus
2639 561 2964 619 expressas,
3025 547 3413 621 cogitationis,
3471 566 3673 622 opera-

260 629 320 680 et
351 625 436 682 ita
467 642 638 697 posse
670 626 741 682 ab
775 625 912 682 imis
942 627 1014 682 ab
1045 644 1280 685 summa
1311 632 1681 700 contendere,
1714 633 1764 688 si
1821 650 1924 705 per

257 730 577 786 processus
599 714 944 786 gradiamur
970 717 1210 790 exiguos
1243 719 1314 774 ad
1347 736 1413 774 ea
1462 737 1593 791 quae
1647 721 1923 776 videntur

255 803 530 858 humanae
564 801 779 858 altiora
810 809 1052 860 natura).
1100 806 1214 862 Has
1275 807 1380 862 tibi
1442 808 1632 864 scalas
1692 826 1923 881 semper

258 891 470 947 habeto
497 890 846 962 propositas.
880 893 960 948 Ne
991 894 1220 962 timeas,
1254 911 1286 949 o
1319 895 1515 964 homo,
1547 898 1767 968 gradus
1814 897 1923 954 hos

257 980 574 1035 ascendere
608 980 755 1036 745
789 980 1134 1052 disciplinac.
1170 982 1400 1039 Primus
1429 985 1648 1057 gradus
1696 986 1923 1042 vicinus

257 1072 347 1125 est
373 1073 561 1138 terris,
594 1084 848 1138 sequens
879 1069 1092 1126 similis
1123 1076 1211 1127 est
1240 1072 1470 1143 prioris.
1497 1073 1590 1130 Sic
1615 1091 1717 1145 per
1738 1092 1924 1146 aequa-

257 1157 345 1213 les
375 1157 595 1230 gradus
622 1158 693 1213 ad
727 1174 964 1214 summa
994 1161 1423 1239 conscenditur.
1459 1161 1540 1218 Ne
1573 1163 1869 1231 fastidias,
1890 1181 1922 1218 ο

257 1247 455 1314 homo,
489 1247 746 1318 primum
798 1246 967 1302 illum
1021 1248 1178 1304 velut
1233 1249 1589 1306 vilissimum
1648 1253 1919 1324 gradum-

257 1334 359 1390 Ille
391 1335 618 1406 primus
650 1351 931 1392 ascensus
962 1339 1020 1392 te
1051 1337 1274 1393 aterris
1307 1345 1563 1410 separat;
1598 1356 1789 1395 aerem
1813 1340 1925 1395 cal‘

255 1440 378 1493 cas,
412 1423 513 1478 ubi
544 1423 615 1478 ab
646 1423 825 1479 humo
865 1424 1176 1481 elevaveris
1213 1427 1550 1499 vestigium.
1585 1429 1650 1483 In
1707 1428 1921 1485 virtute

253 1511 484 1584 positus
516 1513 811 1584 surgendo
833 1512 1059 1584 liquisti
1079 1518 1292 1570 terram
1319 1533 1331 1581 ;
1366 1519 1584 1572 terram
1610 1516 1917 1589 relinquis,

258 1600 306 1655 si
335 1599 571 1671 culpam
603 1600 886 1656 declinas.
922 1602 1234 1658 Exordium
1267 1619 1404 1675 ergo
1426 1605 1817 1677 processionis
1847 1606 1918 1662 ad

257 1689 531 1744 virtutem
555 1694 646 1744 est
675 1690 974 1746 abstinere
1004 1707 1036 1746 a
1067 1696 1320 1762 peccato.

329 1788 414 1842 19.
449 1785 522 1842 Ut
552 1787 810 1842 sciamus
840 1792 1036 1843 autem
1068 1788 1216 1844 hanc
1246 1789 1619 1862 disciplinam
1651 1808 1778 1848 esse
1810 1793 1916 1849 do-

251 1875 476 1942 ctrina),
513 1875 867 1980 audi‘legem
901 1877 1192 1932 dicentem
1220 1896 1231 1933 :
1259 1901 1287 1927 «
1347 1879 1470 1934 Non
1529 1880 1912 1949 adulterabis,
1949 1915 1995 1980 Β

252 1982 372 2021 non
420 1965 805 2020 homicidium
840 1967 1012 2022 facies
1044 1967 1237 2037 (Exod.
1271 1985 1362 2035 xx,
1389 1970 1475 2036 14,
1511 1971 1633 2037 15);
1689 1969 1907 2042 imper-

251 2055 419 2109 fectis
451 2054 606 2109 enim
641 2054 754 2109 ista
781 2061 1067 2126 praecepta
1097 2056 1498 2112 convenientia
1537 2057 1905 2113 videbantur.

249 2142 516 2214 Denique
545 2143 671 2214 ipse
702 2142 985 2199 Dominus
1015 2144 1190 2199 Jesus
1213 2144 1404 2200 sciens
1426 2145 1851 2217 imperfectum,
1875 2163 1908 2201 a

250 2247 369 2302 quo
399 2231 868 2303 interrogabatur
892 2231 1108 2302 quibus
1133 2233 1205 2287 ad
1237 2233 1414 2288 vitam
1464 2239 1740 2290 aeternam
1771 2251 1906 2306 ope-

255 2319 430 2374 ribus
460 2318 798 2390 perveniret,
859 2320 1159 2390 respondit
1189 2321 1238 2377 ei
1267 2339 1277 2376 :
1313 2346 1338 2371 (ι
1376 2323 1499 2377 Non
1529 2323 1905 2392 adulterabis,

252 2423 391 2475 non
433 2405 810 2462 homicidium
856 2408 1053 2477 facies,
1088 2425 1200 2464 non
1266 2412 1488 2466 furtum
1549 2411 1746 2478 facies,
1795 2417 1903 2468 etc.

248 2495 462 2564 (Matth.
496 2513 610 2562 xxx,
645 2495 754 2566 i8).
792 2519 820 2546 ››
852 2496 1072 2553 Deinde
1103 2497 1317 2553 dicenti
1350 2500 1503 2569 quod
1537 2499 1769 2555 fecisset
1808 2499 1909 2556 illa

246 2584 470 2653 omnia,
499 2583 711 2655 adjecit
742 2584 1084 2655 perfectiora
1114 2585 1353 2641 dicens:
1395 2608 1417 2634 α
1473 2587 1664 2643 \‘ende
1711 2587 1908 2644 omnia

248 2690 377 2745 quae
409 2672 609 2740 habes,
657 2677 714 2728 et
744 2673 818 2727 da
832 2675 1538 2746 pauperibus,ethabebis
1563 2676 1906 2732 thesaurum

247 2762 308 2816 in
340 2760 482 2816 coelo
513 2760 670 2833 (Ibid.
692 2763 806 2830 21).
835 2784 862 2810 ››
887 2763 1259 2835 Tantumque
1292 2765 1497 2819 abesse
1530 2765 1728 2820 docuit
1758 2766 1909 2820 inter

249 2849 540 2907 malorum
584 2850 1055 2918 declinationem,
1088 2857 1144 2907 et
1175 2851 1559 2908 imitationem
1619 2854 1907 2909 bonorum

247 2943 316 2994 ut
344 2939 466 2994 haec
495 2939 797 3006 abnueret,
831 2939 1085 3011 quiailla
1106 2941 1218 2996 sibi
1241 2940 1750 3012 faciliajudicabat
1771 2944 1906 3014 (16).

250 3028 361 3084 Sed
396 3028 535 3100 quia
557 3045 660 3085 nec
690 3027 792 3083 illa
821 3030 1182 3098 ascenderat,
1217 3030 1344 3086 ideo
1378 3031 1449 3086 ad
1474 3031 1594 3086 hac
1625 3048 1687 3086 se
1710 3037 1909 3104 aptare

247 3133 364 3172 non
408 3117 614 3189 potuit.
647 3118 794 3174 Nam
826 3118 874 3173 si
907 3117 1205 3175 dilexisset
1233 3120 1586 3190 proximum,
1621 3120 1908 3192 potuisset

248 3205 608 3278 pauperibus
638 3207 908 3263 subsidia
955 3207 1046 3263 sui
1105 3208 1439 3279 patrimonii
1496 3226 1608 3265 non
1672 3226 1902 3282 negare.

248 3277 502 3367 ideoque
531 3297 780 3368 gradum
814 3297 1072 3368 primum
1105 3277 1250 3368 legis
1283 3298 1552 3365 ascende,
1595 3303 1658 3352 ut
1713 3277 1904 3370 possis
1936 3277 1978 3344 C

248 3385 324 3440 ad
355 3383 645 3457 Evangelii
675 3383 904 3440 caeleste
934 3385 1234 3458 fastigium
1269 3386 1581 3458 pervenire.
1617 3385 1778 3442 Unde
1809 3403 1903 3442 ar-

247 3472 435 3528 bitror
463 3473 618 3544 quod
650 3472 822 3545 quasi
845 3473 955 3529 sub
987 3473 1114 3546 lege
1135 3473 1382 3546 positus,
1414 3490 1636 3529 morem
1669 3473 1812 3547 legis
1843 3474 1905 3530 in

247 3561 444 3633 primo
502 3561 727 3634 psalmo
784 3566 1040 3630 secutus,
1083 3578 1152 3617 ex
1199 3581 1308 3618 sua
1365 3579 1614 3636 persona
1667 3567 1906 3620 sanctus

245 3649 542 3722 Propheta
569 3651 758 3724 magis
789 3652 1046 3707 cavenda
1075 3651 1589 3723 denuntiet,quam
1604 3653 1904 3724 sequenda

251 3743 560 3812 proponat.
595 3739 657 3794 In
689 3740 1140 3812 quadragesimo
1171 3745 1366 3796 autem
1392 3740 1648 3806 Psalmo,
1682 3741 1783 3812 qui
1841 3757 1910 3796 ex

251 3844 506 3900 persona
535 3827 878 3884 inscribitur
922 3828 1234 3884 Salvatoris
1295 3831 1462 3900 (Psat.
1525 3847 1612 3896 XL,
1673 3831 1748 3900 1),
1808 3829 1908 3885 ad-

251 3916 508 3972 hortatio
541 3917 726 3990 magis
758 3916 992 3972 virtutis
1044 3918 1165 3987 fiat,
1217 3933 1395 3988 quam
1428 3917 1641 3973 erroris
1673 3918 1908 3989 depres-

251 4007 380 4073 sio;
451 4006 522 4061 de
575 4005 844 4076 passione
891 4005 1048 4061 enim
1083 4005 1401 4062 Salvatoris
1441 4004 1702 4077 loquitur
1748 4005 1906 4076 (Ibid.

251 4094 426 4166 6-13).
477 4094 546 4148 Et
594 4094 723 4150 ideo
772 4094 1066 4167 Evangelii
1115 4093 1488 4166 dispensator
1526 4094 1727 4159 etiam,
1760 4094 1912 4149 sicut

254 4199 576 4256 possumus
635 4183 946 4250 aestimare,
997 4200 1130 4238 cum
1189 4181 1522 4239 audivimus
1579 4183 1906 4238 dicentem:

254 4295 282 4321 ‹‹
321 4271 477 4327 Beati
504 4271 914 4328 misericordes
945 4273 1154 4344 (Matth.
1187 4289 1242 4340 v,
1273 4273 1369 4341 7);
1408 4293 1435 4320 »
1467 4275 1523 4326 et
1573 4270 1633 4325 in
1680 4270 1909 4342 psalmo

253 4359 503 4434 propriae
536 4361 849 4432 passionis,
875 4365 932 4416 et
961 4361 1020 4416 in
1079 4359 1389 4432 Evangelio
1448 4359 1909 4415 misericordiam

251 4449 573 4505 coronavit.
607 4449 716 4504 Sed
751 4449 1088 4504 adoriamur
1130 4450 1253 4518 jam
1281 4447 1490 4520 psalmi
1549 4447 1908 4519 explanatio-

256 4554 413 4605 nem,
447 4543 505 4593 et
525 4538 797 4594 virtutem
822 4538 1208 4611 inspiciamus
1239 4536 1658 4609 propheticam.

327 4629 418 4681 20.
455 4650 483 4676 ‹‹
517 4632 748 4695 Beatus,
785 4627 997 4694 innuit,
1032 4626 1120 4680 vir
1176 4627 1272 4697 qui
1335 4643 1448 4681 non
1492 4626 1634 4679 abiit
1689 4625 1748 4680 in
1783 4641 1913 4681 con-
1952 4646 1998 4710 Ι)
2029 4623 2312 4690 consiliis,
2382 4629 2445 4678 ut
2507 4624 2699 4696 possis
2756 4623 2985 4680 dicere:
3051 4647 3078 4676 «

258 4717 390 4772 silio
424 4717 768 4787 impiorum,
799 4721 857 4772 et
889 4715 946 4770 in
980 4716 1072 4770 via
1102 4717 1473 4787 peccatorum
1505 4730 1619 4767 non
1651 4713 1830 4779 stetit,
1864 4719 1922 4768 et

258 4807 317 4860 in
351 4805 630 4860 cathebra
676 4803 1019 4876 pestilentiae
1070 4819 1184 4858 non
1242 4802 1393 4858 sedit
1449 4803 1618 4873 (Psat.
1683 4819 1720 4870 ι,
1781 4803 1855 4874 1).
1889 4823 1916 4851 ››

261 4893 588 4949 Possumus
629 4893 821 4949 dicere
880 4897 999 4948 tres
1057 4908 1184 4949 esse
1247 4891 1468 4962 species
1530 4895 1922 4963 peccatorum,

261 5020 446 5081 tatus,
482 5020 548 5070 ut
577 5021 743 5088 puta,
767 5016 990 5085 exsilio,
1021 5032 1153 5070 cum
1187 5015 1258 5070 ob
1291 5020 1508 5088 motum
1544 5014 1738 5088 fratris
1760 5031 1789 5070 e
1810 5031 1920 5088 pa-

259 5095 433 5168 terna
460 5087 656 5168 -domo
715 5089 912 5160 fugere
960 5093 1197 5142 coactus
1249 5091 1374 5140 est:
1405 5087 1552 5168 lvita
1604 5087 1922 5168 durissime

264 5159 422 5232 apud
460 5159 759 5214 Labanum
786 5157 894 5231 per
935 5176 1008 5213 xx
1037 5175 1222 5214 annos
1261 5162 1479 5222 exacta,
1512 5157 1581 5211 de
1630 5174 1746 5228 qua
1799 5157 1922 5228 ipse

263 5230 409 5287 Gen.
447 5247 610 5286 xxxx:
645 5231 742 5286 Die
770 5239 1041 5302 noctuque
1081 5236 1226 5287 gestu
1285 5229 1484 5302 urebar
1527 5231 1578 5282 et
1629 5229 1774 5302 gelu,
1830 5232 1920 5302 [ii-

261 5304 558 5374 gietiatque
585 5317 808 5374 somniis
835 5304 902 5357 ab
924 5298 1095 5357 oculis
1116 5302 1273 5356 meis.
1305 5300 1466 5374 Adde
1495 5298 1706 5374 mentis
1725 5369 1737 5374 _
1755 5298 1920 5371 aegri-

263 5369 532 5430 tudinem
565 5373 637 5429 ob
667 5373 937 5429 violatam
973 5374 1204 5440 Dinam,
1239 5371 1521 5426 amissum
1545 5369 1783 5440 Joseph,
1809 5369 1918 5425 etc.

335 5445 452 5514 (I6)
482 5445 712 5501 Ultima
743 5446 880 5500 edit.
925 5445 1134 5513 Paris,
1168 5447 1258 5514 fut
1311 5459 1409 5497 nec
1455 5443 1732 5505 abnueret,
1791 5445 1923 5513 quia

266 5517 371 5572 illa
400 5513 510 5570 sibi
534 5517 730 5586 facilia
751 5516 1056 5586 judicabat.
1117 5513 1253 5568 Aliae
1308 5529 1641 5586 cumdmss.
1698 5519 1785 5586 ut_
1813 5514 1924 5568 hac

266 5535 371 5572 ιιια
400 5535 507 5570 5101
534 5535 730 5586 [acuta
786 5535 1056 5572 uazcaoat.
1117 5535 1253 5568 Αιιίε
1308 5535 1438 5568 CIIII]
1499 5535 1641 5567 H183.
1698 5535 1759 5566 ἰιι
1813 5535 1921 5568 ηᾶἔϐ

263 5589 555 5665 abaaeret,
589 5590 686 5659 qui
722 5535 842 5656 illia,
902 5593 1008 5644 etc.
1061 5586 1394 5665 commode.
1424 5583 1716 5665 “Namque
1772 5584 1921 5665 hanc

266 5655 842 5733 lectionem—sensus
871 5732 874 5733 ν
911 5657 1189 5733 postulat,
1224 5657 1323 5733 qui
1363 5655 1496 5712 talis
1527 5659 1636 5724 est,
1688 5658 1920 5733 tantum

267 5731 450 5793 distat
480 5730 633 5788 inter
662 5732 815 5790 mala
850 5726 1126 5804 devitarc,
1177 5726 1260 5789 'et'
1296 5728 1449 5787 bona
1501 5726 1798 5806 prosequi,
1857 5731 1923 5786 ut

2032 635 2229 703 tionis,
2263 636 2727 708 permansionis;
2760 637 3114 710 beatumque
3143 654 3278 694 eum
3335 637 3675 710 signiﬁcari,

2032 723 2132 795 qui
2163 729 2220 779 et
2252 742 2364 779 non
2393 725 2730 796 cogitaverit
2759 726 2913 796 quod
2946 725 3171 783 malum
3200 731 3308 783 est.
3337 727 3485 784 Nam
3534 743 3683 801 quo-

2036 813 2206 868 modo
2256 816 2443 884 potest
2474 813 2678 870 beatus
2708 829 2860 882 esse,
2897 814 2996 886 qui
3054 815 3179 872 suis
3232 814 3684 888 cogitationibus

2035 901 2447 971 accusantibus
2479 902 2536 957 in
2569 903 2662 959 die
2685 903 2895 974 judicii
2919 904 3304 961 revincendus
3324 904 3452 962 est?
3472 905 3685 963 etiam-

2034 990 2082 1044 si
2119 991 2416 1046 hominem
2474 991 2694 1061 fefellit,
2747 996 2954 1048 testem
3004 993 3235 1066 refugit,
3285 998 3684 1051 accusatorem

2034 1079 2252 1147 evasit;
2287 1097 2348 1135 se
2381 1085 2575 1135 tamen
2624 1081 2714 1135 sui
2748 1085 3144 1138 accusatorem
3167 1082 3346 1138 vitare
3375 1099 3491 1138 non
3523 1085 3690 1156 pote-

2037 1168 2129 1233 rit,
2161 1183 2336 1238 quem
2359 1168 2610 1225 maxime
2640 1169 2810 1225 debet
2840 1170 3046 1226 timere
3071 1188 3084 1239 ;
3118 1172 3258 1243 quia
3297 1175 3354 1228 et
3384 1175 3685 1229 accusato-

2036 1274 2157 1312 rem
2179 1256 2439 1329 habebit,
2471 1262 2528 1314 et
2560 1259 2934 1315 confitentem
2958 1275 3144 1315 reum.
3183 1261 3398 1318 Beatus
3428 1277 3564 1335 ergo
3595 1265 3687 1318 est

2034 1346 2214 1415 quiet
2245 1363 2360 1401 non
2417 1347 2754 1419 cogitaverit
2809 1348 2965 1419 quod
3006 1347 3231 1404 malum
3285 1354 3394 1417 est,
3456 1354 3513 1406 et
3568 1366 3683 1406 non

2032 1438 2306 1505 operatus
2329 1436 2501 1491 fuerit
2540 1441 2844 1508 peccatum
2886 1437 3046 1509 (quia
3101 1438 3395 1494 interdum
3451 1443 3511 1496 et
3558 1439 3687 1497 sine

2031 1523 2381 1596 cogitatione
2412 1524 2844 1597 delinquimus;
2871 1542 2941 1582 ex
2970 1525 3340 1600 multiloquio
3370 1528 3528 1584 enim
3567 1545 3683 1586 non

2030 1611 2342 1683 elfugimus
2371 1615 2718 1685 peccatum),
2751 1618 2808 1669 et
2828 1631 2944 1671 non
2973 1616 3423 1687 perseveraverit
3459 1617 3519 1672 in
3551 1633 3685 1690 pec-

2029 1705 2178 1756 cato.
2211 1699 2315 1756 Vel
2347 1701 2466 1758 sic:
2501 1703 2600 1772 qui
2641 1707 2698 1757 et
2754 1719 2868 1758 non
2927 1705 3266 1774 cogitaverit
3322 1707 3478 1777 quod
3529 1710 3685 1763 esset

2028 1790 2263 1858 erroris,
2297 1789 2386 1846 vel
2417 1790 2476 1845 in
2508 1807 2575 1846 ea
2602 1791 2954 1862 cogitatione
2984 1809 3100 1848 non
3131 1793 3376 1860 steterit,
3416 1794 3503 1849 vel
3529 1798 3684 1851 certe

2029 1895 2142 1933 non
2177 1878 2627 1950 perseveraverit
2656 1879 2715 1934 in
2748 1879 2820 1935 iis
2849 1881 3326 1953 cogitationibus,
3363 1881 3514 1939 746
3536 1898 3684 1954 qua

2027 1967 2229 2038 plenas
2285 1969 2497 2024 erroris
2547 1969 2880 2024 adverterit.
2941 1971 3051 2025 Sed
3110 1970 3232 2026 haac
3271 1975 3473 2028 utrum
3532 1973 3684 2028 recte

2023 2055 2388 2124 conveniant,
2425 2057 2524 2128 qui
2558 2057 2782 2129 legerit,
2816 2059 3150 2114 aestimabit.
3185 2059 3332 2117 Nam
3367 2060 3469 2132 qui
3500 2060 3682 2117 semel

2019 2145 2169 2200 male
2201 2144 2494 2217 cogitavit,
2533 2161 2636 2202 nec
2668 2151 2822 2202 stare
2853 2147 2913 2202 in
2945 2163 3012 2203 eo
3043 2148 3268 2217 debuit,
3315 2165 3421 2205 nec
3479 2164 3680 2220 perse-

2018 2248 2239 2288 verare.
2293 2234 2403 2289 Sed
2434 2235 2542 2289 etsi
2588 2251 2703 2290 non
2776 2237 3229 2307 perseveraverit
3282 2237 3415 2308 (17),
3475 2237 3681 2294 beatus

2022 2338 2150 2379 esse
2173 2338 2287 2377 non
2310 2321 2516 2393 potuit,
2551 2323 2691 2394 quia
2721 2325 2883 2380 stetit
2904 2324 2963 2379 in
3020 2341 3087 2381 eo
3118 2325 3274 2396 quod
3304 2325 3567 2398 improbe
3585 2342 3682 2383 co-

2024 2411 2245 2482 gitavit.
2281 2411 2402 2466 Etsi
2435 2429 2550 2466 non
2605 2412 2788 2482 stetit,
2831 2418 3028 2470 tamen
3080 2430 3148 2469 eo
3206 2414 3335 2486 ipso
3379 2414 3534 2486 quod
3585 2432 3680 2471 co-

2017 2499 2220 2570 gitavit
2254 2498 2423 2564 male,
2464 2505 2659 2554 utrum
2705 2500 2913 2556 habeat
2961 2501 3345 2559 beatitudinis
3387 2503 3670 2573 fructum,

2019 2586 2364 2642 clementem
2416 2587 2671 2660 aliquem
2731 2604 2987 2660 quaerere
3043 2589 3216 2646 debet
3273 2591 3673 2663 interpretem.

2018 2681 2319 2732 Postremo
2373 2677 2512 2747 quia
2574 2693 2744 2732 nemo
2821 2681 3013 2749 potest
3098 2679 3290 2735 dicere
3384 2681 3678 2749 mundum

2019 2780 2080 2818 se
2134 2764 2347 2819 habere
2406 2781 2524 2831 cor,
2575 2769 2697 2820 esto
2760 2770 2824 2820 ut
2879 2765 3187 2822 veniabilis
3249 2767 3522 2839 cogitatio
3579 2768 3676 2836 sit,

2021 2853 2308 2923 numquid
2357 2853 2664 2909 veniabilis
2724 2854 2982 2926 operatio
3038 2855 3456 2926 peccatorum?
3517 2856 3677 2914 Post-

2019 2957 2180 2994 remo
2239 2941 2287 2996 si
2343 2940 2648 2996 veniabilis
2708 2941 2905 3007 statio,
2967 2941 3255 3014 numquid
3313 2942 3494 3000 etiam
3552 2943 3675 3015 ple-

2021 3046 2095 3084 na
2180 3029 2584 3095 beatitudinis,
2656 3046 2722 3084 eo
2791 3029 2946 3101 quod
3034 3047 3151 3086 non
3228 3031 3679 3103 perseveraverit

2025 3118 2082 3172 in
2129 3118 2420 3173 crimine?
2486 3117 2703 3173 Deinde
2758 3118 2858 3190 qui
2907 3135 3022 3174 non
3072 3118 3347 3192 cogitavit
3401 3136 3526 3192 quae
3562 3119 3674 3176 im-

2017 3208 2200 3277 proba
2256 3210 2415 3273 sunt,
2474 3207 2767 3277 quomodo
2838 3208 2896 3261 in
2958 3212 3191 3278 peccato
3249 3212 3404 3264 stare
3456 3209 3671 3280 potuit,

2017 3300 2116 3350 aut
2148 3311 2513 3367 perseverare
2533 3296 2561 3348 ?
2590 3294 2663 3350 Ut
2691 3295 2896 3351 beatus
2927 3296 3026 3362 sit,
3067 3296 3168 3367 qui
3199 3296 3311 3353 tria
3365 3295 3487 3354 haec
3535 3296 3673 3369 jure

2017 3384 2347 3450 servaverit,
2383 3389 2534 3440 certe
2565 3385 2707 3440 ordo
2766 3384 3033 3441 diversus
3089 3389 3178 3441 est
3234 3385 3364 3457 (18).
3405 3384 3672 3444 Primum

2016 3477 2106 3527 est
2136 3471 2314 3539 enim,
2339 3477 2404 3527 ut
2434 3490 2549 3528 non
2580 3473 3031 3544 perseveraverit
3060 3472 3119 3529 in
3151 3477 3405 3547 peccato;
3457 3490 3671 3531 secun-

2017 3561 2180 3629 dum,
2225 3565 2291 3616 ut
2310 3577 2424 3617 non
2450 3561 2678 3616 steterit
2709 3562 2768 3616 in
2798 3578 2863 3618 eo
2892 3580 2904 3630 ;
2936 3562 3200 3631 tertium,
3235 3567 3301 3618 ut
3338 3579 3454 3619 non
3512 3563 3675 3637 cogi-

2017 3649 2224 3704 taverit
2252 3650 2405 3720 quod
2441 3653 2598 3704 esset
2656 3651 2892 3718 erroris,
2951 3650 3053 3722 qui
3101 3651 3256 3706 enim
3310 3667 3424 3708 nou
3474 3668 3672 3725 perse-

2019 3737 2319 3804 voraverit,
2351 3738 2540 3809 potuit
2562 3742 2756 3793 tamen
2790 3743 2944 3794 stare
2970 3757 2981 3793 :
3007 3739 3108 3810 qui
3143 3756 3258 3796 non
3277 3740 3458 3808 stetit,
3483 3741 3678 3813 potuit

2019 3826 2295 3899 cogitare,
2318 3827 2418 3897 qui
2449 3831 2641 3881 autem
2677 3843 2781 3882 nec
2816 3826 3110 3898 cogitavit,
3141 3843 3272 3883 vere
3314 3829 3520 3885 beatus
3566 3832 3678 3885 est.

2088 3917 2177 3970 21.
2212 3914 2374 3970 Unde
2405 3914 2648 3970 alteram
2680 3931 2911 3987 quoque
2948 3914 3324 3970 traditionem
3368 3933 3484 3971 non
3535 3932 3682 3988 prae-

2020 4004 2463 4060 termittendam
2497 4004 2717 4074 putavi,
2751 4020 2869 4074 quo
2898 4007 3017 4060 tres
3048 4004 3269 4076 gradus
3295 4008 3451 4060 recto
3474 4004 3682 4060 ordine

2017 4093 2200 4148 factos
2231 4107 2604 4160 asseramus;
2656 4096 2722 4147 ut
2769 4092 2870 4164 qui
2920 4093 3125 4149 beatus
3181 4092 3305 4149 vult
3351 4109 3500 4163 esse,
3560 4109 3679 4148 non

2020 4182 2190 4236 abeat
2221 4181 2278 4236 in
2311 4179 2554 4236 consilio
2585 4179 2923 4252 impiorum,
2957 4180 3064 4237 hoc
3105 4185 3212 4250 est,
3246 4181 3308 4238 in
3356 4198 3558 4238 eorum
3588 4198 3682 4237 co-

2019 4269 2403 4342 gitationibus
2434 4286 2551 4324 non
2587 4269 2888 4338 ambulet;
2918 4269 3128 4326 deinde
3160 4288 3275 4326 non
3325 4274 3439 4327 stet
3484 4269 3545 4325 in
3592 4270 3687 4326 via

2018 4363 2393 4430 peccatorum
2420 4376 2432 4413 :
2464 4358 2634 4414 tertio
2660 4375 2774 4414 non
2806 4359 3006 4415 sedeat
3033 4358 3091 4413 in
3111 4359 3388 4415 cathedra
3407 4357 3686 4432 pestilen-

2018 4448 2130 4503 tiae.
2163 4448 2247 4502 Tu
2274 4447 2456 4519 igitur
2487 4447 2585 4518 qui
2609 4447 2668 4502 in
2692 4447 2951 4503 Ecclesia
2980 4447 3168 4504 factus
3197 4464 3260 4504 es
3290 4447 3686 4530 Christianus,

2017 4535 2106 4591 vel
2138 4535 2237 4606 qui
2272 4536 2384 4606 (19)
2411 4537 2484 4590 ad
2511 4535 2762 4608 gratiam
2783 4535 2996 4608 tendis,
3022 4537 3252 4593 abstine
3273 4538 3345 4594 ab
3366 4537 3687 4610 impiorum

3135 4626 3216 4681 Ne
3284 4627 3496 4699 perdas
3550 4642 3686 4683 cum

2030 4714 2249 4786 impiis,
2278 4718 2446 4775 Deus,
2477 4713 2735 4768 animam
2767 4730 2980 4783 meam,
3022 4719 3080 4770 et
3111 4732 3244 4770 cum
3275 4716 3414 4771 viris
3445 4715 3686 4786 sangui-

2033 4819 2173 4858 num
2205 4802 2381 4858 vitam
2417 4818 2605 4857 meam
2638 4803 2806 4872 (Psal.
2839 4820 2970 4869 xxv,
2999 4805 3077 4875 9).
3111 4827 3138 4854 »
3173 4805 3287 4859 Nec
3310 4803 3528 4876 cogites
3558 4818 3687 4872 qua:

2032 4897 2170 4947 sunt
2197 4890 2393 4963 impia.
2427 4890 2561 4954 Quae
2593 4895 2732 4946 sunt
2763 4890 2882 4958 illa,
2919 4893 3031 4948 nisi
3058 4909 3183 4965 quae
3207 4892 3266 4946 in
3316 4890 3412 4946 Dei
3455 4888 3684 4960 excogi-

2031 5017 2185 5070 bona
2211 5015 2486 5089 prosequi
2506 5021 2834 5089 recusaret,
2867 5017 2968 5089 qui
2992 5015 3146 5071 mala
3175 5015 3428 5070 devitarc
3459 5012 3681 5070 nullius

2031 5104 2161 5144 esse
2190 5087 2552 5142 difﬁcultatis
2576 5087 2900 5158 judicabat}

2131 5159 2214 5230 17)
2247 5159 2384 5230 Iteg.
2419 5158 2571 5224 cod.,
2605 5159 2708 5214 Sed
2723 5162 2827 5215 etsi
2842 5158 3287 5230 perseveraverit.

2126 5227 2214 5304 18)
2266 5227 2411 5304 Mss.
2456 5235 2744 5304 quatuor,
2799 5227 2894 5284 aut
2945 5231 3422 5304 perseverare,_ut
3473 5227 3682 5304 tectus

2031 5298 2144 5356 sit?
2166 5302 2276 5370 Qui
2301 5303 2414 5357 tria
2448 5298 2568 5372 haec
2588 5298 3050 5372 jare’servave’rit,
3082 5301 3172 5354 hic
3211 5301 3450 5372 profecto
3473 5298 3684 5356 'beatus

2032 5375 2157 5428 erit.
2187 5375 2260 5427 Et
2289 5377 2433 5427 certe
2461 5371 2810 5426 ordodivisus
2837 5374 2932 5426 est.

2103 5443 2232 5568 (19))
2249 5444 2394 5498 Edit.
2417 5451 2528 5497 vet.
2567 5446 2624 5496 et
2664 5443 2930 5524 quaedam
2987 5441 3168 5498 Paris.
3210 5459 3343 5525 cum
3368 5458 3520 5526 .mss.
3564 5443 3683 5499 fere

2103 5532 2191 5568 am
2241 5532 2345 5568 us:
2386 5512 2464 5568 Ad
2492 5513 2791 5568 Ecclesium
2844 5514 3021 5568 factus
3064 5531 3118 5568 es
3175 5514 3538 5568 Christianus.
3597 5513 3683 5568 vel

2031 5512 2345 5570 omnibus:
2386 5512 2464 5568 Ad
2492 5512 2791 5568 Ecclesium
2842 5514 3021 5582 factus
3064 5531 3118 5568 es
3175 5514 3538 5580 Christianus,
3597 5513 3683 5569 vel

2030 5591 2092 5642 tu
2139 5588 2255 5658 qui,
2289 5591 2395 5640 etc.
2457 5584 2639 5658 Rom.
2684 5588 2743 5638 et
2788 5583 2986 5658 plures
3031 5583 3239 5658 Paris,
3272 5587 3507 5658 factus;
3551 5601 3683 5654 ergo

2033 5654 2640 5744 Christianusuoethad
2666 5654 2907 5730 gratiam
2935 5655 3130 5714 tendis.
3181 5656 3387 5716 Melius
3447 5656 3679 5744 Thuan,

2030 5730 2157 5788 cod.
2187 5733 2254 5788 ut
2277 5744 2382 5786 nos
2413 5726 2474 5786 in
2503 5726 2683 5788 textu}
