4078 6196
516 335 663 403 975.

1956 331 2047 399 .S.
2079 322 2454 403 AMBROSII

3742 333 3832 405 976

518 471 719 523 tantur
745 463 1068 535 injuriam?
1095 464 1289 521 Pietas
1319 463 1474 521 enim
1514 464 1707 538 prima
1734 463 1795 519 in
1844 465 2050 533 Deum,
2083 481 2174 520 se-
2205 465 2257 530 Α
2286 462 2554 533 prohibet
2583 461 2884 533 Scriptura
2903 475 3010 515 nos
3031 454 3607 527 cerviceminﬂectere,
3629 458 3835 536 viresque

517 555 711 613 cunda
761 553 821 608 in
860 556 1155 626 parentes.
1204 555 1277 610 Et
1315 553 1552 627 quidem
1612 553 1890 610 inimicus
1962 553 2169 610 inserit
2276 550 2457 607 lotius
2478 550 2737 623 corporis
2760 548 3060 605 reclinare.
3080 547 3834 622 Adverteigiturproprietates.

517 644 849 716 frequenter
879 643 1110 700 diversa
1140 643 1436 700 mentibus
1457 642 1675 699 nostris
1700 661 1711 698 :
1746 647 1803 699 et
1832 643 1961 698 ideo
2002 647 2169 698 caute

514 732 805 807 Propheta
833 732 1213 807 cogitationes
1243 733 1455 806 magis,
1490 748 1665 804 quam
1699 732 2026 788 infusiones
2057 731 2168 786 im-

515 821 778 897 provisas
809 820 1035 894 putavit
1072 822 1143 876 ad
1177 821 1398 878 crimen
1453 822 1757 877 tenendas.
1819 820 2169 877 Abstinuisti

516 927 653 991 ergo
670 911 742 976 ab
770 909 1086 984 impiorum
1117 908 1424 965 consiliis?
1454 910 1628 966 Recte
1653 928 1666 978 ;
1701 913 2029 966 nontamen
2053 914 2170 965 sta-

516 999 623 1055 tim
655 1000 882 1056 beatus.
911 997 1058 1054 Cave
1078 998 1255 1054 etiam
1268 998 1409 1054 nein
1422 998 1513 1054 via
1524 1003 1895 1071 peccatorum
1917 998 2169 1054 steteris.

586 1088 678 1151 22.
711 1089 937 1153 Quanto
969 1086 1235 1143 examine
1267 1086 1578 1159 Seripturae
1612 1087 1817 1142 divinae
1864 1088 2041 1143 verba
2070 1104 2173 1158 po-

518 1178 770 1232 nuntur!
806 1176 1036 1231 Etenim
1068 1175 1208 1248 quia
1237 1191 1442 1231 omnes
1499 1177 1609 1231 sub
1649 1180 1882 1248 peccato
1940 1191 2170 1241 sumus,

519 1282 635 1322 non
666 1282 698 1320 a
726 1270 782 1321 te
811 1264 987 1338 exigit
1017 1265 1171 1337 quod
1206 1264 1361 1319 ultra
1390 1268 1660 1323 naturam
1691 1269 1799 1331 est,
1852 1269 1917 1319 ut
1972 1280 2173 1336 pecca-

516 1359 645 1413 tum
677 1371 791 1417 non
825 1354 1024 1424 facias,
1057 1353 1196 1426 quia
1225 1369 1331 1409 nec
1378 1354 1558 1408 unius
1616 1353 1730 1408 diei
1786 1352 1982 1408 infans
2048 1353 2175 1408 sine

519 1447 781 1516 peccato,
812 1443 913 1499 sed
946 1445 1012 1498 ut
1068 1458 1181 1499 non
1243 1458 1484 1499 maneas
1533 1442 1589 1495 in
1629 1445 1862 1513 peccato
1921 1441 2175 1513 quadam

521 1530 770 1588 statione
800 1531 1098 1587 diuturna.
1130 1530 1256 1587 Non
1288 1546 1491 1586 omnes
1535 1529 1701 1601 impii
1733 1534 1902 1591 sunt;
1930 1530 2057 1585 ideo
2089 1547 2175 1584 re-

516 1621 741 1678 vocaris
772 1621 844 1677 ab
892 1620 1169 1677 omnibus
1210 1619 1664 1692 cogitationibus
1720 1624 1777 1674 et
1828 1617 2178 1689 conjuratio-

518 1711 695 1766 nibus
724 1709 1042 1780 impiorum
1075 1727 1088 1777 ;
1126 1708 1229 1763 sed
1251 1724 1458 1763 omnes
1490 1711 1858 1779 peccatores:
1894 1708 2024 1762 ideo
2077 1706 2178 1761 ad-

2349 641 2437 695 ⁸24.
2474 662 2503 689 ‹‹
2553 639 2620 693 Et
2646 639 2704 693 in
2734 638 2828 694 via
2857 642 3227 710 peccatorum
3259 653 3372 691 non
3415 636 3581 705 stetit,
3631 638 3748 694 etin
3772 656 3837 696 ea-

2276 728 2485 783 thedra
2515 727 2861 799 pestilentias
2894 744 3011 782 non
3034 726 3207 782 sedit.
3230 749 3259 777 ‹‹
3278 725 3438 780 Viam
3459 725 3562 781 dici
3582 726 3692 781 vita:
3710 727 3839 799 hujus

2279 832 2519 872 cursum
2548 858 2562 884 ,
2594 816 2655 871 in
2687 815 2932 871 dubium
2964 833 3079 871 non
3108 814 3302 882 venit;
3334 830 3459 870 cum
3480 814 3597 886 ipsa
3611 814 3841 888 Scriptura

2280 905 2466 961 dicat:
2506 928 2526 954 «
2563 906 2623 960 In
2654 905 2748 960 via
2778 905 2888 960 hac
2920 921 3035 977 qua
3071 903 3461 971 ambulabam,
3493 902 3841 961 absconderant

2286 994 2565 1066 laqueum
2596 992 2741 1048 mihi
2793 994 2958 1063 (Psal.
2992 1009 3140 1062 cm,
3189 994 3265 1064 4).
3301 1014 3329 1042 ››
3359 993 3456 1046 Et:
3516 1014 3542 1043 ‹‹
3592 992 3708 1048 Esto
3745 1009 3841 1049 con-

2283 1083 2542 1138 sentiens
2574 1081 2905 1138 adversario
2938 1087 3038 1138 tuo
3069 1081 3203 1147 cito,
3236 1081 3375 1136 dum
3406 1097 3464 1137 es
3517 1097 3637 1136 cum
3682 1080 3759 1137 illo
3801 1083 3841 1138 in

2281 1172 2373 1227 via
2393 1171 2600 1237 (Matth.
2634 1188 2687 1239 v,
2721 1173 2833 1242 25).
2873 1192 2900 1219 »
2933 1170 3159 1226 Etenim
3193 1168 3466 1243 quoniam
3496 1185 3705 1226 cursum
3749 1170 3840 1225 vitae

2282 1261 2462 1331 hujus
2492 1259 2807 1324 currimus,
2840 1260 3126 1315 habemus
3158 1258 3422 1314 semitam
3454 1275 3548 1330 per
3575 1274 3725 1330 quam
3753 1274 3843 1313 am-

2284 1349 2559 1405 bulamus
2591 1349 2869 1421 quotidie,
2903 1350 3083 1405 donec
3134 1348 3534 1420 perveniamus
3586 1347 3648 1402 ad
3698 1347 3842 1402 finem.

2285 1438 2405 1494 Etsi
2440 1456 2554 1494 non
2593 1439 2858 1494 videmur
2914 1436 3289 1511 corporaliter
3343 1438 3444 1507 ire,
3503 1435 3843 1510 progredimur.

2286 1527 2432 1582 Nam
2460 1526 2612 1581 sicut
2642 1526 2702 1583 in
2728 1526 2975 1582 navibus
3033 1525 3388 1581 dormientes
3445 1524 3620 1579 ventis
3660 1527 3847 1596 aguntur

2287 1617 2345 1670 in
2389 1619 2612 1688 portus,
2642 1615 2748 1671 etsi
2778 1614 2976 1671 nullus
2998 1615 3435 1687 quiescentibus
3456 1630 3647 1670 sensus
3685 1618 3754 1668 est
3775 1629 3848 1667 na-

2287 1705 2543 1777 vigandi,
2582 1709 2773 1760 tamen
2811 1722 3018 1760 cursus
3040 1720 3139 1759 eos
3170 1707 3341 1774 urget
3370 1704 3440 1758 ad
3496 1703 3656 1758 finem
3701 1707 3745 1756 et
3779 1703 3850 1755 im-

519 1796 779 1854 moneris
810 1801 875 1852 ut
904 1797 1138 1852 desinas
1164 1811 1421 1868 peccare.
1455 1795 1654 1851 Fuerit
1704 1795 2178 1851 adolescentioris
2208 1831 2255 1895 Β
2289 1793 2452 1865 pellit
2484 1794 2755 1865 ignaros:
2800 1793 2884 1849 sic
2941 1794 3068 1847 vitae
3128 1796 3340 1848 nostrae
3388 1792 3568 1864 spatio
3613 1790 3849 1859 deﬂuente,

520 1886 723 1958 lapsus
753 1884 963 1951 aetatis,
995 1884 1167 1939 debet
1196 1900 1330 1939 eum
1354 1884 1466 1955 (20)
1488 1883 1843 1939 maturitatis
1865 1883 2175 1939 emendare

522 1990 851 2047 processus.
895 1974 1042 2046 Ergo
1099 1971 1158 2027 in
1219 1972 1486 2046 graviora
1524 1990 1639 2027 non
1686 1973 1882 2039 abeas,
1914 1972 1971 2026 in
2000 1971 2177 2026 levio-

521 2063 686 2120 ribus
714 2079 831 2118 nou
861 2065 999 2118 stes.
1034 2062 1224 2117 Habes
1278 2061 1388 2117 hoc
1447 2065 1503 2116 et
1561 2061 1619 2115 in
1678 2060 1826 2117 Isaia
1874 2060 2095 2115 dictum
2145 2077 2179 2114 a

521 2153 815 2217 Domino:
859 2151 1023 2206 «Exi
1055 2167 1089 2207 a
1142 2150 1454 2223 Babylone,
1512 2150 1744 2222 fugiens
1804 2168 1837 2205 a
1892 2148 2178 2204 Chaldmis

523 2242 651 2313 (1.5a.
682 2255 879 2305 vam,
911 2239 1003 2309 20)
1029 2256 1042 2294 :
1078 2259 1106 2288 »
1138 2238 1248 2294 hoc
1277 2243 1365 2295 est
1392 2257 1403 2293 :
1438 2240 1510 2293 Et
1541 2239 1588 2293 si
1620 2238 1852 2294 intrasti
1884 2239 1943 2292 in
1976 2238 2176 2293 contu-

522 2316 746 2393 sionem
792 2326 1086 2395 vitiorum,
1120 2327 1234 2383 exi.
1274 2327 1399 2382 Non
1458 2328 1718 2399 eportuit
1776 2327 2014 2392 intrare,
2075 2326 2177 2381 sed

524 2417 829 2492 ingressus
851 2432 933 2483 es,
988 2414 1182 2471 carnis
1241 2413 1371 2488 lege
1428 2419 1690 2488 cogente,
1740 2420 1798 2471 et
1853 2415 2181 2488 captivante

525 2510 582 2562 te
606 2505 667 2561 in
684 2504 817 2578 lege
836 2504 1087 2578 peccati;
1120 2502 1228 2571 exi,
1262 2503 1535 2575 egredere
1567 2504 1654 2559 vel
1684 2504 1897 2569 serius,
1929 2520 2073 2560 exue
2125 2508 2181 2559 te

527 2593 761 2651 servitio
789 2591 970 2666 gravi.
1004 2592 1131 2649 Non
1162 2590 1403 2664 potuisti
1443 2609 1559 2647 non
1601 2592 1840 2648 introire
1870 2592 1927 2646 in
1986 2607 2183 2664 pecca-

526 2687 655 2739 tum
705 2683 851 2745 ’147
887 2698 991 2755 per
1024 2680 1397 2754 fragilitatem
1426 2699 1437 2736 :
1472 2682 1645 2736 datur
1678 2682 1786 2736 tibi
1838 2681 1991 2737 exire
2048 2697 2180 2753 pec-

527 2775 653 2837 cato
672 2788 779 2844 per
815 2770 1209 2826 sobrietatem.
1235 2792 1264 2820 «
1296 2770 1394 2824 Exi
1419 2785 1555 2842 ergo
1579 2769 2181 2843 aBabylone,fugiens

527 2878 563 2917 a
611 2859 915 2916 Chaldaeis.
951 2881 980 2908 »
1029 2857 1282 2931 Babylon
1335 2859 1597 2913 confusio
1654 2865 1764 2927 est,
1815 2877 1941 2931 quas
2000 2858 2183 2914 virtu-

526 2953 655 3006 tum
682 2948 947 3005 ordinem
980 2964 1097 3003 non
1151 2950 1330 3016 tenet,
1389 2946 1634 3003 confusa
1684 2947 1841 3003 enim
1890 2946 2183 3003 illecebris

528 3042 748 3109 monte,
780 3035 1200 3109 delinquimus.
1265 3034 1519 3091 Chaldaei
1568 3041 1708 3091 sunt
1758 3036 1857 3108 qui
1919 3037 2181 3092 siderum

530 3144 739 3185 cursus
779 3143 939 3182 vanae
997 3124 1191 3181 studio
1249 3124 1686 3196 superstitionis
1743 3124 2066 3196 explorant,
2128 3128 2185 3180 et

2286 1882 2357 1936 ad
2392 1883 2692 1954 proprium
2724 1882 3133 1954 unusquisque
3164 1880 3362 1950 ﬁnem,
3385 1897 3553 1936 cursu
3588 1879 3852 1945 latente,de-

2285 1971 2537 2025 ducitur.
2574 1971 2732 2026 Unde
2762 1970 3011 2026 dicitur:
3041 1993 3068 2019 «
3102 1971 3287 2042 Surge
3319 1971 3419 2041 qui
3451 1969 3654 2024 dormis
3694 1967 3849 2039 (Ephes.

2282 2076 2335 2115 v.
2371 2061 2458 2131 lt)
2484 2077 2497 2123 ;
2534 2081 2560 2108 ››
2586 2064 2648 2114 tu
2681 2059 2835 2114 enim
2865 2059 3109 2127 dormis,
3139 2063 3444 2131 ettempus
3463 2062 3620 2113 tuum
3637 2055 3849 2112 ambulat:

2286 2153 2343 2204 et
2371 2149 2502 2204 vide
2534 2165 2605 2204 ne
2640 2149 2781 2203 dum
2813 2148 2913 2203 diu
2936 2148 3180 2211 dormis,
3205 2150 3508 2220 praetereat
3528 2152 3745 2219 tempus.
3760 2144 3853 2199 Ideo

2286 2238 2395 2294 etsi
2428 2238 2668 2305 dormis,
2704 2255 2802 2292 cor
2824 2243 2993 2293 tuum
3026 2236 3244 2310 vigilet,
3275 2253 3380 2293 cor
3406 2240 3565 2291 tuum
3592 2252 3691 2291 non
3736 2233 3854 2288 {erie-

2288 2331 2420 2393 tur;
2481 2327 2529 2381 si
2579 2343 2678 2381 cor
2734 2327 2990 2381 otiosum
3048 2341 3164 2381 non
3226 2325 3325 2392 sit,
3386 2341 3496 2380 non
3553 2328 3675 2380 sunt
3726 2321 3856 2377 otiosa

2287 2420 2553 2487 tempora
2582 2418 2702 2470 tua.
2739 2414 2797 2469 1n
2828 2415 2921 2470 via
2949 2430 3031 2480 es,
3065 2431 3097 2469 o
3128 2413 3329 2482 homo,
3364 2412 3590 2470 ambula
3633 2417 3689 2467 ut
3712 2424 3857 2483 perve-

2291 2502 2419 2560 nias
2444 2522 2456 2571 ;
2483 2520 2555 2558 ne
2577 2506 2633 2559 te
2666 2520 2777 2558 nox
2805 2504 2861 2557 in
2894 2502 2988 2558 via
3012 2506 3279 2575 occupet,
3316 2519 3392 2559 ne
3416 2504 3754 2558 consumatur
3775 2498 3858 2553 dies

2288 2592 2436 2659 vitm,
2472 2596 2785 2664 antequam
2819 2608 3203 2664 progressum
3233 2591 3472 2647 virtutis
3492 2585 3861 2646 acceleres.Via-

2289 2684 2380 2736 tor
2412 2697 2474 2737 es
2505 2680 2633 2736 vitm
2676 2682 2881 2752 hujus:
2911 2681 3111 2736 omnia
3139 2684 3473 2748 transeunt,
3506 2678 3683 2737 omnia
3705 2679 3805 2749 post
3823 2677 3862 2728 te

2290 2770 2460 2825 fiunt.
2486 2769 2697 2824 Omnia
2727 2769 2783 2823 in
2818 2769 2927 2825 hac
2958 2769 3050 2825 via
3080 2770 3293 2837 cernis,
3333 2774 3391 2825 et
3446 2769 3663 2825 transis.
3710 2760 3863 2819 Vidisti

2292 2858 2695 2913 ammnitatem
2732 2859 3029 2924 arborum,
3054 2857 3735 2923 herbarumvireditatem,
3752 2851 3865 2925 puri-

2291 2950 2467 3003 tatem
2486 2947 2756 3015 fnntium,
2772 2952 2830 3002 et
2844 2948 3233 3019 quodcunque
3247 2947 3585 3019 hujusmodi
3610 2963 3707 3018 quo
3737 2941 3866 2998 deleo.

2290 3035 2676 3101 tanturoculi,
2688 3035 2842 3107 juvit
2884 3041 3145 3108 spectare
3167 3054 3180 3104 ;
3206 3035 3517 3093 delectavit
3532 3048 3795 3108 parumper
3808 3034 3865 3084 at-

2291 3124 2551 3192 tendere;
2568 3124 2706 3179 dum
2722 3125 2996 3193 attendis,
3009 3125 3158 3182 748
3180 3124 3758 3197 pertransisti.lterum
3768 3121 3865 3176 dum

529 3216 728 3290 impias
775 3219 979 3272 serunt
1012 3213 1313 3287 gentilatis
1345 3229 1590 3269 errores.
1625 3213 1714 3267 Ab
1772 3213 1864 3268 his
1912 3214 2064 3285 fuge.
2114 3230 2186 3269 ne
2217 3200 2258 3265 C
2298 3212 2588 3278 ambulas,
2620 3212 2879 3269 incidisti
2910 3214 3290 3286 scapulosum
3319 3219 3377 3270 et
3394 3214 3759 3285 confragosum
3778 3209 3867 3275 iter,

532 3319 589 3371 te
620 3304 873 3379 capiant,
908 3320 980 3359 ne
1004 3306 1061 3357 te
1093 3301 1252 3375 gravi
1273 3300 1488 3372 laqueo
1513 3301 2197 3373 captivitatisinnectant.

2298 3318 2560 3383 concava
2587 3302 2845 3373 rupium,
2880 3308 3172 3376 praerupta
3205 3304 3518 3372 montium,
3548 3303 3707 3359 densa
3750 3295 3867 3353 silva-

532 3392 832 3449 Abraham
868 3391 1179 3447 Chaldaeus
1210 3389 1340 3458 fuit,
1369 3390 1468 3446 sed
1498 3389 1648 3462 fugit
1694 3407 1727 3445 a
1783 3389 2086 3459 Chaldaeis,
2145 3395 2202 3446 et
2308 3407 2461 3446 rum.
2495 3390 2763 3447 Taediasti
2786 3408 3014 3463 parum,
3047 3394 3262 3448 iterum
3291 3391 3565 3448 transisti.
3612 3388 3743 3446 Talis
3786 3386 3867 3439 hac

547 3486 680 3548 ante
710 3481 898 3555 legam
933 3498 946 3549 ;
987 3484 1050 3535 tu
1082 3480 1191 3535 sub
1248 3478 1375 3553 lege
1425 3483 1599 3535 natus
1641 3497 1703 3535 es
1749 3479 1880 3551 (2i),
1936 3480 2069 3552 fuge
2126 3479 2199 3535 ab

542 3569 763 3644 impiis.
796 3568 899 3626 Ille
928 3568 1325 3625 haereditatem
1384 3572 1621 3641 patrum
1676 3569 1919 3640 respuit,
1955 3574 2019 3623 ut
2064 3567 2199 3624 ﬁdei

544 3660 905 3733 possideret:
937 3662 1000 3714 tu
1034 3657 1466 3714 successionem
1516 3656 1779 3729 corporis
1836 3655 2196 3728 derelinque,

542 3747 942 3809 haereditatem
973 3747 1298 3802 devotionis
1336 3747 1590 3818 acquire.

550 3838 561 3846 ’
610 3836 702 3895 23.
737 3837 797 3893 Si
846 3841 1041 3893 autem
1074 3836 1131 3891 in
1183 3840 1416 3907 peccato
1468 3852 1582 3891 non
1635 3835 1887 3901 steteris,
1950 3852 2055 3892 nec
2113 3836 2196 3891 sic

539 3928 750 3987 beatus
774 3944 788 3995 ;
820 3925 1014 3982 adhuc
1045 3924 1229 3981 habes
1259 3941 1372 3997 quo
1399 3940 1594 3980 carere
1612 3923 2042 3980 debeas.Multae
2062 3928 2199 3979 sunt

541 4015 845 4087 illecebrae,
877 4014 1047 4070 multi
1083 4030 1116 4068 a
1143 4014 1357 4068 virtute
1402 4014 1657 4069 deﬂexus
1687 4032 1698 4069 :
1758 4014 1957 4085 gravia
2003 4014 2196 4068 irrita-

542 4108 741 4162 menta
770 4106 911 4160 sunt
939 4101 1325 4173 voluptatum,
1358 4101 1553 4173 gravis
1584 4102 1766 4157 fomes
1798 4101 2072 4167 avaritiae,
2096 4118 2195 4157 cu-

542 4194 762 4269 piditas
800 4194 1179 4265 potestatum,
1208 4190 1448 4245 honoris
1478 4190 1741 4258 ambitio,
1778 4208 1902 4263 qua:
1925 4190 2080 4246 velut
2110 4209 2199 4247 ve-

542 4300 693 4341 neno
721 4281 974 4355 quodam
1008 4283 1234 4336 mentes
1272 4278 1601 4347 hominum,
1654 4283 1709 4333 et
1764 4280 2018 4350 quadam
2069 4280 2196 4335 ani-

546 4388 672 4426 mas
703 4370 996 4442 pestilenti
1018 4369 1295 4425 vitiorum
1327 4368 1459 4424 tabe
1491 4367 1909 4423 contaminant.
1945 4367 2072 4423 Haec
2111 4376 2193 4425 est

545 4458 821 4514 cathedra
851 4456 1191 4529 pestilentiae
1224 4474 1400 4529 super
1432 4473 1608 4529 quam
1650 4457 1927 4512 sederunt
1982 4457 2194 4513 Scriba:

545 4551 602 4603 et
629 4545 928 4602 Pharisaei.
964 4546 1063 4617 qui
1092 4546 1408 4617 imponunt
1452 4545 1792 4602 hominibus
1851 4562 2026 4602 onera
2068 4562 2194 4619 gra-
2227 4568 2273 4633 D

543 4636 657 4702 via,
686 4633 799 4707 ipsi
830 4637 1025 4689 autem
1057 4634 1240 4706 digito
1272 4633 1481 4689 nolunt
1510 4651 1577 4690 ea
1629 4651 1877 4690 movere.
1929 4634 2045 4691 Has
2102 4650 2194 4691 ca-

542 4724 782 4782 thedras
813 4723 883 4779 de
914 4722 1131 4795 templo
1164 4722 1427 4777 Salvator
1454 4723 1625 4794 ejeeit
1653 4740 1855 4779 eorum
1887 4724 1983 4795 qui
2028 4741 2089 4779 se
2127 4725 2197 4779 de

540 4815 763 4872 honore
793 4813 1106 4884 jactarent,
1139 4810 1428 4883 primatus
1459 4816 1785 4883 quaererent
1842 4812 2196 4884 dignitatum

544 4919 747 4962 eorum
780 4900 880 4974 qui
903 4899 1229 4957 sacerdotio
1257 4899 1343 4955 vel
1371 4900 1628 4973 primatu
1672 4900 1911 4956 honoris
1964 4905 2196 4957 uteren-

541 4999 642 5050 tur
670 4992 744 5049 ad
777 4994 1088 5064 quaestum,
1122 5005 1325 5046 eorum
1358 4989 1455 5060 qui
1490 4988 1861 5061 indulgentes
1892 4989 2064 5061 gulae,
2097 5007 2195 5045 ne.

544 5097 841 5154 quaquam
883 5079 1139 5136 debitam
1179 5077 1548 5134 continentiae
1609 5082 1948 5149 praestarent
2004 5082 2194 5133 custo-

543 5171 722 5229 diam.
754 5170 883 5227 Hesc
911 5187 1047 5226 vera
1075 5173 1164 5225 est
1194 5167 1546 5240 pestilentia.
1607 5167 1866 5238 Denique
1916 5166 2036 5222 Heli
2092 5167 2196 5222 filii

542 5264 713 5319 erant
740 5258 845 5316 ﬁlii
868 5258 1231 5331 pestilentiae.
1261 5262 1320 5313 ln
1352 5257 1461 5312 hac
1491 5257 1746 5329 quadam
1759 5256 1894 5312 sede
1922 5255 2194 5312 vitiorum

619 5437 731 5560 8:20)
760 5437 853 5492 Sic
882 5437 1019 5519 edit.
1046 5436 1346 5519 Era.,.Gil.
1388 5440 1445 5490 et
1488 5437 1652 5517 item.
1687 5450 1821 5489 cum
1879 5434 2004 5516 cod.
2038 5434 2190 5501 Vat.,

548 5510 624 5590 go
652 5508 734 5590 b.,
779 5513 839 5590 et
866 5507 1014 5590 \fict.
1042 5527 1055 5577 ;
1089 5509 1272 5590 Paris.
1305 5525 1436 5590 vero
1476 5508 1639 5590 θάιιτ,
1662 5522 1805 5590 cum
1844 5504 1989 5590 'al‘u-s
2039 5507 2190 5590 cod.,

551 5580 609 5655 δέ
637 5577 820 5655 fueris
841 5579 1279 5655 adolescentiam
1309 5580 1492 5655 lapsus
1538 5580 1742 5655 aetatis,
1770 5578 1923 5655 debet
1951 5581 2022 5655 te,
2080 5582 2188 5655 etc.

548 5646 676 5723 Non
708 5646 879 5705 male.
911 5648 1128 5707 Tamen
1169 5646 1494 5723 elegantius
1547 5649 1797 5721 videtur,
1854 5651 1919 5707 ut
1964 5649 2194 5707 dicatur

2305 3478 2424 3534 vita
2455 3483 2563 3545 est,
2586 3480 2756 3551 cujus
2778 3497 2885 3537 nec
2904 3497 3180 3553 prospera
3200 3485 3566 3554 permanent,
3587 3496 3676 3536 nec
3695 3477 3870 3533 adversa

2307 3567 2588 3623 diuturna
2614 3572 2771 3623 sunt.
2825 3570 2974 3641 Ergo
3014 3569 3183 3642 quasi
3232 3570 3294 3625 in
3335 3571 3430 3626 via
3458 3571 3688 3626 locatum
3735 3574 3870 3632 neque

2306 3658 2563 3712 secunda
2592 3655 2885 3724 extollant,
2922 3674 3111 3729 neque
3143 3658 3391 3715 adversa
3420 3662 3473 3714 te
3506 3657 3755 3729 frangant,
3799 3662 3869 3703 nec

2306 3744 2644 3816 plausibilia
2676 3751 3061 3814 remorentur,
3096 3763 3201 3802 nec
3233 3752 3446 3804 moesta
3487 3746 3762 3801 detineant.
3801 3736 3869 3791 Fe-

2306 3835 2461 3891 stina
2489 3850 2720 3908 semper
2751 3836 2820 3890 ad
2854 3836 3053 3903 finem,
3085 3837 3298 3894 festina
3328 3842 3393 3892 ut
3423 3834 3712 3910 pervenias.
3760 3826 3871 3897 Eliso

2304 3928 2500 3978 tamen
2532 3924 2683 3979 viam
2718 3928 3033 3997 antequam
3066 3943 3269 3982 curras

2504 4018 2634 4067 Dure
2667 4014 2768 4069 viae
2809 4019 2987 4069 sunt:
3031 4016 3495 4085 unajustorum,
3527 4013 3687 4069 altera
3730 4018 3870 4079 pem:

2304 4105 2499 4157 torum
2536 4118 2691 4157 :una
2720 4102 3030 4174 aequitatis,
3073 4103 3256 4159 altera
3314 4097 3750 4177 iniquitatis,'de
3792 4105 3870 4164 (1⁸⁸

2306 4189 2448 4246 dixit
2478 4190 2803 4262 Propheta:
2839 4214 2865 4240 «
2902 4193 2968 4247 Et
2996 4192 3126 4249 vide
3158 4192 3207 4248 si
3247 4193 3342 4248 via
3391 4189 3699 4264 iniquitatis
3738 4184 3783 4238 in
3807 4192 3876 4263 me.

2305 4284 2394 4335 est
2424 4281 2595 4351 (Psal.
2629 4295 2899 4347 cxxxvm,
2934 4281 3045 4353 24).
3080 4304 3106 4331 ››
3138 4282 3264 4337 Non
3316 4281 3509 4337 solum
3540 4294 3664 4351 ergo
3688 4275 3779 4330 vita
3806 4282 3871 4322 no-

2304 4373 2426 4424 stra
2473 4368 2564 4424 via
2623 4373 2729 4434 est,
2799 4369 2900 4424 sed
2950 4368 3123 4425 etiam
3184 4369 3244 4424 in
3293 4372 3425 4443 ipsa
3450 4370 3565 4425 vita
3603 4368 3768 4423 nostra
3802 4357 3869 4410 alii

2302 4456 2535 4512 virtutis
2566 4458 2658 4512 via
2687 4462 2795 4529 est,
2828 4462 2930 4512 aut
2976 4456 3329 4531 iniquitatis.
3400 4458 3544 4514 Cave
3579 4454 3733 4529 igitur
3751 4464 3804 4503 ne
3830 4443 3868 4531 ill

2304 4549 2360 4601 te
2389 4561 2628 4618 gressus
2659 4562 2797 4602 suos
2827 4530 3087 4602 collocet
3119 4547 3383 4619 avaritia,
3416 4556 3470 4604 et
3508 4547 3585 4603 sis
3629 4542 3706 4598 via
3729 4530 3868 4619 crimi-

2307 4634 2438 4703 nis;
2473 4651 2544 4690 ne
2568 4634 2930 4707 improbitas,
2965 4652 3035 4691 ne
3067 4634 3267 4701 libido,
3301 4616 3461 4693 etvsis
3505 4635 3594 4689 via
3622 4616 3868 4700 iniquitab’s

2306 4722 2718 4779 itinerantibus
2786 4723 2997 4779 detrita
3057 4724 3316 4798 ﬂagitiis.
3372 4725 3527 4780 Licet
3576 4719 3671 4777 tibi
3718 4713 3868 4783 elige"

2308 4828 2455 4883 quos
2486 4813 2775 4885 sequaris,
2822 4817 2923 4868 aut
2957 4813 3176 4885 justos,
3214 4818 3317 4869 aut
3345 4814 3609 4886 injustas.
3637 4808 3868 4863 Justorum

2304 4901 2399 4957 via
2428 4900 2731 4974 angustior
2760 4905 2870 4969 est,
2902 4902 3259 4973 injustorum
3291 4902 3498 4958 latior:
3528 4899 3623 4956 Illa
3656 4890 3867 4951 sobrieta-

2304 4991 2382 5045 tis
2427 4989 2750 5062 angustior,
2795 4990 2915 5046 haec
2946 4991 3245 5047 ebrietatis
3293 4990 3483 5055 latior,
3529 4993 3590 5044 ut
3625 4979 3777 5058 possit
3808 4986 3869 5028 ca-

2306 5095 2441 5150 pere
2471 5078 2818 5135 ﬂuctuantes
2842 5080 2962 5135 haec
2992 5079 3170 5136 habet
3191 5079 3387 5137 saeculi
3419 5079 3589 5150 hujus
3618 5066 3865 5128 illecebras,

2303 5167 2400 5222 ille
2430 5166 2607 5224 habet
2636 5169 2967 5225 futurorum
3000 5169 3236 5242 praenia.
3269 5170 3334 5225 In
3366 5168 3491 5225 istis
3538 5165 3735 5221 fructus
3771 5162 3866 5246 PF?

2305 5256 2545 5322 sentior,
2588 5256 2649 5313 in
2697 5256 2814 5314 illis
2874 5274 3011 5330 spes
3064 5259 3319 5328 tardior;
3371 5274 3495 5331 qua:
3536 5252 3679 5311 enim
3722 5249 3866 5302 suam

2302 5453 2408 5509 per
2438 5435 2873 5509 concessionem
2909 5435 3018 5492 hoc
3036 5452 3216 5494 sensu
3242 5438 3405 5505 :Esla,
3436 5435 3615 5508 fuerit,
3642 5435 3732 5509 etc.-

2374 5480 3224 5578 ξὲιῐῖΰιῖἷῖιίῐέἇῖι.ἝῖιῖίέῨᾶ
3242 5480 3405 5565 EE?
3433 5480 3688 5579 ἔιῖἷιὲίὶιᾈὲζ
3708 5499 3753 5579 gn
3796 5480 3863 5579 ﬂ

2302 5551 2975 5652 ωᾱὲἆᾷῶᾶὶὶῆἱφῖαῖῦἶὲεῖ
2994 5551 3136 5637 Χίίέ
3168 5551 3680 5642 "(Sd-$333”.
3706 5569 3753 5621 τυ
3792 5551 3863 5613 ενδ

2301 5652 2419 5724 lege
2436 5650 2740 5711 damnatus
2763 5668 2834 5712 es.
