4078 6196
257 394 373 461 ππ

1416 396 1869 501 ENARRATlO
1911 399 1991 463 1N
2035 398 2419 467 PSALMUM
2462 400 2512 465 1.

3546 383 3670 471 67‘s

254 536 416 601 sunt,
468 548 585 591 non
633 528 909 589 diﬁ‘erunt
965 529 1304 591 diuturnam
1380 536 1898 609 exspectationem,
1928 537 1986 602 Α
2014 542 2181 606 runt;
2216 552 2342 611 qua:
2374 541 2569 594 autem
2600 535 2921 607 discerunt,
2953 538 3011 595 et
3038 537 3668 612 posteareverterunt,

253 623 359 681 sed
389 623 608 680 habent
637 626 981 696 praesentem
1022 623 1134 695 (22)
1193 624 1687 696 perfunctionem;
1747 626 1903 698 quod

2015 625 2329 682 Dominicis
2362 625 2751 683 excluduntur
2767 627 3110 684 auctoritate
3137 628 3437 685 sententiae
3461 627 3667 702 (Matth.

250 718 453 771 autem
516 712 735 769 serium
792 717 901 780 est,
951 712 1149 769 labore
1206 715 1502 786 quaeritur,
1563 732 1628 771 eo
1685 716 1840 787 quod
1873 733 1907 770 a
2012 732 2142 783 xxv,
2168 716 2277 785 12).
2310 715 2639 772 Didicimus
2670 732 2806 789 ergo
2830 733 2945 772 non
2977 721 3130 773 stare
3160 717 3220 771 in
3252 717 3346 773 via
3401 723 3668 791 peccato-

249 803 422 859 beata
460 801 813 875 cogitatione
863 802 956 857 vix
1003 802 1269 875 capitur:
1332 804 1469 875 quia
1525 802 1731 860 oculus
1789 821 1902 859 non

249 892 428 957 videt,
486 906 591 946 nec
649 890 812 946 auris
873 890 1119 959 audivit,
1178 909 1305 963 qua:
1363 893 1695 965 preparavit
1752 898 1904 948 Deus

249 979 633 1054 diligentibus
663 996 744 1035 se.
778 978 1023 1035 Difﬁcile
1055 979 1313 1036 solemus
1342 982 1574 1037 credere
1601 999 1727 1053 qua:
1789 998 1902 1037 non

245 1069 556 1125 videmus:
590 1071 647 1124 et
677 1068 805 1124 ideo
846 1068 1046 1125 anima
1083 1073 1310 1138 aestuat,
1335 1074 1391 1126 et
1420 1069 1534 1125 huc
1567 1076 1740 1142 atque
1767 1069 1903 1126 illuc

245 1159 407 1215 velut
434 1156 633 1214 oculos
659 1159 947 1229 quosdam
980 1158 1315 1214 circumfert
1338 1158 1719 1232 cogitationes
1742 1176 1898 1215 suas.

248 1248 413 1303 Tunc
443 1246 528 1302 illi
560 1250 866 1303 occurrent
895 1247 1132 1304 diversae
1172 1265 1369 1304 rerum
1428 1249 1671 1319 species,
1723 1265 1903 1319 seque

249 1337 583 1393 offundunt.
626 1336 687 1392 Si
745 1336 817 1391 ad
876 1336 1232 1408 sempiterna
1288 1336 1569 1403 intendat,
1628 1337 1901 1392 virtutem

246 1424 449 1498 eligit:
484 1425 535 1480 si
568 1425 637 1479 ad
669 1424 968 1496 presentia
1005 1425 1363 1496 voluptatem
1400 1424 1701 1497 praeponit.
1723 1426 1903 1481 Grave

246 1520 306 1570 et
332 1512 603 1586 iniquum
635 1517 928 1568 certamen
978 1514 1255 1570 adversus
1292 1512 1699 1569 delectationes
1756 1531 1903 1586 prae-

247 1603 525 1660 sentium.
559 1602 663 1658 Hic
688 1601 929 1658 libertas
959 1606 1048 1657 est
1075 1601 1482 1674 cupiditatum,
1507 1601 1623 1657 illic
1652 1602 1903 1658 servitus

246 1690 600 1764 injuriarum
644 1690 779 1762 (23),
808 1690 992 1747 facere
1024 1707 1151 1763 qua:
1192 1707 1307 1746 non
1346 1691 1433 1746 vis
1481 1695 1537 1746 et
1566 1691 1639 1746 ab
1672 1691 1743 1747 iis
1774 1707 1901 1762 quae

244 1779 689 1848 desideraveris,
722 1779 1054 1841 abstinere;
1087 1779 1181 1835 hic
1239 1778 1587 1847 convivium,
1648 1778 1767 1835 illic
1818 1781 1902 1851 je-

236 1869 517 1941 junium;
571 1869 666 1924 hic
698 1868 1152 1941 intemperantia
1182 1868 1551 1941 gaudiorum,
1605 1868 1723 1923 illic
1772 1884 1900 1940 per-

243 1957 573 2014 severantia
599 1957 991 2031 lacrymarum
1018 1957 1158 2012 :.hic
1204 1957 1457 2025 saltatio,
1493 1956 1609 2013 illic
1671 1958 1895 2026 oratio;

241 2046 342 2103 hic
371 2050 576 2103 cantus
607 2046 828 2113 dulces,
860 2045 978 2101 illic
1008 2046 1263 2117 gemitus
1312 2062 1541 2118 graves.
1603 2047 1899 2118 Scriptum

241 2139 335 2191 est
364 2136 641 2207 quidem:
676 2157 704 2185 «
736 2135 845 2191 Cor
872 2134 1224 2206 sapientium
1260 2134 1316 2188 in
1357 2134 1528 2189 domo
1585 2133 1799 2201 luctus,
1845 2139 1901 2190 et

241 2238 344 2279 eor
374 2223 688 2280 stultorum
719 2222 779 2278 in
810 2223 983 2279 domo
1013 2222 1339 2294 epularum.
1358 2222 1567 2278 Melius
1587 2228 1677 2278 est
1699 2223 1901 2279 audire

239 2313 705 2385 increpationem
739 2312 1041 2384 sapientis,
1076 2312 1265 2384 magis
1314 2327 1490 2384 quam
1538 2311 1730 2367 virum
1789 2329 1898 2368 au-

240 2401 509 2457 dientem
554 2400 844 2458 canticum
897 2400 1213 2457 stultorum
1272 2401 1463 2471 (Eccle.
1499 2418 1599 2467 vn,
1657 2402 1711 2467 5,
1760 2402 1837 2471 6).
1867 2423 1896 2452 »

236 2490 352 2546 Sed
387 2490 559 2559 pauci
585 2490 703 2545 haec
735 2490 1003 2555 audiunt,
1037 2489 1343 2561 pauciores
1372 2493 1720 2561 sequuntur.
1755 2489 1897 2544 Alli-

240 2578 327 2636 eit
355 2579 625 2635 homines
656 2579 846 2651 magis
875 2577 1043 2634 dulce
1074 2577 1316 2650 peccati,
1352 2579 1503 2648 quod
1537 2579 1609 2634 ad
1641 2595 1897 2650 praesens

238 2668 439 2725 inﬂuit
495 2672 550 2723 et
606 2668 939 2741 impinguat
994 2667 1291 2723 audientis
1346 2666 1641 2733 affectum,
1718 2684 1896 2740 quam

236 2757 411 2812 triste
438 2756 695 2824 virtutis,
732 2773 859 2829 quae
890 2756 1022 2812 ﬁdei
1038 2772 1203 2828 spem
1230 2755 1389 2811 velut
1413 2757 1667 2827 quodam
1686 2756 1898 2812 cortice

241 2846 428 2903 amari
459 2845 677 2902 laboris
707 2845 964 2901 involvit.
991 2846 1203 2900 Beatus
1233 2860 1369 2917 ergo
1421 2848 1599 2916 atque
1655 2844 1896 2901 mirabi-

241 2934 341 3001 lis,
373 2935 473 3006 qui
503 2934 710 2990 talium
741 2934 969 2989 viarum
1026 2932 1253 3005 positus
1308 2934 1363 2987 in
1424 2932 1722 3001 electione,
1779 2950 1895 2989 non

237 3023 419 3080 fuerit
472 3022 765 3079 illecebris
820 3022 1138 3094 voluptatis
1195 3022 1478 3088 inﬂexus;
1521 3027 1589 3076 ut
1645 3022 1894 3093 gradum

239 3129 423 3170 suum
455 3128 633 3184 super
652 3112 869 3168 vadosa
890 3115 948 3166 et
975 3128 1150 3183 prava
1170 3111 1505 3166 constituat.
1530 3111 1655 3167 Non
1682 3112 1898 3167 dicitur

232 3202 289 3258 ei
316 3219 330 3256 :
365 3224 392 3251 «
425 3201 519 3256 Vsa
551 3202 649 3273 qui
683 3200 1046 3272 dereliquisti
1073 3200 1314 3255 semitas
1331 3199 1600 3267 directas,
1626 3201 1892 3257 abeundo

230 3290 295 3347 in
327 3290 453 3346 vias
477 3291 848 3346 tenebrarum
883 3289 1075 3360 (Eccte.
1110 3305 1223 3357 XLI,
1255 3289 1363 3359 11).
1404 3308 1425 3338 ι

302 3380 396 3435 26.
430 3377 818 3451 Cognovimus
846 3378 1027 3450 igitur
1055 3392 1182 3448 quae
1222 3377 1298 3432 sit
1350 3376 1445 3432 via
1496 3380 1895 3452 peccatorum,

230 3468 293 3523 in
330 3484 447 3540 qua
468 3467 746 3523 standum
777 3482 893 3521 non
926 3481 1055 3522 esse
1086 3464 1374 3537 Propheta
1418 3480 1526 3520 nos
1584 3466 1895 3536 admonet;

237 3557 345 3615 sed
373 3556 551 3614 etiam
580 3555 957 3612 Ecclesiastes
988 3556 1176 3622 docet,
1218 3554 1316 3626 qui
1348 3554 1468 3610 ait:
1502 3578 1529 3605 ‹‹
1563 3554 1690 3610 Noli
1745 3558 1898 3611 stare

230 3647 295 3702 in
331 3661 602 3703 sermone
631 3644 787 3701 malo
819 3645 1006 3716 (Eccli.
1041 3661 1097 3709 v,
1127 3646 1204 3711 2),
1241 3664 1269 3692 »
1302 3643 1409 3699 hoc
1453 3646 1562 3709 est,
1623 3660 1739 3698 non
1771 3659 1898 3715 per.

227 3735 444 3792 sistere
464 3735 575 3807 (24)
606 3734 664 3789 in
714 3732 1087 3790 sermonibus
1148 3733 1299 3788 149
1361 3731 1554 3796 malis,
1617 3731 1895 3788 similiter

227 3829 290 3882 et
322 3823 599 3896 operibus
628 3820 1049 3895 improbandis.
1111 3820 1412 3885 Quomodo
1467 3820 1525 3874 in
1583 3820 1757 3876 bonis
1820 3820 1898 3877 sit

230 3912 538 3980 standum,
573 3915 812 3967 sanctus
842 3910 998 3966 idem
1028 3909 1316 3981 Propheta
1346 3909 1609 3981 praecipit
1646 3909 1848 3965 dicens
1875 3927 1887 3964 :

227 4024 260 4053 ‹‹
287 4003 526 4058 Stantes
556 4004 724 4056 erant
752 3999 929 4073 pedes
960 3997 1143 4054 nostri
1177 3997 1235 4051 in
1269 3996 1436 4053 atriis
1484 3996 1625 4063 tuis,
1659 3997 1896 4054 Jerusa.

223 4091 351 4147 lem
381 4090 554 4158 (Psal.
586 4104 713 4144 cxxI
744 4088 818 4159 2).
857 4109 885 4136 ››
945 4088 1009 4141 In
1064 4085 1393 4142 Jerusalem
1450 4086 1735 4142 standum
1782 4090 1891 4153 est,

226 4181 304 4236 de
336 4176 630 4250 Babylone
658 4177 1024 4250 fugiendum.
1057 4176 1127 4230 Et
1174 4174 1357 4246 Moysi
1408 4173 1666 4231 dicitur:
1719 4197 1747 4225 «
1806 4175 1892 4231 Tu

228 4270 433 4324 autem
464 4269 555 4321 sta
581 4282 809 4322 mecum
843 4267 1020 4335 (Deut.
1054 4282 1108 4329 v,
1138 4264 1249 4333 31),
1286 4284 1313 4311 ››
1376 4263 1475 4336 qui
1534 4264 1604 4319 de
1651 4264 1891 4336 Egypto

228 4355 406 4429 fugit,
439 4359 658 4411 etcum
696 4354 945 4410 Domino
1004 4357 1167 4410 stans
1224 4352 1653 4425 perseverabat.
1706 4353 1776 4406 Et
1831 4352 1890 4407 in

225 4442 567 4516 Evangelia,
600 4443 700 4515 qui
742 4444 1029 4498 steterunt
1070 4457 1257 4513 usque
1287 4441 1357 4495 ad
1390 4440 1595 4496 horam
1655 4440 1889 4495 undeci-

228 4549 418 4601 mam,
452 4530 733 4604 aeqnalem
768 4531 1096 4586 mercedem
1127 4527 1505 4601 operantibus
1545 4532 1893 4599 acceperunt

2015 821 2167 867 rum,
2201 808 2355 861 stare
2375 809 2569 860 autem
2602 806 2659 859 in
2692 805 2925 861 Virtutis
2957 805 3146 862 officio
3173 825 3184 873 ;
3209 807 3348 878 quia
3379 807 3668 881 scriptum

2014 898 2102 949 est
2134 911 2146 948 :
2179 915 2204 946 α
2235 895 2321 949 Tu
2352 899 2546 949 autem
2578 895 2691 950 ﬁde
2722 898 2844 950 stas
2884 895 2995 967 (25)
3038 898 3209 964 (Rom.
3243 913 3322 963 XI,
3351 898 3464 967 20).
3496 919 3524 947 »

2082 985 2170 1037 27.
2204 983 2368 1038 Nunc
2399 983 2839 1039 consideremus
2870 984 3011 1055 quid
3044 984 3154 1040 sit:
3189 1007 3217 1035 «
3250 985 3320 1040 Et
3350 985 3409 1040 in
3468 987 3667 1045 cathe—

2014 1072 2119 1126 dra
2140 1071 2484 1143 pestilentias
2510 1090 2626 1128 non
2651 1072 2822 1128 sedit.
2846 1095 2873 1122 »
2896 1073 2966 1128 Et
2987 1073 3224 1145 quidem
3249 1074 3665 1146 praemisimus,

2013 1161 2168 1232 quod
2200 1178 2313 1216 non
2347 1160 2594 1233 simplex
2645 1177 2959 1218 concessus
3002 1161 3062 1217 in
3122 1162 3463 1234 hujusmodi
3512 1166 3667 1237 quod

2013 1249 2071 1303 in
2105 1266 2213 1305 usu
2238 1254 2326 1306 est
2356 1250 2520 1317 solio,
2555 1252 3036 1322 reprehendatur.
3073 1251 3220 1317 Quid
3244 1252 3401 1308 enim
3435 1253 3666 1310 invidia

2012 1337 2251 1394 haberet
2283 1340 2354 1394 ad
2388 1339 2621 1411 culpam
2645 1339 2803 1395 ?Sed
2831 1356 2967 1396 cum
2999 1339 3150 1395 oculi
3182 1340 3411 1397 Domini
3438 1358 3670 1414 semper

2013 1443 2189 1498 super
2215 1427 2415 1483 ﬁdeles
2446 1432 2609 1484 terrae
2670 1428 2825 1496 sint;
2885 1433 3169 1500 tanquam
3223 1430 3332 1486 sub
3392 1435 3666 1489 consectu

2010 1514 2379 1588 imperatoris
2410 1516 2603 1584 locati,
2638 1521 2695 1572 et
2723 1517 2898 1573 veluti
2931 1518 2990 1573 in
3034 1517 3360 1575 ministerio
3409 1520 3667 1591 quodam

2012 1605 2207 1678 positi,
2244 1610 2399 1661 stare
2429 1606 2732 1662 debemus.
2767 1606 2932 1663 Miles
2963 1607 3019 1662 in
3045 1607 3343 1679 procinctu
3378 1612 3514 1676 stat,
3549 1626 3665 1665 non

2012 1694 2174 1750 sedet
2208 1713 2221 1762 ;
2256 1694 2425 1750 miles
2456 1695 2516 1750 in
2549 1695 2730 1750 armis
2763 1712 2877 1750 non
2910 1712 2972 1752 se
3022 1696 3287 1761 reﬂectit,
3322 1698 3420 1753 sed
3454 1698 3669 1754 excitat

2013 1788 2185 1855 atque
2234 1782 2422 1856 erigit.
2479 1784 2731 1855 Ideoque
2790 1783 3077 1838 militibus
3133 1783 3351 1840 Christi
3409 1784 3661 1841 dicitur:

2012 1895 2038 1922 ‹‹
2082 1872 2227 1927 Ecce
2264 1888 2420 1927 nunc
2476 1870 2801 1927 benedicite
2856 1870 3193 1936 Dominum,
3253 1888 3457 1927 omnes
3514 1872 3663 1928 servi

2011 1960 2264 2028 Domini,
2298 1961 2394 2032 qui
2445 1960 2613 2015 statis
2666 1959 2724 2014 in
2758 1961 2932 2015 domo
2968 1958 3195 2015 Domini
3219 1961 3390 2029 (Psat.
3420 1977 3656 2029 cxxxm,

2006 2049 2081 2120 4).
2110 2072 2138 2099 ››
2173 2053 2247 2104 At
2277 2054 2479 2105 contra
2508 2048 2789 2120 iniquitas
2818 2049 2878 2103 in
2910 2048 3130 2104 talento
3164 2047 3441 2120 plumbeo
3472 2050 3664 2120 sedet,

2011 2154 2075 2194 eo
2107 2139 2259 2210 quod
2291 2139 2405 2193 fixa
2444 2138 2503 2192 in
2550 2141 2804 2210 peccato,
2838 2153 2902 2193 se
2959 2137 3031 2192 ab
3090 2153 3157 2192 eo
3215 2152 3487 2209 separare
3544 2154 3660 2204 non

2009 2227 2214 2298 possit.
2260 2226 2485 2283 Etenim
2546 2225 2853 2281 inveterati
2908 2225 2966 2279 in
3028 2242 3244 2297 errore,
3297 2228 3354 2281 et
3401 2224 3663 2283 studiose

2011 2315 2246 2388 ﬂagitiis
2278 2302 2645 2381 inhaerentes,
2680 2314 2881 2370 sedere
2938 2314 3235 2380 dicuntur,
3295 2311 3397 2385 qui
3457 2312 3666 2371 nolunt

2010 2420 2338 2476 assurgere,
2372 2419 2477 2458 nec
2509 2402 2710 2458 audire
2767 2402 3051 2458 dicentem
3080 2420 3094 2470 ;
3128 2424 3156 2451 «
3220 2401 3451 2475 Surgite
3501 2406 3661 2474 post-

2008 2509 2184 2564 quam
2219 2491 2488 2547 sederitis
2520 2492 2691 2561 (Psat.
2726 2508 2911 2557 cxxtv,
2943 2492 3020 2563 2).
3055 2513 3084 2540 »
3117 2491 3378 2563 Denique
3408 2491 3503 2547 hic
3533 2491 3661 2564 ipse

2008 2581 2295 2652 Propheta
2320 2579 2459 2635 alibi
2491 2579 2606 2634 ait:
2643 2602 2669 2629 ‹‹
2703 2579 2990 2635 Sederunt
3020 2579 3333 2652 principes,
3366 2584 3422 2635 et
3461 2580 3661 2637 adver-

2007 2686 2140 2725 sum
2173 2685 2265 2723 me
2297 2667 2684 2723 detrahebant
2713 2669 2825 2739 (26)
2856 2668 3028 2738 (Psal.
3078 2684 3273 2735 CXVIII,
3334 2668 3446 2738 23).
3497 2690 3526 2717 »
3575 2670 3662 2723 An

2007 2758 2348 2830 ignoramus
2380 2756 2535 2827 qnod
2565 2759 2790 2811 tantam
2815 2756 2934 2811 vim
2956 2756 3170 2812 habeat
3184 2755 3509 2812 inveterata
3526 2771 3660 2812 con-

2007 2845 2254 2902 suetudo
2286 2844 2582 2916 peccandi,
2618 2848 2683 2897 ut
2710 2843 2982 2907 excludat
3013 2846 3307 2909 naturam,
3341 2859 3467 2917 quae
3523 2859 3662 2900 eum

2006 2934 2083 2990 sit
2122 2932 2486 2989 medicabilis
2554 2933 2626 2987 ad
2682 2932 2957 2997 salutem,
3016 2936 3212 2989 tamen
3272 2931 3660 2989 corroboratis

2003 3027 2265 3095 tempore
2287 3021 2663 3093 passionibus
2689 3020 3140 3077 immedicabilis
3171 3021 3284 3094 (27)
3314 3021 3659 3078 invenitur"?

2004 3111 2131 3167 Non
2162 3127 2298 3183 ergo
2330 3127 2781 3183 permaneamus
2811 3109 2870 3164 in
2902 3109 3101 3177 vitiis;
3132 3110 3232 3166 sed
3251 3111 3661 3184 unusquisque

2007 3199 2237 3256 etiamsi
2271 3198 2403 3267 fuit,
2437 3198 2668 3255 exsiliat
2698 3215 2731 3252 a
2759 3197 2949 3270 culpa,
3012 3197 3164 3255 sicut
3221 3198 3510 3271 scriptum
3570 3203 3660 3258 est

1924 3268 1967 3335 Ο
2010 3290 2191 3361 (Prov.
2224 3305 2278 3355 v,
2322 3288 2378 3355 3)
2435 3288 2507 3343 de
2563 3287 2809 3342 muliere
2856 3268 3188 3343 meretrice.
3247 3268 3661 3346 Ne_intendas

2008 3377 2069 3433 in
2102 3394 2229 3434 eam
2261 3375 2495 3432 oculum
2528 3379 2719 3441 tuum,
2752 3376 2853 3432 sed
2892 3375 3079 3444 exsili,
3142 3393 3214 3432 ne
3242 3376 3525 3445 moreris;
3558 3394 3660 3435 ex-

2010 3467 2105 3522 sili
2134 3470 2450 3537 antequam
2479 3469 2535 3520 te
2577 3464 2714 3519 anni
2763 3464 3091 3535 juventutis
3142 3465 3461 3523 inveniant.
3524 3464 3660 3532 Sed,

2010 3556 2164 3628 quod
2195 3553 2430 3627 gravius
2454 3558 2561 3621 est,
2596 3553 2854 3625 plerique
2885 3553 3179 3610 luxuriam
3237 3556 3497 3628 corporis
3555 3571 3660 3628 nec

2008 3642 2223 3700 albenti
2247 3642 2532 3698 erubuere
2562 3641 2793 3709 canitie,
2853 3646 2912 3696 et
2968 3658 3155 3714 usque
3213 3643 3285 3699 ad
3342 3646 3661 3714 senectutis

2007 3735 2235 3787 aetatem
2256 3731 2434 3786 vitam
2467 3730 2789 3801 produxere
2820 3729 3205 3786 maculosum.
3234 3730 3465 3801 Intimis
3503 3733 3661 3790 enim

2006 3823 2287 3892 concepta
2314 3818 2636 3875 visceribus
2664 3818 2791 3873 lues
2822 3817 3027 3890 culpis,
3061 3835 3338 3891 processu
3380 3821 3662 3894 temporis

2005 3911 2396 3965 coacervatur.
2421 3906 2567 3962 Cave
2624 3905 2805 3979 igitur
2865 3907 2936 3961 ab
2996 3906 3319 3979 impiorum
3378 3908 3661 3975 consiliis,

2004 4014 2121 4052 non
2153 3998 2456 4069 penetrent
2486 3993 2828 4065 bujusmodi
2858 3993 3103 4050 consilia
3143 3997 3401 4049 mentem
3458 3997 3621 4050 tuam
3648 4026 3661 4076 ;

2004 4101 2076 4140 ne
2107 4085 2335 4140 dicatur
2367 4084 2435 4139 de
2464 4087 2558 4138 te:
2595 4105 2623 4131 «
2657 4081 2927 4155 Alligavit
2949 4083 3081 4155 quis
3125 4082 3323 4156 ignem
3384 4081 3445 4138 in
3504 4081 3663 4148 sinu,

2001 4174 2348 4229 vestimenta
2376 4175 2573 4228 autem
2608 4188 2724 4227 non
2770 4172 3075 4227 comburet
3132 4172 3317 4242 (Prov.
3357 4188 3434 4238 v1,
3463 4169 3604 4240 27)?
3632 4194 3660 4221 ››

2004 4261 2229 4317 Etenim
2261 4260 2360 4332 qui
2387 4259 2566 4316 semel
2596 4260 2657 4314 in
2691 4260 2825 4315 sinu
2877 4260 3092 4316 mentis
3124 4257 3331 4332 ﬂagitii
3360 4259 3662 4315 ﬂammam

2002 4349 2275 4406 ferventis
2321 4348 2656 4416 adoleverit,
2686 4348 2797 4403 cito
2843 4348 3104 4421 corporis
3161 4348 3252 4404 sui
3309 4347 3663 4404 vestimenta

2002 4439 2327 4495 comburet.
2353 4437 2424 4491 Et
2454 4439 2519 4491 ut
2549 4436 2609 4490 in
2662 4435 2944 4507 stipulam
2968 4435 3123 4508 ignis
3153 4434 3448 4503 exsiliens,
3478 4434 3662 4492 inhe-

2001 4531 2088 4583 ret
2116 4543 2182 4582 ac
2213 4530 2537 4598 permanet,
2573 4525 2752 4580 donec
2784 4540 2957 4580 omne
2998 4525 3152 4596 quod
3210 4524 3513 4598 corripuit,
3559 4524 3663 4581 ab-

222 4619 819 4693 (Matth.xx,9,10).Et
847 4634 975 4690 quae
1007 4620 1297 4674 steterunt
1321 4615 1578 4689 virgines
1603 4632 1789 4689 usque
1820 4617 1891 4672 ad
1923 4635 1969 4699 Ι)
2003 4620 2201 4672 sumat
2229 4632 2240 4671 :
2271 4614 2352 4669 ita
2379 4611 2469 4668 vel
2501 4612 2709 4685 exigua
2742 4612 2852 4683 (28)
2885 4611 3141 4670 scintilla
3170 4612 3413 4686 peccati,
3466 4613 3516 4670 si
3546 4629 3662 4685 quo

227 4710 551 4768 adventum
581 4707 803 4781 sponsi,
839 4708 909 4763 ad
942 4707 1149 4779 nuptia
1189 4704 1367 4762 simul
1395 4704 1635 4760 introire
1666 4721 1893 4761 merue-

306 4870 423 4941 (22)
455 4867 622 4924 Rom.
659 4866 797 4941 edit.
833 4864 978 4941 sola,
1011 4864 1287 4941 diutuma
1319 4866 1715 4941 egspectatione
1766 4881 1892 4941 per-

226 4935 599 5012 fuhctionem,
628 4938 725 5012 sed
753 4937 948 5012 habent
962 4939 1313 5007 praesentaria.
1346 4936 1414 4991 Et
1432 4935 1710 5012 continuo
1738 4940 1890 5007 post,

232 5007 341 5069 ubi
369 5027 575 5067 omnes
606 5009 747 5065 edit.
779 5025 845 5065 ac
877 5007 1074 5080 plures
1096 5023 1267 5075 mss.,
1293 5007 1442 5080 quod
1482 5015 1662 5063 autem
1710 5024 1895 5064 serum

229 5092 316 5142 est
348 5107 362 5147 ;
397 5082 476 5137 ibi
506 5081 631 5137 cod.
658 5080 803 5137 Vict.
837 5078 896 5135 et
923 5079 1110 5145 Colb.,
1163 5078 1521 5149 quod’autem
1559 5079 1765 5134 serium
1795 5088 1890 5135 est.

232 5154 469 5228 Optime
495 5171 508 5220 ;
540 5154 747 5207 serium
777 5151 931 5207 enim
965 5149 1059 5205 hic
1089 5148 1431 5228 opponitur
1459 5151 1735 5218 suavibus,
1770 5167 1895 5220 quae

230 5224 487 5283 le’vicula
516 5240 644 5279 esse
676 5226 1121 5279 consueverunt.

308 5298 425 5368 (23)
457 5296 610 5351 Edit.
636 5312 842 5350 omnes
872 5297 929 5349 et
954 5367 959 5368 γ
986 5310 1131 5368 mss.
1183 5292 1427 5368 aliquot,
1470 5293 1763 5368 servitutis
1816 5294 1898 5346 in-
2004 5301 2221 5360 autem,
2254 5292 2425 5368 Golb.
2450 5307 2515 5345 ac
2544 5292 2656 5368 vet.
2690 5292 2852 5368 edit._.
2874 5292 3072 5368 taan
3116 5292 3454 5368 corruperant

528 5372 759 5434 uatuor,
817 5367 1049 5421 servitus
1107 5355 1421 5434 iniuriam.
1470 5363 1696 5436 Rursus
1727 5434 1733 5436 _
1766 5367 1899 5434 post
2000 5381 2131 5436 pore
2157 5355 2503 5436 pass-{emtas
2534 5358 2973 5436 immedicabilis.
3009 5357 3176 5413 Rom.
3210 5355 3356 5436 sola,
3395 5356 3656 5436 diuturno

238 5385 398 5440 γυνῑα
416 5385 437 5428 ,⁸
528 5385 759 5434 uatuor,
817 5385 1049 5421 εϐνυῑιῑιδ
1107 5385 1407 5434 ῑηιιινιαπι.
1470 5385 1696 5418 ΙὶυΓδυδ
1767 5385 1896 5434 ρυδι

234 5385 560 5516 p_auca,u(ii_i
588 5442 808 5494 cuncta:
826 5436 1112 5516 editcum
1130 5436 1325 5516 tribus
1356 5434 1629 5516 mss.,Hz'c
1655 5434 1896 5516 saltatio,

236 5506 364 5570 illic
389 5511 609 5576 oratio;
641 5526 786 5565 mss.
821 5507 1012 5573 alii,...
1048 5507 1167 5561 illic
1190 5507 1451 5578 ploratio.
1485 5506 1617 5578 Quae
1658 5506 1895 5576 quidem

237 5581 438 5648 lectio,
468 5580 581 5636 etsi
611 5580 857 5637 minime
886 5580 1154 5636 videatur
1192 5576 1641 5648 contemnenda,
1700 5580 1896 5633 tamen

235 5647 430 5728 priori
456 5651 729 5719 Basilius,
761 5667 830 5708 ex
860 5668 974 5724 quo
1021 5649 1200 5722 petita
1230 5654 1336 5718 est,
1370 5648 1517 5704 favet
1547 5647 1638 5704 his
1665 5649 1856 5705 verbis
1881 5666 1893 5705 :

236 5734 447 5784 ἕνταῠθα
475 5731 695 5798 ὄρχεσιν,
727 5731 871 5781 κάκεῖ
896 5732 1200 5797 προσευχὴν.

2001 4705 2277 4763 vitiorum
2308 4701 2512 4758 fomite
2557 4701 2731 4758 fuerit
2760 4700 3036 4770 excitata,
3070 4701 3411 4758 incendium
3441 4700 3662 4774 grande

2074 4866 2185 4933 (24)
2216 4863 2492 4927 Quaedam
2517 4860 2655 4933 edit.
2679 4861 2864 4931 Paris,
2894 4864 2993 4917 hoc
3020 4866 3119 4931 est,
3138 4862 3257 4916 noli
3270 4860 3585 4933 persistere.

2217 4936 2364 4991 Edit.
2398 4950 2533 5009 cum
2564 4932 2755 4988 tribus
2785 4927 2930 4989 mss.
2968 4935 3040 4988 Tu
3085 4927 3445 5009 autemvide,
3477 4927 3567 5009 vel
3596 4929 3657 5009 i3;

2003 4999 2107 5081 ﬁde
2162 4999 2264 5081 sta,
2304 5006 2631 5081 Arquinque
2665 5021 2807 5060 mss.
2873 5020 3007 5059 cum
3070 5003 3348 5059 omnibus
3393 4999 3656 5072 Apostoli

2002 5076 2452 5161 exemplaribus,
2466 5076 2525 5132 ..ζ
2693 5084 2823 5161 stas.

2074 5144 2189 5220 (‘26)
2218 5151 2355 5204 Mss.
2388 5144 2675 5220 nonnulli,
2707 5147 2995 5220 adversum
3019 5159 3105 5198 me
3132 5144 3458 5220 tractabant.

2076 5211 2188 5293 (27)
2226 5223 2309 5276 lta
2331 5220 2456 5275 cod.
2488 5218 2617 5273 Vat.
2636 5211 2862 5293 unuset
2889 5214 3149 5293 quinque
3171 5213 3477 5293 Gallicani.
3499 5211 3650 5293 Vict.

2004 5285 2221 5360 autem,
2254 5292 2415 5348 Cnlb.
2450 5307 2515 5345 ac
2544 5292 2656 5344 vet.
2690 5287 2852 5360 edit._.
2888 5285 3072 5360 tamen
3116 5285 3466 5360 corroborata
3520 5292 3657 5341 tem-

2005 5427 2187 5493 tameiz
2214 5439 2450 5506 tempore
2474 5430 2818 5504 passionibus
2843 5429 3162 5500 depravata,
3212 5427 3652 5496 immedicabilis,

2004 5513 2188 5651 eu(:28)
2214 5578 2352 5651 Mss.
2379 5572 2658 5651 quinque,
2703 5572 2766 5651 Et
2806 5574 2865 5651 tu
2893 5571 3156 5642 stipulam
3194 5570 3653 5651 igni§__abs_umit,

2006 5642 2093 5706 ita
2118 5642 2198 5705 υέι
2227 5642 2446 5719 exigua,
2481 5642 2586 5701 elc.
2621 5642 2850 5715 Reliqui
2890 5658 2956 5699 ac
3006 5642 3229 5702 omnes
3267 5643 3405 5701 edit.
3435 5647 3502 5699 ut
3547 5657 3655 5697 nos

2009 5737 2209 5794 supra.
