4078 6196
548 339 693 408 -979

2037 342 2109 408 5.
2149 340 2523 408 AMBROSII

3794 353 3883 420 980

570 478 802 535 excitat.
833 471 962 535 Noli
991 492 1126 552 ergo
1162 480 1316 535 stare
1347 473 1406 533 in
1456 480 1712 550 peccato.
1761 478 2057 535 Postremo
2118 495 2217 550 po—
2247 480 2302 546 Α
2332 479 2486 534 enim
2521 477 2800 553 sapientis
2831 479 2891 534 in
2922 479 3111 552 capite
3139 478 3286 552 ejus.
3315 478 3469 545 Quod
3528 480 3706 538 referri
3747 493 3885 558 potest

569 565 743 625 suisti
754 566 1066 641 vestigium
1081 585 1260 641 supra
1269 567 1605 640 voraginem
1623 567 1941 640 eulpm,cito
1956 567 2119 622 aufer
2132 582 2224 638 pe-

569 657 705 714 dem
732 675 744 725 ;
779 673 853 713 ne
884 673 1062 729 supra
1093 656 1354 729 plantam
1388 657 1491 712 tibi
1507 659 1783 712 ascendat
1799 656 2223 728 pollutio,750

565 749 626 803 et
654 745 826 819 lapsu
858 745 1114 803 faciliore
1145 747 1442 818 deceptus,
1476 763 1655 818 supra
1685 745 1875 801 lutum
1906 745 2183 802 resideas.

637 839 729 893 28.
760 836 1022 892 Cavenda
1050 851 1186 907 ergo
1225 835 1414 907 prima
1446 839 1584 890 sunt
1613 834 1771 901 vitia,
1805 851 1876 889 ne
1934 835 1993 889 in
2054 832 2223 906 plura

569 925 782 982 deinde
809 924 1075 996 graviora
1105 927 1468 995 proserpant.
1503 923 1728 978 Etenim
1772 923 1924 978 sicut
1953 921 1994 976 ii
2027 921 2125 993 qui
2159 938 2221 977 se

570 1014 631 1071 in
662 1013 784 1068 luto
812 1017 1068 1080 versant,
1100 1029 1216 1084 quo
1248 1013 1436 1085 magis
1487 1012 1842 1079 volutantur,
1879 1028 1944 1066 eo
1968 1009 2222 1082 amplius

569 1102 1104 1176 inquinenturzita
1133 1102 1234 1173 qui
1297 1100 1476 1157 semel
1527 1117 1588 1156 se
1644 1100 1768 1154 luto
1827 1099 2222 1172 improbitatis

572 1191 909 1264 asperserit,
942 1190 1057 1246 nisi
1103 1191 1174 1246 ab
1232 1207 1297 1246 eo
1350 1189 1623 1245 velociter
1676 1187 1925 1254 exsiliat,
1987 1187 2223 1260 gravius

573 1281 688 1338 sibi
718 1280 1018 1337 dedecoris
1049 1279 1140 1336 sui
1172 1295 1402 1334 caenum
1433 1295 1534 1350 per
1561 1277 1824 1351 singulos
1881 1277 2005 1332 dies
2064 1276 2221 1331 lutu-

571 1369 741 1427 lentae
808 1368 1201 1426 conversionis
1253 1367 1511 1425 obducit.
1573 1368 1773 1439 Itaque
1832 1366 1992 1438 gravi
2049 1365 2225 1421 odore

459 1507 464 1518 ,
569 1462 737 1516 terrae
795 1457 954 1514 illius
1011 1474 1076 1514 ac
1129 1457 1428 1530 ﬂagitiosae
1487 1455 1780 1528 voraginis
1861 1454 2227 1510 contrahitur

571 1549 842 1621 quaedam
873 1547 1204 1604 animarum
1235 1545 1586 1619 pestilentia,
1620 1547 2010 1616 corruptoque
2067 1542 2223 1598 salu-

569 1636 765 1693 brium
796 1635 1217 1710 cogitationum
1256 1633 1596 1706 spiramine,
1659 1633 1786 1688 lues
1845 1631 2224 1687 aestuantium

567 1725 913 1798 passionum
954 1724 1290 1780 miseranda
1318 1726 1639 1795 grassatur.
1694 1722 1838 1777 Hinc
1895 1720 2107 1777 lethale
2163 1735 2225 1776 se

570 1813 870 1869 mentibus
897 1812 1058 1909 virus
1089 1810 1366 1878 infundit,
1427 1810 1564 1909 hinc
1623 1809 1900 1909 subrepit.
1938 1808 2224 1909 aegritudo
2254 1844 2302 1909 B

568 1901 934 1974 corporibus,
991 1899 1305 1973 languores
1363 1899 1595 1954 animis.
1653 1900 1754 1954 Est
1811 1897 1967 1954 enim
2030 1897 2223 1954 malus

567 1989 837 2063 languor,
872 1988 1085 2045 erroris
1115 1989 1387 2060 languor,
1419 1987 1671 2043 avaritiae
1733 1987 2001 2060 languor,
2063 1987 2225 2042 inex-

569 2077 800 2151 plebilis
829 2077 1168 2150 cupiditatis
1197 2077 1462 2148 languor.
1499 2076 1623 2132 Istae
1673 2076 1884 2130 divitia:
1943 2079 2102 2143 sunt,
2162 2079 2227 2130 ut

570 2167 654 2224 ait
680 2165 1097 2223 Ecclesiastes:
1135 2187 1162 2215 α
1194 2166 1296 2221 Est
1327 2165 1575 2238 languor
1632 2164 1824 2220 malus
1883 2179 2057 2236 quem
2107 2163 2225 2219 vidi

572 2255 686 2313 sub
708 2255 852 2323 sole,
885 2254 1116 2311 divitias
1148 2253 1430 2310 custodiri
1464 2254 1522 2309 in
1590 2253 1811 2308 malum
1872 2252 2227 2325 possidentis

573 2359 674 2401 eas
695 2344 888 2416 (Eccle.
923 2361 976 2410 v,
1011 2345 1120 2411 I2).
1158 2366 1186 2393 ››
1217 2343 1320 2399 Dic
1349 2342 1516 2411 mihi,
1562 2359 1594 2398 ο
1654 2341 2053 2409 Ecclesiastes,
2113 2358 2228 2413 qua

573 2450 752 2490 causa
783 2431 975 2488 malus
1007 2433 1102 2487 hic
1152 2432 1399 2505 languor
1429 2430 1552 2486 sit?
1611 2430 2025 2502 Respondebit,
2089 2430 2229 2501 quia

573 2522 795 2579 multos
848 2539 1019 2577 avara
1061 2538 1196 2592 spes
1253 2521 1508 2576 devorat.
1562 2518 1918 2575 Insatiabilis
1971 2519 2228 2575 edacitas

574 2608 917 2683 cupiditatis
937 2613 1044 2666 est.
1081 2633 1108 2659 α
1146 2609 1342 2665 Nescit
1371 2608 1575 2664 satiari
1608 2612 1875 2681 argento,
1932 2608 2032 2680 qui
2092 2625 2227 2664 con-

572 2697 824 2772 cupiscit
855 2701 1163 2772 argentum
1195 2697 1355 2769 (Ibid.
1387 2698 1464 2769 9).
1507 2720 1526 2746 υ
1588 2698 1936 2753 Distendunt
1995 2697 2230 2763 divitiae,

573 2805 691 2846 non
721 2785 956 2860 explent
988 2804 1000 2843 :
1036 2811 1064 2837 «
1098 2788 1167 2842 Et
1196 2787 1244 2843 si
1277 2786 1410 2858 quis
1453 2786 1702 2842 satiatus
1768 2786 1944 2842 fuerit
1986 2785 2228 2850 divitiis,

577 2891 696 2932 non
748 2878 857 2942 est,
917 2875 1132 2947 inquit,
1211 2874 1313 2946 qui
1391 2873 1545 2929 sinat
1609 2890 1742 2929 eum
1814 2874 2088 2930 dormire.
2169 2875 2235 2929 Et

579 2964 818 3036 quidem
851 2979 1056 3020 omnes
1086 2963 1211 3018 dies
1235 2963 1363 3034 ejus
1395 2962 1454 3016 in
1511 2961 1790 3031 tenebris,
1825 2966 1882 3018 et
1938 2963 2119 3030 luctu,
2179 2967 2234 3018 et

581 3051 888 3109 iracundia
918 3051 1126 3123 multa,
1157 3054 1214 3107 et
1271 3050 1572 3124 languore,
1619 3055 1677 3106 et
1709 3051 1797 3107 ira
1811 3052 1970 3120 (Ibid.
1990 3053 2234 3123 11,16).››

585 3140 888 3208 Quomodo
917 3141 1075 3196 enim
1108 3143 1299 3213 potest
1327 3138 1600 3210 dormire,
1635 3139 1734 3210 qui
1766 3139 2074 3195 sollicitam
2107 3140 2233 3194 auri

2329 568 2501 624 etiam
2535 570 2605 624 ad
2636 569 2902 625 Ecclesia:
2934 567 3410 642 praeminentes:
3443 590 3470 619 «
3526 570 3690 628 Omne
3728 590 3805 629 cor
3843 577 3883 632 in

2332 658 2628 724 mmstitia,
2662 681 2688 707 »
2721 659 2952 730 quando
2984 658 3250 730 sapimus
3282 675 3405 730 quae
3435 663 3568 714 sunt
3595 663 3822 732 carnalia,
3851 672 3887 720 et

2330 746 2622 818 corporeis
2651 746 3052 819 voluptatibus
3085 747 3270 803 aciem
3309 747 3484 802 nostri
3516 749 3689 805 cordis
3732 751 3886 807 infodi-

2331 853 2484 891 mus.
2519 835 2680 891 Unde
2712 836 2793 891 ait
2827 837 3107 891 Dominus
3148 836 3369 908 (Ezech.
3393 853 3472 906 ιιι,
3525 837 3610 909 49)
3639 838 3701 892 ad
3738 837 3886 911 hujus-

2331 923 2510 990 modi,
2537 925 2690 996 quod
2723 925 2949 980 dederit
2977 924 3092 981 illis
3124 941 3224 980 cor
3251 941 3544 980 carneum.

2398 1014 2488 1068 29.
2522 1015 2567 1068 A
2597 1013 2844 1084 pedibus
2876 1030 3063 1085 usque
3095 1014 3165 1069 ad
3207 1017 3380 1086 caput
3436 1014 3609 1085 serpit
3659 1014 3764 1072 lues
3803 1017 3889 1072 dira

2332 1103 2692 1170 morborum,
2752 1104 2988 1174 quando
3049 1103 3318 1159 laborant
3375 1102 3652 1174 contagio,
3717 1107 3887 1175 quando

2331 1191 2770 1263 compatiuntur
2800 1191 2951 1258 aliis,
2985 1191 3033 1246 si
3083 1190 3218 1262 quis
3276 1191 3482 1247 effectu
3543 1190 3771 1247 libidinis
3812 1193 3886 1262 (30f:

2332 1279 2730 1346 defraudetur,
2762 1279 2947 1335 viduas
2981 1280 3264 1351 pudorem
3320 1295 3640 1352 expugnare
3689 1297 3782 1336 non
3823 1298 3889 1352 po-

2332 1368 2465 1437 tuit,
2504 1369 2649 1424 751
2689 1384 2896 1440 agrum
2955 1368 3263 1436 invadere;
3303 1372 3361 1424 et
3397 1384 3545 1440 aegre
3581 1369 3749 1424 cuncti
3790 1369 3890 1423 invi-

2334 1473 2459 1512 cem
2508 1455 2822 1529 languores
2875 1456 3253 1513 transierunt.
3305 1457 3536 1521 Quoties
3589 1457 3889 1530 ingemiscant

2334 1545 2595 1601 seniores
2627 1546 2781 1617 quod
2826 1545 2924 1600 diu
2986 1549 3186 1617 potare
3243 1563 3359 1601 non
3417 1545 3675 1617 possint?
3723 1545 3890 1612 Quoties

2333 1633 2531 1689 dolent
2561 1634 2715 1705 quod
2749 1633 2989 1690 scortari
3023 1634 3320 1700 desierint,
3355 1651 3486 1689 cum
3531 1635 3784 1690 scortandi
3824 1635 3892 1688 ha-

2334 1722 2512 1778 beant
2539 1721 2898 1778 voluntatem
2916 1722 2944 1776 ?
2970 1721 3204 1788 Quoties
3235 1722 3389 1778 inter
3419 1722 3635 1778 fabulas
3677 1722 3891 1777 ebriorum

2334 1809 2580 1866 virtutes
2614 1811 2824 1882 probro
2856 1814 3015 1882 sunt,
3049 1815 3285 1882 peccata
3313 1809 3495 1878 laudi,
3527 1810 3766 1867 honestas
3791 1809 3894 1866 ludi-

2332 1899 2480 1965 brio,
2514 1898 2873 1955 continentia
2904 1899 3068 1964 risui,
3122 1898 3526 1955 misericordia
3567 1899 3801 1955 vanitati!
3825 1899 3894 1954 Isti

2335 1991 2474 2044 sunt
2504 1987 2688 2043 morbi
2716 1988 2815 2059 qui
2848 1987 3002 2043 mala
3033 2005 3142 2044 sua
3171 1988 3231 2043 in
3267 1987 3487 2044 multos
3527 1989 3842 2044 transferunt.
3865 1990 3895 2042 Α

2335 2076 2537 2148 paucis
2569 2076 2899 2148 corruptela
2954 2077 3028 2132 ad
3080 2093 3284 2134 omnes
3344 2077 3615 2150 pervenit.
3671 2077 3835 2133 Sedent
3856 2077 3892 2129 in

2336 2164 2598 2221 consiliis
2627 2165 2974 2237 derogantes
3007 2165 3239 2233 sobriis,
3291 2169 3590 2222 ructantes
3639 2164 3893 2237 crapulam;

2337 2253 2543 2309 sedent
2571 2253 2631 2308 in
2662 2252 2919 2309 tabernis
2948 2253 3017 2309 de
3048 2253 3332 2310 ebrietate
3363 2258 3655 2310 certantes.
3684 2254 3803 2309 Inter
3823 2252 3894 2306 hos

2338 2341 2612 2397 meretrix
2641 2341 2810 2413 plena
2830 2342 2984 2410 vino,
3018 2341 3154 2397 huic
3185 2343 3478 2410 arridens,
3510 2342 3663 2398 illum
3691 2342 3889 2404 adurens,

2339 2435 2394 2485 et
2425 2445 2627 2486 omnes
2657 2431 2860 2486 ardore
2892 2430 3269 2487 inﬂammans
3300 2431 3586 2488 libidinis.
3614 2429 3894 2487 Verecundus

2340 2519 2389 2574 si
2421 2522 2701 2587 transeat,
2735 2519 3046 2587 erubescit,
3080 2537 3115 2575 a
3153 2520 3410 2593 singulis
3443 2520 3706 2594 carpitur;
3755 2517 3793 2574 si
3833 2517 3898 2572 lla-

2341 2607 2610 2680 gitiosus,
2637 2607 2901 2662 omnium
2931 2623 3030 2663 ore
3060 2605 3363 2675 laudatur,
3413 2613 3471 2665 et
3499 2613 3750 2678 tanquam
3795 2621 3896 2661 mor-

2339 2696 2452 2752 bus
2482 2696 2696 2751 transit
2724 2695 2783 2750 in
2818 2697 3046 2752 animas
3090 2697 3506 2769 singulorum;
3568 2697 3659 2770 qui
3704 2696 3824 2752 enim
3864 2694 3897 2746 in

2342 2783 2580 2857 ﬂagitiis
2611 2783 2876 2851 celebris,
2913 2783 3196 2856 plurimos
3228 2785 3301 2840 ad
3331 2786 3704 2850 imitationem
3738 2780 3900 2838 adducit

2341 2872 2574 2929 erroris.
2607 2873 2810 2944 Itaque
2842 2873 2983 2929 dum
3018 2877 3331 2946 peccatum
3364 2874 3656 2931 imitantur
3702 2870 3900 2930 alienum,

2343 2977 2517 3018 suum
2549 2961 2771 3017 faciunt
2801 2962 3043 3018 malum.
3078 2963 3203 3018 Non
3235 2964 3450 3020 sedeas
3480 2965 3625 3019 inter
3665 2979 3762 3028 eos,
3805 2971 3901 3028 quo!

2344 3055 2581 3106 sanctus
2613 3049 2901 3122 Propheta
2927 3050 3206 3123 fugiebat.
3259 3050 3444 3108 Illum
3491 3052 3717 3116 imitare,
3751 3046 3902 3118 fugien-

2342 3142 2462 3194 tem
2495 3139 2721 3211 utique,
2755 3156 2871 3195 non
2903 3140 3224 3206 sedentem,
3258 3141 3368 3212 qui
3400 3141 3509 3198 ait:
3536 3164 3562 3193 «
3590 3140 3699 3196 Non
3731 3135 3823 3192 sedi
3865 3132 3899 3184 in

590 3234 818 3288 exercet
847 3211 1197 3298 custodiam,
1233 3230 1330 3302 qui
1365 3231 1582 3285 damna
1615 3229 1908 3294 formidat,
1943 3229 2041 3300 qui
2075 3228 2238 3284 lucra
2265 3211 2308 3276 (ἶ
2349 3227 2592 3284 consilio
2623 3227 3097 3300 malignantium,
3130 3232 3188 3282 et
3216 3211 3358 3284 cum
3418 3229 3612 3301 iniqua
3653 3221 3900 3300 gerentibus

591 3321 829 3395 cogitat,
863 3319 963 3392 qui
994 3335 1207 3374 usuras
1254 3321 1577 3389 computat,
1610 3317 1710 3389 qui
1769 3317 2082 3388 apothecas
2136 3335 2243 3373 nu-

595 3408 916 3479 merat.(29)
936 3407 964 3460 ?
1012 3407 1202 3463 Malus
1223 3423 1360 3480 ergo
1392 3405 1640 3479 languor
1668 3405 1769 3478 qui
1795 3407 2009 3462 bonam
2059 3408 2250 3463 aufert

600 3495 814 3552 mentis
845 3494 1121 3567 quietem.
1156 3495 1258 3551 Est
1286 3495 1534 3567 languor
1554 3494 1748 3550 malus
1769 3494 2018 3560 luxuria,
2042 3494 2243 3564 libido,

597 3583 1087 3656 concupiscentia,
1112 3582 1740 3649 delectatio,smcularis
1797 3583 2058 3649 ambitio,
2117 3599 2244 3655 quae

595 3673 709 3730 cito
740 3671 1062 3744 corrumpit
1090 3671 1343 3729 salutem
1364 3671 1930 3729 sobrietatis.0mnis
1948 3676 2244 3743 postremo

595 3762 799 3818 mundi
831 3761 1010 3833 hujus
1040 3761 1368 3834 corruptela
1426 3760 1758 3833 pestilentia
1813 3764 1918 3816 est.
1977 3761 2060 3814 Ne
2107 3776 2242 3833 ergo

591 3849 919 3924 tetigeritis,
954 3865 1026 3905 ne
1055 3849 1535 3905 attaminaveritis
1566 3867 1716 3904 eam.
1753 3851 1903 3904 Lues
1934 3854 2042 3916 est,
2101 3865 2244 3905 con-

589 3939 878 4006 taminat;
921 3940 1169 3994 morbus
1201 3942 1308 4004 est,
1355 3937 1583 4009 polluit.
1647 3960 1675 3987 ‹‹
1732 3939 1812 3992 Ne
1869 3938 2241 4010 gustaveritis

589 4045 718 4101 qum
775 4032 913 4085 sunt
950 4027 1150 4083 omnia
1180 4027 1251 4081 ad
1303 4026 1694 4099 corruptelam
1728 4025 1856 4098 ipso
1906 4043 2040 4091 usu,
2089 4050 2116 4076 ‹‹
2177 4032 2241 4082 ut

585 4114 900 4189 Apostolus
955 4115 1103 4170 dixit
1145 4114 1362 4185 (Coloas.
1423 4132 1484 4181 ιι,
1541 4115 1632 4182 21,
1670 4115 1782 4184 22),
1843 4113 1942 4185 qui
1989 4119 2045 4168 et
2099 4113 2237 4169 alibi

586 4204 838 4262 clamat:
875 4225 905 4254 ‹‹
942 4203 1125 4259 Radix
1182 4203 1448 4258 omnium
1505 4201 1795 4258 malorum
1850 4208 1941 4257 est
1996 4202 2239 4259 avaritia

585 4295 634 4365 (ι
661 4295 794 4348 Tim.
825 4309 903 4360 v1,
937 4293 1056 4363 10):
1093 4315 1121 4342 »
1153 4291 1390 4348 morbos
1430 4291 1662 4357 excitat,
1713 4290 1944 4346 dolores
2006 4291 2232 4347 inserit.

585 4381 848 4453 Denique
890 4381 992 4453 qui
1048 4397 1177 4437 eam
1236 4379 1681 4453 appetierunt,«
1740 4379 2116 4435 inseruerunt
2171 4396 2236 4435 se

585 4467 788 4524 multis
819 4468 1117 4525 doloribus
1147 4469 1346 4541 (Ibid)
1383 4470 1497 4524 Ista
1551 4473 1640 4524 est
1687 4469 2040 4539 pestilentia,
2104 4484 2230 4540 quas

2355 3333 2470 3372 non
2501 3316 2751 3372 introibo
2783 3317 2951 3388 (Psal.
2985 3334 3110 3384 xxv,
3143 3318 3214 3388 4).
3254 3319 3383 3382 Qua
3413 3319 3624 3375 ratione
3668 3332 3748 3372 eos
3772 3309 3901 3382 fugie-

2354 3407 2480 3473 bas,
2512 3405 2713 3475 David,
2737 3405 2957 3477 explica
2987 3406 3174 3461 nobis.
3217 3407 3567 3463 Demonstra
3613 3406 3704 3460 has
3750 3403 3898 3472 partes,

2355 3498 2421 3549 ut
2449 3498 2506 3550 et
2536 3511 2642 3549 nos
2673 3495 2981 3565 easfugere
2998 3494 3321 3565 possimus,
3357 3513 3429 3552 ne
3447 3495 3899 3550 inﬁciamurearum

2353 3583 2660 3654 contagio:
2695 3607 2721 3631 ‹‹
2756 3581 3021 3654 Corrupti
3053 3587 3212 3651 sunt,
3247 3584 3464 3656 inquit,
3520 3587 3574 3639 et
3626 3571 3900 3638 abominabi-

2353 3671 2438 3728 les
2471 3672 2602 3727 facti
2637 3675 2807 3727 sunt:
2844 3687 2957 3726 non
2991 3676 3081 3727 est
3111 3671 3212 3743 qui
3266 3673 3443 3729 faciat
3485 3671 3783 3731 bonitatem,
3825 3676 3899 3717 non

2351 3764 2441 3816 est
2469 3776 2655 3831 usque
2687 3760 2758 3814 ad
2791 3776 2975 3814 unum
3009 3759 3184 3830 (Psal.
3221 3777 3348 3827 xm,
3374 3762 3447 3833 l).
3481 3758 3793 3818 Generaliter
3811 3766 3901 3822 ergo

2351 3850 2423 3904 ad
2457 3864 2662 3904 omnes
2694 3847 3012 3920 flagitiosos
3059 3853 3253 3921 potest
3307 3850 3541 3906 referri:
3597 3849 3793 3903 demum
3815 3853 3900 3910 spe-

2350 3937 2574 3994 cialiter
2589 3938 2660 3992 ad
2694 3936 2962 3993 irrisores
2990 3937 3280 3993 bonorum
3313 3955 3461 4011 quos
3490 3935 3682 4010 Aquila
3705 3936 3901 4007 χλιυιστὲς

2349 4025 2511 4094 dicit,
2545 4025 2700 4097 quod
2732 4025 2830 4080 isti
2888 4042 3021 4081 vere
3079 4027 3268 4081 morbi
3329 4031 3487 4093 sunt,
3545 4026 3636 4098 qui
3686 4014 3899 4077 irridendo

2347 4115 2553 4182 bonos,
2587 4114 2908 4185 plurimum
2941 4114 3155 4170 animis
3185 4120 3506 4186 operantur
3533 4125 3770 4175 errorem,
3795 4117 3900 4160 men-

2345 4207 2552 4274 tesque
2581 4207 2983 4274 corrumpunt.
3023 4205 3250 4269 Quanta
3279 4203 3428 4259 dixit
3457 4221 3490 4260 a
3519 4202 3709 4275 quibus
3756 4196 3895 4250 beatus

2342 4291 2431 4347 vir
2458 4291 2665 4348 debeat
2687 4292 2980 4346 abstinere
3003 4293 3014 4347 i
3040 4293 3109 4347 Et
3139 4291 3334 4349 adhuc
3365 4292 3566 4364 adjicit
3607 4290 3721 4346 alia.

2413 4381 2501 4435 30.
2535 4379 2720 4452 (Vers.
2750 4380 2828 4450 2.)
2866 4402 2886 4428 ι»
2922 4380 3032 4436 Sed
3067 4381 3124 4434 in
3155 4381 3284 4454 lego
3319 4381 3545 4438 Domini
3576 4379 3674 4434 fuit
3706 4372 3896 4429 voluntas

2340 4469 2490 4541 ejus,
2520 4473 2577 4524 et
2609 4468 2662 4522 in
2694 4467 2820 4540 lege
2846 4469 2972 4539 ejus
3031 4469 3416 4545 meditabitur
3463 4469 3553 4524 die
3593 4483 3650 4524 ac
3689 4464 3842 4518 nocte:

582 4555 930 4630 plerumque
986 4573 1174 4628 neque
1229 4557 1470 4624 calidos,
1519 4571 1707 4628 neque
1755 4555 2019 4628 frigidos,
2105 4557 2228 4624 sed,
2261 4574 2308 4638 Ι)
2339 4556 2447 4613 hoc
2476 4560 2584 4623 est,
2618 4556 2825 4612 beatus
2855 4555 2949 4611 ille
2978 4557 3079 4626 qui
3110 4556 3231 4612 haec
3263 4558 3437 4613 faciat
3465 4554 3706 4617 consilio,
3721 4546 3892 4638 ratione

581 4644 738 4718 quod
761 4647 820 4700 et
848 4644 1051 4700 calidis
1080 4648 1169 4700 est
1205 4644 1461 4701 deterius
1489 4649 1546 4700 et
1576 4644 1822 4717 frigidis,
1869 4645 2096 4717 tepidos
2147 4646 2229 4700 fa-

579 4733 680 4800 cit,
747 4736 814 4789 ut
866 4736 1211 4789 evomantur
1258 4749 1328 4788 ex
1387 4749 1484 4788 ore
1536 4733 1766 4788 Domini
1836 4733 1999 4803 Jesu,
2081 4750 2229 4806 quos

577 4826 816 4897 propter
843 4821 1041 4895 gravia
1062 4825 1298 4894 peccata
1326 4821 1608 4893 rejecerit.
1637 4822 1753 4878 Ista
1810 4825 1900 4877 est
1928 4839 2054 4893 qua
2112 4840 2227 4879 non

575 4927 921 4986 paucorum,
947 4911 1047 4968 sed
1069 4909 1334 4967 omnium
1353 4911 1564 4965 excitat
1585 4910 2020 4982 aegritudinech
2044 4911 2228 4968 Omne

576 5004 752 5074 caput
778 5000 840 5057 in
872 4999 1089 5070 dolore,
1121 5015 1294 5056 omne
1325 5014 1424 5054 cor
1471 4999 1531 5053 in
1585 4999 1863 5054 maestitia
1893 5003 1912 5068 (
1945 5002 2046 5075 (δτι.
2099 5018 2136 5067 ι,
2168 5002 2224 5067 5,

572 5092 652 5159 6).
681 5091 727 5146 A
757 5089 1005 5163 pedibus
1036 5103 1221 5161 usque
1253 5088 1325 5143 ad
1357 5091 1532 5160 caput
1577 5092 1948 5159 peccatorum
2006 5087 2222 5145 ulcera.

576 5203 605 5230 ι(
637 5179 822 5236 Omne
854 5186 1029 5252 caput
1068 5178 1127 5235 in
1159 5177 1378 5243 dolore,
1415 5200 1441 5226 »
1484 5176 1719 5248 quando
1772 5176 1872 5248 qui
1930 5177 2223 5250 sapientes

573 5267 959 5336 aestimantur,
1021 5265 1218 5323 dolore
1272 5264 1628 5333 cruciantur,
1691 5265 1960 5334 avaritiae;
2013 5283 2222 5323 sensus

787 5443 954 5521 Rom.
987 5444 1127 5499 edit.
1162 5444 1306 5521 sola,
1339 5444 1435 5514 qui
1465 5442 1807 5521 _)_iypotl_iecas
1847 5448 2119 5498 numerat.
2153 5445 2222 5499 Et

569 5514 801 5586 videtur
830 5515 1040 5586 favere,
1073 5516 1228 5586 quod
1263 5514 1554 5586 praecedit,
1581 5516 1676 5586 qui
1703 5529 1902 5570 usuras
1925 5524 2216 5586 computat.

571 5581 786 5637 Verum
817 5584 939 5658 aliae
979 5581 1116 5641 edit'.
1175 5581 1350 5658 atque
1407 5581 1610 5658 omnes
1667 5602 1807 5641 mss.
1860 5581 2215 5655 reclamant;

569 5668 674 5708 nec
732 5653 922 5708 malus
953 5671 1162 5710 sensus
1205 5653 1313 5724 est,
1366 5657 1414 5712 si
1442 5657 1741 5728 apothecas,
1775 5658 1832 5713 id
1885 5663 1973 5714 est
2029 5653 2216 5729 arcas,

2339 4645 2687 4718 prudentia;
2723 4649 2911 4717 potest
2939 4643 3096 4700 enim
3117 4649 3175 4701 et
3204 4646 3485 4717 parvulus
3516 4661 3620 4700 non
3666 4656 3748 4713 per
3769 4635 3890 4689 virtu'

2337 4737 2478 4800 tem,
2520 4733 2619 4787 sed
2652 4748 2753 4804 per
2781 4729 3320 4805 impossibilitatem
3343 4740 3400 4790 et
3423 4730 3752 4789 inscientiam
3770 4719 3892 4777 delin-

2336 4821 2553 4893 quendi
2583 4821 2655 4876 ab
2683 4819 2758 4876 iis
2785 4838 2910 4892 quae
2942 4821 3099 4878 dicta
3130 4827 3285 4890 sunt,
3319 4823 3624 4880 abstinere.
3677 4814 3824 4872 Potest
3855 4811 3888 4858 et

2335 4909 2716 4966 irrationabili
2750 4910 2956 4981 pecudi
2990 4912 3320 4979 convenire,
3349 4912 3443 4967 cui
3501 4908 3651 4966 nulla
3690 4903 3760 4960 vis
3801 4909 3888 4950 con-

2335 4996 2472 5066 silii,
2507 4997 2707 5053 nullus
2739 5013 2946 5053 sensus
2970 4998 3184 5055 erroris
3206 5004 3315 5056 est.
3366 5000 3482 5054 Hoc
3505 5002 3588 5054 est
3614 5007 3728 5066 ergo
3766 4996 3884 5058 qu”

2333 5090 2459 5141 tum
2493 5087 2649 5158 quod
2681 5087 2963 5156 sequitur,
3015 5088 3074 5143 in
3124 5105 3239 5161 quo
3279 5087 3538 5144 deﬁnitio
3569 5081 3700 5140 beati
3863 5083 3882 5161 εξ

2332 5175 2553 5246 Ρρουάο
2585 5174 2935 5230 discernitur
2960 5193 2972 5244 ;
3007 5159 3157 5248 quia
3177 5177 3260 5232 vir
3287 5177 3520 5249 sapiens
3549 5169 3776 5229 subditus
3804 5159 3878 5253 1ςεὶ

2332 5268 2423 5319 est
2477 5263 2797 5331 voluntate,
2850 5282 2965 5320 non
3024 5265 3392 5322 necessitate.
3441 5261 3730 5319 Plurimum
3772 5259 3876 5305 enim

2328 5440 2571 5506 loculos,
2604 5440 2780 5496 cellas
2811 5442 3025 5511 quibus
3057 5443 3268 5498 divitiae
3300 5440 3689 5500 reconduntur,
3715 5426 3876 5485 dicatur

2328 5529 2538 5570 avarus
2589 5527 2915 5569 numerare.

2401 5586 2514 5658 (30)
2549 5584 2689 5657 Reg.
2723 5584 2876 5650 cod.,
2907 5587 2958 5641 si
2984 5587 3105 5657 quis
3136 5587 3334 5657 aﬂ‘ectu
3366 5581 3618 5639 lz'bz'dhn’s.
