4078 6196
238 335 366 418 98(

1441 343 1894 416 ENARRATIO
1937 346 2013 414 ΙΝ
2057 348 2437 419 PSALMUM
2478 345 2527 417 Ῑ.

245 487 423 546 refert
453 505 467 557 ;
503 485 641 560 quia
669 484 729 544 in
762 483 1062 544 voluntate
1120 487 1406 543 mercedis
1466 492 1556 542 est
1614 488 1839 542 fructus
1874 503 1887 540 :
1920 491 1975 552 Α
2004 488 2163 542 stitia
2192 489 2320 557 ejus
2351 489 2502 544 sicut
2532 487 2732 545 lumen
2762 484 3018 562 effulget.
3052 483 3366 545 Meditetur
3394 500 3532 561 ergo
3563 486 3645 544 1e-

244 577 306 635 in
333 576 705 644 necessitate,
728 574 1188 649 dispensationis
1217 576 1589 648 obsequium.
1616 575 1700 631 lta
1732 576 1889 631 enim

244 666 448 724 docuit
476 682 583 721 nos
613 663 928 738 Apostolus
957 664 1159 721 dicens
1188 680 1200 719 :
1235 687 1263 713 ‹‹
1298 664 1357 720 Si
1387 663 1587 720 volens
1618 664 1728 719 hoc
1759 679 1892 735 ago,

244 755 573 812 mercedem
602 748 788 810 habeo
819 770 830 809 :
866 754 917 810 si
947 754 1189 821 invitus,
1222 754 1583 826 dispensatio
1609 752 1754 808 mihi
1775 769 1894 809 ere-

245 846 366 902 dita
395 846 486 900 est
515 844 564 915 (I
592 842 721 899 Cor.
755 860 830 898 rx.
868 845 976 910 17).
1014 864 1042 892 ››
1074 843 1225 898 Ordo
1269 846 1464 897 autem
1519 840 1889 897 conveniens.

246 938 310 990 ut
340 933 530 1007 primo
560 931 772 1003 diligas
800 932 1011 1005 legem,
1045 932 1298 988 secundo
1330 935 1394 986 ut
1434 931 1753 987 mediteris.
1786 930 1894 995 Qui

245 1021 457 1096 diligit,
491 1038 562 1077 ex
591 1019 888 1076 voluntate
922 1021 1057 1077 facit
1087 1021 1367 1076 mandata
1412 1020 1558 1092 legis
1592 1038 1605 1088 ;
1664 1019 1764 1092 qui
1819 1019 1889 1073 ti-

246 1115 386 1178 met,
412 1110 638 1165 invitus
671 1110 961 1165 observat.
1012 1110 1173 1166 Hanc
1220 1108 1595 1181 disciplinam
1644 1108 1891 1164 docendi

246 1199 421 1257 etiam
444 1198 546 1254 Dei
571 1198 867 1269 justitiam
890 1197 1088 1270 inlege
1107 1198 1459 1270 accepimus.
1476 1197 1570 1252 Sic
1588 1197 1743 1251 enim
1757 1197 1895 1251 seri-

246 1290 543 1362 ptumest:
569 1286 1308 1355 «Andi,lsrael:Dominus
1349 1286 1503 1341 Deus
1529 1290 1694 1352 tuus,
1736 1286 1891 1341 Deus

247 1393 401 1433 unus
426 1379 515 1433 est
530 1377 792 1445 (Deut.vr,
811 1376 884 1445 4).
909 1396 937 1424 »
958 1375 1027 1429 Et
1051 1392 1098 1431 τι
1125 1373 1342 1447 Diliges
1366 1374 1682 1430 Dominum
1706 1374 1888 1429 Deum

246 1470 413 1522 tuum
445 1481 514 1520 ex
543 1468 665 1519 toto
697 1465 869 1519 corde
899 1467 1019 1531 tuo,
1053 1466 1110 1518 et
1139 1479 1208 1519 ex
1233 1467 1354 1518 tota
1398 1463 1596 1518 anima
1650 1466 1771 1529 tua,
1833 1466 1892 1518 et

247 1571 315 1610 ex
341 1557 466 1610 tota
500 1553 717 1608 virtute
745 1556 866 1608 tua.
902 1553 971 1607 Et
999 1556 1170 1607 erunt
1199 1552 1375 1607 verba
1421 1551 1543 1607 haec
1600 1568 1726 1623 quin
1784 1568 1889 1625 ego

247 1642 518 1717 praecipio
548 1641 655 1697 tibi
684 1641 878 1709 hodie,
911 1640 971 1695 in
1000 1641 1172 1695 corde
1203 1644 1327 1705 tuo,
1357 1644 1415 1695 et
1446 1640 1504 1694 in
1536 1639 1733 1695 anima
1753 1644 1887 1695 tua:

245 1736 303 1789 et
331 1730 764 1788 demonstrabis
792 1746 859 1787 ea
889 1729 1025 1785 ﬁliis
1056 1729 1196 1795 tuis,
1228 1733 1286 1785 et
1341 1728 1600 1801 loqueris
1656 1730 1739 1785 eis
1799 1745 1888 1784 se-

245 1822 390 1919 dens
420 1820 481 1876 in
513 1821 707 1919 demo,
737 1818 1225 1919 et’am‘bulans‘in
1281 1818 1508 1919 itinere,
1550 1824 1605 1874 et
1638 1818 1787 1919 7.52
1830 1819 1887 1873 in
1922 1854 1970 1919 B

246 1910 463 1983 quiete,
495 1913 552 1964 et
580 1906 1387 1982 invigilia.Etalligabiseain
1402 1907 1640 1979 signum
1672 1908 1730 1961 in
1762 1923 1892 1962 ma-

252 2016 334 2056 nu
365 2003 468 2054 tua
495 1998 631 2071 (3i),
664 2001 721 2054 et
750 2000 922 2053 erunt
952 1996 1194 2053 monilia
1225 2000 1359 2052 ante
1389 1995 1592 2052 oculos
1620 2000 1756 2052 tuos
1788 2014 1803 2049 :
1835 2001 1893 2052 et

246 2087 473 2143 scribes
501 2103 570 2142 ea
597 2102 777 2159 super
805 2085 1013 2141 limina
1042 2084 1100 2139 in
1133 2083 1446 2140 domiciliis
1478 2084 1597 2139 tuis
1628 2089 1686 2139 et
1714 2085 1774 2138 in
1798 2086 1890 2156 ja-

245 2175 382 2232 nuis
440 2176 560 2231 tuis
592 2175 904 2247 (lbid.5-9).
940 2197 967 2224 »
997 2175 1068 2230 Et
1096 2174 1250 2229 infra
1283 2189 1295 2229 :
1330 2196 1357 2223 ‹‹
1390 2174 1460 2229 Et
1490 2191 1666 2244 nunc,
1690 2172 1888 2241 Israel,

243 2265 390 2337 quid
422 2264 530 2320 abs
558 2267 614 2320 te
642 2264 901 2336 postulat
937 2263 1223 2319 Dominus
1254 2263 1407 2319 Deus
1464 2268 1624 2331 tuus,
1658 2262 1773 2318 nisi
1829 2266 1894 2317 ut

243 2353 463 2425 diligas
492 2352 804 2408 Dominum
834 2352 1018 2408 Deum
1047 2357 1239 2420 tuum,
1267 2356 1324 2408 et
1353 2351 1619 2408 ambules
1648 2351 1708 2406 in
1766 2367 1889 2406 om-

244 2442 426 2498 nibus
455 2440 565 2497 viis
594 2442 721 2513 ejus
751 2441 940 2512 (Deut.
972 2458 1028 2510 x,
1064 2441 1152 2511 12)
1186 2464 1213 2492 ››
1247 2443 1273 2496 7
1309 2440 1609 2512 Sapientia
1659 2455 1891 2512 quoque

244 2530 389 2587 dicit
421 2546 433 2583 :
472 2551 500 2579 «
527 2530 935 2602 Coneupiscite
964 2546 1100 2603 ergo
1131 2545 1432 2585 sermones
1464 2545 1648 2596 meos,
1698 2527 1890 2599 diligi-

242 2623 303 2675 te
332 2617 793 2685 illos,»habebitis
824 2617 1199 2691 disciplinam
1228 2618 1384 2690 (Sap.
1415 2635 1493 2685 v1,
1522 2618 1632 2689 l2).
1669 2640 1697 2667 »
1726 2617 1893 2672 Clara

246 2709 355 2775 est,
387 2709 444 2762 et
467 2722 596 2777 qua:
617 2723 922 2779 nunquam
957 2709 1279 2762 marcescat
1312 2705 1619 2778 sapientia,
1641 2709 1697 2760 et
1724 2704 1893 2760 facile

243 2794 475 2851 videtur
503 2795 575 2851 ab
606 2794 681 2851 iis
711 2795 808 2865 qui
841 2793 1093 2867 diligunt
1124 2794 1311 2861 illam,
1357 2799 1415 2849 et
1470 2794 1764 2849 invenitur
1818 2793 1889 2849 ab

248 2883 322 2939 iis
352 2883 452 2955 qui
483 2888 756 2955 quaerunt
781 2883 963 2940 illam.
998 2883 1276 2956 Legitime
1327 2898 1463 2955 ergo
1524 2882 1803 2938 docemur
1858 2900 1892 2937 a

245 2975 447 3028 sancto
476 2972 767 3045 Propheta
793 2971 1152 3028 voluntatem
1183 2973 1243 3026 in
1273 2971 1398 3044 lege
1427 2970 1663 3039 habere,
1704 2970 1888 3026 medi-

246 3060 528 3117 tationem
561 3062 887 3118 secundum
917 3059 1126 3132 legem.
1158 3060 1442 3116 Voluntas
1472 3060 1532 3114 in
1591 3058 1716 3132 lege
1773 3076 1887 3114 non

245 3148 442 3207 solum
474 3149 535 3205 in
567 3149 784 3217 studio,
819 3150 921 3206 sed
954 3150 1130 3205 etiam
1162 3148 1219 3203 in
1278 3149 1428 3203 facto
1458 3152 1564 3204 est.
1598 3147 1762 3203 Prior
1791 3164 1889 3202 vo-

2004 594 2135 648 gem
2166 576 2282 631 vita
2305 582 2524 646 nostra,
2550 578 2867 634 meditetur
2903 576 3285 646 conversatio,
3333 576 3651 634 meditetur

2000 669 2188 734 actus,
2212 665 2870 722 mediteturintellectus
2888 666 3300 739 mysteriorum
3324 664 3647 722 cmlestium

2000 754 2113 811 Lex
2132 753 2287 810 enim
2310 755 2608 826 exemplar
2627 760 2716 811 est
2736 760 2792 811 et
2813 756 3026 812 umbra
3056 754 3403 821 caelestium,
3436 756 3651 811 umbra

2002 843 2334 899 futurorum
2356 845 2667 911 bonorum,
2701 861 2828 916 quae
2862 844 2913 900 is
2952 844 3054 916 qui
3085 844 3271 900 credit
3300 844 3360 899 in
3388 843 3537 917 lege,
3587 844 3647 900 in

2001 931 2309 1005 Evangelio
2341 933 2721 1005 recognoscit.
2746 933 3060 988 Meditetur
3086 932 3145 988 in
3171 932 3429 989 tenebris
3448 932 3647 1001 et,die,

2000 1021 2059 1076 id
2091 1026 2198 1086 est,
2222 1026 2277 1077 et
2306 1022 2366 1077 in
2398 1022 2658 1078 adversis
2681 1022 2927 1094 positus,
2946 1022 3328 1094 etprosperis.
3365 1022 3646 1078 Lexenim

2002 1110 2275 1183 praecepit
2305 1115 2368 1165 ut
2397 1110 2606 1184 diligas
2636 1111 2954 1167 Dominum
2985 1110 3171 1166 Deum
3202 1114 3393 1167 tuum.
3426 1109 3534 1177 Qui
3557 1109 3643 1165 di-

2000 1199 2150 1271 ligit,
2182 1200 2241 1255 in
2273 1200 2431 1255 omni
2456 1204 2617 1255 statu
2672 1216 2778 1256 suo
2838 1200 3010 1255 debet
3060 1214 3292 1255 servare
3350 1197 3643 1255 diuturna:

2002 1287 2302 1344 charitatis
2331 1286 3015 1361 affectum.Paterdiligit
3043 1286 3454 1361 ﬁlium,diligit
3470 1288 3646 1344 etiam

2001 1394 2134 1433 cum
2167 1377 2587 1450 arguit,diligit
2615 1378 2791 1433 etiam
2822 1394 2957 1433 cum
2987 1378 3253 1434 verberat
3281 1376 3487 1433 baculo
3510 1395 3522 1445 ;
3544 1376 3646 1449 qui

1999 1466 2155 1522 enim
2188 1467 2371 1538 parcit
2407 1466 2615 1523 baculo
2646 1484 2778 1535 suo,
2835 1466 2958 1522 odit
3014 1466 3228 1534 filium,
3270 1484 3468 1523 suum.
3528 1466 3647 1522 Nos

2001 1571 2233 1627 quoque
2254 1555 2538 1610 Dominus
2570 1555 2839 1627 castigat,
2873 1560 2932 1611 et
2963 1554 3175 1627 diligit.
3207 1555 3411 1627 Itaque
3468 1554 3643 1611 etiam

1999 1659 2134 1699 eum
2166 1643 2345 1716 digna
2375 1644 2719 1699 coercitione
2750 1644 3198 1711 committimus,
3221 1644 3319 1700 ille
3347 1648 3545 1701 tamen
3566 1644 3650 1700 di-

2000 1731 2148 1804 ligit,
2183 1732 2491 1804 quietiam
2542 1731 2750 1804 recipit
2804 1731 3113 1787 offensum.
3176 1732 3436 1806 Castigat
3490 1733 3647 1789 enim

2000 1820 2285 1877 Dominus
2314 1836 2547 1877 omnem
2579 1820 2768 1876 ﬁlium
2800 1836 2975 1892 quem
3009 1820 3234 1892 recipit.
3276 1822 3345 1875 Et
3390 1825 3456 1876 tu
3511 1836 3649 1876 cum

2001 1909 2308 1982 castigaris
2330 1908 2506 1982 dilige
2528 1925 2541 1964 :
2567 1909 2706 1981 quia
2725 1907 2855 1965 ideo
2877 1908 3205 1981 eastigaris,
3224 1912 3290 1963 ut
3326 1907 3647 1981 recipiaris.

2002 1998 2148 2054 Nam
2180 1998 2322 2071 quid
2354 1999 2576 2071 grande
2617 2002 2726 2066 est,
2759 1998 2810 2053 si
2870 2001 3010 2053 tunc
3067 1997 3279 2069 diligas
3332 1996 3648 2053 Dominum

2002 2087 2184 2143 Deum
2214 2092 2405 2154 tuum,
2439 2103 2574 2142 cum
2603 2086 2711 2142 tibi
2743 2087 3006 2143 abundat
3035 2086 3254 2152 omnia,
3300 2102 3436 2142 cum
3493 2086 3649 2143 frue-

2003 2176 2082 2232 ris
2113 2175 2347 2248 optatis,
2399 2192 2534 2231 cum
2594 2175 2937 2245 honoribus,
2996 2173 3398 2241 facultatibus,
3449 2173 3650 2231 liberis

2002 2264 2280 2337 gaudes?
2317 2264 2384 2319 Et
2440 2263 2688 2333 homini,
2744 2281 2777 2319 a
2808 2281 2923 2336 quo
2979 2264 3379 2336 acceperimus
3436 2262 3651 2319 beneﬁ-

2000 2353 2433 2425 cium,gratiam
2446 2354 2657 2408 referre
2670 2353 3516 2424 consuevimus.Deniquecum
3530 2350 3652 2409 lau-

2002 2442 2240 2498 daretur
2253 2442 2283 2497 J
2290 2442 2363 2497 ob
2380 2441 2603 2512 judicio
2625 2440 2980 2512 coclesti,hoc
3002 2441 3199 2497 retulit
3215 2440 3483 2497 diabolus
3503 2458 3517 2496 :
3541 2440 3648 2497 Mi-

2001 2531 2159 2586 nime
2188 2530 2405 2586 mirum
2438 2530 2485 2585 si
2518 2535 2722 2603 gratus
2744 2534 2898 2586 esset
2919 2531 3057 2599 Deo,
3083 2530 3176 2585 cui
3194 2534 3358 2586 tanta
3378 2533 3649 2602 suppete-

2001 2625 2087 2675 ret
2109 2618 2412 2674 affluentia
2445 2634 2896 2691 prosperorum;
2951 2619 3051 2674 sed
3077 2622 3219 2674 tunc
3252 2618 3649 2690 probandum,

2001 2708 2052 2764 si
2082 2707 2181 2763 illa
2214 2708 2449 2764 amittat
2468 2707 2759 2775 universa,
2792 2712 2850 2763 et
2879 2706 2960 2779 pii
2990 2706 3235 2763 cultoris
3265 2709 3502 2778 praestet
3529 2706 3651 2761 offi-

2001 2796 2157 2852 cium
2188 2797 2324 2869 (Job.
2359 2813 2399 2863 ι,
2431 2795 2601 2866 9-H).
2635 2796 2765 2851 Haec
2798 2795 2949 2852 753
2980 2795 3160 2868 igitur
3190 2795 3382 2868 prima
3435 2794 3648 2862 virtus,
3754 2837 3780 2847 -

2001 2891 2066 2942 ut
2096 2902 2212 2941 non
2235 2885 2523 2957 frangaris
2544 2884 2824 2945 adversis.
2856 2901 2970 2940 non
3004 2883 3298 2940 extollaris
3350 2883 3647 2940 secundis.

2002 2976 2063 3030 Id
2098 2980 2151 3030 te
2179 2974 2271 3030 lex
2301 2975 2485 3040 docet,
2521 2978 2586 3029 ut
2614 2974 2674 3028 in
2706 2973 3023 3029 alllietione
3074 2990 3185 3029 non
3245 2971 3468 3028 relaxes
3525 2972 3637 3044 (33)

2000 3064 2407 3129 intentionem,
2462 3079 2568 3117 nec
2624 3062 3093 3134 desperationem
3150 3062 3411 3129 induas;
3468 3060 3652 3118 victor

2001 3169 2117 3209 non
2148 3153 2312 3209 dicas
2345 3170 2357 3207 :
2394 3173 2421 3201 «
2453 3151 2655 3207 Virtus
2686 3168 2815 3207 mea
2843 3155 2902 3207 et
2930 3151 3210 3207 fortitudo
3241 3166 3374 3206 mea
3401 3149 3522 3206 haec
3539 3150 3646 3206 tri-

245 3238 469 3303 luntas,
500 3238 763 3295 secunda
793 3238 1071 3309 operatio.
1114 3236 1374 3309 Denique
1403 3240 1459 3291 et
1486 3235 1768 3292 Dominus
1801 3236 1886 3291 di-
1920 3217 1963 3283 C
2001 3242 2129 3297 buit
2159 3241 2303 3296 mihi
2337 3241 2520 3312 (Deut.
2552 3257 2673 3307 vm,
2710 3240 2798 3312 17)
2834 3257 2847 3309 ;
2884 3261 2913 3290 ››
2944 3240 3046 3295 sed
3076 3239 3276 3296 omnia
3304 3238 3536 3295 noveris
3564 3219 3648 3295 di-

244 3328 403 3383 centi
434 3328 545 3384 sibi
578 3343 591 3382 :
626 3350 653 3377 «
676 3327 735 3382 Si
752 3327 860 3394 vis,
891 3330 1053 3398 potes
1076 3342 1168 3381 me
1190 3324 1477 3380 mundare
1524 3324 1732 3391 (Matth.
1766 3342 1888 3392 VIII,

242 3416 325 3488 2),
351 3439 372 3465 ι
398 3415 733 3489 respondit:
762 3438 791 3465 «
810 3414 976 3487 Volo,
1000 3415 1287 3471 mundare
1309 3413 1466 3485 (Ibid.
1498 3414 1554 3485 3)
1577 3429 1591 3480 ;
1612 3435 1638 3462 ››
1654 3430 1768 3484 quo
1799 3430 1891 3469 os-

245 3505 515 3561 tenderet
533 3503 970 3577 operationibus
991 3502 1210 3560 nostris
1237 3504 1349 3575 (32)
1369 3501 1729 3557 voluntatem
1755 3518 1894 3573 pres-

243 3593 404 3650 viam
434 3610 563 3650 esse
588 3593 818 3649 debere.
853 3591 1114 3665 Denique
1142 3591 1234 3647 lex
1260 3590 1620 3647 voluntarios
1649 3590 1889 3661 quaerit;

245 3682 392 3755 quia
419 3682 509 3739 lex
538 3681 767 3737 Domini
798 3679 1327 3753 irreprehensibilis
1384 3684 1493 3748 est,
1553 3683 1895 3735 convertens

245 3770 549 3827 animam:
580 3786 750 3826 nemo
776 3773 973 3825 autem
1006 3769 1380 3838 convertitur,
1414 3767 1523 3823 nisi
1559 3767 1660 3840 qui
1690 3766 1893 3824 volun-

245 3863 371 3915 tate
402 3858 777 3915 eonvertitur.
810 3856 1190 3914 Voluntarius
1220 3860 1415 3912 autem
1476 3856 1784 3913 abscondit
1839 3861 1897 3912 et

245 3965 496 4005 sensum
529 3948 756 4003 furatur
784 3946 1023 4003 laboris.

324 4038 414 4092 31.
448 4036 702 4108 Ideoque
726 4036 819 4092 die
849 4039 905 4092 et
936 4038 1100 4092 nocte
1131 4035 1191 4091 in
1232 4035 1356 4108 lege
1412 4033 1732 4091 meditatur
1764 4052 1777 4103 ;
1838 4034 1897 4090 in

248 4142 372 4199 quo
404 4142 518 4181 non
550 4130 669 4181 tam
702 4125 979 4181 continua
1007 4124 1237 4197 legendi
1269 4123 1601 4197 postulatur
1630 4123 1897 4195 intentio,

250 4231 436 4288 quam
468 4214 767 4270 servandae
790 4212 939 4287 legis
971 4214 1229 4269 affectus.
1267 4212 1370 4268 llle
1399 4212 1555 4267 enim
1590 4213 1755 4285 plene
1785 4229 1903 4269 me-

249 4304 497 4370 ditatur,
532 4301 632 4375 qui
662 4302 775 4358 sibi
809 4303 936 4374 ipse
984 4301 1076 4357 lex
1106 4306 1215 4370 est,
1276 4302 1563 4373 scriptum
1614 4302 1672 4356 in
1730 4302 1901 4357 corde

251 4410 364 4449 suo
396 4392 543 4464 legis
574 4392 907 4459 intendens,
942 4390 1153 4463 Aquila
1198 4395 1396 4446 tamen
1430 4389 1584 4445 diem
1642 4395 1901 4445 tantum-

253 4481 436 4538 modo
468 4480 685 4553 posuit,
718 4497 833 4535 non
860 4480 1039 4536 etiam
1071 4483 1319 4535 noctem.
1355 4480 1516 4544 Quod
1546 4495 1660 4535 non
1718 4482 1837 4534 tam
1872 4497 1905 4534 a

2000 3330 2145 3385 vinas
2178 3328 2590 3385 misericordiae
2622 3328 2977 3402 deputanda.
3589 3398 3595 3407 ι

2072 3420 2159 3475 32.
2196 3418 2423 3473 Clamat
2449 3417 2630 3472 Isaias
2663 3434 2676 3472 :
2712 3441 2740 3467 ‹‹
2791 3418 2917 3473 Non
2975 3417 3369 3473 confundetur
3427 3413 3529 3486 qui
3584 3414 3646 3470 in

2004 3506 2279 3580 angustia
2309 3509 2396 3561 est
2429 3521 2617 3576 usque
2647 3506 2705 3559 in
2736 3509 2971 3578 tempus
2995 3507 3191 3578 (Isa.v,
3219 3505 3383 3577 22).»
3407 3504 3648 3560 -—«Hoe

2005 3596 2263 3668 primum
2294 3594 2429 3649 bibe
2460 3594 2587 3663 (Isa.
2619 3611 2770 3661 xxvi,
2800 3595 2910 3662 21).
2971 3614 2999 3646 ι»
3074 3594 3220 3660 Quid
3279 3597 3389 3660 est,
3453 3615 3483 3644 ‹‹
3539 3592 3649 3649 hoc

2004 3684 2261 3756 primum
2291 3682 2425 3737 bibe
2453 3683 2480 3736 ?
2512 3704 2540 3730 »
2570 3685 3015 3754 Sequestremus
3045 3682 3312 3755 mystica,
3336 3698 3651 3755 persequa-

2006 3790 2141 3829 mur
2170 3770 2436 3838 moralia,
2471 3786 2599 3842 quaa
2631 3771 2799 3826 docet
2846 3770 3058 3826 littera.
3094 3771 3335 3842 Propter
3387 3786 3651 3826 errorum

2008 3860 2206 3939 gravia
2233 3875 2435 3932 graves
2465 3858 2845 3914 contritiones
2873 3862 2931 3913 et
2953 3856 3286 3914 vexationes
3306 3856 3509 3930 pepuli
3564 3857 3653 3911 di-

2010 3951 2087 4006 cit
2106 3950 2337 4005 futuras
2361 3966 2375 4017 ;
2408 3953 2465 4004 et
2494 3947 2751 4019 oportuit
2779 3963 2877 4003 eas
2907 3946 3252 4019 praecedere,
3286 3948 3352 4000 ut
3380 3959 3653 4016 sequere-

2007 4044 2105 4094 tur
2136 4036 2557 4093 misericordia.
2591 4036 2730 4092 Bibe
2744 4051 2879 4108 ergo
2893 4035 3152 4108 primum
3170 4032 3609 4090 tribulationem
3638 4048 3653 4099 ;

1970 4166 1973 4167 ν
2010 4125 2345 4199 permultas
2368 4124 2524 4180 enim
2558 4123 2966 4179 tribulationes
3023 4125 3253 4195 oportet
3293 4136 3401 4177 nos
3447 4120 3655 4176 introi~

2001 4233 2072 4271 re
2102 4216 2161 4271 in
2185 4230 2432 4286 regnum
2452 4212 2553 4269 Dei
2580 4230 2593 4280 ;
2612 4212 2769 4278 bibe,
2791 4218 2856 4268 ut
2886 4228 3096 4268 sensus
3118 4208 3514 4266 tribulationis
3530 4224 3659 4282 pec-

2010 4305 2155 4361 toris
2184 4304 2271 4358 tui
2317 4301 2667 4357 infundatur
2694 4301 2980 4356 internis:
3031 4299 3167 4355 bibe
3185 4316 3319 4354 cum
3377 4295 3656 4372 patientis

2015 4394 2222 4449 affectu
2254 4390 2554 4446 mmrentis
2585 4388 2846 4445 dolorem
2878 4388 3010 4461 (34).
3046 4388 3197 4443 Dum
3229 4386 3385 4444 enim
3417 4402 3655 4443 conver-

2016 4499 2118 4538 sus
2147 4477 2525 4552 ingemueris,
2556 4482 2697 4532 tunc
2749 4476 3059 4532 Dominum
3089 4475 3194 4533 tibi
3254 4474 3658 4533 reconciliabis

251 4569 481 4628 caeteris
525 4571 890 4642 discrepans,
950 4585 1125 4641 quam
1186 4568 1298 4623 alio
1356 4569 1610 4623 referens
1669 4568 1904 4640 posuit;
1939 4586 1984 4651 D
2015 4571 2324 4626 offensum.
2361 4587 2382 4615 α
2418 4566 2533 4621 Hoc
2564 4582 2699 4638 ergo
2733 4565 2990 4637 primum
3022 4565 3157 4621 bibe
3191 4582 3205 4633 ;
3268 4590 3290 4618 ι
3338 4570 3404 4621 ut
3458 4564 3542 4621 sis
3598 4563 3659 4619 in

252 4659 539 4733 quoniam
573 4658 677 4731 qui
710 4658 898 4731 legem
927 4657 1265 4723 meditatur,
1299 4673 1530 4728 semper
1554 4657 1612 4711 in
1646 4656 1773 4712 luce
1799 4661 1905 4726 est,

250 4752 488 4805 noctem
520 4764 637 4803 non
694 4746 891 4802 habet.
944 4746 1173 4802 Etenim
1233 4747 1400 4817 cujus
1458 4746 1655 4801 lucent
1713 4763 1906 4818 opera,

252 4853 373 4894 non
405 4840 597 4909 potest
622 4835 825 4907 utique
853 4835 913 4891 in
947 4834 1203 4891 tenebris
1237 4834 1538 4891 ambulare
1573 4854 1585 4904 ;
1622 4836 1761 4908 quia
1810 4837 1907 4907 ju-

332 4953 443 5023 (31)
475 4951 626 5008 Edit.
658 4956 807 5024 Avet.
842 4954 900 5007 et
959 4952 1380 5024 plures__mss.,
1412 4954 1474 5007 Et
1530 4953 1787 5024 alligabz’s
1843 4969 1910 5007 ea

254 5028 321 5106 in
342 5022 481 5109 sinu
510 5028 620 5079 tuo.
654 5022 821 5109 item.
851 5022 1101 5109 etnmssn
1127 5022 1371 5109 aliquot.
1403 5025 1499 5109 ,ξι
1548 5022 1810 5096 altigabis
1839 5040 1911 5108 ea

256 5097 321 5149 in
353 5096 596 5167 signum.
654 5094 816 5164 LXX,
900 5096 992 5142 Καὶ
1072 5094 1277 5158 deditae;
1362 5094 1488 5142 αὐτὰ
1564 5112 1627 5153 εις
1661 5094 1671 5096 ⁷
1708 5097 1911 5157 σημεῖον

262 5165 346 5214 ἐπὶ
404 5168 512 5237 κτῆς
596 5165 757 5230 χειρός
841 5179 974 5237 mu;
1030 5165 1091 5237 in
1152 5181 1268 5237 quo
1336 5181 1541 5220 omnes
1597 5166 1909 5236 Seripturae

257 5236 561 5292 versiones
592 5236 987 5293 consentiunt.
1050 5236 1185 5291 Ubi’
1221 5252 1353 5291 vero
1412 5238 1579 5291 Rom.
1640 5238 1805 5302 edit.,
1864 5247 1915 5292 et

253 5315 427 5363 erunt
456 5309 766 5379 immobilia
795 5316 921 5364 ante
950 5309 1130 5364 oculos
1173 5311 1292 5363 tuos
1325 5308 1422 5379 (ex_
1471 5307 1609 5379 LXX
1669 5308 1908 5376 scilicet,

256 5379 417 5452 apud
511 5395 660 5452 quos
725 5378 934 5452 degas,
978 5380 1102 5452 _uai
1155 5377 1340 5452 {metu
1379 5377 1673 5452 ⁸ἀειίᾆλευτον
1758 5381 1912 5452 (qui.

255 5447 418 5506 (fam,
480 5447 587 5505 cdd
618 5494 630 5506 ,
713 5447 994 5513 ἀσάλευτα]
1079 5448 1173 5512 πρὸ
1255 5447 1521 5512 ὀφθαλμῶν
1603 5447 1773 5511 seu);
1805 5447 1914 5505 ‘ibi

252 5525 375 5602 vet.
408 5521 640 5602 editLac
672 5538 876 5577 omnes
915 5520 1153 5577 omnino
1184 5536 1354 5602 mss,
1410 5524 1461 5602 et
1523 5529 1682 5602 erant
1735 5524 1911 5602 nio-ni:

256 5594 362 5665 lia,
394 5597 503 5648 etc.
532 5592 707 5649 Porro
738 5610 873 5649 eum
905 5609 973 5649 ea
1002 5608 1137 5665 pars
1194 5590 1464 5647 versiculi
1524 5592 1719 5665 eiusce
1774 5594 1910 5649 alibi

256 5663 434 5723 aliter
463 5680 741 5723 conversa
768 5666 845 5723 sit
876 5682 890 5735 ;
926 5663 1163 5737 ut‘puta
1205 5679 1275 5719 ex
1328 5667 1488 5719 textu
1542 5663 1799 5733 Hebraeo,
1860 5672 1916 5722 et

2017 4657 2214 4714 dolore
2244 4661 2299 4711 et
2328 4654 2639 4727 angustiis.
2673 4653 2795 4709 Cito
2837 4653 3038 4710 laetitia
3069 4653 3328 4710 infundit
3381 4669 3660 4717 errorem,

2016 4746 2257 4818 Pinguis
2288 4744 2476 4799 factus
2497 4743 2932 4799 etincrassatus
2961 4742 3214 4816 populus
3244 4741 3465 4798 surexit
3506 4739 3664 4794 lude-

2018 4855 2100 4906 re,
2132 4841 2188 4891 et
2218 4832 2456 4890 recessit
2485 4851 2518 4889 a
2547 4832 2815 4889 Domino.
2846 4834 3092 4889 Prodest
3131 4831 3236 4888 tibi
3295 4847 3396 4886 cor
3448 4828 3663 4883 habere

2018 4950 2534 5018 Haabrzco-Samar,
2565 4950 2637 5005 ab
2668 4951 2983 5020 Interprete
3015 4945 3467 5020 Latareddatur,
3500 4951 3666 4999 erunt

2020 5038 2228 5095 quoque
2253 5024 2312 5075 in
2341 5016 2627 5095 frontalia,
2660 5020 2771 5089 vel,
2805 5016 2870 5076 ut
2896 5018 3092 5075 Grotio
3114 5016 3320 5095 placet,
3351 5022 3662 5095 eruntque:

2017 5084 2246 5167 que'pro
2275 5084 2628 5170 conspicuus.
2677 5084 2785 5148 etc.
2824 5109 2853 5170 ;_
2898 5107 2967 5147 ex
3021 5084 3296 5170 paraphr.
3336 5084 3580 5170 .Chaldl,
3612 5087 3664 5170 et

2018 5157 2177 5221 erant
2210 5166 2367 5236 quasi
2390 5157 2664 5236 appendix
2691 5157 2967 5236 quwdam,
3002 5157 3110 5216 etc.
3144 5157 3360 5236 quidni
3382 5157 3560 5236 etiam
3591 5157 3664 5213 ab

2019 5229 2387 5306 aliquo-verti
2421 5229 2789 5306 potuerim-ut
2812 5234 2873 5288 in
2906 5236 3107 5306 nostro
3138 5229 3411 5306 contentu
3440 5229 3469 5283 ‘I

2144 5255 2214 5292 UO
2247 5255 2387 5291 VBPU
2421 5255 2694 5306 ροιυθῐΊι,
2728 5255 2789 5289 ur.
2812 5255 2873 5288 1n
2907 5255 3107 5288 Ποδιπυ
3138 5255 3411 5286 cuuthu
3448 5255 3462 5283 ι

2101 5255 2205 5381 ἓὲ)
2220 5309 2358 5381 Mss.
2380 5307 2620 5376 aliquot.
2643 5321 2744 5376 quo
2756 5303 3051 5381 ostenderet
3061 5300 3427 5381 cogitantibus
3441 5299 3664 5366 nostris,

2115 5310 2205 5381 32)
2220 5310 2358 5363 Mss.
2380 5310 2620 5376 aliquot.
2643 5321 2744 5376 quo
2756 5310 3051 5360 ostenderet
3061 5310 3427 5372 cogitantibus
3441 5310 3664 5366 nostris,

2094 5310 2207 5451 (33)
2238 5380 2379 5433 Mss.
2413 5382 2663 5451 quatuor
2690 5392 2731 5451 e‘
2751 5374 2977 5451 Gallic,
3011 5380 3075 5428 ut
3101 5374 3432 5451 aﬂictionem
3449 5386 3562 5428 non
3578 5385 3666 5451 re-

2025 5444 2176 5506 laxes
2207 5452 2263 5505 in
2299 5444 2545 5513 victo—ria,
2572 5463 2670 5501 nec
2698 5447 3134 5519 desperationem
3162 5444 3364 5500 induas
3394 5446 3457 5498 in
3485 5446 3665 5499 tenta-

2023 5526 2167 5578 tione
2198 5540 2219 5587 ;
2251 5536 2354 5575 non
2381 5519 2549 5585 dicas,
2582 5523 2691 5573 etc.

2115 5586 2205 5665 34)
2237 5590 2507 5671 Quinque
2525 5605 2704 5671 mest,
2728 5589 2941 5671 pectori
2959 5595 3050 5644 tuo
3066 5587 3395 5671 infundatur
3412 5586 3665 5653 interius,

2094 5596 2205 5721 $134)
2237 5596 2504 5661 Quinque
2525 5605 2704 5671 mest,
2734 5596 2941 5659 pectori
2959 5596 3050 5644 tuo
3066 5596 3395 5671 infundatur
3412 5596 3455 5640 ii

2027 5668 2090 5722 Bi
2126 5682 2154 5722 ε
2181 5663 2559 5735 compatientzs
2583 5662 2855 5733 aﬂectum,
2881 5658 3455 5729 maerentis,

3525 343 3654 421 98’
3750 382 3755 387 .
