4078 6196
470 274 647 347 988‘

1936 276 2003 340 8.
2047 276 2420 349 ΑΜΒΙὶΟΒΠ
2450 302 2453 307 ·

473 412 813 473 contritum.
854 431 883 463 α
908 412 1027 468 Hoc
1056 409 1313 486 primum
1369 413 1527 480 bibe,
1562 435 1589 464 »
1642 414 1710 469 ut
1758 411 2113 471 sacrificium
2146 416 2199 484 Α
2227 414 2360 471 bibe
2389 412 2706 482 Christum,
2739 412 2883 489 quia
2909 413 3043 475 fons
3071 411 3202 481 vita,
3230 417 3354 484 est;
3382 412 3507 484 bibe
3528 412 3785 486 diristnm,

471 510 641 562 tuum
671 501 992 575 accipiatur
1020 520 1057 560 a
1093 503 1362 560 Domino.
1417 504 1632 561 Doceat
1684 509 1739 559 te
1794 503 2112 576 Apostolus

470 592 611 666 quid
644 592 721 648 sit
749 607 763 646 :
796 614 825 642 «
860 592 977 649 Hoc
1006 592 1266 665 primum
1304 594 1460 661 bibe,
1495 616 1522 642 »
1554 594 1665 650 hoc
1701 597 1812 660 est,
1868 591 2113 649 tribula-

466 680 644 741 tionis
677 680 975 755 poculum.
1013 703 1041 732 «
1070 682 1392 739 Tribulatio
1423 682 1579 739 enim
1607 681 1949 755 patientiam
1978 696 2113 753 ope-

467 774 636 829 ratur
658 772 833 840 (Rom.
866 788 918 842 v,
949 771 1027 842 3,)
1065 794 1085 820 ι
1112 771 1238 828 Non
1261 776 1451 843 potest
1478 788 1610 828 esse
1642 770 1941 842 patientia,
2001 768 2114 825 nisi

472 865 608 917 ante
637 860 817 917 fuerit
838 859 1159 916 tribulatio.
1196 882 1223 911 Α
1254 860 1598 927 Tribulatio,
1631 858 1825 932 inquit
1880 858 2112 931 patien-

472 950 617 1011 tiam
649 952 941 1021 operatur,
975 948 1257 1022 patientia
1286 954 1478 1005 autem
1512 948 1936 1021 probationem,
1983 962 2115 1018 pro-

474 1037 631 1097 batio
654 1053 786 1093 vero
818 1053 982 1110 spem
1018 1055 1031 1105 ;
1066 1054 1203 1109 spes
1233 1042 1429 1094 autem
1470 1054 1584 1093 non
1615 1035 1922 1093 confundit
1948 1035 2112 1106 (Ibid.

473 1126 617 1199 3-5).
643 1147 671 1176 ››
702 1125 842 1182 Bibe
870 1125 1128 1198 primum
1157 1124 1618 1192 tribulationem,
1651 1129 1717 1181 ut
1747 1127 1951 1197 postea
2006 1122 2111 1179 tibi

472 1217 560 1279 tot
585 1213 872 1271 virtutum
904 1214 1114 1287 pocula
1141 1214 1567 1271 ministrentur.
1594 1216 1662 1271 Et
1691 1218 1756 1269 ut
1785 1212 1937 1269 scias
1977 1212 2118 1284 quia

474 1304 697 1361 bibitur
722 1303 1045 1371 tribulatio,
1076 1303 1291 1361 audisti
1322 1304 1611 1359 dicentem
1641 1302 1813 1358 hodie
1871 1301 2119 1373 Prophe—

475 1398 598 1463 tam
632 1410 645 1447 :
680 1416 707 1443 ‹‹
742 1393 959 1450 Potasti
996 1410 1103 1449 nos
1157 1392 1291 1448 vino
1317 1391 1788 1465 eompunctionis
1818 1391 2113 1464 (Psatmxx,

472 1482 553 1554 5).
584 1503 613 1533 ››
642 1482 712 1537 Et
742 1481 802 1538 in
841 1480 1286 1554 posterioribus,
1318 1481 1399 1536 ait
1429 1500 1441 1537 :
1504 1504 1532 1530 «
1566 1482 1633 1536 Et
1689 1483 1893 1553 potum
1950 1479 2119 1534 dabis

474 1570 645 1631 nobis
675 1570 736 1627 in
766 1570 1062 1644 lacrymis,
1092 1570 1154 1626 in
1184 1586 1462 1627 mensura
1512 1572 1682 1625 (Psat.
1735 1586 1921 1637 LXXIX,
1975 1569 2053 1639 6).
2091 1589 2117 1617 υ

475 1660 540 1715 In
568 1676 848 1721 mensura
875 1660 1020 1732 petit
1056 1663 1284 1732 potum,
1318 1676 1436 1717 non
1494 1675 1673 1731 supra
1728 1672 2069 1715 mensuram
2104 1673 2118 1724 ;

2226 505 2369 575 quia
2395 504 2614 562 ﬂumen
2645 508 2755 571 est,
2789 505 2965 576 cujus
2991 503 3261 577 impetus
3288 502 3530 561 laetiﬁcat
3559 504 3789 565 civitatem.

2223 592 2326 649 Dei
2360 612 2373 661 ;
2408 593 2539 649 bibe
2568 594 2888 661 Christum,
2925 593 3064 665 quia
3091 610 3206 666 pax
3235 596 3346 648 est:
3377 592 3503 649 bibe
3527 592 3782 662 Christum,

2224 681 2361 753 quia
2390 681 2637 743 ﬂumina
2664 682 2736 738 de
2765 685 2966 738 ventre
2994 682 3125 753 ejus
3156 682 3338 739 ﬂuent
3356 697 3517 753 aqua
3544 680 3659 738 viva
3685 701 3697 749 ;
3720 683 3780 741 bi-

2224 772 2295 826 be
2324 770 2646 837 Christum,
2678 775 2744 827 ut
2775 771 2946 826 bibas
2977 769 3327 843 sanguinem
3357 786 3479 842 quo-
3520 770 3785 843 redemptus

2224 862 2315 916 est
2347 877 2360 927 ;
2395 859 2529 916 bibe
2558 860 2881 928 Christum,
2915 863 2980 915 ut
3008 859 3180 915 bibas
3205 873 3494 915 sermones
3517 858 3631 930 ejus
3656 878 3667 925 ;
3707 876 3788 917 ser-

2224 963 2321 1004 mo
2350 948 2479 1019 ejus
2506 948 2951 1007 Testamentum
2984 953 3076 1003 est
3104 946 3312 1015 Vetus,
3337 962 3518 1009 sermo
3544 947 3654 1017 ejus
3685 947 3789 1003 Teo.

2224 1040 2552 1094 tamentum
2584 1043 2675 1093 est
2704 1037 2954 1093 Novum.
2988 1034 3222 1093 Bibitur
3250 1035 3547 1109 Scriptura
3562 1034 3735 1100 divina,
3752 1040 3791 1091 et

2222 1126 2533 1183 devoratur
2562 1126 2864 1198 Scriptura
2892 1125 3093 1181 divina
3144 1141 3280 1183 cum
3310 1123 3369 1181 in
3421 1139 3586 1180 venas
3632 1123 3789 1179 mentis

2224 1232 2291 1271 ac
2319 1215 2469 1272 vires
2500 1216 2708 1272 animae
2740 1230 2952 1271 succus
2975 1212 3136 1273 verbi
3169 1212 3470 1271 descendit
3502 1211 3687 1269 mterni.
3712 1213 3786 1267 De-

2225 1303 2403 1377 nique
2434 1321 2549 1361 non
2580 1304 2640 1358 in
2666 1304 2789 1360 solo
2819 1319 2971 1374 pane
3005 1301 3148 1358 vivit
3176 1301 3372 1369 homo,
3430 1300 3526 1358 sed
3573 1299 3626 1356 in
3670 1300 3787 1355 omni

2224 1392 2397 1449 verbo
2428 1392 2547 1449 Dei.
2580 1392 2698 1448 Hoc
2727 1392 2972 1448 verbum
3004 1389 3159 1458 bibe,
3195 1390 3293 1445 sed
3327 1387 3522 1447 ordine
3548 1403 3639 1443 suo
3679 1387 3791 1444 bibe.

2226 1481 2489 1538 Primum
2520 1481 2654 1537 bibe
2682 1480 2744 1536 in
2768 1479 2959 1539 Veteri
2986 1480 3361 1537 Testamento
3392 1493 3404 1532 :
3437 1476 3543 1533 cito
3562 1476 3647 1533 fac
3664 1480 3715 1535 ut
3733 1475 3793 1532 bi-

2225 1571 2333 1635 bas
2361 1576 2419 1626 et
2446 1570 2506 1626 in
2536 1569 2695 1626 Novo
2749 1570 3121 1631 Testamento
3153 1567 3289 1639 (36).
3316 1567 3385 1623 Et
3434 1570 3683 1638 tanquam
3705 1564 3795 1635 ipse

2225 1659 2480 1726 festinet,
2500 1658 2640 1715 dicit
2670 1675 2683 1712 :
2718 1680 2747 1710 «
2773 1657 3010 1716 Galilaaa
3039 1656 3305 1731 gentium
3336 1658 3393 1712 et
3418 1659 3595 1727 partes
3613 1652 3794 1720 Judu,

476 1764 553 1804 ne
578 1748 725 1805 ferre
754 1765 869 1851 npn
900 1747 1105 1820 possit.
1137 1748 1397 1851 Denique
1425 1762 1603 1819 quam
1632 1748 1787 1851 bono
1821 1746 1931 1846 hoc
1988 1760 2117 1817 pre-
2147 1786 2196 1851 B
2226 1747 2479 1821 populus
2507 1747 2609 1821 qui
2639 1747 2959 1807 ambulatis
2991 1746 3051 1801 in
3102 1743 3382 1845 tenebris,
3436 1742 3625 1851 videte.
3653 1741 3798 1851 lucem

478 1840 708 1908 curetur
735 1835 967 1904 aﬂ‘ectu,
998 1852 1105 1892 suo
1135 1836 1422 1908 probabat
1452 1834 1736 1908 exemplo,
1766 1834 1867 1907 qui
1911 1837 2115 1906 potum

478 1940 655 1981 suum
685 1940 819 1980 eum
850 1924 984 1980 ﬂetu
1017 1924 1300 1981 miscebat
1331 1924 1499 1997 (Psal.
1526 1942 1603 1993 c1,
1650 1924 1757 1996 10),
1792 1928 1857 1978 ut
1886 1921 2119 1981 Domini

478 2013 549 2075 in
571 2030 633 2071 se
662 2012 975 2070 inclinaret
1004 2013 1489 2071 misericordiam.

544 2102 637 2159 33.
670 2102 809 2171 Bibe
833 2118 971 2175 ergo
1026 2102 1306 2177 primum,
1338 2106 1404 2158 ut
1457 2102 1623 2159 bibas
1678 2105 1736 2158 et
1793 2100 2120 2158 secundum

476 2191 593 2264 (35)
617 2190 750 2260 (110°
779 2190 937 2247 enim
965 2195 1202 2263 tempus
1231 2195 1320 2247 est
1351 2194 1416 2247 ut
1443 2191 1777 2247 inseramus
1808 2190 2076 2262 mystico)
2105 2206 2118 2256 ;

473 2279 609 2340 bibe
638 2279 896 2353 primum
937 2279 1118 2336 Vetus
1170 2280 1632 2347 Testamentum,
1667 2285 1734 2334 ut
1787 2278 1954 2334 bibas
2008 2278 2122 2332 No-

468 2385 609 2427 vum
640 2369 1100 2426 Testamentum.
1158 2369 1283 2426 Nisi
1339 2369 1595 2441 primum
1628 2368 1868 2436 biberis,
1911 2383 2122 2425 secun-

472 2457 615 2517 dum
645 2457 844 2514 bibere
874 2475 989 2513 non
1028 2458 1268 2530 poteris.
1297 2458 1456 2515 Bibe
1519 2458 1802 2531 primum,
1838 2461 1905 2513 ut
1956 2456 2122 2514 sitim

469 2545 703 2620 mitiges
737 2565 750 2615 ;
783 2545 919 2602 bibe
966 2547 1311 2617 secundum,
1373 2551 1439 2602 ut
1494 2547 1732 2603 bibendi
1787 2545 2119 2602 satietatem

468 2633 731 2695 haurias.
764 2634 829 2691 In
858 2634 1049 2691 Veteri
1076 2635 1448 2691 Testamento
1476 2635 1868 2708 eompunctio,
1918 2633 1977 2689 in
2006 2633 2122 2689 No-

466 2740 538 2780 vo
564 2722 880 2781 laetitiaest.
908 2724 1053 2780 Vide
1083 2725 1585 2797 quemadmodum
1635 2724 1925 2780 Dominus
1982 2721 2123 2778 arti-

473 2811 587 2869 bus
606 2811 825 2869 diaboli
847 2828 950 2884 pro
984 2813 1110 2869 suis
1158 2813 1407 2870 servulis
1454 2812 1793 2869 obviaverit.
1848 2811 1947 2867 Ille
1992 2811 2123 2866 cibo

483 2899 1246 2973 fraudisdecepitunum,ut
1281 2901 1471 2957 inuno
1511 2917 1716 2957 omnes
1756 2901 2123 2958 circumven-

483 2987 807 3061 iret;Jesus
824 2992 1019 3046 autem
1037 2989 1166 3046 cibo
1179 2989 1389 3047 salutis
1428 3005 1632 3046 omnes
1680 2988 1948 3057 redemit,
1968 2990 2033 3042 ut
2060 2986 2122 3067 in

482 3076 760 3137 omnibus
787 3082 846 3137 et
871 3076 1039 3134 illum
1071 3078 1170 3152 qui
1201 3080 1477 3151 deceptus
1507 3079 1717 3144 fuerat,
1761 3078 2121 3134 reformaret.

481 3164 853 3223 Ille'calicem
883 3140 1128 3223 aureum
1159 3140 1469 3239 Babylbnis
1499 3140 1862 3238 excogitavit,
1898 3169 1964 3220 ut
1994 3140 2200 3236 qui-'C

479 3270 710 3327 cunque
738 3253 872 3326 plus
901 3254 1186 3322 biberent,
1220 3258 1354 3327 plus
1384 3254 1617 3310 sitirent
1650 3271 1664 3322 ;
1696 3258 1753 3309 et
1783 3253 1923 3327 quia
1950 3255 2126 3325 potus

477 3341 710 3415 placere
735 3358 851 3399 non
881 3347 1126 3415 poterat,
1156 3343 1283 3399 auri
1315 3343 1499 3415 pretio
1522 3342 1774 3413 illiceret
1819 3342 1892 3398 ad
1925 3342 2126 3398 biben-

480 3430 645 3486 dum.
679 3430 1014 3502 Propinavit
1039 3431 1109 3487 de
1150 3431 1282 3488 vino
1325 3448 1456 3499 suo,
1513 3432 1606 3487 cui
1665 3433 1843 3488 etiam
1900 3428 2125 3486 metalli

483 3518 765 3591 suffragia
792 3518 1115 3591 requisivit.
1146 3523 1219 3579 At
1246 3538 1378 3577 vero
1409 3520 1879 3578 DominusJesus
1909 3534 2124 3592 aquam

483 3607 556 3667 de
585 3612 749 3681 petra
776 3608 999 3677 effudit,
1033 3613 1090 3665 et
1118 3626 1323 3667 omnes
1355 3610 1648 3667 biberunt.
1683 3609 1791 3674 Qui
1849 3608 2129 3665 biberunt

484 3695 547 3751 in
574 3699 734 3769 typo,
765 3696 961 3753 satiati
995 3698 1147 3771 754
1180 3701 1320 3755 sunt
1351 3716 1364 3766 ;
1401 3698 1501 3770 qui
1533 3698 1810 3754 biberunt
1834 3697 1893 3753 in
1921 3696 2129 3753 verita-

482 3788 560 3854 te,
574 3784 844 3843 inebriati
856 3790 1015 3843 sunt.
1031 3787 1191 3843 Bona
1208 3787 1484 3855 ebrietas,
1497 3803 1625 3859 qua
1645 3783 2125 3842 infunderetlaati-

482 3873 651 3945 tiam,
681 3874 1493 3943 nonaﬂ'erretconfusionem;
1518 3875 1957 3939 bonaebrietas,
2000 3890 2127 3945 quae

483 3962 690 4020 sobria:
720 3963 1009 4020 stabiliret
1037 3964 1252 4020 mentis
1284 3964 1580 4020 incessum
1615 3982 1628 4030 ;
1663 3964 1817 4018 bona
1845 3961 2121 4033 ebrietas,

483 4068 611 4124 quae
637 4051 767 4108 vita:
797 4068 1017 4108 munus
1046 4052 1263 4124 rigaret
1287 4056 1531 4107 aeterna.
1551 4052 1669 4107 Hoc
1698 4067 1834 4122 ergo
1852 4049 2127 4122 poculum

480 4141 637 4209 bibe,
669 4140 741 4197 de
770 4157 885 4215 quo
910 4140 1058 4197 dixit
1085 4139 1378 4214 Propheta
1408 4158 1420 4196 ε
1459 4162 1484 4190 ι‹
1519 4140 1589 4195 Et
1616 4138 1894 4211 poculum
1955 4143 2128 4195 tuum

482 4229 802 4299 inebrians,
835 4246 1014 4303 quam
1044 4227 1387 4303 praclarum
1432 4232 1522 4284 est
1552 4228 1721 4299 (Psat.
1779 4244 1917 4295 xm,
1951 4228 2006 4298 5)
2050 4227 2063 4282 l
2101 4250 2126 4277 η

482 4317 600 4375 Nec
628 4322 686 4374 te
725 4323 954 4375 moveat
995 4319 1150 4390 quod
1184 4316 1500 4391 Babylonis
1559 4332 1803 4373 aureum
1847 4314 2124 4387 poculum

484 4410 575 4461 est
604 4422 619 4472 ;
652 4405 793 4476 quia
819 4409 876 4461 et
901 4410 966 4462 tu
1013 4407 1168 4462 bibis
1198 4405 1476 4479 poculum
1529 4404 1850 4477 sapientiae,
1894 4419 2023 4475 quae
2054 4403 2130 4459 sit

2230 1852 2508 1910 magnam
2542 1856 2556 1905 ;
2588 1836 2689 1909 qui
2718 1835 2998 1895 habitatis
3028 1835 3091 1890 in
3111 1833 3352 1907 regione
3376 1832 3589 1901 mortis,
3613 1829 3694 1889 lux
3714 1827 3795 1887 iul-

2229 1925 2389 1998 gebit
2408 1942 2585 1999 super
2613 1942 2717 1985 vos
2745 1927 2876 1995 (13a.
2910 1942 2988 1992 ιι,
3025 1925 3075 1992 1,
3106 1925 3185 1993 2).
3221 1943 3249 1973 ››
3284 1921 3577 1993 Bibeergo
3625 1918 3735 1986 cito,
3757 1923 3802 1972 ut

2228 2014 2330 2071 lux
2355 2014 2463 2072 tibi
2493 2013 2767 2087 effulgent
2796 2029 3013 2086 magna
3044 2030 3058 2081 ;
3091 2011 3193 2069 lux
3221 2027 3344 2071 non
3374 2009 3697 2082 quotidiana.
3718 2021 3799 2062 non

2231 2103 2348 2165 diei
2381 2122 2394 2172 ;
2424 2120 2539 2161 non
2569 2104 2735 2172 solis,
2767 2119 2884 2159 non
2915 2100 3091 2170 lunae,
3124 2100 3224 2157 sed
3252 2099 3359 2158 lux
3410 2097 3508 2157 illa
3558 2112 3668 2170 qua
3708 2110 3800 2151 um-

2231 2193 2399 2250 bram
2431 2193 2639 2251 mortis
2668 2190 2958 2255 excludat.
2991 2190 3140 2251 Nam
3169 2189 3270 2262 qui
3303 2190 3364 2245 in
3411 2187 3609 2247 umbra
3652 2184 3800 2243 mortis

2231 2286 2371 2339 sunt
2396 2284 2535 2353 (37.),
2565 2281 2758 2341 lucem
2790 2279 2993 2352 utique
3027 2278 3170 2337 solis
3225 2295 3295 2337 ac
3349 2276 3461 2341 diei
3508 2275 3675 2333 videre
3717 2287 3798 2327 non

2232 2372 2575 2444 possunt.Et
2597 2369 2766 2443 quasi
2796 2368 3116 2440 requirenti
3127 2368 3170 2422 ti
3180 2367 3240 2423 bi
3274 2367 3428 2431 unde
3450 2368 3633 2421 tantus
3655 2359 3801 2433 splen-

2233 2461 2361 2529 dor,
2392 2463 2554 2516 tanta
2581 2458 2771 2532 gratia
2801 2457 2899 2523 sit,
2932 2456 3254 2529 respondet
3286 2473 3300 2511 :
3336 2476 3366 2506 ‹‹
3396 2452 3656 2519 Quoniam
3700 2463 3803 2521 puer
3876 2512 3879 2519 l

2234 2552 2408 2607 natus
2436 2551 2526 2607 est
2555 2545 2744 2614 nobis,
2776 2544 2935 2601 ﬁlius
2966 2544 3142 2603 datus
3170 2547 3266 2600 est
3320 2541 3487 2601 nobis
3538 2538 3673 2612 (Ibid.
3699 2537 3758 2608 6).
3782 2555 3801 2581 ιο

2234 2660 2262 2689 ‹‹
2284 2642 2455 2703 Puer,
2474 2658 2494 2685 ι
2517 2635 2664 2699 Quia
2684 2639 2850 2691 ortus
2878 2650 2950 2689 ex
2980 2634 3220 2705 Virgine
3255 2634 3348 2691 est
3370 2650 3384 2700 ;
3419 2629 3679 2695 «Filius.»
3702 2623 3803 2696 quis

2235 2741 2307 2783 ex
2323 2730 2438 2781 Deo
2467 2730 2644 2782 natus
2659 2727 2835 2779 tanta;
2856 2727 3060 2780 auctor
3078 2727 3165 2779 est
3188 2720 3360 2779 lueis.
3378 2742 3407 2772 ί(
3426 2720 3564 2776 Puer
3580 2714 3721 2777 nobis
3735 2727 3804 2768 ηα-

2233 2818 2332 2872 tus
2359 2818 2468 2884 est,
2504 2835 2531 2862 »
2562 2813 2749 2879 Nobis,
2779 2812 2891 2884 qui-
2931 2810 3235 2868 credimus
3271 2827 3286 2878 ;
3346 2826 3459 2866 non
3488 2804 3695 2867 Judaiﬁ.
3731 2798 3805 2872 qui

2235 2903 2613 2959 crediderunt
2638 2919 2653 2969 ;
2683 2901 2861 2967 nobis,
2891 2916 3007 2955 non
3038 2898 3328 2957 haereticis
3360 2916 3374 2967 ;
3404 2896 3569 2961 nobis,
3596 2908 3692 2949 non
3715 2887 3802 2945 Me-

2236 2990 2479 3049 nichseis
2508 3008 2521 3059 ;
2555 3012 2585 3040 «
2616 2989 2783 3053 nobis
2807 2992 2980 3047 natus
3011 2992 3167 3054 est,»
3228 2987 3371 3059 quia
3426 2984 3657 3041 Verbum
3708 2990 3804 3033 eam

2238 3079 2457 3138 factum
2484 3082 2594 3147 est,
2626 3080 2686 3134 et
2711 3075 3001 3135 habitavit
3026 3075 3090 3131 in
3136 3074 3313 3133 nobis
3344 3092 3358 3141 ;
3418 3095 3447 3124 «
3477 3070 3631 3135 nobis
3676 3068 3807 3124 natus

2231 3174 2341 3237 est,
2377 3192 2405 3218 »
2431 3167 2531 3241 qui
2562 3182 2800 3223 carnem
2831 3164 3091 3236 suscepit
3119 3179 3189 3220 ex
3218 3163 3478 3237 Virgine,
3507 3160 3634 3233 quia
3677 3155 3806 3211 homo

2234 3262 2409 3317 natus
2437 3260 2528 3314 est
2554 3272 2624 3313 ex
2652 3254 2853 3313 Maria.
2886 3255 3034 3313 Caro
3083 3252 3352 3313 nascitur
3380 3249 3564 3319 nobis,
3611 3243 3808 3304 Verbum

2234 3347 2426 3407 datur.
2460 3344 2625 3410 Quod
2673 3347 3081 3409 nostrumest,
3122 3342 3296 3400 inter
3325 3357 3432 3401 nos
3483 3341 3664 3397 uatum
3708 3333 3806 3397 est:

2235 3436 2392 3508 quod
2422 3450 2604 3506 supra
2633 3449 2740 3489 nos
2770 3436 2883 3500 est,
2916 3430 3087 3487 nobis
3116 3430 3405 3497 donatum
3432 3432 3537 3487 est.

2303 3524 2394 3580 34.
2422 3522 2577 3581 Satis
2608 3520 2997 3586 excurrimus,
3031 3524 3097 3577 ut
3116 3522 3418 3592 putamus,
3445 3515 3540 3573 sed
3568 3526 3669 3569 non
3700 3506 3806 3592 otio-

2236 3630 2298 3670 se
2333 3632 2346 3682 ;
2379 3616 2448 3669 ut
2474 3612 2818 3667 doeeremus
2846 3608 2988 3680 quia
3015 3611 3076 3664 et
3102 3591 3164 3663 in
3220 3601 3679 3667 tribulationibus
3717 3591 3810 3651 dili-

2235 3718 2371 3775 gere
2398 3699 2714 3761 Dominum
2744 3697 3051 3765 debemus,
3083 3712 3190 3753 nee
3219 3695 3489 3757 recedere
3514 3692 3581 3749 ab
3604 3704 3679 3775 eo,
3705 3697 3809 3775 quu-

2236 3770 2397 3848 niam
2427 3792 2486 3846 et
2513 3787 2723 3845 laetitiae
2753 3784 3058 3843 tribulatio
3087 3800 3243 3857 sape
3277 3781 3547 3848 succedit,
3582 3781 3646 3837 et,
3664 3770 3813 3865 latitia

2235 3876 2623 3935 tribulationi.
2657 3875 2915 3947 Denique
2944 3874 3046 3946 qui
3078 3873 3461 3939 tribulatione
3502 3884 3607 3927 non
3653 3864 3814 3931 frangi-

2236 3972 2355 4035 tur,
2387 3972 2444 4022 et
2471 3966 2661 4039 legem
2691 3963 2982 4036 sequitur,
3018 3963 3226 4025 beatus
3256 3967 3367 4021 est.

2307 4032 2397 4117 3.5,
2429 4032 2617 4126 (Vere.
2657 4052 2735 4123 3.)
2762 4032 2794 4103 ἆ
2827 4053 2899 4108 Et
2955 4051 3067 4108 erit
3121 4056 3406 4124 tanquam
3458 4046 3663 4119 lignum
3700 4032 3813 4126 quod

2237 4123 2564 4218 plantatum
2594 4145 2686 4198 est
2712 4157 2882 4198 secus
2912 4140 3199 4197 decursus
3228 4123 3536 4211 aquarum,
3554 4126 3696 4223 quod

2236 4237 2395 4289 ctum
2424 4247 2599 4287 suum
2631 4228 2796 4285 dabit
2825 4228 2884 4283 in
2913 4231 3178 4299 tempore
3209 4242 3342 4283 suo.
3376 4225 3445 4281 Et
3500 4221 3680 4279 folium
3718 4221 3812 4283 8103

2239 4338 2354 4378 non
2384 4319 2619 4385 deﬂuet,
2649 4324 2707 4373 et
2736 4316 2935 4372 omnia
2966 4330 3337 4388 quascunque
3365 4313 3550 4378 faciet,
3578 4313 3811 4380 prosperi?

2234 4410 2477 4468 buntur.
2515 4431 2536 4457 ι
2571 4410 2707 4474 Qum
2737 4406 2850 4462 ista
2879 4404 3180 4462 beatitudo
3206 4408 3317 4470 est,
3349 4419 3474 4475 quin
3500 4399 3642 4472 ligno
3683 4388 3809 4447 arbo-

483 4508 625 4548 auro
655 4498 1011 4565 argentoque
1042 4477 1369 4566 pretiosior.
1412 4495 1738 4564 Utrumque
1768 4507 1904 4565 ergo
1953 4507 2127 4564 pocu-
2159 4510 2206 4573 Ι)
2240 4499 2318 4555 ria
2337 4502 2734 4570 comparatur,
2750 4494 2863 4551 nisi
2893 4494 3303 4566 intelligamus
3327 4489 3552 4548 755k]
3579 4477 3810 4557 ραι-κῶθον

480 4580 609 4651 lum
638 4580 794 4651 bibe,
820 4581 1041 4639 Veteris
1073 4589 1129 4638 et
1153 4582 1695 4648 NoviTestamenti;
1720 4582 1863 4654 quia
1891 4581 1948 4636 in
1972 4586 2128 4636 utro-

481 4687 596 4745 que
627 4670 921 4727 Christum
954 4670 1127 4726 bibis.
1161 4671 1299 4726 Bibe
1330 4670 1647 4736 Christum,
1681 4670 1822 4740 quia
1850 4668 1985 4725 vitis
2013 4673 2122 4736 est,

477 4761 615 4819 bibe
644 4759 962 4826 Christum,
992 4760 1132 4832 quia
1160 4763 1326 4831 petra
1354 4764 1443 4815 est
1472 4775 1600 4831 quae
1631 4758 1855 4813 vomuit
1873 4774 2123 4830 aquam;

551 4885 665 4957 (35)
690 4884 821 4940 Era.
855 4888 914 4940 et
941 4882 1097 4951 Gil|.,
1134 4891 1191 4940 ut
1224 4883 1373 4938 bibas
1403 4890 1455 4957 et
1479 4882 1928 4957 segnndum._llic
1976 4884 2125 4957 enim

481 4953 696 5029 tempus
725 4964 803 5012 est
831 4965 889 5013 ut
920 4958 1226 5029 inseramus
1246 4956 1494 5029 mystica,
1529 4955 1697 5009 Rom.
1730 4953 1936 5029 edi_t....
1972 4954 2125 5029 Nam;

471 5024 830 5101 jam-tempus
860 5032 960 5101 est,
993 5036 1102 5084 etc.
1149 5024 1322 5101 Μετιβς⁷
1350 5024 1520 5101 nobis
1561 5026 1971 5101 _consentiunt,
2009 5025 2118 5101 nisi

480 5095 959 5175 ζιιιοᾴ-ιὶόῐιιιιιὶιίἓ
992 5116 1095 5175 pro
1124 5100 1352 5175 mystico
1386 5098 1527 5163 bibe,
1561 5095 2123 5175 leguntnmysticaﬁi-

480 5167 582 5227 δίε.
617 5170 691 5225 Ut
719 5177 915 5228 autem
945 5167 1209 5230 lectionis
1238 5175 1448 5225 nostra:
1480 5184 1722 5225 sensum
1755 5167 1982 5222 facilius
2027 5184 2119 5223 ca-

478 5243 629 5359 pias,
661 5244 891 5299 adverte
921 5260 1241 5314 pronomen
1271 5244 1368 5297 hoc
1394 5240 1761 5296 referendum
1785 5239 1851 5294 ad
1882 5238 1935 5293 id
1964 5239 2119 5310 quod

515 5312 669 5359 ιιισῶς
720 5316 1136 5359 nninnnnitm-e
1173 5314 1303 5359 mea
1330 5328 1454 5359 mm
1502 5313 1771 5359 mimum-
1797 5314 1929 5359 διο.-
1992 5315 2117 5359 tum

515 5312 669 5373 μισῶς
720 5312 1097 5386 anteponitur
1125 5332 1136 5370 :
1169 5314 1303 5370 Bibe
1330 5328 1454 5386 ergo
1497 5313 1929 5386 primumeteq
1992 5315 2117 5386 tum

478 5388 612 5466 post
642 5400 841 5466 vocem
855 5382 1113 5466 :mysliqo,
1154 5382 1529 5456 subintellige
1558 5382 1883 5448 intellectui,
1914 5384 2117 5436 tracta-

474 5453 578 5509 tui.
615 5453 711 5525 vel
734 5456 872 5525 quid
906 5453 1115 5511 simile.

546 5526 662 5593 (36)
684 5514 857 5583 item.
892 5527 1028 5583 edit.
1062 5526 1204 5591 sola,
1239 5527 1364 5581 inde
1391 5529 1480 5596 fac
1500 5527 1606 5581 cito
1653 5527 1711 5579 ut
1739 5523 1895 5591 bibas
1952 5527 2001 5596 et
2043 5524 2119 5596 (in

473 5600 622 5653 Novo
654 5597 1002 5657 Testamento.
1056 5598 1203 5654 Unde
1225 5602 1275 5653 et
1321 5594 1585 5667 tanquam
1638 5597 1876 5667 festinet,
1936 5594 2112 5649 dicit:

2236 4587 2334 4644 illo
2363 4589 2669 4644 beatorum
2700 4584 2848 4650 loco,
2880 4581 3107 4654 lignum
3139 4583 3270 4639 vitae
3301 4582 3359 4637 in
3380 4577 3563 4647 medio
3579 4572 3810 4654 liga“?In

2234 4678 2487 4733 aliorum
2517 4676 2590 4731 de
2633 4678 2790 4730 terra
2848 4651 3201 4743 productum
3261 4668 3429 4741 (38)?
3482 4667 3625 4723 Inter
3671 4651 3813 4743 ωυιιᾳ

2233 4766 2390 4821 enim
2420 4765 2581 4837 ligna
2610 4779 2738 4834 qum
2797 4740 2965 4817 erant
3019 4740 3293 4831 speciosa
3345 4740 3417 4813 ad
3470 4740 3813 4825 aspectui!»et

2234 4882 2396 4952 Regio
2423 4879 2687 4947 Zabulon,
2719 4884 2769 4932 et
2795 4879 2948 4952 terra
2978 4872 3361 4952 Nepbthelim,
3394 4860 3806 4952 ethaptgipfi‘:

2233 4936 2790 5011 [iaminlmbitantem
2825 4955 2875 5002 et
2906 4936 3391 5003 trans'Jordanein
3447 4936 3672 4998 (latitant
3707 4940 3808 4997 9""

2232 5026 2372 5079 tium
2392 5040 2411 5084 ;
2433 5022 2666 5093 populus
2690 5020 2783 5091 qui
2808 5016 3147 5093 ambulabat.
3184 5021 3299 5093 etc.
3459 5082 3473 5093 _
3564 5082 3573 5093 ι
3612 5092 3615 5093 ν
3641 5071 3687 5093 με

2303 5078 2542 5165 (37')‘Si‘c
2571 5078 2711 5165 eaut
2741 5096 2798 5145 et
2833 5093 2958 5145 Vat.
2988 5088 3145 5165 _cod.,
3180 5087 3279 5165 egi
3306 5082 3584 5165 accedunt
3599 5078 3809 5165 419993“

2231 5141 2380 5223 Gali:
2399 5141 2481 5219 ’iii
2493 5141 2728 5236 ibus
2747 5141 3419 5236 'th¢§ii__l'ég£§,_'ﬂa:ﬂ;i
3447 5155 3505 5210 in
3525 5141 3801 5236 μωδζιξιξξδξς

2232 5238 2295 5292 In
2319 5236 2466 5292 Vict.
2509 5224 2706 5292 autem
2764 5238 2821 5289 et
2877 5224 3078 5302 Cole
3124 5224 3268 5288 Nam
3322 5229 3373 5284 si
3423 5224 3614 5281 umbra

2229 5317 2375 5364 sunt.

2301 5361 2412 5450 (38)
2438 5377 2680 5451 Codices
2708 5374 2836 5430 Vat.
2870 5378 2929 5435 et
2956 5372 3219 5451 quinque
3248 5367 3471 5451 Gallic"

2231 5421 2590 5506 immediva
2618 5450 2765 5502 terra
2796 5461 2906 5500 esse
2926 5421 3255 5510 Διῖἷεοάιιὲιιιηι
3276 5462 3302 5510 ί
3334 5438 3428 5499 alii
3458 5421 3588 5493 vero.
3603 5446 3661 5485 a0

2228 5491 2622 5586 consentiunt,
2651 5520 2887 5589 excepta
2918 5491 3109 5584 Ιῗοῐηη
3140 5491 3297 5587 quas:
3322 5528 3423 5586 pro
3449 5520 3574 5575 voce
3619 5491 3798 5573 911W"

2232 5601 2366 5663 tum,
2401 5592 2577 5649 habet
2598 5588 3014 5662 productorum.
