4116 6188
389 312 508 383 987

1847 307 1914 378 Β.
1957 310 2331 382 ΑΜΒΒΟΒῙῙ

392 453 704 509 draconem
761 447 928 521 (Psal.
988 463 1082 519 xc,
1142 446 1253 520 13).
1307 465 1339 499 ››
1407 445 1479 505 Ut
1531 444 1915 507 ambulaverit
1973 448 2032 502 in
2065 446 2118 516 Α
2150 447 2630 519 misericordiam,
2659 447 2875 508 habent
2922 447 3336 519 sobrietatem;
3387 447 3488 508 sed
3538 449 3799 507 fructum

389 540 807 607 incarnatione,
866 537 1291 594 conculcaverit
1363 536 1422 593 in
1480 537 1770 610 passione,
1829 537 1917 593 vel
1974 536 2034 591 in

389 631 703 687 traditione
777 629 940 701 regni
1011 627 1329 695 conculcet,
1399 628 1554 700 quod
1612 627 1765 684 Patri
1824 628 2032 691 tradet,

388 737 525 778 cum
581 734 814 777 omnem
885 716 1249 773 evacuaverit
1316 715 1731 789 principatum.
1789 716 2034 771 Pulchre

388 814 590 867 autem
638 807 845 881 Aquila
871 817 926 864 τὸ
957 815 1442 878 μεταπεφυτευμένον
1491 805 1656 872 dixit,
1739 805 1848 862 hoc
1925 810 2032 873 est,

387 899 901 972 transplantatum,
935 912 1001 952 eo
1051 897 1207 968 quod
1256 895 1445 968 primo
1493 895 1569 952 sit
1615 895 1942 968 plantatum
1973 894 2033 949 in

387 989 646 1060 Virgine,
705 990 904 1057 postea
963 984 1456 1057 transplantatum
1535 983 1593 1038 in
1654 983 2031 1055 paradisum:

389 1077 542 1133 sicut
569 1075 716 1130 dixit
741 1076 813 1130 ad
846 1074 1132 1130 latronem
1166 1089 1178 1128 :
1213 1096 1241 1122 «
1274 1075 1480 1141 Amen,
1514 1087 1683 1128 amen
1732 1072 1860 1127 dico
1889 1071 2032 1127 tibi:

389 1165 563 1223 hodie
588 1181 819 1220 mecum
865 1163 980 1219 eris
1034 1163 1092 1217 in
1152 1163 1422 1234 paradiso
1482 1163 1630 1232 (Luc.
1665 1178 1826 1227 xxm,
1861 1161 1970 1232 43).
2007 1183 2033 1208 ››

461 1256 548 1309 40.
582 1254 700 1309 Hoc
731 1253 957 1325 lignum
983 1251 1163 1324 igitur
1193 1251 1446 1306 fructum
1478 1250 1640 1306 dabit
1683 1249 1743 1304 in
1775 1253 2036 1321 tempore

388 1359 516 1400 suo.
552 1343 737 1415 Ligna
765 1346 996 1397 terrena
1026 1341 1282 1396 fructum
1307 1356 1421 1395 non
1457 1339 1614 1406 dare,
1647 1339 1746 1394 sed
1781 1338 1928 1394 ferre
1953 1338 2036 1392 di-

386 1437 638 1489 cuntur:
670 1431 770 1486 sed
801 1429 1027 1502 lignum
1055 1429 1182 1484 vitae
1216 1447 1282 1485 ac
1313 1428 1612 1500 sapientiae
1635 1428 1735 1482 dat
1754 1427 2033 1495 fructum,

383 1522 495 1579 hoc
523 1525 630 1590 est,
664 1518 914 1591 largitur
942 1523 999 1574 et
1027 1519 1223 1574 donat.
1276 1519 1501 1573 Rursus
1552 1515 1695 1571 illud
1747 1514 2030 1571 occurrit:

385 1612 444 1668 Si
469 1610 701 1684 lignum
731 1612 820 1665 est
849 1607 1170 1680 sapientiae,
1221 1624 1325 1664 cur
1360 1607 1420 1662 in
1460 1609 1722 1678 tempore
1769 1604 1946 1671 dabit,
1979 1607 2036 1658 et

384 1717 500 1757 non
541 1699 820 1771 semper?
866 1697 948 1753 Ne
995 1697 1140 1752 forte
1188 1712 1358 1767 grave
1407 1695 1484 1750 sit
1529 1694 1699 1750 nobis
1746 1693 1854 1749 hoc
1901 1708 2032 1748 sen-

2145 556 2262 594 non
2320 539 2557 609 habent,
2608 539 2746 613 quia
2787 540 2964 597 ﬁnem
3021 556 3135 597 non
3188 536 3440 596 habent!
3489 540 3805 596 Labuntur

2144 626 2259 684 cito
2308 627 2466 695 folia,
2519 627 2620 683 ubi
2673 631 2884 684 ventus
2939 627 3182 684 flaverit.
3241 629 3310 684 Et
3362 627 3546 700 aliqui
3607 628 3803 684 ,Ιαὰεὶ

2144 715 2364 772 habent
2390 717 2823 786 castimoniam,
2849 717 3217 774 sedulitatem
3250 718 3309 772 in
3354 717 3606 773 lectione
3649 718 3803 773 mul-

2142 807 2285 873 tam,
2317 809 2375 861 et
2404 806 2766 878 diligentiam
2793 825 2806 875 ;
2841 807 2942 862 sed
2974 807 3101 862 sine
3147 807 3337 862 fructu
3371 810 3534 874 sunt,
3584 810 3647 862 et
3676 821 3805 862 ver-

2144 899 2350 950 santur
2372 898 2438 950 ut
2466 894 2622 952 folia.
2654 896 2785 950 Hec
2817 895 2962 951 forte
3006 900 3145 952 sunt
3195 895 3334 951 folia
3375 911 3502 967 qua
3531 894 3806 950 Salvator

2144 982 2204 1039 in
2235 983 2334 1039 illa
2365 985 2476 1040 ﬁcu
2499 984 2732 1057 reperit,
2777 985 2878 1041 sed
2911 984 3165 1040 fructum
3191 1001 3300 1040 non
3329 983 3551 1040 invenit
3584 984 3802 1055 (Matth.

2143 1090 2260 1141 xxx,
2295 1074 2403 1145 19).

2215 1165 2302 1217 42.
2344 1162 2590 1235 Mystica
2636 1161 2884 1230 salvant,
2936 1166 2994 1218 et
3040 1179 3075 1218 a
3117 1167 3297 1218 morte
3344 1162 3641 1218 liberant:
3677 1179 3802 1219 mo-

2144 1249 2290 1306 ralia
2322 1255 2521 1306 autem
2553 1255 2896 1308 ornamenta
2925 1251 3152 1308 decoris
3188 1255 3343 1317 sunt,
3379 1268 3496 1307 non
3527 1251 3804 1307 subsidia

2144 1339 2585 1412 redemptionis.
2618 1340 2899 1397 Praestare
2936 1343 3132 1396 autem
3183 1340 3427 1413 mystica
3474 1339 3809 1396 moralibus

2144 1429 2322 1484 etiam
2351 1428 2477 1501 ipse
2509 1429 2791 1485 Dominus
2830 1429 2998 1485 docet
3027 1430 3085 1485 in
3111 1428 3418 1501 Evangelio
3450 1445 3561 1485 suo
3596 1429 3806 1485 dicens

2144 1518 2215 1573 de
2245 1517 2449 1588 Maria,
2483 1535 2610 1590 quae
2641 1519 2854 1574 sedens
2885 1533 3055 1574 secus
3094 1517 3269 1590 pedes
3317 1517 3553 1573 Domini
3597 1517 3808 1573 audie-

2143 1605 2245 1661 bat
2271 1606 2514 1662 verbum
2544 1597 2728 1674 illius,
2759 1621 2894 1662 cum
2943 1606 3173 1662 Martha
3217 1605 3370 1661 circa
3400 1604 3804 1662 ministerium

2142 1693 2458 1762 festinaret,
2491 1698 2549 1750 et
2595 1699 2937 1766 quereretur
2984 1694 3140 1767 quod
3188 1710 3353 1750 soror
3400 1709 3532 1750 eam
3566 1695 3808 1767 propria

383 1790 495 1845 tire
523 1789 594 1844 de
625 1787 854 1842 Christo
880 1804 892 1854 ;
929 1785 1030 1841 sed
1059 1789 1121 1840 tu
1151 1785 1251 1856 qui
1282 1783 1473 1857 legisti
1505 1783 1644 1855 quia
1675 1782 2035 1855 dispensato-
2066 1817 2115 1882 B
2147 1782 2303 1839 circa
2332 1799 2547 1839 mense
2579 1783 2970 1840 ministerium
3001 1799 3118 1839 non
3154 1783 3388 1854 juvaret
3416 1799 3428 1837 :
3468 1805 3498 1832 «
3548 1783 3806 1848 Martha,

383 1893 510 1934 rem
540 1873 772 1931 ﬁdelem
803 1878 861 1930 et
893 1874 1238 1946 prudentem
1269 1870 1583 1928 constituet
1619 1870 1902 1926 Dominus
1933 1887 2035 1925 su-

384 1983 492 2040 pra
522 1963 808 2022 familiam
841 1979 1032 2030 suam,
1065 1966 1130 2017 ut
1159 1963 1256 2018 det
1287 1961 1404 2016 illis
1457 1961 1516 2015 in
1569 1965 1827 2032 tempore
1858 1958 2035 2015 tritici

385 2070 725 2112 mensuram
759 2054 908 2123 (Luc.
941 2069 1046 2117 xu,
1087 2053 1196 2122 42),
1247 2050 1307 2106 in
1357 2053 1618 2122 tempore
1666 2049 1886 2122 utique,
1918 2065 2032 2104 non

384 2159 636 2217 semper,
663 2142 888 2197 turbari
921 2141 1126 2212 utique
1157 2156 1272 2195 non
1306 2139 1500 2195 debes.
1527 2139 1720 2194 Potest
1749 2137 2035 2210 sapientia

383 2249 617 2305 semper
663 2231 919 2286 fructum
978 2231 1154 2297 dare;
1214 2229 1314 2284 sed
1365 2229 1505 2300 quia
1561 2226 1849 2300 sapientia
1881 2226 2025 2282 757

383 2325 493 2391 est,
539 2320 708 2376 debet
755 2319 1048 2392 sapienter
1093 2318 1250 2384 dare,
1301 2316 1642 2390 dispensare
1694 2315 2030 2388 prudenter,

385 2411 434 2467 si
483 2409 718 2482 quando
767 2425 874 2463 nos
921 2407 1153 2479 plenam
1205 2423 1543 2462 mensuram
1595 2407 1697 2460 aut
1735 2404 2032 2477 possimus

384 2498 666 2570 accipere.
699 2496 863 2552 Sicut
891 2496 987 2552 hic
1016 2499 1338 2551 extremum
1372 2499 1607 2567 tempus
1640 2495 1918 2558 fructum,
1953 2492 2034 2548 ita

383 2591 441 2643 et
470 2585 588 2642 illic
618 2585 780 2641 dabit
809 2585 1062 2640 fructum
1111 2585 1331 2640 bonum
1373 2584 1432 2638 in
1483 2583 1755 2656 gentibus
1785 2583 1900 2655 (45)
1927 2601 1938 2649 ;
1971 2584 2033 2636 ut

382 2675 703 2749 possimus.
731 2672 895 2728 Nunc
925 2689 1041 2728 non
1073 2672 1388 2743 possimus,
1423 2672 1624 2728 odioso
1673 2669 1884 2727 saeculo
1916 2687 2032 2726 non

383 2763 827 2822 resurrectionis
875 2763 1002 2833 ejus
1045 2762 1409 2817 consortium
1454 2778 1658 2833 capere
1706 2777 1772 2816 ac
1802 2774 2033 2815 servare

382 2851 766 2909 sustinemus.
783 2850 887 2905 Hic
899 2849 1054 2905 enim
1069 2849 1396 2920 corruptela
1407 2849 2031 2920 est(116),etcavendum

381 2940 494 2996 fuit
506 2955 576 2994 ne
589 2937 1292 3011 corrumperemusbonos
1306 2936 2036 3010 fructus,quoslignumvi-

382 3033 454 3085 ιω
473 3029 638 3085 daret
661 3045 674 3097 ;
695 3027 833 3099 quia
849 3043 1002 3083 nunc
1021 3026 1297 3099 corrupti,
1318 3026 1435 3082 illic
1457 3031 1652 3082 autem
1670 3025 1992 3098 incorrupti
2017 3042 2029 3080 :

385 3140 414 3168 «
449 3117 682 3190 quando
714 3120 770 3172 et
798 3115 1034 3183 mortui,
1067 3115 1280 3188 inquit,
1333 3119 1640 3188 resurgant
1685 3113 2032 3186 incorrupti,

2146 1872 2394 1940 Martha,
2440 1871 2622 1928 Maria
2680 1871 2962 1944 optimam
3012 1876 3236 1944 partem
3290 1871 3404 1927 sibi
3435 1870 3637 1944 elegit,
3675 1889 3806 1944 quae

2146 1977 2262 2016 non
2294 1961 2592 2016 auferetur
2649 1959 2734 2015 illi
2784 1961 2934 2032 (Luc.
2966 1977 3022 2028 x,
3056 1962 3145 2031 41,
3178 1961 3288 2031 42).
3322 1982 3349 2010 ››
3406 1960 3468 2016 Si
3516 1959 3624 2016 illa
3678 1977 3806 2032 qua

2141 2047 2374 2104 Christo
2405 2049 2780 2106 ministrabat
2809 2049 2881 2105 ad
2911 2065 3198 2118 mensam,
3240 2065 3356 2105 non
3388 2048 3809 2106 conferebatur

2143 2137 2194 2193 ei
2226 2154 2354 2210 quae
2392 2137 2635 2194 verbum
2667 2137 2941 2210 cupiebat
2975 2137 3215 2206 audire;
3241 2154 3417 2210 quem
3457 2143 3806 2210 operantem

2143 2226 2408 2283 studioso
2449 2226 2802 2300 cognitionis
2831 2231 3059 2283 aeternae
3105 2227 3367 2282 conferre
3420 2227 3805 2298 poterimus?

2143 2316 2230 2371 Ita
2249 2319 2470 2385 tamen,
2512 2320 2577 2370 ut
2606 2331 2710 2371 nec
2741 2314 2899 2370 illius
2923 2314 3245 2388 operationi
3277 2315 3444 2383 ﬁdes,
3477 2331 3588 2370 nec
3619 2315 3808 2386 hujus

2141 2403 2478 2477 cognitioni,
2520 2404 2672 2460 sicut
2699 2403 2914 2471 Mariae,
2941 2403 3092 2461 desit
3122 2403 3418 2476 Operatio:
3443 2419 3516 2459 ne
3537 2403 3631 2459 vel
3665 2403 3807 2462 folia

2143 2493 2269 2549 sine
2300 2493 2494 2548 fructu
2525 2492 2663 2562 sint,
2686 2491 2774 2549 vel
2805 2493 3029 2550 fructus
3059 2493 3186 2548 sine
3207 2493 3597 2549 munimentis
3623 2499 3805 2548 natu-

2142 2581 2366 2638 ralibus
2396 2583 2476 2638 sit
2500 2581 2773 2648 intectus,
2805 2587 2862 2638 et
2891 2586 3086 2655 pateat
3114 2581 3363 2654 injuriae.

2219 2672 2308 2726 43.
2341 2675 2666 2727 Possumus
2705 2671 2882 2727 etiam
2911 2669 3057 2726 illud
3088 2669 3436 2743 intelligere,
3469 2671 3613 2742 quia
3645 2670 3804 2726 foliis

2144 2775 2208 2815 se
2237 2762 2508 2816 texerunt
2534 2759 2717 2815 Adam
2752 2763 2926 2831 atque
2955 2759 3093 2827 Eva,
3126 2774 3402 2831 corporea
3445 2759 3808 2816 vestimenta

2144 2851 2490 2921 quaerentes,
2521 2865 2587 2904 eo
2617 2849 2774 2920 quod
2819 2847 3168 2904 resurrectio
3214 2847 3505 2903 Dominici
3537 2848 3810 2920 corporis

2143 2937 2628 3010 prophetaretur;
2687 2936 2826 3010 quia
2882 2953 2987 2992 nec
3055 2953 3209 3004 caro,
3268 2953 3396 3008 quae
3451 2941 3624 2992 antea
3682 2938 3811 2993 vice

2144 3025 2417 3082 foliorum
2445 3025 2682 3082 interire
2711 3030 3110 3096 consueverat,
3160 3025 3421 3097 peritura
3463 3025 3615 3082 758
3649 3031 3813 3082 esset

2142 3113 2204 3170 in
2235 3114 2464 3170 Christo
2490 3132 2503 3182 ;
2528 3115 2946 3187 justorumque
2975 3113 3264 3181 omnium,
3311 3115 3413 3186 qui
3467 3115 3809 3170 secundum

384 3210 443 3263 et
465 3181 578 3261 nos
608 3181 1130 3260 commutabimur.
1152 3181 1399 3276 'Oportet
1447 3181 1603 3258 enim
1653 3181 2030 3274 corruptibile
2060 3181 2104 3248 (ἶ
2142 3181 2607 3276 Εγειηεθιίιιῐῂᾏι
2637 3181 3024 3260 imitationem
3054 3202 3199 3276 ligni
3239 3181 3543 3276 sapientiae
3577 3205 3706 3259 nati
3737 3221 3810 3260 ex

383 3295 492 3351 hoc
514 3295 757 3351 induere
787 3291 1264 3364 incorruptelam,
1293 3296 1350 3348 et
1379 3290 1623 3347 mortale
1650 3291 1758 3346 hoc
1788 3291 2030 3347 induere

385 3381 826 3439 immortalitem
860 3382 910 3452 (Ι
939 3380 1060 3436 Cor.
1100 3397 1191 3449 xv,
1237 3379 1329 3448 52,
1373 3380 1485 3450 53).
1537 3379 1685 3443 Quid
1735 3395 1870 3452 ergo
1896 3396 2028 3452 pro-

387 3473 552 3527 derat
599 3469 882 3524 morituro
942 3467 1222 3540 accipere,
1269 3469 1423 3540 quod
1471 3468 1522 3523 ei
1572 3485 1730 3524 mors
1777 3469 2030 3525 habebat

384 3560 610 3616 auferre
631 3559 659 3612 ‘2
683 3557 851 3614 Novit
879 3573 1015 3629 ergo
1047 3557 1333 3628 sapientia
1362 3557 1579 3630 quibus
1625 3557 1858 3630 quando
1889 3557 2028 3613 dare

382 3649 609 3716 debeat,
643 3662 770 3719 qua)
801 3663 906 3702 nec
938 3645 1143 3702 folium
1193 3645 1412 3702 amittit
1460 3645 1602 3718 ligni
1655 3646 1767 3701 sui.
1803 3647 1870 3701 Et
1899 3646 2028 3702 ideo

385 3737 486 3809 qui
520 3736 743 3791 fructus
773 3735 851 3790 sit
881 3733 1200 3806 sapientiae,
1249 3733 1404 3806 quod
1455 3733 1658 3790 folium
1699 3734 2027 3790 considere-

385 3842 538 3882 mus.

455 3913 544 4023 '4‘.
604 3913 852 4023 Fructus
908 3911 1149 4023 interior
1203 3916 1331 4023 est;
1364 3911 1740 4023 folium'qqo
1798 3911 2046 4023 frugtuzi

381 4001 471 4058 vel
503 4019 537 4057 a
565 3999 686 4057 sole
715 4001 977 4068 torrenti,
1027 4000 1113 4056 vel
1160 4017 1194 4056 a
1241 4000 1454 4074 frigore
1505 4000 1854 4056 defenditur.
1887 3999 2028 4056 Fru=

385 4095 514 4147 ctus
543 4091 772 4146 videtur
809 4104 939 4146 esse
987 4089 1153 4156 ﬁdes,
1195 4106 1325 4161 pax,
1377 4089 1661 4156 doctrina,
1691 4089 2032 4146 excellentia

383 4197 528 4236 verae
604 4177 974 4252 cognitionis,
1053 4177 1295 4233 intentio
1370 4177 1544 4243 bona,
1616 4177 2029 4251 mysteriorum

385 4269 550 4325 ratio.
584 4269 700 4324 Hos
731 4269 956 4324 fructus
983 4267 1134 4323 boua
1170 4267 1286 4322 vita
1324 4267 1617 4323 custodit:
1670 4266 1827 4323 mala
1854 4268 2029 4322 etiam

386 4359 435 4414 si
482 4357 823 4430 perceperit,
893 4355 1144 4412 amittit:
1192 4380 1217 4404 ‹‹
1271 4356 1559 4412 Peccatori
1613 4360 1809 4413 autem
1886 4354 2032 4411 dixit

385 4446 539 4503 Deus
565 4487 577 4499 .
602 4446 788 4511 Quare
815 4449 880 4500 tu
912 4461 1149 4501 enarras
1172 4445 1438 4519 justitias
1471 4462 1630 4502 meas
1670 4446 1841 4516 (Psal.
1875 4462 2027 4514 xmx,

389 4535 473 4605 16)
494 4533 521 4588 ‘I
550 4533 613 4588 In
645 4532 906 4605 mysticis
935 4533 1160 4590 fructus
1191 4538 1301 4605 est,
1343 4533 1401 4588 in
1449 4533 1773 4590 moralibus
1802 4532 2028 4603 folium,

386 4620 876 4694 contemplatione
908 4623 1320 4696 mysteriorum
1363 4622 1688 4679 caelestium
1718 4623 1849 4694 (47).
1884 4622 2030 4678 Nam

384 4714 628 4769 virtutes
661 4712 788 4767 sine
818 4712 952 4777 fide,
985 4712 1120 4768 folia
1151 4717 1327 4768 sunt:
1376 4712 1650 4768 videntur
1690 4711 1896 4780 virere,
1930 4711 2032 4766 sed

386 4803 662 4875 prodesse
693 4818 807 4858 non
840 4805 1110 4873 possunt.
1150 4800 1461 4873 Agitantur
1506 4805 1700 4868 vento,
1749 4800 1889 4872 quia
1917 4815 2031 4855 non

385 4893 604 4949 habent
659 4891 1131 4947 fundamentum.
1212 4889 1423 4956 Quanti
1498 4889 1745 4962 gentiles
1818 4889 2036 4945 habent

457 5071 570 5142 (45)
601 5069 728 5126 Vet.
757 5068 897 5125 edit.
931 5086 996 5142 ac
1015 5068 1194 5142 Rom.
1227 5084 1362 5124 cum
1397 5083 1538 5122 mss.
1579 5066 1726 5122 Vict.
1762 5067 2032 5142 etAColb.,

381 5139 699 5213 prudenter.
777 5142 920 5196 Tunc
937 5140 1092 5196 debet
1161 5139 1292 5195 dare
1320 5154 1604 5213 "semper,
1657 5139 1870 5209 quando
1938 5155 2036 5194 nos

382 5209 606 5282 plenam
634 5229 951 5268 mensuram
972 5228 1258 5284 possumus
1296 5209 1489 5284 (Rom,
1517 5209 1678 5284 edit.,
1727 5227 2035 5284 meremur;

389 5281 554 5353 mea,
637 5286 928 5356 possimus)
972 5281 1256 5355 occipere.
1305 5281 1309 5282 ⁷
1346 5281 1501 5356 Sicut
1531 5351 1542 5356 Α
1569 5281 1675 5336 hic.
1713 5323 1724 5335 .
1765 5323 1777 5335 .
1815 5323 1828 5337 .
1886 5281 2037 5356 dabit

388 5351 650 5423 fructum'
683 5357 837 5410 bonis
888 5351 1340 5411 ihdesinéntibus.
1401 5351 1715 5408 Nobiscum
1772 5369 1905 5410 vero
1953 5353 2035 5408 fa-

390 5424 553 5479 ciunt
582 5427 762 5481 Paris.
797 5428 932 5482 edit.
967 5433 1139 5499 atque
1170 5426 1266 5481 alii
1300 5441 1398 5480 sex
1430 5442 1570 5482 mss.

462 5495 573 5526 II.R\
608 5497 682 5526 Η..
718 5497 857 5526 ῐ1Ληι
926 5499 1042 5526 Atlio
1103 5516 1163 5526 λι.
1214 5514 1333 5526 man
1407 5500 1514 5526 ἶῖηι
1594 5512 1724 5526 num
1778 5495 1873 5526 ηιςῖ

462 5495 573 5619 (liti)
607 5497 686 5549 [tu
718 5497 880 5580 Rom.
925 5495 1065 5554 edit'.
1101 5516 1164 5552 ac
1214 5514 1356 5579 mss.
1407 5500 1536 5579 Vat.
1593 5512 1728 5579 cum
1777 5495 2038 5577 quinque

390 5565 714 5693 (13226181:th
717 5569 856 5693 :dlt.
902 5575 1014 5625 vet.
1047 5587 1178 5625 cum
1229 5568 1380 5635 alus,
1431 5570 1528 5624 Hw
1576 5584 1726 5624 enim
1771 5574 2039 5638 corrupt:-

425 5653 525 5693 uos
554 5653 742 5694 sumus

2138 3292 2379 3366 Virgine
2432 3292 2612 3349 vitam
2671 3309 2841 3348 suam
2908 3296 3194 3364 actusque
3242 3293 3588 3348 formarent.
3652 3293 3808 3348 Nam

2139 3381 2374 3438 Graecus
2448 3381 2530 3437 ita
2612 3381 2758 3437 dixit
2786 3399 2799 3437 :
2833 3390 2860 3439 δ
2886 3391 2971 3439 τὸν
2999 3391 3190 3454 καρπὸν
3217 3389 3368 3438 αὐτοῦ
3403 3389 3538 3438 δόσει
3569 3400 3582 3434 :
3640 3383 3810 3454 quod

2139 3474 2333 3543 potest
2361 3471 2436 3526 ad
2467 3470 2702 3526 beatum
2733 3470 2956 3536 referri,
3005 3479 3240 3544 μακάριος
3346 3481 3537 3542 καρπὸν
3650 3479 3805 3542 δόσει,

2139 3559 2371 3626 Graece;
2404 3557 2606 3614 Latine
2653 3561 2849 3615 autem
2906 3558 2989 3615 sic
3045 3558 3283 3630 dicitur,
3329 3564 3396 3614 ut
3444 3558 3558 3614 sit:
3595 3582 3625 3610 ‹‹
3660 3559 3809 3633 quia

2138 3647 2345 3704 beatus
2389 3647 2554 3704 dabit
2599 3647 2876 3715 fructum,
2909 3669 2938 3698 »
2993 3646 3054 3703 in
3104 3648 3531 3704 resurrectione
3571 3648 3811 3705 scilicet

2138 3753 2266 3803 sua,
2301 3737 2536 3809 quando
2567 3739 2759 3808 potest
2787 3739 3135 3808 perpetuum
3166 3737 3325 3792 dare.
3381 3736 3575 3792 Potest
3602 3741 3663 3792 et
3693 3737 3809 3805 sic,

2140 3833 2167 3882 ὃ
2196 3835 2282 3881 τὸν
2316 3833 2507 3898 καρπὸν
2535 3833 2686 3881 αὐτοῦ
2743 3832 2866 3898 ὑπὲρ
2912 3833 3072 3893 ξύλον,
3180 3829 3245 3880 ut
3345 3824 3634 3880 referatur
3728 3826 3813 3880 ad

2160 3914 2386 3986 ignum,
2419 3913 2588 3985 cujus
2609 3913 2760 3969 facta
2787 3913 2987 3970 omnia
3035 3913 3558 3987 prosperabuntur.
3583 3912 3650 3969 In
3684 3930 3811 3986 quo

2138 4002 2376 4059 evidens
2404 4002 2760 4068 testificatio,
2793 4002 2932 4074 quia
2959 4003 3030 4058 de
3077 4001 3372 4059 Salvatore
3421 4002 3651 4058 dictum
3684 4009 3809 4059 est.

2139 4091 2320 4163 Cujus
2351 4090 2508 4147 enim
2533 4090 2648 4146 nisi
2679 4089 2868 4164 ipsius
2899 4091 3052 4147 facta
3078 4095 3329 4164 possunt
3367 4091 3646 4148 universa
3677 4091 3813 4148 lau-

2139 4179 2289 4246 dari,
2321 4183 2378 4234 et
2407 4195 2718 4252 prosperos
2755 4179 2970 4235 habere
3016 4180 3205 4236 exitus
3229 4179 3257 4232 ?
3303 4179 3521 4252 Aquila
3571 4185 3813 4250 autem,

2145 4291 2167 4318 «
2227 4267 2576 4341 dirigentur,
2636 4289 2663 4316 »
2725 4268 2865 4323 ait:
2927 4269 3081 4340 quod
3137 4271 3196 4323 et
3249 4267 3321 4322 ad
3380 4283 3809 4340 quemcunque

2141 4356 2438 4413 hominem
2473 4356 2843 4413 referendum
2874 4356 3122 4427 videtur,
3155 4373 3330 4428 quem
3363 4355 3566 4429 dirigit
3603 4357 3812 4414 Domi-

2140 4461 2255 4500 nus
2293 4444 2483 4502 favore
2542 4443 2773 4501 caelesti.
2833 4446 2880 4500 A
2938 4444 3184 4502 Domino
3243 4445 3402 4500 enim
3456 4445 3816 4518 diriguntur

2061 4554 2109 4620 Ι)
2139 4549 2378 4606 gressus
2405 4533 2534 4601 viri,
2567 4538 2624 4590 et
2662 4533 2985 4590 orationem
3025 4550 3193 4590 suam
3242 4533 3302 4589 in
3346 4539 3671 4606 conspectu
3701 4535 3811 4591 Dei

2142 4622 2321 4678 David
2355 4621 2642 4695 propheta
2671 4621 2845 4696 dirigi
2875 4621 3194 4696 postulavit
3221 4623 3390 4694 (PsaI.
3425 4640 3551 4691 CXL,
3583 4625 3666 4694 2).
3693 4625 3814 4680 Sed

2142 4714 2200 4768 et
2228 4711 2354 4785 ipse
2382 4710 2669 4768 Dominus
2695 4711 2906 4768 direxit
2933 4729 3109 4785 opera
3139 4729 3266 4780 sua,
3304 4716 3370 4768 ut
3390 4711 3553 4768 nullo
3582 4715 3818 4769 erroris

2143 4804 2525 4858 curvarentur
2553 4801 2842 4856 anfractu.

2215 4890 2304 4944 44.
2337 4889 2521 4960 (Vers.
2580 4889 2662 4961 ιι.)
2714 4889 3020 4962 Sequitur:
3059 4914 3086 4940 (ι
3126 4890 3253 4946 Non
3311 4889 3396 4946 sic
3455 4889 3649 4962 impii,
3687 4908 3814 4948 non

2216 5067 2328 5139 (47)
2411 5067 2875 5140 Contemplatione
2965 5070 3388 5140 mysteriorum“
3433 5068 3743 5140 virtutium
3794 5089 3808 5125 :

2148 5137 2399 5195 deerant
2428 5138 2550 5194 haec
2600 5137 2656 5194 in
2690 5137 2826 5194 edit.
2860 5142 2973 5194 vet.
3020 5137 3086 5194 ac
3132 5155 3275 5195 mss.
3326 5137 3474 5193 Vict.
3507 5143 3566 5194 et
3594 5138 3766 5195 Colb.
3799 5159 3814 5206 ;

2146 5211 2246 5266 sed
2297 5209 2577 5283 in__B_om.
2627 5209 2874 5283 aliisque
2930 5209 3234 5283 codicibus
3281 5209 3688 5283 inveniuntur.
3720 5212 3813 5283 _Id

2147 5285 2344 5337 autem
2375 5279 2494 5353 illis
2532 5279 2797 5337 vocibus—
2819 5281 3208 5353 significatur,
3247 5281 3493 5353 virtutes
3525 5281 3814 5353 mox-ales

2147 5369 2252 5409 seu
2323 5351 2523 5426 activae
2557 5353 2726 5426 ivitm,
2782 5351 2831 5408 si
2878 5350 3024 5408 cum
3082 5351 3376 5426 mysteriis
3433 5350 3814 5426 ccelestibus,

2146 5440 2468 5496 eorumque
2497 5425 2815 5497 fideatque
2842 5423 3350 5497 contemplatione,
3375 5423 3810 5493 conferantur,

2146 5513 2274 5568 esse
2299 5495 2582 5568 tanquam
2610 5495 2814 5552 folium
2845 5511 2980 5568 cum
3011 5495 3204 5552 fructu
3230 5500 3685 5568 comparatum,
3716 5503 3813 5558 ut.

2147 5567 2206 5623 in
2240 5567 2624 5641 sequentibus
2663 5567 2901 5641 exponit
2931 5571 3171 5626 sanctus
3211 5567 3432 5624 doctor.
