4078 6196
359 326 482 395 999

1521 329 1984 396 ENARRA'I‘IO
2024 329 2106 395 IN
2149 331 2528 399 PSALMUM
2570 331 2620 396 Ῑ.

3652 326 3771 394 990

364 465 490 533 sic;
525 463 625 521 sed
674 466 953 537 tanquam
1003 461 1196 537 pulvis
1251 479 1424 537 quem
1478 466 1710 538 projicit
1739 472 1946 522 ventus
1977 485 2010 521 a
2041 467 2094 534 Α
2123 483 2362 523 enarras
2395 467 2751 539 prosapiam,
2809 468 2865 522 et
2895 466 3179 538 tanquam
3212 462 3500 534 majorum
3530 467 3767 522 tuorum
3864 514 3880 532 ,

365 555 516 611 facie
573 557 738 609 terra
767 571 780 621 ;
812 574 840 604 »
875 552 983 609 hoc
1013 558 1120 621 est,
1180 570 1295 609 non
1327 554 1410 609 sic
1442 558 1507 609 ut
1538 554 1740 610 beatus
1772 557 1874 621 vir,
1909 555 2009 627 qui

364 644 497 699 ideo
527 643 755 708 beatus,
789 642 927 714 quia
967 659 1081 697 non
1133 642 1276 697 abiit
1306 642 1365 697 in
1397 642 1639 699 consilio
1668 643 2008 716 impiorum,

365 731 505 805 quia
537 732 594 786 in
626 735 864 802 peccato
897 749 1011 787 non
1037 731 1216 799 stetit,
1250 731 1309 786 in
1342 732 1583 788 consilio
1613 733 2008 805 pestilentium

361 837 480 876 non
520 819 692 889 sedit,
731 818 1049 875 volentium
1093 819 1181 875 vel
1223 821 1524 876 credentes
1557 821 1668 893 pie,
1699 821 1786 877 vel
1816 822 2009 878 viven-

361 914 452 965 tes
475 912 832 982 pervertere;
859 909 960 981 qui
983 909 1338 965 voluntatem
1363 909 1568 965 habuit
1591 912 1646 966 in
1662 911 1808 984 lege,
1825 918 1881 967 et
1898 929 2012 967 me-

361 997 650 1054 ditabitur
670 996 729 1052 in
748 1013 816 1053 ea
840 1015 854 1064 ;
875 1002 996 1065 aut,
1023 999 1175 1054 sicut
1199 998 1410 1071 Aquila
1431 1000 1644 1071 posuit,
1669 1001 2012 1056 «resonabit

361 1085 424 1140 in
447 1085 571 1158 lege
597 1101 609 1140 :
639 1110 660 1137 »
699 1089 763 1140 ut
793 1091 1079 1158 praecepta
1110 1087 1255 1158 legis
1305 1092 1532 1143 resonet
1568 1087 1684 1144 vita
1705 1090 1854 1160 ejus,
1888 1107 2012 1145 mo-

364 1190 458 1230 res
490 1173 769 1230 resultent
797 1175 960 1246 sicut.
980 1174 1235 1241 illorum,
1269 1193 1519 1248 quorum
1552 1177 1609 1230 in
1642 1195 1874 1233 omnem
1899 1183 2012 1233 ter-

363 1280 492 1320 ram
521 1263 696 1319 exivit
725 1279 927 1319 sonus.
965 1265 1129 1319 Forte
1162 1265 1254 1320 hic
1288 1282 1468 1320 sonus
1511 1266 1784 1321 doctrinae
1824 1266 2011 1322 homi-

364 1367 508 1407 num
532 1355 727 1419 exeat;
754 1351 871 1406 illic
914 1357 1109 1407 autem
1153 1353 1251 1408 ubi
1277 1353 1420 1409 facie
1449 1355 1520 1408 ad
1546 1354 1749 1410 faciem
1780 1355 2014 1411 dabitur

362 1440 577 1507 videre,
586 1439 814 1513 plenior
831 1441 1096 1512 quaedam
1110 1442 1266 1496 verbi
1285 1442 1405 1497 fieri
1420 1442 1682 1498 videatur
1694 1446 2010 1515 expressio.

363 1529 490 1585 Non
515 1545 652 1602 ergo
702 1529 854 1585 sicut
885 1530 1091 1586 beatus
1124 1531 1232 1585 iste
1265 1529 1364 1602 qui
1396 1530 1516 1586 hmo
1539 1532 1870 1604 fecerit,qui
1904 1534 2014 1588 erit

365 1620 648 1688 tanquam
708 1617 936 1690 lignum
978 1616 1331 1688 plantatum,
1386 1619 1555 1688 cujus
1607 1624 1770 1691 gesta
1817 1621 2016 1675 omnia

364 1706 860 1778 posperabuntur,
909 1706 989 1761 ita
1037 1707 1148 1762 erit
1191 1710 1247 1762 et
1297 1707 1536 1778 impius.
1572 1709 1702 1764 Ideo
1753 1709 2018 1780 repetivit

363 1793 452 1850 vel
486 1793 587 1866 qui
637 1795 893 1866 scripsit,
925 1793 1012 1850 vel
1045 1795 1142 1866 qui
1178 1799 1379 1868 postea
1405 1796 1630 1852 addidit
1664 1799 1749 1868 (ut
1775 1799 2014 1870 quidam

367 1883 598 1955 putant)
629 1899 746 1955 quo
798 1883 1198 1938 confirmatior
1249 1884 1409 1939 ﬁeret
1459 1885 1702 1956 repetita
1733 1887 2020 1942 sententia

369 1969 613 2026 dicendo
661 1971 774 2042 (48)
819 1989 831 2026 :
891 1994 917 2020 ‹‹
972 1972 1096 2027 Non
1158 1973 1241 2027 sic
1293 1972 1480 2044 impii,
1533 1991 1647 2029 non
1700 1975 1805 2044 sic,
1843 1998 1870 2023 ››
1921 1975 2021 2046 qui

367 2063 541 2115 erunt
568 2062 850 2131 tanquam
882 2058 1072 2131 pulvis
1110 2079 1122 2126 ;
1157 2064 1296 2115 sunt
1326 2061 1482 2116 enim
1512 2064 1748 2131 terreni,
1785 2068 1840 2118 et
1870 2064 2023 2118 sicut

367 2147 562 2219 pulvis
603 2147 910 2220 projicitur
940 2165 971 2202 a
1004 2147 1146 2204 facie
1174 2149 1351 2216 venti,
1384 2149 1465 2204 ita
1489 2155 1548 2205 et
1578 2151 1673 2206 isti
1706 2151 2021 2223 projicien-

369 2239 470 2290 tur
500 2239 557 2290 et
615 2235 1062 2307 dissipabuntur
1113 2253 1146 2291 a
1197 2236 1418 2308 Spiritu
1468 2243 1692 2306 sancto,
1727 2239 1826 2311 qui
1860 2244 2021 2295 terra:

373 2323 551 2378 fertili
585 2327 759 2394 atque
810 2324 1064 2378 fecundae
1095 2324 1303 2379 anima:
1327 2325 1602 2381 salutaris
1633 2328 1786 2383 sicut
1816 2332 2024 2384 ventus

383 2415 584 2467 auster
612 2412 868 2483 aspirare
896 2412 1213 2468 consuevit.

451 2501 541 2555 55.
575 2500 722 2556 Huic
769 2505 940 2556 vento
979 2502 1193 2557 dicitur
1219 2503 1276 2556 in
1327 2502 1619 2558 Canticis:
1657 2526 1683 2553 ‹‹
1715 2505 1877 2572 Veni,
1911 2508 2023 2561 Au-

381 2593 504 2644 ster
523 2590 700 2659 (Cant.
727 2607 802 2655 1v,
827 2590 975 2660 46),»
1002 2595 1063 2644 ut
1095 2590 1405 2647 clementia
1428 2593 1578 2648 aeris
1601 2593 1885 2650 mollioris
1909 2611 2028 2650 cor-

379 2677 473 2732 dis
504 2677 683 2733 nostri
727 2695 864 2733 arva
893 2677 1182 2744 laxentur,
1217 2697 1342 2751 qua:
1375 2681 1627 2736 brumali
1658 2681 1786 2753 gelu
1823 2683 2028 2739 stricta

377 2765 726 2838 recipiendis
739 2767 1031 2839 gremium
1055 2768 1380 2824 seminibus
1393 2770 1778 2842 denegabant.
1800 2772 2024 2827 Bonum

378 2858 469 2911 est
488 2853 656 2911 nobis
691 2858 755 2910 ut
803 2855 896 2909 hic
927 2857 1114 2912 ventis
1163 2857 1400 2929 aspiret,
1434 2859 1534 2929 qui
1586 2876 1762 2916 naves
1784 2859 2026 2915 Tharsis

378 2944 628 3000 ferentes
656 2961 791 3000 vero
835 2944 1134 3000 Salomoni
1183 2962 1313 3016 qua:
1345 2947 1415 3001 ad
1446 2938 1894 3020 templum'ejus
1927 2967 2025 3004 ne-

379 3032 635 3088 cessaria
686 3031 977 3100 videntur,
1036 3037 1195 3090 tutos
1249 3035 1497 3091 deducat
1546 3036 1604 3091 in
1651 3041 1877 3108 portus.
1917 3039 2024 3093 Sed

378 3125 520 3176 tunc
566 3121 674 3176 iste
711 3125 922 3177 ventus
951 3123 1190 3194 aspirat,
1220 3124 1270 3179 si
1298 3124 1503 3180 boreas
1546 3125 1643 3181 ille
1665 3127 1858 3198 gravis
1888 3144 2022 3183 ven-

2119 570 2323 628 genus.
2360 556 2600 612 Praafers
2649 554 2903 621 divitias,
2954 552 3093 626 quia
3137 551 3416 610 conviviis
3449 553 3641 625 pascis
3677 571 3769 610 so-

2119 644 2301 701 dales.
2336 645 2568 702 Utinam
2601 661 2813 717 egenos
2845 643 3150 716 pasceresl
3188 641 3412 698 utinam
3467 658 3584 697 non
3614 643 3772 713 joco-

2120 751 2251 789 rum
2277 733 2596 799 ministros,
2619 734 2718 789 scd
2743 738 3009 789 votorum
3033 733 3332 803 adjutores
3358 731 3368 785 l
3403 731 3601 787 Jactas
3633 731 3773 803 quia

2120 823 2430 895 prodeunti
2486 822 2641 878 illico
2694 823 2939 887 ceditur,
2993 825 3050 877 et
3079 821 3346 876 homines
3375 825 3431 875 te
3490 823 3772 892 tanquam

2122 912 2302 966 feram
2335 910 2629 965 declinant
2655 916 2754 965 aut
2777 911 3044 966 bestiam.
3080 910 3229 964 Num
3253 909 3373 964 haec
3397 923 3525 964 esse
3552 907 3774 980 aliquid

2120 1003 2293 1072 putas
2315 999 2342 1053 ‘I
2369 999 2490 1055 Non
2526 999 2695 1055 audis
2727 999 2866 1070 quia
2909 1015 2974 1054 ea
3007 998 3205 1053 omnia
3241 1003 3517 1068 tanquam
3567 998 3779 1053 umbra

2121 1093 2502 1160 praetereant?
2531 1088 2674 1154 Quid
2701 1090 2912 1159 juvant
2942 1086 3278 1143 consulares
3329 1089 3637 1158 praetexta},
3672 1090 3779 1142 aut

2123 1177 2373 1232 nitentes
2419 1194 2558 1233 auro
2608 1175 2996 1248 triumphales
3044 1173 3313 1248 palmatae
3362 1176 3477 1244 (49)
3515 1175 3542 1230 ‘?
3571 1174 3775 1230 Nudus

2123 1265 2305 1321 exibis
2349 1282 2359 1320 :
2413 1282 2583 1322 nemo
2632 1265 2749 1320 illic
2816 1263 3115 1320 consulem
3176 1267 3567 1335 recognoscet.
3625 1263 3772 1327 Quid

2123 1359 2370 1427 prosunt
2393 1354 2714 1410 innumerae
2738 1354 3137 1426 possessiones
3159 1353 3186 1407 ‘?
3209 1351 3456 1407 Publica:
3476 1356 3634 1420 sunt,
3662 1369 3775 1407 non

2123 1446 2255 1497 tuae.
2289 1443 2470 1498 Hodie
2521 1447 2581 1497 tu
2642 1446 2826 1509 tenes,
2861 1459 2990 1497 cras
3043 1440 3211 1496 alius.
3249 1441 3393 1495 Cum
3450 1446 3508 1495 tu
3545 1439 3774 1508 exieris,

2123 1531 2277 1586 alius
2310 1532 2506 1585 intrat.
2531 1531 2639 1584 Vix
2672 1529 2903 1585 movisti
2935 1531 3164 1601 pedem,
3199 1529 3350 1584 alius
3381 1545 3650 1602 gressum
3683 1528 3771 1582 in-

2124 1618 2497 1682 tulit.Quanti
2522 1623 2653 1674 ante
2676 1625 2730 1674 te
2753 1617 2871 1673 illic
2895 1619 3150 1683 fuerunt,
3179 1619 3382 1689 quanti
3417 1622 3548 1690 post
3578 1623 3632 1672 te
3674 1619 3776 1672 do-

2129 1706 2534 1775 minabuntur,
2596 1712 2652 1762 et
2707 1707 2816 1762 hoc
2851 1712 3022 1777 putas
3068 1723 3195 1762 esse
3229 1707 3516 1777 privatum
3545 1709 3566 1760 ?
3595 1707 3776 1770 Quem

2130 1812 2392 1868 unquam
2447 1814 2479 1850 a
2535 1803 2721 1850 morte
2753 1795 2969 1850 divitiae
3003 1795 3423 1848 redemerunt?
3454 1796 3574 1849 lmo
3606 1812 3778 1865 quem

2135 1901 2249 1940 non
2286 1885 2356 1940 ad
2388 1888 2638 1940 mortem
2683 1883 2896 1938 divitia:
2940 1887 3298 1955 coegerunt?
3326 1883 3506 1946 Quem
3535 1882 3606 1937 ab
3639 1882 3782 1938 infe-

2133 1974 2216 2028 ris
2239 1991 2356 2030 suae
2389 1977 2733 2029 revocarunt
2775 1973 2958 2045 opes?
2989 1973 3170 2036 Quem
3201 1970 3460 2044 potentia
3490 1972 3787 2027 excusavit

2134 2079 2166 2116 a
2197 2079 2364 2134 pmna
2388 2062 2415 2115 ‘?
2444 2061 2640 2116 Pulvis
2671 2065 2759 2116 est
2807 2060 3098 2133 impietas,
3153 2060 3304 2115 sicut
3335 2059 3526 2132 pulvis
3557 2064 3645 2115 est
3672 2058 3782 2114 im-

2133 2151 2365 2222 piorum
2421 2151 2716 2223 potentia:
2777 2150 3086 2222 caliginem
3118 2149 3316 2212 infert,
3367 2149 3504 2203 dare
3534 2147 3782 2204 salutem

2137 2257 2250 2295 non
2300 2245 2512 2311 potest.
2545 2238 2730 2294 Simul
2781 2244 2845 2295 ut
2892 2238 3207 2294 vehemens
3256 2236 3583 2309 ﬂarecmpit
3613 2237 3783 2308 spiri-

2133 2334 2252 2396 tus,
2289 2328 2511 2401 spargit
2539 2346 2664 2384 eam
2691 2333 2865 2400 atque
2885 2326 3150 2382 dissolvit
3175 2343 3186 2381 :
3221 2342 3414 2380 aerem
3439 2325 3658 2392 turbat,
3693 2342 3785 2381 so-

2134 2416 2259 2472 lum
2292 2419 2475 2472 nudat
2502 2436 2514 2485 ;
2555 2421 2616 2472 ut
2647 2417 2837 2489 pulvis
2885 2415 3209 2488 projicitur,
3241 2414 3436 2471 deficit
3465 2419 3530 2470 ut
3559 2415 3778 2483 fumus,

2134 2505 2408 2577 liquescit
2439 2509 2502 2560 ut
2526 2522 2677 2561 cera.

2208 2595 2294 2648 47.
2330 2594 2475 2648 Hinc
2499 2593 2756 2665 plerique
2781 2609 2894 2648 non
2918 2593 3268 2648 mediocrem
3296 2596 3600 2647 moverunt
3621 2608 3784 2664 quae-

2135 2682 2616 2747 stionem,utrum
2639 2681 2955 2753 perituram
2979 2685 3249 2736 naturam
3275 2681 3542 2736 videatur
3566 2697 3786 2736 assere-

2137 2787 2196 2825 re
2219 2771 2518 2842 Scriptura
2540 2771 2736 2826 divina
2762 2789 2772 2825 :
2808 2769 3060 2824 maxime
3091 2768 3230 2840 quia
3250 2767 3388 2824 alibi
3414 2768 3553 2823 dicit
3579 2787 3590 2823 :
3615 2767 3782 2823 Com—

2136 2859 2398 2914 minuam
2449 2875 2547 2914 eos
2583 2864 2647 2913 ut
2676 2857 2973 2930 pulverem
3005 2861 3138 2912 ante
3189 2857 3393 2912 faciem
3425 2857 3604 2923 venti,
3635 2862 3693 2912 et
3723 2859 3789 2910 ut

2135 2947 2325 3002 lutum
2360 2946 2682 3018 platearum
2736 2945 2938 3002 delebo
2987 2962 3086 3001 eos
3137 2947 3304 3015 (Psal.
3338 2963 3479 3010 xvu,
3513 2945 3637 3016 43);
3671 2967 3699 2995 »
3732 2949 3791 3000 et

2137 3035 2275 3091 alibi
2310 3055 2322 3092 :
2361 3058 2388 3084 ‹‹
2419 3037 2560 3091 Ecce
2590 3035 3020 3091 confundentur
3048 3039 3106 3090 et
3137 3033 3554 3090 revercbuntur
3583 3050 3790 3089 omnes

2137 3125 2452 3180 adversarii
2481 3143 2492 3192 ;
2517 3129 2688 3180 erunt
2719 3123 2873 3179 enim
2905 3128 3186 3195 tanquam
3219 3140 3334 3178 non
3367 3123 3486 3178 sint
3513 3125 3640 3191 (Isa.
3672 3139 3788 3193 XLI,

383 3214 475 3264 tus
506 3209 646 3265 ﬂare
675 3210 934 3266 desierit.
968 3210 1098 3266 Ideo
1149 3211 1236 3266 vel
1285 3211 1558 3282 Ecclesia,
1592 3213 1679 3269 vel
1707 3215 1902 3270 anima
1931 3215 2028 3287 pia
2057 3205 2099 3272 C
2142 3215 2248 3284 11).
2278 3236 2304 3262 ››
2335 3213 2597 3268 Primum
2633 3229 2769 3284 ergo
2824 3212 3137 3284 interrogo.
3198 3216 3397 3267 utrum
3430 3211 3785 3284 impietatem

381 3297 552 3352 dicit:
578 3320 606 3348 «
629 3299 908 3371 Exsurge,
930 3300 1192 3365 Borea,et
1211 3300 1361 3364 veni,
1384 3303 1594 3357 Auster
1615 3303 1799 3374 (Ibid.)
1827 3321 1839 3370 ;
1868 3326 1894 3352 ››
1921 3303 2029 3358 hoc

382 3390 502 3441 est:
530 3387 616 3441 Tu
643 3387 840 3454 Borea,
875 3389 1098 3455 recede,
1133 3393 1190 3442 et
1219 3388 1372 3456 veni,
1405 3391 1648 3446 Auster:
1675 3391 1869 3462 aspira
1895 3391 2027 3447 hor-

381 3478 507 3528 tum
557 3490 776 3542 meum,
810 3479 874 3529 ut
905 3476 1078 3531 ﬂores
1109 3492 1223 3532 non
1274 3477 1578 3543 discutias,
1613 3479 1713 3533 sed
1748 3495 2024 3536 reserves.

381 3561 594 3617 Anima
614 3562 793 3635 igitur
822 3563 995 3635 plena
1021 3564 1262 3639 floribus
1309 3565 1543 3638 pietatis
1573 3566 1807 3622 hortum
1832 3567 2026 3638 habet,

380 3649 471 3705 vel
510 3650 635 3722 ipsa
684 3651 890 3708 hortus
920 3656 1027 3720 est,
1063 3653 1162 3725 qui
1195 3654 1418 3710 fructus
1461 3654 1642 3709 ferat:
1675 3655 1873 3710 anima
1905 3673 2028 3728 quae

383 3739 667 3811 impietati
691 3744 871 3813 patet,
900 3741 1196 3813 pulverem
1220 3742 1414 3812 habet,
1447 3744 1547 3814 qui
1570 3747 1659 3799 est
1680 3744 2029 3801 infecundus

379 3829 452 3884 ad
484 3828 762 3885 fructum.
797 3830 1180 3886 Fructiferam
1229 3831 1468 3903 quidem
1500 3831 1660 3888 illam
1697 3833 1846 3889 759
1899 3835 2031 3890 fecit

379 3916 666 3973 Dominus
705 3937 718 3986 ;
747 3919 848 3975 sed
897 3919 1026 3991 ipsa
1057 3919 1166 3974 sibi
1199 3920 1432 3993 collegit
1477 3920 1798 3994 impietatis
1829 3923 2028 3995 pulve-

379 4022 524 4062 rem.

452 4095 538 4149 46.
572 4093 718 4158 Quid
766 4098 821 4151 te
854 4096 1066 4167 jactas,
1101 4115 1134 4152 o
1182 4098 1350 4170 plene
1377 4097 1741 4171 impietatis?
1772 4105 1860 4154 An
1893 4100 2033 4172 quia

378 4183 700 4241 honoribus
740 4199 803 4239 es
832 4188 1061 4256 potens,
1089 4189 1143 4241 et
1173 4186 1440 4242 abundas
1469 4187 1688 4244 divitiis
1710 4189 1737 4243 ’ἲ
1767 4189 1889 4244 Non
1925 4191 2031 4245 ad-

377 4272 556 4328 vertis
587 4271 725 4344 quia
745 4271 936 4344 pulvis
956 4289 1038 4340 es,
1073 4277 1130 4329 et
1148 4278 1211 4329 tu
1236 4275 1586 4347 dispergeris
1617 4280 1674 4331 et
1705 4277 2028 4350 dissipabe-

379 4361 482 4416 ris.
510 4383 538 4411 «
562 4360 714 4428 Vidi,
741 4361 952 4432 inquit,
974 4362 1222 4434 impium
1245 4364 1742 4435 superexaltatum
1769 4369 1824 4420 et
1847 4366 2031 4422 eleva-

377 4454 506 4505 tum
543 4449 697 4506 sicut
745 4451 948 4507 cedros
1000 4451 1200 4506 Libani
1232 4470 1244 4519 ;
1279 4455 1335 4508 et
1363 4452 1626 4520 transivi,
1663 4459 1720 4510 et
1748 4471 1880 4510 ecce
1911 4473 2026 4511 non

377 4542 502 4639 erat
557 4540 728 4607 (Psal.
779 4556 970 4639 xxxw,
1017 4540 1109 4638 35ἶ
1139 4540 1252 4610 36).
1302 4561 1329 4588 »
1363 4540 1511 4639 Quid
1565 4542 1855 4615 gloriaris,
1887 4545 2026 4616 quia
2055 4574 2102 4639 D

378 4626 568 4683 multa
595 4631 651 4682 te
683 4627 916 4684 servitia
955 4628 1246 4696 ambiunt,
1282 4628 1451 4684 multi
1481 4631 1654 4686 amici
1703 4634 1909 4705 tegunt
1939 4633 2022 4689 la-

377 4720 501 4772 tera
520 4719 642 4785 tua,
668 4715 907 4788 plurimi
938 4721 994 4772 te
1026 4718 1160 4790 equi
1186 4721 1537 4790 sequuntur,
1572 4737 1825 4792 quorum
1859 4722 2026 4778 nobis

447 4831 561 4908 (48)
602 4831 799 4908 _N_ega_t
828 4849 1027 4908 revera
1056 4833 1400 4908 scholiastes
1441 4836 1843 4908 repetitionem
1877 4837 2027 4894 hanc

375 4902 615 4980 reperiri
650 4902 1016 4980 in__Hexaplo,
1069 4909 1132 4960 ut
1162 4906 1360 4963 videre
1408 4902 1522 4963 est'
1545 4909 1697 4980 apud
1731 4908 2025 4965 Nobilium

375 4989 554 5030 super
583 4973 692 5030 hoc
723 4973 870 5030 loco.

472 5044 560 5121 49)
619 5046 760 5102 Mss.
794 5045 1084 5121 nonnulli,
1117 5052 1174 5103 et
1203 5049 1471 5121 quaedam
1519 5049 1656 5121 edit.
1690 5049 1897 5116 Paris.,
1930 5056 2028 5107 aut

373 5117 609 5204 {litantes
636 5134 774 5204 aura
804 5119 1160 5204 ινὶιέιῃρζιαιεδ
1215 5117 1437 5203 palmata
1499 5120 1613 5204 ᾼΙίί
1673 5138 1816 5202 mss.
1850 5128 2025 5204 atque

374 5187 539 5256 edit.,
567 5189 843 5258 palmatae.
895 5187 1140 5258 Melius;
1176 5187 1278 5247 nec
1308 5192 1464 5248 enim
1517 5196 1733 5247 temere
1765 5187 2025 5248 invenia-

373 5262 471 5344 tur
500 5259 571 5314 ab
614 5259 1086 5344 imperatori-bus.
1125 5263 1187 5344 in
1238 5262 1555 5344 triumphis
1605 5263 1861 5344 palmus,
1897 5281 2023 5344 qua:

372 5343 584 5416 eorum‘
609 5333 838 5416 tantum
870 5334 968 5404 qui
1003 5333 1089 5416 vel
1122 5333 1180 5388 in
1213 5333 1575 5416 Olympiacis,
1607 5333 1696 5388 vel
1728 5334 1786 5389 in
1807 5333 2024 5416 gladia:

370 5399 539 5481 toi-iis
571 5399 727 5481 ludis
773 5399 1050 5481 vice-rant,
1083 5399 1322 5481 praemia
1351 5399 1536 5481 erant,
1584 5421 1762 5481 manu
1807 5399 2022 5481 gestari

369 5469 575 5548 solitas
605 5479 706 5548 ;_at
734 5491 866 5530 vero
908 5469 1190 5548 palmam,
1239 5477 1294 5530 id
1342 5482 1450 5548 est,
1495 5480 1640 5548 toga:
1674 5469 1884 5548 palmis
1917 5496 2022 5535 acu

369 5494 575 5527 solitas
605 5496 618 5538 ;
647 5494 706 5528 at
734 5494 866 5530 vero
947 5494 1190 5542 armant,
1239 5494 1294 5530 ια
1342 5494 1450 5540 eet,
1495 5494 1640 5546 toga:
1674 5494 1884 5548 palmis
1917 5496 2021 5535 acu

369 5541 566 5626 pictis,
598 5545 757 5626 sive,
779 5551 842 5601 ut
871 5494 1056 5618 aliqui
1087 5548 1310 5626 volunt,
1345 5545 1478 5626 latis
1506 5546 1683 5602 clavis
1709 5548 2021 5626 distincta},

370 5615 868 5690 triumphantium
899 5615 1244 5675 ornamenta
1273 5615 1438 5674 erant
1465 5638 1477 5686 ;
1525 5615 2020 5690 quemadmodum

363 5689 683 5756 preteng
745 5705 869 5760 quae
929 5691 1037 5747 hoc
1095 5691 1222 5762 ipso
1284 5689 1686 5762 nominantur,
1745 5692 1854 5750 hoc
1911 5701 2019 5765 est,

2138 3302 2462 3358 secundum
2485 3305 2753 3356 naturam
2778 3306 2983 3373 putent
3003 3317 3232 3368 esse,an
3257 3305 3462 3372 praeter
3478 3305 3748 3356 naturam
3768 3301 3795 3354 ‘?

2137 3391 2194 3445 Si
2241 3392 2562 3447 secundum
2607 3394 2878 3445 naturam
2911 3395 3177 3445 asserant
3197 3391 3330 3461 (50),
3363 3405 3555 3445 errare
3581 3405 3783 3445 eorum

2137 3479 2472 3550 opinionem
2507 3483 2728 3533 certum
2763 3482 2871 3534 est.
2907 3478 3170 3551 Denique
3199 3478 3416 3548 dicant,
3450 3482 3649 3533 utrum
3681 3493 3782 3532 na-

2137 3572 2278 3621 turre
2313 3570 2615 3638 peccatum
2664 3566 2988 3633 conveniat,
3041 3583 3116 3621 an
3175 3583 3290 3621 non
3330 3568 3357 3620 ‘I
3411 3567 3521 3622 Sed
3565 3571 3793 3622 certum

2137 3659 2227 3711 est
2249 3671 2505 3726 peccare,
2543 3654 2770 3709 deviare
2817 3669 2946 3710 esse
2977 3654 3048 3709 ab
3071 3671 3136 3709 eo
3169 3655 3322 3725 quod
3347 3659 3435 3710 est
3465 3654 3788 3711 secundum

2138 3748 2434 3800 naturam.
2459 3743 2609 3806 Quid
2633 3743 2813 3814 igitur
2832 3745 2950 3796 tam
2976 3742 3260 3812 ineptum,
3295 3758 3470 3813 quam
3500 3747 3564 3798 ut
3593 3742 3792 3798 dicant

2140 3832 2338 3887 minus
2369 3831 2550 3885 videri
2584 3830 2831 3901 impium
2861 3845 2989 3885 esse
3033 3845 3211 3900 quam
3235 3835 3620 3901 peccatorem,
3655 3847 3790 3885 cum

2139 3921 2403 3976 omnium
2427 3918 2874 3975 acerbissimum
2900 3917 3291 3988 sit,quidquid
3315 3917 3373 3971 in
3392 3917 3488 3972 Dei
3510 3917 3798 3972 ﬁerivide-

2138 4014 2234 4063 tur
2255 4007 2530 4079 injuriam
2550 4006 2578 4061 ‘?
2603 4007 2764 4070 Quod
2789 4006 2838 4061 si
2865 4004 3042 4077 impie
3073 4021 3262 4077 agere,
3297 4022 3410 4060 non
3462 4009 3551 4059 est
3585 4008 3794 4076 praeter

2140 4102 2409 4153 naturam
2449 4115 2461 4163 ;
2523 4097 2711 4152 vivere
2763 4112 2899 4168 ergo
2954 4095 3130 4166 impie
3163 4094 3485 4150 secundum
3520 4097 3792 4148 naturam

2138 4190 2245 4253 est,
2282 4201 2386 4241 nec
2430 4186 2542 4257 (51)
2590 4185 2807 4256 peccati
2840 4183 2963 4240 loco
3015 4183 3376 4249 habendum,
3411 4199 3515 4238 nec
3546 4182 3791 4254 dignum

2139 4274 2587 4347 reprehensione
2607 4273 3062 4328 exsitimandum
3088 4289 3101 4339 ;
3127 4288 3297 4326 nemo
3309 4271 3464 4326 enim
3481 4269 3788 4342 reprehen-

2137 4365 2316 4432 ditur,
2351 4363 2450 4435 qui
2482 4366 2755 4434 operatur
2784 4361 3108 4417 secundum
3144 4365 3434 4415 naturam.
3473 4359 3633 4413 [inde
3659 4375 3790 4414 con-

2137 4452 2410 4518 cluditur,
2449 4451 2588 4522 quia
2621 4449 2887 4521 impietas
2921 4454 3129 4521 praetcr
3189 4453 3458 4504 naturam
3496 4449 3646 4503 760
3677 4452 3788 4503 est.

2138 4539 2436 4606 Quomodo
2486 4539 2666 4611 igitur
2729 4554 2863 4593 cum
2925 4537 3251 4610 perditione
3316 4535 3788 4603 consuetudinis,

2134 4637 2544 4697 ἀπολλησομένας
2603 4635 2786 4699 φύσεις,
2847 4626 2954 4681 hoc
3013 4632 3102 4682 est
3160 4627 3450 4699 perituras
3523 4629 3784 4690 naturas,

2137 4719 2361 4774 inducit
2393 4717 2712 4788 Scriptura,
2745 4731 2880 4770 cum
2911 4714 3184 4789 impietas
3235 4732 3347 4770 non
3382 4713 3583 4784 utique
3611 4715 3782 4766 natu-

2136 4835 2366 4891 tunicas
2396 4832 2594 4888 limbis
2625 4830 2935 4904 purpureis
2964 4831 3286 4904 decoratas,
3333 4827 3788 4904 magistratuum

2137 4924 2202 4962 ac
2225 4904 2509 4960 nobilium
2537 4901 2851 4976 puerorum
2873 4907 3063 4958 vestes
3085 4901 3268 4956 fuisse
3291 4902 3658 4976 compertum
3679 4902 3786 4976 est.

2136 4978 2298 5042 Quod
2332 4980 2522 5051 autem
2537 4967 2660 5048 'pro
2691 4979 2787 5030 aut
2815 4977 3050 5051 nitentes
3079 4981 3236 5051 auro,
3267 4967 3469 5051 plures
3500 4984 3644 5051 mss.
3680 4967 3789 5050 ha:

2136 5039 2294 5116 bent,
2327 5039 2638 5103 an-nitentes
2667 5062 2824 5108 auro,
2858 5045 2965 5100 hoc
2995 5045 3075 5098 ita
3096 5039 3288 5114 potest
3308 5039 3603 5112 explicari,
3638 5056 3704 5096 ac
3737 5041 3786 5095 si

2134 5121 2442 5194 legeretur,
2467 5136 2623 5194 aure
2653 5118 2904 5194 suffulta;
2921 5133 2986 5194 ac
3015 5118 3271 5194 rigentes.

2206 5181 2318 5259 (50)
2369 5181 2506 5247 God.
2559 5181 2818 5244 \'ict."et
2866 5181 3359 5259 Colb.,'.‘t.sserunt
3402 5181 3540 5254 quod
3572 5197 3791 5259 θαραῶ

2136 5256 2469 5319 naturalilcr
2498 5261 2813 5324 subsistant,
2853 5259 3082 5328 interire
3107 5256 3364 5328 funditus
3395 5256 3663 5328 nequeant
3682 5269 3787 5328 _er-_

2135 5352 2280 5403 rare,
2315 5349 2562 5404 quorum,
2596 5335 2705 5385 etc.
2743 5330 2956 5404 Verum
3011 5324 3131 5382 hazc
3181 5328 3356 5382 verba
3390 5324 3583 5404 potius
3615 5324 3787 5404 otiosi

2135 5397 2468 5478 cuju'spiam
2503 5402 2699 5478 glossa
2730 5400 3235 5478 videnturhquam
3280 5397 3783 5478 auctoristextus.

2207 5469 2328 5548 (51)
2353 5469 2770 5548 Mssfaliquot,
2806 5469 2955 5538 Quod
2985 5473 3041 5548 ,ςξ
3072 5469 3235 5542 impii
3288 5485 3451 5539 agere
3478 5473 3558 5524 est
3586 5476 3788 5548 praeter

2133 5541 2393 5604 naturam
2424 5565 2442 5608 ;
2474 5541 2652 5598 vivere
2684 5558 2806 5611 ergo
2837 5541 3437 5598 secundum’namram
3466 5557 3563 5596 nec
3579 5541 3789 5612 peccati

2139 5621 2252 5677 loco
2285 5615 2592 5674 habendum
2622 5618 2721 5682 est,
2751 5629 2870 5678 nec,
2911 5619 3021 5670 etc.
