  <div class='ocr_page' id='page_1' title='image "/cluster/home/n/w/nwhite01/storage/ocr_20150623/14/hvd.32044048207138/501.png"; bbox 0 0 4116 6188; ppageno 0'>
   <div class='ocr_carea' id='block_1_1' title="bbox 485 336 598 407">
    <p class='ocr_par' dir='ltr' id='par_1_1' title="bbox 485 336 598 407">
     <span class='ocr_line' id='line_1_1' title="bbox 485 336 598 407; baseline 0 0"><span class='ocrx_word' id='word_1_1' title='bbox 485 336 598 407; x_wconf 72' lang='grc'>991</span> 
     </span>
    </p>
   </div>
   <div class='ocr_carea' id='block_1_2' title="bbox 481 566 2128 642">
    <p class='ocr_par' dir='ltr' id='par_1_2' title="bbox 481 566 2128 642">
     <span class='ocr_line' id='line_1_2' title="bbox 481 566 2128 642; baseline 0.001 -18"><span class='ocrx_word' id='word_1_2' title='bbox 481 569 597 636; x_wconf 88' lang='lat' dir='ltr'>bet,</span> <span class='ocrx_word' id='word_1_3' title='bbox 632 585 744 624; x_wconf 92' lang='lat' dir='ltr'>non</span> <span class='ocrx_word' id='word_1_4' title='bbox 776 566 1031 623; x_wconf 88' lang='lat' dir='ltr'>amittit:</span> <span class='ocrx_word' id='word_1_5' title='bbox 1080 584 1187 624; x_wconf 89' lang='lat' dir='ltr'>nec</span> <span class='ocrx_word' id='word_1_6' title='bbox 1218 573 1409 640; x_wconf 83' lang='lat' dir='ltr'>potest</span> <span class='ocrx_word' id='word_1_7' title='bbox 1456 585 1524 625; x_wconf 91' lang='lat' dir='ltr'>ea</span> <span class='ocrx_word' id='word_1_8' title='bbox 1553 569 1888 626; x_wconf 81' lang='lat' dir='ltr'>substantia</span> <span class='ocrx_word' id='word_1_9' title='bbox 1918 570 2128 642; x_wconf 88' lang='lat' dir='ltr'>perire,</span> 
     </span>
    </p>
   </div>
   <div class='ocr_carea' id='block_1_3' title="bbox 478 657 2128 730">
    <p class='ocr_par' dir='ltr' id='par_1_3' title="bbox 478 657 2128 730">
     <span class='ocr_line' id='line_1_3' title="bbox 478 657 2128 730; baseline 0.001 -17"><span class='ocrx_word' id='word_1_10' title='bbox 478 674 608 730; x_wconf 74' lang='lat' dir='ltr'>quas</span> <span class='ocrx_word' id='word_1_11' title='bbox 629 674 741 714; x_wconf 91' lang='lat' dir='ltr'>non</span> <span class='ocrx_word' id='word_1_12' title='bbox 761 657 888 713; x_wconf 84' lang='lat' dir='ltr'>fuit.</span> <span class='ocrx_word' id='word_1_13' title='bbox 921 657 1067 712; x_wconf 89' lang='lat' dir='ltr'>Nam</span> <span class='ocrx_word' id='word_1_14' title='bbox 1085 663 1143 714; x_wconf 91' lang='lat' dir='ltr'>et</span> <span class='ocrx_word' id='word_1_15' title='bbox 1173 657 1364 730; x_wconf 87' lang='lat' dir='ltr'>pulvis</span> <span class='ocrx_word' id='word_1_16' title='bbox 1387 663 1735 729; x_wconf 90' lang='lat' dir='ltr'>commotus,</span> <span class='ocrx_word' id='word_1_17' title='bbox 1760 665 1860 716; x_wconf 89' lang='lat' dir='ltr'>aut</span> <span class='ocrx_word' id='word_1_18' title='bbox 1881 660 1941 714; x_wconf 92' lang='lat' dir='ltr'>in</span> <span class='ocrx_word' id='word_1_19' title='bbox 1965 677 2128 730; x_wconf 60' lang='lat' dir='ltr'>aqua:</span> 
     </span>
    </p>
   </div>
   <div class='ocr_carea' id='block_1_4' title="bbox 476 746 2125 820">
    <p class='ocr_par' dir='ltr' id='par_1_4' title="bbox 476 746 2125 820">
     <span class='ocr_line' id='line_1_4' title="bbox 476 746 2125 820; baseline 0 -16"><span class='ocrx_word' id='word_1_20' title='bbox 476 746 870 804; x_wconf 80' lang='lat' dir='ltr'>substantiam</span> <span class='ocrx_word' id='word_1_21' title='bbox 887 746 1364 815; x_wconf 83' lang='lat' dir='ltr'>transfertur,aut</span> <span class='ocrx_word' id='word_1_22' title='bbox 1386 747 1447 804; x_wconf 91' lang='lat' dir='ltr'>in</span> <span class='ocrx_word' id='word_1_23' title='bbox 1469 765 1684 816; x_wconf 86' lang='lat' dir='ltr'>aerem,</span> <span class='ocrx_word' id='word_1_24' title='bbox 1707 752 1806 804; x_wconf 88' lang='lat' dir='ltr'>aut</span> <span class='ocrx_word' id='word_1_25' title='bbox 1828 749 1885 803; x_wconf 88' lang='lat' dir='ltr'>in</span> <span class='ocrx_word' id='word_1_26' title='bbox 1909 749 2125 820; x_wconf 83' lang='lat' dir='ltr'>ignem,</span> 
     </span>
    </p>
   </div>
   <div class='ocr_carea' id='block_1_5' title="bbox 475 834 2123 909">
    <p class='ocr_par' dir='ltr' id='par_1_5' title="bbox 475 834 2123 909">
     <span class='ocr_line' id='line_1_5' title="bbox 475 834 2123 909; baseline 0.001 -18"><span class='ocrx_word' id='word_1_27' title='bbox 475 834 586 891; x_wconf 86' lang='lat' dir='ltr'>hoc</span> <span class='ocrx_word' id='word_1_28' title='bbox 611 840 722 906; x_wconf 89' lang='lat' dir='ltr'>est,</span> <span class='ocrx_word' id='word_1_29' title='bbox 751 837 810 891; x_wconf 89' lang='lat' dir='ltr'>in</span> <span class='ocrx_word' id='word_1_30' title='bbox 856 835 1032 891; x_wconf 89' lang='lat' dir='ltr'>aliam</span> <span class='ocrx_word' id='word_1_31' title='bbox 1059 835 1295 891; x_wconf 89' lang='lat' dir='ltr'>videtur</span> <span class='ocrx_word' id='word_1_32' title='bbox 1343 854 1494 909; x_wconf 82' lang='lat' dir='ltr'>saepe</span> <span class='ocrx_word' id='word_1_33' title='bbox 1542 837 1790 894; x_wconf 88' lang='lat' dir='ltr'>transire</span> <span class='ocrx_word' id='word_1_34' title='bbox 1830 842 2123 893; x_wconf 88' lang='lat' dir='ltr'>naturam.</span> 
     </span>
    </p>
   </div>
   <div class='ocr_carea' id='block_1_6' title="bbox 475 924 2051 998">
    <p class='ocr_par' dir='ltr' id='par_1_6' title="bbox 475 924 2051 998">
     <span class='ocr_line' id='line_1_6' title="bbox 475 924 2051 998; baseline 0 -17"><span class='ocrx_word' id='word_1_35' title='bbox 475 925 602 982; x_wconf 86' lang='lat' dir='ltr'>Non</span> <span class='ocrx_word' id='word_1_36' title='bbox 636 943 772 998; x_wconf 87' lang='lat' dir='ltr'>ergo</span> <span class='ocrx_word' id='word_1_37' title='bbox 801 926 860 981; x_wconf 91' lang='lat' dir='ltr'>in</span> <span class='ocrx_word' id='word_1_38' title='bbox 891 924 1142 980; x_wconf 87' lang='lat' dir='ltr'>nihilum</span> <span class='ocrx_word' id='word_1_39' title='bbox 1175 925 1388 991; x_wconf 79' lang='lat' dir='ltr'>deficit,</span> <span class='ocrx_word' id='word_1_40' title='bbox 1423 927 1523 982; x_wconf 92' lang='lat' dir='ltr'>sed</span> <span class='ocrx_word' id='word_1_41' title='bbox 1545 926 1605 981; x_wconf 92' lang='lat' dir='ltr'>in</span> <span class='ocrx_word' id='word_1_42' title='bbox 1629 927 1786 983; x_wconf 87' lang='lat' dir='ltr'>aliud</span> <span class='ocrx_word' id='word_1_43' title='bbox 1819 928 2051 983; x_wconf 85' lang='lat' dir='ltr'>transit.</span> 
     </span>
    </p>
   </div>
   <div class='ocr_carea' id='block_1_7' title="bbox 546 1014 2124 1087">
    <p class='ocr_par' dir='ltr' id='par_1_7' title="bbox 546 1014 2124 1087">
     <span class='ocr_line' id='line_1_7' title="bbox 546 1014 2124 1087; baseline -0.001 -17"><span class='ocrx_word' id='word_1_44' title='bbox 546 1016 634 1071; x_wconf 87' lang='grc'>48.</span> <span class='ocrx_word' id='word_1_45' title='bbox 671 1015 816 1082; x_wconf 85' lang='lat' dir='ltr'>Quid</span> <span class='ocrx_word' id='word_1_46' title='bbox 849 1014 1045 1070; x_wconf 88' lang='lat' dir='ltr'>obstat</span> <span class='ocrx_word' id='word_1_47' title='bbox 1075 1015 1254 1086; x_wconf 83' lang='lat' dir='ltr'>igitur</span> <span class='ocrx_word' id='word_1_48' title='bbox 1277 1014 1418 1086; x_wconf 91' lang='lat' dir='ltr'>quin</span> <span class='ocrx_word' id='word_1_49' title='bbox 1469 1020 1526 1071; x_wconf 92' lang='lat' dir='ltr'>et</span> <span class='ocrx_word' id='word_1_50' title='bbox 1575 1015 1671 1070; x_wconf 92' lang='lat' dir='ltr'>ille</span> <span class='ocrx_word' id='word_1_51' title='bbox 1694 1017 1794 1087; x_wconf 90' lang='lat' dir='ltr'>qui</span> <span class='ocrx_word' id='word_1_52' title='bbox 1821 1016 1979 1071; x_wconf 81' lang='lat' dir='ltr'>verbi</span> <span class='ocrx_word' id='word_1_53' title='bbox 2009 1015 2124 1070; x_wconf 90' lang='lat' dir='ltr'>vir-</span> 
     </span>
    </p>
   </div>
   <div class='ocr_carea' id='block_1_8' title="bbox 475 1104 2125 1176">
    <p class='ocr_par' dir='ltr' id='par_1_8' title="bbox 475 1104 2125 1176">
     <span class='ocr_line' id='line_1_8' title="bbox 475 1104 2125 1176; baseline -0.001 -16"><span class='ocrx_word' id='word_1_54' title='bbox 475 1108 602 1160; x_wconf 86' lang='lat' dir='ltr'>tute</span> <span class='ocrx_word' id='word_1_55' title='bbox 632 1108 689 1160; x_wconf 92' lang='lat' dir='ltr'>et</span> <span class='ocrx_word' id='word_1_56' title='bbox 718 1104 939 1159; x_wconf 85' lang='lat' dir='ltr'>ratione</span> <span class='ocrx_word' id='word_1_57' title='bbox 969 1104 1391 1158; x_wconf 88' lang='lat' dir='ltr'>comminuitur</span> <span class='ocrx_word' id='word_1_58' title='bbox 1441 1109 1504 1159; x_wconf 90' lang='lat' dir='ltr'>ut</span> <span class='ocrx_word' id='word_1_59' title='bbox 1552 1104 1764 1176; x_wconf 88' lang='lat' dir='ltr'>pulvis,</span> <span class='ocrx_word' id='word_1_60' title='bbox 1799 1121 1912 1160; x_wconf 92' lang='lat' dir='ltr'>non</span> <span class='ocrx_word' id='word_1_61' title='bbox 1937 1105 1997 1160; x_wconf 91' lang='lat' dir='ltr'>in</span> <span class='ocrx_word' id='word_1_62' title='bbox 2031 1105 2125 1159; x_wconf 90' lang='lat' dir='ltr'>ni-</span> 
     </span>
    </p>
   </div>
   <div class='ocr_carea' id='block_1_9' title="bbox 471 1191 2126 1264">
    <p class='ocr_par' dir='ltr' id='par_1_9' title="bbox 471 1191 2126 1264">
     <span class='ocr_line' id='line_1_9' title="bbox 471 1191 2126 1264; baseline 0.001 -18"><span class='ocrx_word' id='word_1_63' title='bbox 471 1191 661 1247; x_wconf 88' lang='lat' dir='ltr'>hilum</span> <span class='ocrx_word' id='word_1_64' title='bbox 683 1191 1019 1264; x_wconf 89' lang='lat' dir='ltr'>dissipetur,</span> <span class='ocrx_word' id='word_1_65' title='bbox 1053 1193 1152 1247; x_wconf 91' lang='lat' dir='ltr'>sed</span> <span class='ocrx_word' id='word_1_66' title='bbox 1177 1193 1642 1248; x_wconf 88' lang='lat' dir='ltr'>commuteturin</span> <span class='ocrx_word' id='word_1_67' title='bbox 1671 1192 1880 1248; x_wconf 91' lang='lat' dir='ltr'>melius</span> <span class='ocrx_word' id='word_1_68' title='bbox 1908 1211 1921 1260; x_wconf 90' lang='lat'><strong>;</strong></span> <span class='ocrx_word' id='word_1_69' title='bbox 1957 1197 2020 1247; x_wconf 89' lang='lat' dir='ltr'>ut</span> <span class='ocrx_word' id='word_1_70' title='bbox 2057 1209 2126 1248; x_wconf 85' lang='lat' dir='ltr'>ex</span> 
     </span>
    </p>
   </div>
   <div class='ocr_carea' id='block_1_10' title="bbox 469 1280 2122 1354">
    <p class='ocr_par' dir='ltr' id='par_1_10' title="bbox 469 1280 2122 1354">
     <span class='ocr_line' id='line_1_10' title="bbox 469 1280 2122 1354; baseline 0 -18"><span class='ocrx_word' id='word_1_71' title='bbox 469 1285 699 1337; x_wconf 89' lang='lat' dir='ltr'>terreno</span> <span class='ocrx_word' id='word_1_72' title='bbox 747 1280 847 1336; x_wconf 86' lang='lat' dir='ltr'>ﬁat</span> <span class='ocrx_word' id='word_1_73' title='bbox 873 1280 1154 1352; x_wconf 86' lang='lat' dir='ltr'>spiritalis</span> <span class='ocrx_word' id='word_1_74' title='bbox 1175 1281 1374 1347; x_wconf 89' lang='lat' dir='ltr'>homo,</span> <span class='ocrx_word' id='word_1_75' title='bbox 1409 1286 1464 1337; x_wconf 91' lang='lat' dir='ltr'>et</span> <span class='ocrx_word' id='word_1_76' title='bbox 1486 1286 1551 1337; x_wconf 93' lang='lat' dir='ltr'>ut</span> <span class='ocrx_word' id='word_1_77' title='bbox 1575 1281 1765 1338; x_wconf 91' lang='lat' dir='ltr'>lutum</span> <span class='ocrx_word' id='word_1_78' title='bbox 1799 1283 2122 1354; x_wconf 86' lang='lat' dir='ltr'>platearum</span> 
     </span>
    </p>
   </div>
   <div class='ocr_carea' id='block_1_11' title="bbox 470 1369 2123 1442">
    <p class='ocr_par' dir='ltr' id='par_1_11' title="bbox 470 1369 2123 1442">
     <span class='ocr_line' id='line_1_11' title="bbox 470 1369 2123 1442; baseline -0.001 -17"><span class='ocrx_word' id='word_1_79' title='bbox 470 1369 554 1425; x_wconf 90' lang='lat' dir='ltr'>sic</span> <span class='ocrx_word' id='word_1_80' title='bbox 587 1369 871 1436; x_wconf 81' lang='lat' dir='ltr'>deleatur,</span> <span class='ocrx_word' id='word_1_81' title='bbox 907 1374 969 1424; x_wconf 93' lang='lat' dir='ltr'>ut</span> <span class='ocrx_word' id='word_1_82' title='bbox 1020 1369 1258 1425; x_wconf 73' lang='lat' dir='ltr'>tollatur</span> <span class='ocrx_word' id='word_1_83' title='bbox 1280 1370 1566 1442; x_wconf 87' lang='lat' dir='ltr'>quidquid</span> <span class='ocrx_word' id='word_1_84' title='bbox 1597 1387 1870 1442; x_wconf 89' lang='lat' dir='ltr'>asperum</span> <span class='ocrx_word' id='word_1_85' title='bbox 1903 1386 1967 1425; x_wconf 92' lang='lat' dir='ltr'>ac</span> <span class='ocrx_word' id='word_1_86' title='bbox 1999 1387 2123 1426; x_wconf 90' lang='lat' dir='ltr'>sor-</span> 
     </span>
    </p>
   </div>
   <div class='ocr_carea' id='block_1_12' title="bbox 472 1457 2123 1530">
    <p class='ocr_par' dir='ltr' id='par_1_12' title="bbox 472 1457 2123 1530">
     <span class='ocr_line' id='line_1_12' title="bbox 472 1457 2123 1530; baseline 0.001 -17"><span class='ocrx_word' id='word_1_87' title='bbox 472 1457 676 1513; x_wconf 91' lang='lat' dir='ltr'>didum</span> <span class='ocrx_word' id='word_1_88' title='bbox 699 1458 947 1525; x_wconf 88' lang='lat' dir='ltr'>videtur,</span> <span class='ocrx_word' id='word_1_89' title='bbox 983 1462 1284 1514; x_wconf 88' lang='lat' dir='ltr'>remaneat</span> <span class='ocrx_word' id='word_1_90' title='bbox 1302 1459 1592 1530; x_wconf 92' lang='lat' dir='ltr'>quidquid</span> <span class='ocrx_word' id='word_1_91' title='bbox 1611 1458 1854 1530; x_wconf 89' lang='lat' dir='ltr'>planum</span> <span class='ocrx_word' id='word_1_92' title='bbox 1869 1476 1934 1514; x_wconf 88' lang='lat' dir='ltr'>ac</span> <span class='ocrx_word' id='word_1_93' title='bbox 1957 1476 2123 1514; x_wconf 89' lang='lat' dir='ltr'>mun-</span> 
     </span>
    </p>
   </div>
   <div class='ocr_carea' id='block_1_13' title="bbox 471 1546 2118 1616">
    <p class='ocr_par' dir='ltr' id='par_1_13' title="bbox 471 1546 2118 1616">
     <span class='ocr_line' id='line_1_13' title="bbox 471 1546 2118 1616; baseline 0.001 -15"><span class='ocrx_word' id='word_1_94' title='bbox 471 1547 613 1603; x_wconf 91' lang='lat' dir='ltr'>dum</span> <span class='ocrx_word' id='word_1_95' title='bbox 662 1547 798 1602; x_wconf 84' lang='lat' dir='ltr'>est?</span> <span class='ocrx_word' id='word_1_96' title='bbox 848 1547 918 1602; x_wconf 89' lang='lat' dir='ltr'>Et</span> <span class='ocrx_word' id='word_1_97' title='bbox 948 1546 1101 1616; x_wconf 91' lang='lat' dir='ltr'>quod</span> <span class='ocrx_word' id='word_1_98' title='bbox 1136 1546 1217 1601; x_wconf 90' lang='lat' dir='ltr'>ait</span> <span class='ocrx_word' id='word_1_99' title='bbox 1247 1547 1318 1602; x_wconf 90' lang='lat' dir='ltr'>de</span> <span class='ocrx_word' id='word_1_100' title='bbox 1352 1547 1706 1603; x_wconf 86' lang='lat' dir='ltr'>adversariis</span> <span class='ocrx_word' id='word_1_101' title='bbox 1753 1547 2118 1603; x_wconf 85' lang='lat' dir='ltr'>Jerusalem:</span> 
     </span>
    </p>
   </div>
   <div class='ocr_carea' id='block_1_14' title="bbox 471 1635 2118 1707">
    <p class='ocr_par' dir='ltr' id='par_1_14' title="bbox 471 1635 2118 1707">
     <span class='ocr_line' id='line_1_14' title="bbox 471 1635 2118 1707; baseline 0.001 -18"><span class='ocrx_word' id='word_1_102' title='bbox 471 1661 500 1689; x_wconf 86' lang='grc'>‹‹</span> <span class='ocrx_word' id='word_1_103' title='bbox 533 1638 684 1694; x_wconf 88' lang='lat' dir='ltr'>Sunt</span> <span class='ocrx_word' id='word_1_104' title='bbox 708 1636 861 1691; x_wconf 87' lang='lat' dir='ltr'>sicut</span> <span class='ocrx_word' id='word_1_105' title='bbox 891 1635 989 1705; x_wconf 91' lang='lat' dir='ltr'>qui</span> <span class='ocrx_word' id='word_1_106' title='bbox 1024 1652 1137 1689; x_wconf 91' lang='lat' dir='ltr'>non</span> <span class='ocrx_word' id='word_1_107' title='bbox 1172 1639 1348 1701; x_wconf 89' lang='lat' dir='ltr'>sunt;</span> <span class='ocrx_word' id='word_1_108' title='bbox 1376 1656 1403 1684; x_wconf 84' lang='lat'>»</span> <span class='ocrx_word' id='word_1_109' title='bbox 1435 1636 1642 1706; x_wconf 87' lang='lat' dir='ltr'>utique</span> <span class='ocrx_word' id='word_1_110' title='bbox 1672 1635 1860 1707; x_wconf 89' lang='lat' dir='ltr'>potuit</span> <span class='ocrx_word' id='word_1_111' title='bbox 1889 1636 2118 1691; x_wconf 88' lang='lat' dir='ltr'>dicere:</span> 
     </span>
    </p>
   </div>
   <div class='ocr_carea' id='block_1_15' title="bbox 468 1723 2122 1783">
    <p class='ocr_par' dir='ltr' id='par_1_15' title="bbox 468 1723 2122 1783">
     <span class='ocr_line' id='line_1_15' title="bbox 468 1723 2122 1783; baseline -0.002 0"><span class='ocrx_word' id='word_1_112' title='bbox 468 1725 594 1783; x_wconf 83' lang='lat' dir='ltr'>Non</span> <span class='ocrx_word' id='word_1_113' title='bbox 626 1730 817 1781; x_wconf 89' lang='lat' dir='ltr'>erunt.</span> <span class='ocrx_word' id='word_1_114' title='bbox 855 1724 966 1779; x_wconf 89' lang='lat' dir='ltr'>Sed</span> <span class='ocrx_word' id='word_1_115' title='bbox 990 1740 1125 1778; x_wconf 91' lang='lat' dir='ltr'>cum</span> <span class='ocrx_word' id='word_1_116' title='bbox 1157 1723 1400 1779; x_wconf 78' lang='lat' dir='ltr'>dixerit:</span> <span class='ocrx_word' id='word_1_117' title='bbox 1429 1746 1457 1774; x_wconf 89' lang='grc'>‹‹</span> <span class='ocrx_word' id='word_1_118' title='bbox 1481 1724 1924 1780; x_wconf 88' lang='lat' dir='ltr'>Confundentur</span> <span class='ocrx_word' id='word_1_119' title='bbox 1945 1728 2001 1779; x_wconf 92' lang='lat' dir='ltr'>et</span> <span class='ocrx_word' id='word_1_120' title='bbox 2034 1741 2122 1779; x_wconf 88' lang='lat' dir='ltr'>re-</span> 
     </span>
    </p>
   </div>
   <div class='ocr_carea' id='block_1_16' title="bbox 468 1811 2200 1907">
    <p class='ocr_par' dir='ltr' id='par_1_16' title="bbox 468 1811 2200 1907">
     <span class='ocr_line' id='line_1_16' title="bbox 468 1811 2200 1907; baseline -0.001 -38"><span class='ocrx_word' id='word_1_121' title='bbox 468 1814 841 1879; x_wconf 91' lang='lat' dir='ltr'>verebuntur,</span> <span class='ocrx_word' id='word_1_122' title='bbox 873 1834 900 1861; x_wconf 88' lang='grc'>››</span> <span class='ocrx_word' id='word_1_123' title='bbox 924 1811 1126 1907; x_wconf 73' lang='lat' dir='ltr'>utique</span> <span class='ocrx_word' id='word_1_124' title='bbox 1154 1811 1436 1884; x_wconf 85' lang='lat' dir='ltr'>intelligis</span> <span class='ocrx_word' id='word_1_125' title='bbox 1489 1812 1628 1885; x_wconf 91' lang='lat' dir='ltr'>quia</span> <span class='ocrx_word' id='word_1_126' title='bbox 1660 1817 1834 1868; x_wconf 89' lang='lat' dir='ltr'>erunt</span> <span class='ocrx_word' id='word_1_127' title='bbox 1859 1830 1960 1885; x_wconf 91' lang='lat' dir='ltr'>per</span> <span class='ocrx_word' id='word_1_128' title='bbox 1981 1813 2118 1868; x_wconf 91' lang='lat' dir='ltr'>sub-</span> <span class='ocrx_word' id='word_1_129' title='bbox 2151 1842 2200 1907; x_wconf 85' lang='lat' dir='ltr'><strong>B</strong></span> 
     </span>
    </p>
   </div>
   <div class='ocr_carea' id='block_1_17' title="bbox 469 1900 2120 1971">
    <p class='ocr_par' dir='ltr' id='par_1_17' title="bbox 469 1900 2120 1971">
     <span class='ocr_line' id='line_1_17' title="bbox 469 1900 2120 1971; baseline -0.002 -11"><span class='ocrx_word' id='word_1_130' title='bbox 469 1902 771 1966; x_wconf 80' lang='lat' dir='ltr'>stantiam,</span> <span class='ocrx_word' id='word_1_131' title='bbox 795 1904 853 1956; x_wconf 90' lang='lat' dir='ltr'>et</span> <span class='ocrx_word' id='word_1_132' title='bbox 868 1900 1193 1971; x_wconf 85' lang='lat' dir='ltr'>profectum</span> <span class='ocrx_word' id='word_1_133' title='bbox 1215 1901 1635 1967; x_wconf 87' lang='lat' dir='ltr'>conversionis,</span> <span class='ocrx_word' id='word_1_134' title='bbox 1669 1902 1769 1956; x_wconf 93' lang='lat' dir='ltr'>sed</span> <span class='ocrx_word' id='word_1_135' title='bbox 1801 1919 1915 1957; x_wconf 91' lang='lat' dir='ltr'>non</span> <span class='ocrx_word' id='word_1_136' title='bbox 1947 1905 2120 1957; x_wconf 90' lang='lat' dir='ltr'>erunt</span> 
     </span>
    </p>
   </div>
   <div class='ocr_carea' id='block_1_18' title="bbox 469 1989 2117 2065">
    <p class='ocr_par' dir='ltr' id='par_1_18' title="bbox 469 1989 2117 2065">
     <span class='ocr_line' id='line_1_18' title="bbox 469 1989 2117 2065; baseline -0.001 -17"><span class='ocrx_word' id='word_1_137' title='bbox 469 1991 640 2065; x_wconf 90' lang='lat' dir='ltr'>quasi</span> <span class='ocrx_word' id='word_1_138' title='bbox 689 1989 1024 2054; x_wconf 88' lang='lat' dir='ltr'>adversarii,</span> <span class='ocrx_word' id='word_1_139' title='bbox 1060 1990 1214 2060; x_wconf 93' lang='lat' dir='ltr'>quod</span> <span class='ocrx_word' id='word_1_140' title='bbox 1251 1989 1504 2045; x_wconf 79' lang='lat' dir='ltr'>fuerunt.</span> <span class='ocrx_word' id='word_1_141' title='bbox 1540 1992 1738 2061; x_wconf 85' lang='lat' dir='ltr'>Itaque</span> <span class='ocrx_word' id='word_1_142' title='bbox 1767 2007 1873 2062; x_wconf 91' lang='lat' dir='ltr'>per</span> <span class='ocrx_word' id='word_1_143' title='bbox 1900 1990 2117 2061; x_wconf 89' lang='lat' dir='ltr'>impro-</span> 
     </span>
    </p>
   </div>
   <div class='ocr_carea' id='block_1_19' title="bbox 469 2078 2119 2144">
    <p class='ocr_par' dir='ltr' id='par_1_19' title="bbox 469 2078 2119 2144">
     <span class='ocr_line' id='line_1_19' title="bbox 469 2078 2119 2144; baseline -0.001 -8"><span class='ocrx_word' id='word_1_144' title='bbox 469 2079 670 2137; x_wconf 87' lang='lat' dir='ltr'>bitatis</span> <span class='ocrx_word' id='word_1_145' title='bbox 695 2078 988 2135; x_wconf 83' lang='lat' dir='ltr'>defectum</span> <span class='ocrx_word' id='word_1_146' title='bbox 1021 2094 1136 2133; x_wconf 91' lang='lat' dir='ltr'>non</span> <span class='ocrx_word' id='word_1_147' title='bbox 1156 2081 1348 2144; x_wconf 89' lang='lat' dir='ltr'>erunt,</span> <span class='ocrx_word' id='word_1_148' title='bbox 1381 2083 1553 2134; x_wconf 91' lang='lat' dir='ltr'>erunt</span> <span class='ocrx_word' id='word_1_149' title='bbox 1595 2079 1709 2134; x_wconf 82' lang='lat' dir='ltr'>ﬁde</span> <span class='ocrx_word' id='word_1_150' title='bbox 1729 2095 1793 2134; x_wconf 89' lang='lat' dir='ltr'>ac</span> <span class='ocrx_word' id='word_1_151' title='bbox 1817 2079 2119 2135; x_wconf 90' lang='lat' dir='ltr'>devotione</span> 
     </span>
    </p>
   </div>
   <div class='ocr_carea' id='block_1_20' title="bbox 469 2165 2116 2239">
    <p class='ocr_par' dir='ltr' id='par_1_20' title="bbox 469 2165 2116 2239">
     <span class='ocr_line' id='line_1_20' title="bbox 469 2165 2116 2239; baseline -0.001 -13"><span class='ocrx_word' id='word_1_152' title='bbox 469 2169 767 2236; x_wconf 90' lang='lat' dir='ltr'>mutati,id</span> <span class='ocrx_word' id='word_1_153' title='bbox 801 2167 1051 2239; x_wconf 90' lang='lat' dir='ltr'>denique</span> <span class='ocrx_word' id='word_1_154' title='bbox 1073 2171 1129 2222; x_wconf 92' lang='lat' dir='ltr'>et</span> <span class='ocrx_word' id='word_1_155' title='bbox 1159 2165 1298 2222; x_wconf 88' lang='lat' dir='ltr'>alibi</span> <span class='ocrx_word' id='word_1_156' title='bbox 1321 2183 1389 2222; x_wconf 83' lang='lat' dir='ltr'>ex</span> <span class='ocrx_word' id='word_1_157' title='bbox 1410 2166 1730 2239; x_wconf 79' lang='lat' dir='ltr'>peccatoris</span> <span class='ocrx_word' id='word_1_158' title='bbox 1762 2185 2010 2239; x_wconf 90' lang='lat' dir='ltr'>persona</span> <span class='ocrx_word' id='word_1_159' title='bbox 2031 2167 2116 2224; x_wconf 91' lang='lat' dir='ltr'>di-</span> 
     </span>
    </p>
   </div>
   <div class='ocr_carea' id='block_1_21' title="bbox 469 2255 2117 2327">
    <p class='ocr_par' dir='ltr' id='par_1_21' title="bbox 469 2255 2117 2327">
     <span class='ocr_line' id='line_1_21' title="bbox 469 2255 2117 2327; baseline -0.001 -14"><span class='ocrx_word' id='word_1_160' title='bbox 469 2258 656 2314; x_wconf 87' lang='lat' dir='ltr'>citur:</span> <span class='ocrx_word' id='word_1_161' title='bbox 687 2278 715 2307; x_wconf 73' lang='grc' dir='ltr'>ιι</span> <span class='ocrx_word' id='word_1_162' title='bbox 745 2257 812 2311; x_wconf 88' lang='lat' dir='ltr'>Et</span> <span class='ocrx_word' id='word_1_163' title='bbox 841 2256 988 2311; x_wconf 90' lang='lat' dir='ltr'>iram</span> <span class='ocrx_word' id='word_1_164' title='bbox 1011 2255 1113 2310; x_wconf 92' lang='lat' dir='ltr'>Dei</span> <span class='ocrx_word' id='word_1_165' title='bbox 1134 2255 1455 2316; x_wconf 89' lang='lat' dir='ltr'>sustinebo.</span> <span class='ocrx_word' id='word_1_166' title='bbox 1490 2257 1631 2327; x_wconf 83' lang='lat' dir='ltr'>quia</span> <span class='ocrx_word' id='word_1_167' title='bbox 1659 2257 1909 2327; x_wconf 88' lang='lat' dir='ltr'>peccavi,</span> <span class='ocrx_word' id='word_1_168' title='bbox 1934 2257 2117 2312; x_wconf 88' lang='lat' dir='ltr'>donec</span> 
     </span>
    </p>
   </div>
   <div class='ocr_carea' id='block_1_22' title="bbox 461 2344 2117 2418">
    <p class='ocr_par' dir='ltr' id='par_1_22' title="bbox 461 2344 2117 2418">
     <span class='ocr_line' id='line_1_22' title="bbox 461 2344 2117 2418; baseline 0 -18"><span class='ocrx_word' id='word_1_169' title='bbox 461 2344 1055 2418; x_wconf 84' lang='lat' dir='ltr'>justiﬁcetjudicium</span> <span class='ocrx_word' id='word_1_170' title='bbox 1079 2361 1277 2400; x_wconf 89' lang='lat' dir='ltr'>meum</span> <span class='ocrx_word' id='word_1_171' title='bbox 1301 2345 1483 2414; x_wconf 76' lang='lat' dir='ltr'>(Mich.</span> <span class='ocrx_word' id='word_1_172' title='bbox 1504 2361 1605 2410; x_wconf 84' lang='lat' dir='ltr'>vn,</span> <span class='ocrx_word' id='word_1_173' title='bbox 1629 2345 1705 2415; x_wconf 89' lang='lat'>9).</span> <span class='ocrx_word' id='word_1_174' title='bbox 1726 2367 1752 2393; x_wconf 83' lang='lat'>»</span> <span class='ocrx_word' id='word_1_175' title='bbox 1774 2345 2117 2401; x_wconf 90' lang='lat' dir='ltr'>Convertere</span> 
     </span>
    </p>
   </div>
   <div class='ocr_carea' id='block_1_23' title="bbox 468 2433 2115 2505">
    <p class='ocr_par' dir='ltr' id='par_1_23' title="bbox 468 2433 2115 2505">
     <span class='ocr_line' id='line_1_23' title="bbox 468 2433 2115 2505; baseline -0.001 -15"><span class='ocrx_word' id='word_1_176' title='bbox 468 2434 632 2490; x_wconf 86' lang='lat' dir='ltr'>enim</span> <span class='ocrx_word' id='word_1_177' title='bbox 647 2434 801 2489; x_wconf 89' lang='lat' dir='ltr'>Deus</span> <span class='ocrx_word' id='word_1_178' title='bbox 824 2433 1068 2505; x_wconf 91' lang='lat' dir='ltr'>cupiens</span> <span class='ocrx_word' id='word_1_179' title='bbox 1089 2437 1473 2504; x_wconf 88' lang='lat' dir='ltr'>peccatorem,</span> <span class='ocrx_word' id='word_1_180' title='bbox 1507 2433 1678 2505; x_wconf 90' lang='lat' dir='ltr'>punit</span> <span class='ocrx_word' id='word_1_181' title='bbox 1722 2449 1857 2488; x_wconf 91' lang='lat' dir='ltr'>eum</span> <span class='ocrx_word' id='word_1_182' title='bbox 1890 2437 1947 2489; x_wconf 90' lang='lat' dir='ltr'>et</span> <span class='ocrx_word' id='word_1_183' title='bbox 1975 2433 2115 2504; x_wconf 89' lang='lat' dir='ltr'>urit,</span> 
     </span>
    </p>
   </div>
   <div class='ocr_carea' id='block_1_24' title="bbox 468 2521 2111 2594">
    <p class='ocr_par' dir='ltr' id='par_1_24' title="bbox 468 2521 2111 2594">
     <span class='ocr_line' id='line_1_24' title="bbox 468 2521 2111 2594; baseline -0.001 -17"><span class='ocrx_word' id='word_1_184' title='bbox 468 2526 534 2578; x_wconf 89' lang='lat' dir='ltr'>ut</span> <span class='ocrx_word' id='word_1_185' title='bbox 558 2521 954 2594; x_wconf 89' lang='lat' dir='ltr'>purget.Unde</span> <span class='ocrx_word' id='word_1_186' title='bbox 978 2523 1096 2577; x_wconf 91' lang='lat' dir='ltr'>ait:</span> <span class='ocrx_word' id='word_1_187' title='bbox 1122 2544 1150 2572; x_wconf 87' lang='lat'>«</span> <span class='ocrx_word' id='word_1_188' title='bbox 1174 2523 1242 2576; x_wconf 87' lang='lat' dir='ltr'>Et</span> <span class='ocrx_word' id='word_1_189' title='bbox 1262 2522 1468 2577; x_wconf 84' lang='lat' dir='ltr'>educet</span> <span class='ocrx_word' id='word_1_190' title='bbox 1491 2539 1584 2576; x_wconf 90' lang='lat' dir='ltr'>me</span> <span class='ocrx_word' id='word_1_191' title='bbox 1607 2521 1665 2576; x_wconf 90' lang='lat' dir='ltr'>in</span> <span class='ocrx_word' id='word_1_192' title='bbox 1689 2522 1878 2577; x_wconf 91' lang='lat' dir='ltr'>lucem</span> <span class='ocrx_word' id='word_1_193' title='bbox 1909 2522 2111 2594; x_wconf 62' lang='lat' dir='ltr'>(Ibid)</span> 
     </span>
    </p>
   </div>
   <div class='ocr_carea' id='block_1_25' title="bbox 465 2609 2111 2683">
    <p class='ocr_par' dir='ltr' id='par_1_25' title="bbox 465 2609 2111 2683">
     <span class='ocr_line' id='line_1_25' title="bbox 465 2609 2111 2683; baseline 0.001 -17"><span class='ocrx_word' id='word_1_194' title='bbox 465 2610 614 2666; x_wconf 86' lang='lat' dir='ltr'>Nam</span> <span class='ocrx_word' id='word_1_195' title='bbox 637 2613 693 2666; x_wconf 91' lang='lat' dir='ltr'>et</span> <span class='ocrx_word' id='word_1_196' title='bbox 713 2626 906 2666; x_wconf 87' lang='lat' dir='ltr'>ceram</span> <span class='ocrx_word' id='word_1_197' title='bbox 947 2611 1063 2665; x_wconf 90' lang='lat' dir='ltr'>urit</span> <span class='ocrx_word' id='word_1_198' title='bbox 1084 2609 1258 2682; x_wconf 87' lang='lat' dir='ltr'>ignis,</span> <span class='ocrx_word' id='word_1_199' title='bbox 1291 2614 1347 2665; x_wconf 91' lang='lat' dir='ltr'>et</span> <span class='ocrx_word' id='word_1_200' title='bbox 1373 2609 1663 2682; x_wconf 87' lang='lat' dir='ltr'>liquescit,</span> <span class='ocrx_word' id='word_1_201' title='bbox 1697 2615 1762 2665; x_wconf 92' lang='lat' dir='ltr'>ut</span> <span class='ocrx_word' id='word_1_202' title='bbox 1791 2615 2111 2683; x_wconf 88' lang='lat' dir='ltr'>purgetur:</span> 
     </span>
    </p>
   </div>
   <div class='ocr_carea' id='block_1_26' title="bbox 467 2699 2114 2771">
    <p class='ocr_par' dir='ltr' id='par_1_26' title="bbox 467 2699 2114 2771">
     <span class='ocr_line' id='line_1_26' title="bbox 467 2699 2114 2771; baseline -0.001 -16"><span class='ocrx_word' id='word_1_203' title='bbox 467 2703 525 2755; x_wconf 84' lang='lat' dir='ltr'>et</span> <span class='ocrx_word' id='word_1_204' title='bbox 554 2715 661 2755; x_wconf 90' lang='lat' dir='ltr'>nos</span> <span class='ocrx_word' id='word_1_205' title='bbox 691 2715 794 2771; x_wconf 92' lang='lat' dir='ltr'>per</span> <span class='ocrx_word' id='word_1_206' title='bbox 830 2699 1026 2771; x_wconf 87' lang='lat' dir='ltr'>ignem</span> <span class='ocrx_word' id='word_1_207' title='bbox 1075 2699 1424 2770; x_wconf 89' lang='lat' dir='ltr'>probamur:</span> <span class='ocrx_word' id='word_1_208' title='bbox 1449 2703 1506 2754; x_wconf 93' lang='lat' dir='ltr'>et</span> <span class='ocrx_word' id='word_1_209' title='bbox 1537 2699 1736 2754; x_wconf 88' lang='lat' dir='ltr'>fumus</span> <span class='ocrx_word' id='word_1_210' title='bbox 1766 2704 2114 2771; x_wconf 91' lang='lat' dir='ltr'>consumpto</span> 
     </span>
    </p>
   </div>
   <div class='ocr_carea' id='block_1_27' title="bbox 462 2787 2117 2860">
    <p class='ocr_par' dir='ltr' id='par_1_27' title="bbox 462 2787 2117 2860">
     <span class='ocr_line' id='line_1_27' title="bbox 462 2787 2117 2860; baseline -0.001 -15"><span class='ocrx_word' id='word_1_211' title='bbox 462 2787 624 2845; x_wconf 90' lang='lat' dir='ltr'>omni</span> <span class='ocrx_word' id='word_1_212' title='bbox 647 2787 931 2844; x_wconf 87' lang='lat' dir='ltr'>materiali</span> <span class='ocrx_word' id='word_1_213' title='bbox 955 2791 1330 2860; x_wconf 85' lang='lat' dir='ltr'>expurgatur,</span> <span class='ocrx_word' id='word_1_214' title='bbox 1365 2790 1421 2842; x_wconf 91' lang='lat' dir='ltr'>et</span> <span class='ocrx_word' id='word_1_215' title='bbox 1443 2803 1633 2858; x_wconf 91' lang='lat' dir='ltr'>neque</span> <span class='ocrx_word' id='word_1_216' title='bbox 1663 2791 1874 2843; x_wconf 89' lang='lat' dir='ltr'>natura</span> <span class='ocrx_word' id='word_1_217' title='bbox 1903 2788 2117 2845; x_wconf 88' lang='lat' dir='ltr'>transit</span> 
     </span>
    </p>
   </div>
   <div class='ocr_carea' id='block_1_28' title="bbox 460 2874 2112 2947">
    <p class='ocr_par' dir='ltr' id='par_1_28' title="bbox 460 2874 2112 2947">
     <span class='ocr_line' id='line_1_28' title="bbox 460 2874 2112 2947; baseline 0.001 -16"><span class='ocrx_word' id='word_1_218' title='bbox 460 2878 596 2947; x_wconf 88' lang='lat'>(52).</span> <span class='ocrx_word' id='word_1_219' title='bbox 621 2877 825 2947; x_wconf 90' lang='lat' dir='ltr'>Itaque</span> <span class='ocrx_word' id='word_1_220' title='bbox 869 2881 925 2931; x_wconf 89' lang='lat' dir='ltr'>et</span> <span class='ocrx_word' id='word_1_221' title='bbox 968 2875 1166 2931; x_wconf 89' lang='lat' dir='ltr'>anima</span> <span class='ocrx_word' id='word_1_222' title='bbox 1203 2879 1452 2947; x_wconf 89' lang='lat' dir='ltr'>purgata</span> <span class='ocrx_word' id='word_1_223' title='bbox 1481 2876 1552 2930; x_wconf 93' lang='lat' dir='ltr'>ab</span> <span class='ocrx_word' id='word_1_224' title='bbox 1584 2875 1744 2930; x_wconf 93' lang='lat' dir='ltr'>omni</span> <span class='ocrx_word' id='word_1_225' title='bbox 1779 2874 1928 2941; x_wconf 87' lang='lat' dir='ltr'>labe,</span> <span class='ocrx_word' id='word_1_226' title='bbox 1961 2877 2022 2932; x_wconf 90' lang='lat' dir='ltr'>in</span> <span class='ocrx_word' id='word_1_227' title='bbox 2053 2877 2112 2932; x_wconf 91' lang='lat' dir='ltr'>id</span> 
     </span>
    </p>
   </div>
   <div class='ocr_carea' id='block_1_29' title="bbox 461 2963 2114 3037">
    <p class='ocr_par' dir='ltr' id='par_1_29' title="bbox 461 2963 2114 3037">
     <span class='ocr_line' id='line_1_29' title="bbox 461 2963 2114 3037; baseline 0.001 -18"><span class='ocrx_word' id='word_1_228' title='bbox 461 2965 620 3037; x_wconf 91' lang='lat' dir='ltr'>quod</span> <span class='ocrx_word' id='word_1_229' title='bbox 646 2968 734 3019; x_wconf 90' lang='lat' dir='ltr'>est</span> <span class='ocrx_word' id='word_1_230' title='bbox 763 2964 978 3029; x_wconf 85' lang='lat' dir='ltr'>deﬁcit,</span> <span class='ocrx_word' id='word_1_231' title='bbox 1013 2980 1126 3019; x_wconf 90' lang='lat' dir='ltr'>non</span> <span class='ocrx_word' id='word_1_232' title='bbox 1171 2964 1231 3019; x_wconf 93' lang='lat' dir='ltr'>in</span> <span class='ocrx_word' id='word_1_233' title='bbox 1263 2963 1319 3018; x_wconf 92' lang='lat' dir='ltr'>id</span> <span class='ocrx_word' id='word_1_234' title='bbox 1354 2963 1508 3036; x_wconf 92' lang='lat' dir='ltr'>quod</span> <span class='ocrx_word' id='word_1_235' title='bbox 1542 2979 1655 3018; x_wconf 91' lang='lat' dir='ltr'>non</span> <span class='ocrx_word' id='word_1_236' title='bbox 1688 2967 1815 3032; x_wconf 88' lang='lat' dir='ltr'>est;</span> <span class='ocrx_word' id='word_1_237' title='bbox 1848 2965 2002 3020; x_wconf 89' lang='lat' dir='ltr'>unde</span> <span class='ocrx_word' id='word_1_238' title='bbox 2033 2964 2114 3021; x_wconf 88' lang='lat' dir='ltr'>ait</span> 
     </span>
    </p>
   </div>
   <div class='ocr_carea' id='block_1_30' title="bbox 460 3051 2112 3122">
    <p class='ocr_par' dir='ltr' id='par_1_30' title="bbox 460 3051 2112 3122">
     <span class='ocr_line' id='line_1_30' title="bbox 460 3051 2112 3122; baseline 0 -13"><span class='ocrx_word' id='word_1_239' title='bbox 460 3051 693 3109; x_wconf 90' lang='lat' dir='ltr'>Balaam</span> <span class='ocrx_word' id='word_1_240' title='bbox 733 3067 746 3105; x_wconf 94' lang='lat'>:</span> <span class='ocrx_word' id='word_1_241' title='bbox 783 3075 809 3103; x_wconf 84' lang='lat'><strong>«</strong></span> <span class='ocrx_word' id='word_1_242' title='bbox 845 3051 1129 3108; x_wconf 87' lang='lat' dir='ltr'>Moriatur</span> <span class='ocrx_word' id='word_1_243' title='bbox 1185 3052 1383 3108; x_wconf 90' lang='lat' dir='ltr'>anima</span> <span class='ocrx_word' id='word_1_244' title='bbox 1426 3067 1556 3107; x_wconf 88' lang='lat' dir='ltr'>mea</span> <span class='ocrx_word' id='word_1_245' title='bbox 1606 3056 1670 3106; x_wconf 89' lang='lat' dir='ltr'>ut</span> <span class='ocrx_word' id='word_1_246' title='bbox 1700 3052 1897 3108; x_wconf 89' lang='lat' dir='ltr'>anima</span> <span class='ocrx_word' id='word_1_247' title='bbox 1919 3054 2112 3122; x_wconf 85' lang='lat' dir='ltr'>justo-</span> 
     </span>
    </p>
   </div>
   <div class='ocr_carea' id='block_1_31' title="bbox 457 3140 2110 3214">
    <p class='ocr_par' dir='ltr' id='par_1_31' title="bbox 457 3140 2110 3214">
     <span class='ocr_line' id='line_1_31' title="bbox 457 3140 2110 3214; baseline 0.001 -17"><span class='ocrx_word' id='word_1_248' title='bbox 457 3157 592 3197; x_wconf 93' lang='lat' dir='ltr'>rum</span> <span class='ocrx_word' id='word_1_249' title='bbox 623 3141 736 3212; x_wconf 89' lang='lat'>(53)</span> <span class='ocrx_word' id='word_1_250' title='bbox 772 3143 956 3212; x_wconf 86' lang='lat' dir='ltr'>(Num.</span> <span class='ocrx_word' id='word_1_251' title='bbox 1003 3157 1167 3208; x_wconf 84' lang='lat' dir='ltr'>xxm,</span> <span class='ocrx_word' id='word_1_252' title='bbox 1204 3140 1290 3211; x_wconf 81' lang='lat'>10)</span> <span class='ocrx_word' id='word_1_253' title='bbox 1319 3159 1331 3206; x_wconf 87' lang='lat'><strong>;</strong></span> <span class='ocrx_word' id='word_1_254' title='bbox 1366 3162 1395 3189; x_wconf 86' lang='lat'>»</span> <span class='ocrx_word' id='word_1_255' title='bbox 1430 3143 1495 3195; x_wconf 90' lang='lat' dir='ltr'>ut</span> <span class='ocrx_word' id='word_1_256' title='bbox 1517 3145 1856 3214; x_wconf 85' lang='lat' dir='ltr'>moreretur</span> <span class='ocrx_word' id='word_1_257' title='bbox 1907 3141 2110 3214; x_wconf 90' lang='lat' dir='ltr'>lapsus</span> 
     </span>
    </p>
   </div>
   <div class='ocr_carea' id='block_1_32' title="bbox 457 3205 2182 3302">
    <p class='ocr_par' dir='ltr' id='par_1_32' title="bbox 457 3205 2182 3302">
     <span class='ocr_line' id='line_1_32' title="bbox 457 3205 2182 3302; baseline -0.001 -16"><span class='ocrx_word' id='word_1_258' title='bbox 457 3231 608 3302; x_wconf 89' lang='lat' dir='ltr'>ejus,</span> <span class='ocrx_word' id='word_1_259' title='bbox 630 3205 964 3302; x_wconf 79' lang='lat' dir='ltr'>etquidem</span> <span class='ocrx_word' id='word_1_260' title='bbox 987 3205 1382 3300; x_wconf 84' lang='lat' dir='ltr'>improbitatis</span> <span class='ocrx_word' id='word_1_261' title='bbox 1410 3211 1555 3283; x_wconf 78' lang='lat' dir='ltr'>usus</span> <span class='ocrx_word' id='word_1_262' title='bbox 1583 3245 1596 3282; x_wconf 96' lang='lat'>:</span> <span class='ocrx_word' id='word_1_263' title='bbox 1619 3230 1896 3285; x_wconf 86' lang='lat' dir='ltr'>transiret</span> <span class='ocrx_word' id='word_1_264' title='bbox 1911 3205 2106 3286; x_wconf 78' lang='lat' dir='ltr'>autem</span> <span class='ocrx_word' id='word_1_265' title='bbox 2139 3205 2182 3275; x_wconf 67' lang='grc' dir='ltr'>α</span> 
     </span>
    </p>
   </div>
   <div class='ocr_carea' id='block_1_33' title="bbox 456 3315 2107 3387">
    <p class='ocr_par' dir='ltr' id='par_1_33' title="bbox 456 3315 2107 3387">
     <span class='ocr_line' id='line_1_33' title="bbox 456 3315 2107 3387; baseline 0.001 -13"><span class='ocrx_word' id='word_1_266' title='bbox 456 3319 517 3374; x_wconf 92' lang='lat' dir='ltr'>in</span> <span class='ocrx_word' id='word_1_267' title='bbox 550 3317 1362 3387; x_wconf 90' lang='lat' dir='ltr'>consuetudinem,vitamque</span> <span class='ocrx_word' id='word_1_268' title='bbox 1376 3315 1676 3386; x_wconf 87' lang='lat' dir='ltr'>justorum</span> <span class='ocrx_word' id='word_1_269' title='bbox 1702 3335 1713 3386; x_wconf 93' lang='lat'>;</span> <span class='ocrx_word' id='word_1_270' title='bbox 1735 3318 1932 3374; x_wconf 88' lang='lat' dir='ltr'>omnia</span> <span class='ocrx_word' id='word_1_271' title='bbox 1951 3319 2107 3376; x_wconf 91' lang='lat' dir='ltr'>enim</span> 
     </span>
    </p>
   </div>
   <div class='ocr_carea' id='block_1_34' title="bbox 457 3403 2107 3464">
    <p class='ocr_par' dir='ltr' id='par_1_34' title="bbox 457 3403 2107 3464">
     <span class='ocr_line' id='line_1_34' title="bbox 457 3403 2107 3464; baseline 0.001 -1"><span class='ocrx_word' id='word_1_272' title='bbox 457 3408 612 3463; x_wconf 91' lang='lat' dir='ltr'>Deus</span> <span class='ocrx_word' id='word_1_273' title='bbox 635 3406 797 3462; x_wconf 89' lang='lat' dir='ltr'>salva</span> <span class='ocrx_word' id='word_1_274' title='bbox 816 3405 941 3461; x_wconf 89' lang='lat' dir='ltr'>vult</span> <span class='ocrx_word' id='word_1_275' title='bbox 987 3420 1134 3460; x_wconf 88' lang='lat' dir='ltr'>esse.</span> <span class='ocrx_word' id='word_1_276' title='bbox 1169 3404 1331 3459; x_wconf 89' lang='lat' dir='ltr'>Unde</span> <span class='ocrx_word' id='word_1_277' title='bbox 1362 3407 1418 3460; x_wconf 90' lang='lat' dir='ltr'>et</span> <span class='ocrx_word' id='word_1_278' title='bbox 1448 3403 1720 3460; x_wconf 90' lang='lat' dir='ltr'>Salomon</span> <span class='ocrx_word' id='word_1_279' title='bbox 1749 3405 1857 3462; x_wconf 87' lang='lat' dir='ltr'>ait:</span> <span class='ocrx_word' id='word_1_280' title='bbox 1891 3429 1918 3456; x_wconf 88' lang='lat'><strong>«</strong></span> <span class='ocrx_word' id='word_1_281' title='bbox 1953 3406 2107 3464; x_wconf 91' lang='lat' dir='ltr'>Deus</span> 
     </span>
    </p>
   </div>
   <div class='ocr_carea' id='block_1_35' title="bbox 457 3491 2106 3566">
    <p class='ocr_par' dir='ltr' id='par_1_35' title="bbox 457 3491 2106 3566">
     <span class='ocr_line' id='line_1_35' title="bbox 457 3491 2106 3566; baseline 0 -14"><span class='ocrx_word' id='word_1_282' title='bbox 457 3498 707 3552; x_wconf 89' lang='lat' dir='ltr'>mortem</span> <span class='ocrx_word' id='word_1_283' title='bbox 738 3511 853 3550; x_wconf 91' lang='lat' dir='ltr'>non</span> <span class='ocrx_word' id='word_1_284' title='bbox 885 3493 1039 3562; x_wconf 85' lang='lat' dir='ltr'>fecit,</span> <span class='ocrx_word' id='word_1_285' title='bbox 1073 3509 1179 3548; x_wconf 90' lang='lat' dir='ltr'>nec</span> <span class='ocrx_word' id='word_1_286' title='bbox 1225 3491 1454 3550; x_wconf 65' lang='lat' dir='ltr'>lmtatur</span> <span class='ocrx_word' id='word_1_287' title='bbox 1484 3494 1544 3548; x_wconf 88' lang='lat' dir='ltr'>in</span> <span class='ocrx_word' id='word_1_288' title='bbox 1585 3495 1907 3566; x_wconf 90' lang='lat' dir='ltr'>perditione</span> <span class='ocrx_word' id='word_1_289' title='bbox 1951 3496 2106 3553; x_wconf 89' lang='lat' dir='ltr'>vivo-</span> 
     </span>
    </p>
   </div>
   <div class='ocr_carea' id='block_1_36' title="bbox 457 3581 2102 3655">
    <p class='ocr_par' dir='ltr' id='par_1_36' title="bbox 457 3581 2102 3655">
     <span class='ocr_line' id='line_1_36' title="bbox 457 3581 2102 3655; baseline 0.002 -17"><span class='ocrx_word' id='word_1_290' title='bbox 457 3599 590 3639; x_wconf 89' lang='lat' dir='ltr'>rum</span> <span class='ocrx_word' id='word_1_291' title='bbox 621 3583 769 3655; x_wconf 84' lang='lat' dir='ltr'>(Sap.</span> <span class='ocrx_word' id='word_1_292' title='bbox 806 3600 842 3650; x_wconf 83' lang='grc' dir='ltr'>ι,</span> <span class='ocrx_word' id='word_1_293' title='bbox 877 3583 986 3652; x_wconf 90' lang='grc'>13).</span> <span class='ocrx_word' id='word_1_294' title='bbox 1013 3604 1042 3631; x_wconf 90' lang='grc'><strong>››</strong></span> <span class='ocrx_word' id='word_1_295' title='bbox 1067 3582 1222 3638; x_wconf 90' lang='lat' dir='ltr'>Fecit</span> <span class='ocrx_word' id='word_1_296' title='bbox 1242 3581 1500 3638; x_wconf 89' lang='lat' dir='ltr'>animam</span> <span class='ocrx_word' id='word_1_297' title='bbox 1533 3586 1596 3637; x_wconf 93' lang='lat' dir='ltr'>ut</span> <span class='ocrx_word' id='word_1_298' title='bbox 1621 3583 1734 3639; x_wconf 88' lang='lat' dir='ltr'>sit:</span> <span class='ocrx_word' id='word_1_299' title='bbox 1767 3585 1983 3640; x_wconf 88' lang='lat' dir='ltr'>creavit</span> <span class='ocrx_word' id='word_1_300' title='bbox 2001 3585 2102 3641; x_wconf 91' lang='lat' dir='ltr'>ho-</span> 
     </span>
    </p>
   </div>
   <div class='ocr_carea' id='block_1_37' title="bbox 457 3670 2105 3746">
    <p class='ocr_par' dir='ltr' id='par_1_37' title="bbox 457 3670 2105 3746">
     <span class='ocr_line' id='line_1_37' title="bbox 457 3670 2105 3746; baseline 0.002 -19"><span class='ocrx_word' id='word_1_301' title='bbox 457 3671 678 3729; x_wconf 87' lang='lat' dir='ltr'>minem</span> <span class='ocrx_word' id='word_1_302' title='bbox 711 3671 770 3726; x_wconf 91' lang='lat' dir='ltr'>in</span> <span class='ocrx_word' id='word_1_303' title='bbox 801 3670 1322 3743; x_wconf 90' lang='lat' dir='ltr'>incorruptionem,</span> <span class='ocrx_word' id='word_1_304' title='bbox 1359 3688 1535 3744; x_wconf 90' lang='lat' dir='ltr'>quem</span> <span class='ocrx_word' id='word_1_305' title='bbox 1566 3673 1639 3727; x_wconf 92' lang='lat' dir='ltr'>ad</span> <span class='ocrx_word' id='word_1_306' title='bbox 1671 3673 1989 3746; x_wconf 89' lang='lat' dir='ltr'>imaginem</span> <span class='ocrx_word' id='word_1_307' title='bbox 2013 3675 2105 3730; x_wconf 91' lang='lat' dir='ltr'>sui</span> 
     </span>
    </p>
   </div>
   <div class='ocr_carea' id='block_1_38' title="bbox 456 3759 2107 3830">
    <p class='ocr_par' dir='ltr' id='par_1_38' title="bbox 456 3759 2107 3830">
     <span class='ocr_line' id='line_1_38' title="bbox 456 3759 2107 3830; baseline 0.002 -14"><span class='ocrx_word' id='word_1_308' title='bbox 456 3759 627 3817; x_wconf 81' lang='lat' dir='ltr'>fecit:</span> <span class='ocrx_word' id='word_1_309' title='bbox 662 3760 764 3816; x_wconf 91' lang='lat' dir='ltr'>sed</span> <span class='ocrx_word' id='word_1_310' title='bbox 785 3759 1053 3815; x_wconf 88' lang='lat' dir='ltr'>homines</span> <span class='ocrx_word' id='word_1_311' title='bbox 1084 3776 1118 3814; x_wconf 90' lang='lat' dir='ltr'>a</span> <span class='ocrx_word' id='word_1_312' title='bbox 1146 3763 1366 3815; x_wconf 59' lang='lat' dir='ltr'>natura:</span> <span class='ocrx_word' id='word_1_313' title='bbox 1399 3777 1641 3817; x_wconf 89' lang='lat' dir='ltr'>munere</span> <span class='ocrx_word' id='word_1_314' title='bbox 1658 3762 1978 3830; x_wconf 90' lang='lat' dir='ltr'>deviantes,</span> <span class='ocrx_word' id='word_1_315' title='bbox 2007 3763 2107 3819; x_wconf 86' lang='lat' dir='ltr'>ob-</span> 
     </span>
    </p>
   </div>
   <div class='ocr_carea' id='block_1_39' title="bbox 455 3848 2104 3921">
    <p class='ocr_par' dir='ltr' id='par_1_39' title="bbox 455 3848 2104 3921">
     <span class='ocr_line' id='line_1_39' title="bbox 455 3848 2104 3921; baseline 0.001 -15"><span class='ocrx_word' id='word_1_316' title='bbox 455 3848 658 3906; x_wconf 85' lang='lat' dir='ltr'>noxios</span> <span class='ocrx_word' id='word_1_317' title='bbox 711 3849 898 3905; x_wconf 85' lang='lat' dir='ltr'>fecere</span> <span class='ocrx_word' id='word_1_318' title='bbox 946 3864 1007 3905; x_wconf 90' lang='lat' dir='ltr'>se</span> <span class='ocrx_word' id='word_1_319' title='bbox 1029 3849 1271 3916; x_wconf 88' lang='lat' dir='ltr'>mortui,</span> <span class='ocrx_word' id='word_1_320' title='bbox 1304 3853 1367 3904; x_wconf 92' lang='lat' dir='ltr'>ut</span> <span class='ocrx_word' id='word_1_321' title='bbox 1397 3849 1565 3921; x_wconf 90' lang='lat' dir='ltr'>quasi</span> <span class='ocrx_word' id='word_1_322' title='bbox 1596 3851 1810 3906; x_wconf 87' lang='lat' dir='ltr'>terreni</span> <span class='ocrx_word' id='word_1_323' title='bbox 1841 3868 2104 3907; x_wconf 89' lang='lat' dir='ltr'>corrum-</span> 
     </span>
    </p>
   </div>
   <div class='ocr_carea' id='block_1_40' title="bbox 453 3936 2102 4012">
    <p class='ocr_par' dir='ltr' id='par_1_40' title="bbox 453 3936 2102 4012">
     <span class='ocr_line' id='line_1_40' title="bbox 453 3936 2102 4012; baseline 0.002 -18"><span class='ocrx_word' id='word_1_324' title='bbox 453 3942 686 4012; x_wconf 89' lang='lat' dir='ltr'>pantur.</span> <span class='ocrx_word' id='word_1_325' title='bbox 717 3937 828 3994; x_wconf 89' lang='lat' dir='ltr'>Sed</span> <span class='ocrx_word' id='word_1_326' title='bbox 862 3937 1016 3994; x_wconf 92' lang='lat' dir='ltr'>Deus</span> <span class='ocrx_word' id='word_1_327' title='bbox 1047 3954 1149 4009; x_wconf 91' lang='lat' dir='ltr'>per</span> <span class='ocrx_word' id='word_1_328' title='bbox 1176 3936 1585 3994; x_wconf 88' lang='lat' dir='ltr'>tribulationes</span> <span class='ocrx_word' id='word_1_329' title='bbox 1605 3939 1676 3993; x_wconf 91' lang='lat' dir='ltr'>ad</span> <span class='ocrx_word' id='word_1_330' title='bbox 1700 3939 2102 4010; x_wconf 62' lang='lat' dir='ltr'>paenitentiam</span> 
     </span>
    </p>
   </div>
   <div class='ocr_carea' id='block_1_41' title="bbox 451 4024 2106 4100">
    <p class='ocr_par' dir='ltr' id='par_1_41' title="bbox 451 4024 2106 4100">
     <span class='ocr_line' id='line_1_41' title="bbox 451 4024 2106 4100; baseline 0.002 -18"><span class='ocrx_word' id='word_1_331' title='bbox 451 4027 625 4100; x_wconf 89' lang='lat' dir='ltr'>cogit,</span> <span class='ocrx_word' id='word_1_332' title='bbox 661 4029 725 4081; x_wconf 94' lang='lat' dir='ltr'>ut</span> <span class='ocrx_word' id='word_1_333' title='bbox 782 4042 884 4097; x_wconf 87' lang='lat' dir='ltr'>per</span> <span class='ocrx_word' id='word_1_334' title='bbox 934 4024 1335 4097; x_wconf 82' lang='lat' dir='ltr'>paenitentiam</span> <span class='ocrx_word' id='word_1_335' title='bbox 1397 4029 1602 4081; x_wconf 90' lang='lat' dir='ltr'>uratur</span> <span class='ocrx_word' id='word_1_336' title='bbox 1639 4031 1695 4082; x_wconf 90' lang='lat' dir='ltr'>et</span> <span class='ocrx_word' id='word_1_337' title='bbox 1722 4034 2106 4086; x_wconf 87' lang='lat' dir='ltr'>consumatur</span> 
     </span>
    </p>
   </div>
   <div class='ocr_carea' id='block_1_42' title="bbox 450 4113 2105 4187">
    <p class='ocr_par' dir='ltr' id='par_1_42' title="bbox 450 4113 2105 4187">
     <span class='ocr_line' id='line_1_42' title="bbox 450 4113 2105 4187; baseline 0.001 -17"><span class='ocrx_word' id='word_1_338' title='bbox 450 4115 596 4170; x_wconf 90' lang='lat' dir='ltr'>illud</span> <span class='ocrx_word' id='word_1_339' title='bbox 629 4114 897 4170; x_wconf 89' lang='lat' dir='ltr'>accidens</span> <span class='ocrx_word' id='word_1_340' title='bbox 930 4113 1152 4168; x_wconf 87' lang='lat' dir='ltr'>malum</span> <span class='ocrx_word' id='word_1_341' title='bbox 1211 4113 1627 4185; x_wconf 87' lang='lat' dir='ltr'>improbitatis,</span> <span class='ocrx_word' id='word_1_342' title='bbox 1680 4119 1736 4170; x_wconf 91' lang='lat' dir='ltr'>et</span> <span class='ocrx_word' id='word_1_343' title='bbox 1782 4121 2014 4187; x_wconf 88' lang='lat' dir='ltr'>pereat;</span> <span class='ocrx_word' id='word_1_344' title='bbox 2047 4121 2105 4174; x_wconf 91' lang='lat' dir='ltr'>et</span> 
     </span>
    </p>
   </div>
   <div class='ocr_carea' id='block_1_43' title="bbox 449 4201 2103 4278">
    <p class='ocr_par' dir='ltr' id='par_1_43' title="bbox 449 4201 2103 4278">
     <span class='ocr_line' id='line_1_43' title="bbox 449 4201 2103 4278; baseline 0.003 -21"><span class='ocrx_word' id='word_1_345' title='bbox 449 4202 614 4260; x_wconf 91' lang='lat' dir='ltr'>locus</span> <span class='ocrx_word' id='word_1_346' title='bbox 648 4201 747 4258; x_wconf 91' lang='lat' dir='ltr'>ille</span> <span class='ocrx_word' id='word_1_347' title='bbox 795 4201 1026 4269; x_wconf 66' lang='lat' dir='ltr'>animae,</span> <span class='ocrx_word' id='word_1_348' title='bbox 1087 4201 1188 4273; x_wconf 89' lang='lat' dir='ltr'>qui</span> <span class='ocrx_word' id='word_1_349' title='bbox 1238 4207 1364 4258; x_wconf 90' lang='lat' dir='ltr'>erat</span> <span class='ocrx_word' id='word_1_350' title='bbox 1421 4201 1735 4260; x_wconf 88' lang='lat' dir='ltr'>accidentis</span> <span class='ocrx_word' id='word_1_351' title='bbox 1784 4205 2103 4278; x_wconf 88' lang='lat' dir='ltr'>impietatis</span> 
     </span>
    </p>
   </div>
   <div class='ocr_carea' id='block_1_44' title="bbox 451 4289 2100 4364">
    <p class='ocr_par' dir='ltr' id='par_1_44' title="bbox 451 4289 2100 4364">
     <span class='ocr_line' id='line_1_44' title="bbox 451 4289 2100 4364; baseline 0.001 -18"><span class='ocrx_word' id='word_1_352' title='bbox 451 4289 765 4362; x_wconf 87' lang='lat' dir='ltr'>possessio,</span> <span class='ocrx_word' id='word_1_353' title='bbox 800 4293 993 4362; x_wconf 86' lang='lat' dir='ltr'>pateat</span> <span class='ocrx_word' id='word_1_354' title='bbox 1021 4289 1092 4344; x_wconf 90' lang='lat' dir='ltr'>ad</span> <span class='ocrx_word' id='word_1_355' title='bbox 1117 4289 1504 4361; x_wconf 91' lang='lat' dir='ltr'>receptionem</span> <span class='ocrx_word' id='word_1_356' title='bbox 1526 4290 1761 4348; x_wconf 90' lang='lat' dir='ltr'>virtutis</span> <span class='ocrx_word' id='word_1_357' title='bbox 1806 4297 1861 4348; x_wconf 90' lang='lat' dir='ltr'>et</span> <span class='ocrx_word' id='word_1_358' title='bbox 1883 4294 2100 4364; x_wconf 67' lang='lat' dir='ltr'>gratiae.</span> 
     </span>
    </p>
   </div>
   <div class='ocr_carea' id='block_1_45' title="bbox 449 4378 2100 4452">
    <p class='ocr_par' dir='ltr' id='par_1_45' title="bbox 449 4378 2100 4452">
     <span class='ocr_line' id='line_1_45' title="bbox 449 4378 2100 4452; baseline 0.002 -17"><span class='ocrx_word' id='word_1_359' title='bbox 449 4379 686 4435; x_wconf 90' lang='lat' dir='ltr'>Certum</span> <span class='ocrx_word' id='word_1_360' title='bbox 716 4383 807 4434; x_wconf 91' lang='lat' dir='ltr'>est</span> <span class='ocrx_word' id='word_1_361' title='bbox 828 4383 1024 4433; x_wconf 89' lang='lat' dir='ltr'>autem</span> <span class='ocrx_word' id='word_1_362' title='bbox 1079 4378 1289 4433; x_wconf 84' lang='lat' dir='ltr'>animae</span> <span class='ocrx_word' id='word_1_363' title='bbox 1310 4382 1582 4434; x_wconf 90' lang='lat' dir='ltr'>naturam</span> <span class='ocrx_word' id='word_1_364' title='bbox 1623 4396 1746 4436; x_wconf 89' lang='lat' dir='ltr'>esse</span> <span class='ocrx_word' id='word_1_365' title='bbox 1762 4383 2100 4452; x_wconf 84' lang='lat' dir='ltr'>pretiosam,</span> 
     </span>
    </p>
   </div>
   <div class='ocr_carea' id='block_1_46' title="bbox 450 4465 2104 4541">
    <p class='ocr_par' dir='ltr' id='par_1_46' title="bbox 450 4465 2104 4541">
     <span class='ocr_line' id='line_1_46' title="bbox 450 4465 2104 4541; baseline 0.004 -20"><span class='ocrx_word' id='word_1_366' title='bbox 450 4483 578 4538; x_wconf 68' lang='lat' dir='ltr'>quae</span> <span class='ocrx_word' id='word_1_367' title='bbox 602 4466 674 4521; x_wconf 90' lang='lat' dir='ltr'>ad</span> <span class='ocrx_word' id='word_1_368' title='bbox 706 4465 1155 4522; x_wconf 84' lang='lat' dir='ltr'>similitudinem</span> <span class='ocrx_word' id='word_1_369' title='bbox 1183 4466 1286 4522; x_wconf 92' lang='lat' dir='ltr'>Dei</span> <span class='ocrx_word' id='word_1_370' title='bbox 1319 4467 1473 4523; x_wconf 85' lang='lat' dir='ltr'>facta</span> <span class='ocrx_word' id='word_1_371' title='bbox 1494 4469 1885 4541; x_wconf 88' lang='lat' dir='ltr'>receptionem</span> <span class='ocrx_word' id='word_1_372' title='bbox 1912 4471 2104 4528; x_wconf 89' lang='lat' dir='ltr'>omnis</span> 
     </span>
    </p>
   </div>
   <div class='ocr_carea' id='block_1_47' title="bbox 449 4553 2183 4638">
    <p class='ocr_par' dir='ltr' id='par_1_47' title="bbox 449 4553 2183 4638">
     <span class='ocr_line' id='line_1_47' title="bbox 449 4553 2183 4638; baseline 0.005 -28"><span class='ocrx_word' id='word_1_373' title='bbox 449 4553 680 4610; x_wconf 80' lang='lat' dir='ltr'>virtutis</span> <span class='ocrx_word' id='word_1_374' title='bbox 728 4553 1020 4621; x_wconf 87' lang='lat' dir='ltr'>admittit;</span> <span class='ocrx_word' id='word_1_375' title='bbox 1054 4557 1255 4622; x_wconf 87' lang='lat' dir='ltr'>utpote</span> <span class='ocrx_word' id='word_1_376' title='bbox 1307 4563 1431 4627; x_wconf 66' lang='lat' dir='ltr'>qua:</span> <span class='ocrx_word' id='word_1_377' title='bbox 1463 4556 1810 4628; x_wconf 91' lang='lat' dir='ltr'>cognitionis</span> <span class='ocrx_word' id='word_1_378' title='bbox 1841 4575 2104 4631; x_wconf 76' lang='lat' dir='ltr'>supernae</span> <span class='ocrx_word' id='word_1_379' title='bbox 2135 4573 2183 4638; x_wconf 77' lang='grc' dir='ltr'>Ι)</span> 
     </span>
    </p>
   </div>
   <div class='ocr_carea' id='block_1_48' title="bbox 446 4643 1315 4701">
    <p class='ocr_par' dir='ltr' id='par_1_48' title="bbox 446 4643 1315 4701">
     <span class='ocr_line' id='line_1_48' title="bbox 446 4643 1315 4701; baseline 0 -2"><span class='ocrx_word' id='word_1_380' title='bbox 446 4660 562 4701; x_wconf 91' lang='lat' dir='ltr'>non</span> <span class='ocrx_word' id='word_1_381' title='bbox 593 4643 672 4699; x_wconf 90' lang='lat' dir='ltr'>sit</span> <span class='ocrx_word' id='word_1_382' title='bbox 701 4643 972 4699; x_wconf 84' lang='lat' dir='ltr'>fraudata</span> <span class='ocrx_word' id='word_1_383' title='bbox 1003 4643 1315 4700; x_wconf 90' lang='lat' dir='ltr'>consortio.</span> 
     </span>
    </p>
   </div>
   <div class='ocr_carea' id='block_1_49' title="bbox 520 4731 2102 4808">
    <p class='ocr_par' dir='ltr' id='par_1_49' title="bbox 520 4731 2102 4808">
     <span class='ocr_line' id='line_1_49' title="bbox 520 4731 2102 4808; baseline 0.004 -20"><span class='ocrx_word' id='word_1_384' title='bbox 520 4734 607 4788; x_wconf 87' lang='grc'>49.</span> <span class='ocrx_word' id='word_1_385' title='bbox 641 4731 807 4788; x_wconf 85' lang='lat' dir='ltr'>Nunc</span> <span class='ocrx_word' id='word_1_386' title='bbox 863 4731 1007 4788; x_wconf 91' lang='lat' dir='ltr'>illud</span> <span class='ocrx_word' id='word_1_387' title='bbox 1061 4749 1368 4805; x_wconf 88' lang='lat' dir='ltr'>superesse</span> <span class='ocrx_word' id='word_1_388' title='bbox 1426 4733 1802 4803; x_wconf 86' lang='lat' dir='ltr'>arbitramur,</span> <span class='ocrx_word' id='word_1_389' title='bbox 1849 4739 2003 4808; x_wconf 90' lang='lat' dir='ltr'>quod</span> <span class='ocrx_word' id='word_1_390' title='bbox 2042 4739 2102 4795; x_wconf 92' lang='lat' dir='ltr'>in</span> 
     </span>
    </p>
   </div>
   <div class='ocr_carea' id='block_1_50' title="bbox 446 4821 2104 4901">
    <p class='ocr_par' dir='ltr' id='par_1_50' title="bbox 446 4821 2104 4901">
     <span class='ocr_line' id='line_1_50' title="bbox 446 4821 2104 4901; baseline 0.005 -23"><span class='ocrx_word' id='word_1_391' title='bbox 446 4822 771 4880; x_wconf 85' lang='lat' dir='ltr'>multorum</span> <span class='ocrx_word' id='word_1_392' title='bbox 801 4837 901 4877; x_wconf 90' lang='lat' dir='ltr'>ore</span> <span class='ocrx_word' id='word_1_393' title='bbox 955 4825 1244 4889; x_wconf 88' lang='lat' dir='ltr'>versatur,</span> <span class='ocrx_word' id='word_1_394' title='bbox 1295 4838 1414 4893; x_wconf 85' lang='lat' dir='ltr'>qua</span> <span class='ocrx_word' id='word_1_395' title='bbox 1444 4821 1668 4879; x_wconf 88' lang='lat' dir='ltr'>ratione</span> <span class='ocrx_word' id='word_1_396' title='bbox 1725 4824 1898 4894; x_wconf 89' lang='lat' dir='ltr'>Deus,</span> <span class='ocrx_word' id='word_1_397' title='bbox 1932 4829 2104 4901; x_wconf 90' lang='lat' dir='ltr'>cujus</span> 
     </span>
    </p>
   </div>
   <div class='ocr_carea' id='block_1_51' title="bbox 516 4982 2104 5055">
    <p class='ocr_par' dir='ltr' id='par_1_51' title="bbox 516 4982 2104 5055">
     <span class='ocr_line' id='line_1_51' title="bbox 516 4982 2104 5055; baseline 0.002 -16"><span class='ocrx_word' id='word_1_398' title='bbox 516 4982 630 5055; x_wconf 82' lang='lat'>(52)</span> <span class='ocrx_word' id='word_1_399' title='bbox 662 4982 810 5039; x_wconf 88' lang='lat' dir='ltr'>Edit.</span> <span class='ocrx_word' id='word_1_400' title='bbox 847 4985 993 5048; x_wconf 88' lang='lat' dir='ltr'>ant.,</span> <span class='ocrx_word' id='word_1_401' title='bbox 1024 4997 1198 5053; x_wconf 79' lang='lat' dir='ltr'>neque</span> <span class='ocrx_word' id='word_1_402' title='bbox 1229 4988 1487 5036; x_wconf 78' lang='lat' dir='ltr'>naturam</span> <span class='ocrx_word' id='word_1_403' title='bbox 1547 4985 1786 5047; x_wconf 76' lang='lat' dir='ltr'>transit;</span> <span class='ocrx_word' id='word_1_404' title='bbox 1820 4984 1984 5041; x_wconf 81' lang='lat' dir='ltr'>Rom.</span> <span class='ocrx_word' id='word_1_405' title='bbox 2046 4991 2104 5042; x_wconf 90' lang='lat' dir='ltr'>et</span> 
     </span>
    </p>
   </div>
   <div class='ocr_carea' id='block_1_52' title="bbox 443 5055 2101 5129">
    <p class='ocr_par' dir='ltr' id='par_1_52' title="bbox 443 5055 2101 5129">
     <span class='ocr_line' id='line_1_52' title="bbox 443 5055 2101 5129; baseline 0.002 -19"><span class='ocrx_word' id='word_1_406' title='bbox 443 5055 614 5126; x_wconf 90' lang='lat' dir='ltr'>pauci</span> <span class='ocrx_word' id='word_1_407' title='bbox 667 5071 808 5110; x_wconf 86' lang='lat' dir='ltr'>mss.</span> <span class='ocrx_word' id='word_1_408' title='bbox 865 5058 917 5110; x_wconf 88' lang='lat' dir='ltr'>et</span> <span class='ocrx_word' id='word_1_409' title='bbox 944 5069 1121 5129; x_wconf 71' lang='lat' dir='ltr'>neque</span> <span class='ocrx_word' id='word_1_410' title='bbox 1149 5056 1208 5107; x_wconf 81' lang='lat' dir='ltr'>in</span> <span class='ocrx_word' id='word_1_411' title='bbox 1239 5060 1500 5129; x_wconf 68' lang='lat' dir='ltr'>naturam</span> <span class='ocrx_word' id='word_1_412' title='bbox 1532 5057 1751 5129; x_wconf 64' lang='lat' dir='ltr'>transtt.</span> <span class='ocrx_word' id='word_1_413' title='bbox 1784 5055 1895 5129; x_wconf 86' lang='lat' dir='ltr'>Alii</span> <span class='ocrx_word' id='word_1_414' title='bbox 1929 5057 2101 5129; x_wconf 78' lang='lat' dir='ltr'>quin—</span> 
     </span>
    </p>
   </div>
   <div class='ocr_carea' id='block_1_53' title="bbox 444 5125 2101 5198">
    <p class='ocr_par' dir='ltr' id='par_1_53' title="bbox 444 5125 2101 5198">
     <span class='ocr_line' id='line_1_53' title="bbox 444 5125 2101 5198; baseline 0.003 -18"><span class='ocrx_word' id='word_1_415' title='bbox 444 5125 577 5196; x_wconf 81' lang='lat' dir='ltr'>que,</span> <span class='ocrx_word' id='word_1_416' title='bbox 608 5135 861 5198; x_wconf 10' lang='lat' dir='ltr'>etgneque</span> <span class='ocrx_word' id='word_1_417' title='bbox 891 5128 1098 5180; x_wconf 79' lang='lat' dir='ltr'>natura</span> <span class='ocrx_word' id='word_1_418' title='bbox 1146 5126 1374 5198; x_wconf 69' lang='lat' dir='ltr'>transit.</span> <span class='ocrx_word' id='word_1_419' title='bbox 1437 5125 1772 5198; x_wconf 86' lang='lat' dir='ltr'>Commode,</span> <span class='ocrx_word' id='word_1_420' title='bbox 1823 5128 1916 5184; x_wconf 90' lang='lat' dir='ltr'>hic</span> <span class='ocrx_word' id='word_1_421' title='bbox 1947 5125 2101 5185; x_wconf 76' lang='lat' dir='ltr'>enim</span> 
     </span>
    </p>
   </div>
   <div class='ocr_carea' id='block_1_54' title="bbox 444 5196 1848 5270">
    <p class='ocr_par' dir='ltr' id='par_1_54' title="bbox 444 5196 1848 5270">
     <span class='ocr_line' id='line_1_54' title="bbox 444 5196 1848 5270; baseline 0.001 -18"><span class='ocrx_word' id='word_1_422' title='bbox 444 5199 643 5252; x_wconf 78' lang='lat' dir='ltr'>transit</span> <span class='ocrx_word' id='word_1_423' title='bbox 664 5196 827 5270; x_wconf 83' lang='lat' dir='ltr'>idem</span> <span class='ocrx_word' id='word_1_424' title='bbox 861 5202 952 5270; x_wconf 86' lang='lat' dir='ltr'>est</span> <span class='ocrx_word' id='word_1_425' title='bbox 982 5202 1156 5270; x_wconf 91' lang='lat' dir='ltr'>atque</span> <span class='ocrx_word' id='word_1_426' title='bbox 1187 5200 1246 5252; x_wconf 80' lang='lat' dir='ltr'>in</span> <span class='ocrx_word' id='word_1_427' title='bbox 1284 5196 1533 5270; x_wconf 56' lang='lat' dir='ltr'>nihilum</span> <span class='ocrx_word' id='word_1_428' title='bbox 1563 5197 1848 5269; x_wconf 72' lang='lat' dir='ltr'>redigitur.</span> 
     </span>
    </p>
   </div>
   <div class='ocr_carea' id='block_1_55' title="bbox 516 5267 2097 5341">
    <p class='ocr_par' dir='ltr' id='par_1_55' title="bbox 516 5267 2097 5341">
     <span class='ocr_line' id='line_1_55' title="bbox 516 5267 2097 5341; baseline 0.003 -20"><span class='ocrx_word' id='word_1_429' title='bbox 516 5270 628 5341; x_wconf 81' lang='lat'>(53)</span> <span class='ocrx_word' id='word_1_430' title='bbox 645 5269 744 5341; x_wconf 88' lang='lat' dir='ltr'>_1_ta</span> <span class='ocrx_word' id='word_1_431' title='bbox 773 5269 1036 5341; x_wconf 89' lang='lat' dir='ltr'>quinque</span> <span class='ocrx_word' id='word_1_432' title='bbox 1061 5267 1211 5324; x_wconf 71' lang='lat' dir='ltr'>inse.</span> <span class='ocrx_word' id='word_1_433' title='bbox 1238 5287 1250 5335; x_wconf 93' lang='lat'><strong>;</strong></span> <span class='ocrx_word' id='word_1_434' title='bbox 1277 5267 1376 5322; x_wconf 86' lang='lat' dir='ltr'>alii</span> <span class='ocrx_word' id='word_1_435' title='bbox 1409 5273 1603 5324; x_wconf 86' lang='lat' dir='ltr'>autem</span> <span class='ocrx_word' id='word_1_436' title='bbox 1649 5267 1768 5325; x_wconf 80' lang='lat' dir='ltr'>tres</span> <span class='ocrx_word' id='word_1_437' title='bbox 1798 5286 1932 5326; x_wconf 90' lang='lat' dir='ltr'>cum</span> <span class='ocrx_word' id='word_1_438' title='bbox 1987 5276 2097 5327; x_wconf 90' lang='lat' dir='ltr'>vet.</span> 
     </span>
    </p>
   </div>
   <div class='ocr_carea' id='block_1_56' title="bbox 443 5337 2098 5412">
    <p class='ocr_par' dir='ltr' id='par_1_56' title="bbox 443 5337 2098 5412">
     <span class='ocr_line' id='line_1_56' title="bbox 443 5337 2098 5412; baseline 0.004 -20"><span class='ocrx_word' id='word_1_439' title='bbox 443 5337 605 5412; x_wconf 63' lang='lat' dir='ltr'>edit,</span> <span class='ocrx_word' id='word_1_440' title='bbox 639 5337 902 5395; x_wconf 75' lang='lat' dir='ltr'>Moridtur</span> <span class='ocrx_word' id='word_1_441' title='bbox 930 5337 1122 5395; x_wconf 72' lang='lat' dir='ltr'>dnima</span> <span class='ocrx_word' id='word_1_442' title='bbox 1151 5357 1275 5397; x_wconf 82' lang='lat' dir='ltr'>mea</span> <span class='ocrx_word' id='word_1_443' title='bbox 1308 5343 1365 5393; x_wconf 78' lang='lat' dir='ltr'>in</span> <span class='ocrx_word' id='word_1_444' title='bbox 1397 5342 1585 5396; x_wconf 82' lang='lat' dir='ltr'>anima</span> <span class='ocrx_word' id='word_1_445' title='bbox 1597 5341 1893 5412; x_wconf 71' lang='lat' dir='ltr'>fastorum.</span> <span class='ocrx_word' id='word_1_446' title='bbox 1931 5343 2098 5398; x_wconf 81' lang='lat' dir='ltr'>Rom.</span> 
     </span>
    </p>
   </div>
   <div class='ocr_carea' id='block_1_57' title="bbox 445 5407 2101 5485">
    <p class='ocr_par' dir='ltr' id='par_1_57' title="bbox 445 5407 2101 5485">
     <span class='ocr_line' id='line_1_57' title="bbox 445 5407 2101 5485; baseline 0.005 -23"><span class='ocrx_word' id='word_1_447' title='bbox 445 5407 662 5485; x_wconf 81' lang='lat' dir='ltr'>sola,...</span> <span class='ocrx_word' id='word_1_448' title='bbox 690 5412 742 5463; x_wconf 79' lang='lat' dir='ltr'>in</span> <span class='ocrx_word' id='word_1_449' title='bbox 768 5414 971 5485; x_wconf 76' lang='lat' dir='ltr'>animis</span> <span class='ocrx_word' id='word_1_450' title='bbox 984 5413 1283 5483; x_wconf 79' lang='lat' dir='ltr'>justorum.</span> <span class='ocrx_word' id='word_1_451' title='bbox 1307 5407 1716 5485; x_wconf 75' lang='lat' dir='ltr'>Suffragantur</span> <span class='ocrx_word' id='word_1_452' title='bbox 1741 5417 1936 5469; x_wconf 88' lang='lat' dir='ltr'>tamen</span> <span class='ocrx_word' id='word_1_453' title='bbox 1961 5415 2101 5472; x_wconf 85' lang='lat' dir='ltr'>LXX</span> 
     </span>
    </p>
   </div>
   <div class='ocr_carea' id='block_1_58' title="bbox 444 5479 2103 5561">
    <p class='ocr_par' dir='ltr' id='par_1_58' title="bbox 444 5479 2103 5561">
     <span class='ocr_line' id='line_1_58' title="bbox 444 5479 2103 5561; baseline 0.007 -29"><span class='ocrx_word' id='word_1_454' title='bbox 444 5479 681 5561; x_wconf 76' lang='lat' dir='ltr'>inte_rp.,</span> <span class='ocrx_word' id='word_1_455' title='bbox 743 5483 895 5561; x_wconf 58' lang='lat' dir='ltr'>apud</span> <span class='ocrx_word' id='word_1_456' title='bbox 956 5479 1124 5561; x_wconf 79' lang='lat' dir='ltr'>quos.</span> <span class='ocrx_word' id='word_1_457' title='bbox 1170 5490 1428 5561; x_wconf 61' lang='grc' dir='ltr'>ξΛποΘάνοι</span> <span class='ocrx_word' id='word_1_458' title='bbox 1455 5479 1684 5558; x_wconf 53' lang='grc' dir='ltr'>ἡ“ψυχή</span> <span class='ocrx_word' id='word_1_459' title='bbox 1716 5510 1808 5557; x_wconf 83' lang='grc' dir='ltr'>μου</span> <span class='ocrx_word' id='word_1_460' title='bbox 1841 5493 1892 5540; x_wconf 86' lang='grc' dir='ltr'>ἐν</span> <span class='ocrx_word' id='word_1_461' title='bbox 1923 5495 2103 5561; x_wconf 75' lang='grc' dir='ltr'>ψυχαῖς</span> 
     </span>
    </p>
   </div>
   <div class='ocr_carea' id='block_1_59' title="bbox 443 5549 2026 5626">
    <p class='ocr_par' dir='ltr' id='par_1_59' title="bbox 443 5549 2026 5626">
     <span class='ocr_line' id='line_1_59' title="bbox 443 5549 2026 5626; baseline -0.044 -21"><span class='ocrx_word' id='word_1_462' title='bbox 443 5549 705 5626; x_wconf 37' lang='grc' dir='ltr'>διιςψργζ.</span> <span class='ocrx_word' id='word_1_463' title='bbox 737 5549 883 5606; x_wconf 59' lang='lat' dir='ltr'>tuter</span> <span class='ocrx_word' id='word_1_464' title='bbox 913 5549 1129 5626; x_wconf 34' lang='lat' dir='ltr'>autimas;</span> <span class='ocrx_word' id='word_1_465' title='bbox 1150 5556 1450 5626; x_wconf 50' lang='lat' dir='ltr'>justorum.</span> <span class='ocrx_word' id='word_1_466' title='bbox 1482 5549 1487 5551; x_wconf 89' lang='lat'><strong>-</strong></span> <span class='ocrx_word' id='word_1_467' title='bbox 1559 5549 1568 5556; x_wconf 89' lang='lat'><em>-</em></span> <span class='ocrx_word' id='word_1_468' title='bbox 1617 5549 1649 5558; x_wconf 70' lang='grc' dir='ltr'>υ.</span> <span class='ocrx_word' id='word_1_469' title='bbox 1676 5549 1684 5554; x_wconf 95' lang='grc'>.</span> <span class='ocrx_word' id='word_1_470' title='bbox 1716 5549 1725 5557; x_wconf 93' lang='grc'><em>.</em></span> <span class='ocrx_word' id='word_1_471' title='bbox 1937 5549 1945 5558; x_wconf 36' lang='grc' dir='ltr'><em>υ</em></span> <span class='ocrx_word' id='word_1_472' title='bbox 1991 5549 2026 5561; x_wconf 39' lang='grc'>1.</span> 
     </span>
    </p>
   </div>
   <div class='ocr_carea' id='block_1_60' title="bbox 517 5620 2100 5701">
    <p class='ocr_par' dir='ltr' id='par_1_60' title="bbox 517 5620 2100 5701">
     <span class='ocr_line' id='line_1_60' title="bbox 517 5620 2100 5701; baseline 0.009 -29"><span class='ocrx_word' id='word_1_473' title='bbox 517 5621 631 5701; x_wconf 71' lang='lat'>(54)</span> <span class='ocrx_word' id='word_1_474' title='bbox 666 5620 828 5701; x_wconf 82' lang='lat' dir='ltr'>Rom.</span> <span class='ocrx_word' id='word_1_475' title='bbox 856 5626 1000 5701; x_wconf 79' lang='lat' dir='ltr'>edit.</span> <span class='ocrx_word' id='word_1_476' title='bbox 1033 5620 1178 5701; x_wconf 77' lang='lat' dir='ltr'>sola,</span> <span class='ocrx_word' id='word_1_477' title='bbox 1215 5640 1342 5696; x_wconf 66' lang='lat' dir='ltr'>quae</span> <span class='ocrx_word' id='word_1_478' title='bbox 1365 5626 1560 5701; x_wconf 75' lang='lat' dir='ltr'>multae</span> <span class='ocrx_word' id='word_1_479' title='bbox 1577 5632 1705 5683; x_wconf 84' lang='lat' dir='ltr'>sunt</span> <span class='ocrx_word' id='word_1_480' title='bbox 1752 5645 1965 5700; x_wconf 81' lang='lat' dir='ltr'>nempe,</span> <span class='ocrx_word' id='word_1_481' title='bbox 1990 5632 2100 5686; x_wconf 80' lang='lat' dir='ltr'>An-</span> 
     </span>
    </p>
   </div>
   <div class='ocr_carea' id='block_1_61' title="bbox 444 5695 2096 5775">
    <p class='ocr_par' dir='ltr' id='par_1_61' title="bbox 444 5695 2096 5775">
     <span class='ocr_line' id='line_1_61' title="bbox 444 5695 2096 5775; baseline 0.008 -28"><span class='ocrx_word' id='word_1_482' title='bbox 444 5695 710 5764; x_wconf 68' lang='lat' dir='ltr'>gciorum,</span> <span class='ocrx_word' id='word_1_483' title='bbox 742 5695 1237 5766; x_wconf 82' lang='lat' dir='ltr'>Archangelorum,</span> <span class='ocrx_word' id='word_1_484' title='bbox 1269 5698 1712 5771; x_wconf 72' lang='lat' dir='ltr'>Princzpatuum,</span> <span class='ocrx_word' id='word_1_485' title='bbox 1743 5695 2096 5775; x_wconf 67' lang='lat' dir='ltr'>Potestatum,</span> 
     </span>
    </p>
   </div>
   <div class='ocr_carea' id='block_1_62' title="bbox 1860 333 2450 405">
    <p class='ocr_par' dir='ltr' id='par_1_62' title="bbox 1860 333 2450 405">
     <span class='ocr_line' id='line_1_62' title="bbox 1860 333 2450 405; baseline -0.002 -1"><span class='ocrx_word' id='word_1_486' title='bbox 1860 333 1863 336; x_wconf 61' lang='grc'><em>’</em></span> <span class='ocrx_word' id='word_1_487' title='bbox 1943 338 2010 404; x_wconf 85' lang='lat' dir='ltr'>S.</span> <span class='ocrx_word' id='word_1_488' title='bbox 2054 335 2450 405; x_wconf 72' lang='lat' dir='ltr'>AMBROSII</span> 
     </span>
    </p>
   </div>
   <div class='ocr_carea' id='block_1_63' title="bbox 349 473 3794 564">
    <p class='ocr_par' dir='ltr' id='par_1_63' title="bbox 349 473 3794 564">
     <span class='ocr_line' id='line_1_63' title="bbox 349 473 3794 564; baseline 0.003 -28"><span class='ocrx_word' id='word_1_489' title='bbox 349 505 360 514; x_wconf 63' lang='grc' dir='ltr'>νη</span> <span class='ocrx_word' id='word_1_490' title='bbox 431 549 433 553; x_wconf 24' lang='grc' dir='ltr'><strong><em>λ</em></strong></span> <span class='ocrx_word' id='word_1_491' title='bbox 484 477 625 537; x_wconf 80' lang='lat' dir='ltr'>ralis</span> <span class='ocrx_word' id='word_1_492' title='bbox 655 477 752 545; x_wconf 85' lang='lat' dir='ltr'>sit,</span> <span class='ocrx_word' id='word_1_493' title='bbox 777 475 876 535; x_wconf 90' lang='lat' dir='ltr'>sed</span> <span class='ocrx_word' id='word_1_494' title='bbox 903 477 1115 550; x_wconf 64' lang='lat' dir='ltr'>prater</span> <span class='ocrx_word' id='word_1_495' title='bbox 1139 475 1458 536; x_wconf 84' lang='lat' dir='ltr'>naturam?</span> <span class='ocrx_word' id='word_1_496' title='bbox 1487 477 1650 546; x_wconf 89' lang='lat' dir='ltr'>Quod</span> <span class='ocrx_word' id='word_1_497' title='bbox 1680 476 1837 537; x_wconf 90' lang='lat' dir='ltr'>enim</span> <span class='ocrx_word' id='word_1_498' title='bbox 1868 495 1984 537; x_wconf 91' lang='lat' dir='ltr'>non</span> <span class='ocrx_word' id='word_1_499' title='bbox 2015 477 2124 536; x_wconf 83' lang='lat' dir='ltr'>ha-</span> <span class='ocrx_word' id='word_1_500' title='bbox 2156 474 2213 542; x_wconf 72' lang='grc' dir='ltr'><strong>Α</strong></span> <span class='ocrx_word' id='word_1_501' title='bbox 2242 473 2368 533; x_wconf 87' lang='lat' dir='ltr'>sine</span> <span class='ocrx_word' id='word_1_502' title='bbox 2392 474 2687 534; x_wconf 90' lang='lat' dir='ltr'>voluntate</span> <span class='ocrx_word' id='word_1_503' title='bbox 2717 491 2822 534; x_wconf 89' lang='lat' dir='ltr'>nec</span> <span class='ocrx_word' id='word_1_504' title='bbox 2851 491 3056 550; x_wconf 86' lang='lat' dir='ltr'>passer</span> <span class='ocrx_word' id='word_1_505' title='bbox 3083 475 3397 539; x_wconf 88' lang='lat' dir='ltr'>vilissimus</span> <span class='ocrx_word' id='word_1_506' title='bbox 3424 483 3579 555; x_wconf 89' lang='lat' dir='ltr'>cadit,</span> <span class='ocrx_word' id='word_1_507' title='bbox 3605 490 3653 544; x_wconf 88' lang='lat' dir='ltr'>et</span> <span class='ocrx_word' id='word_1_508' title='bbox 3676 493 3794 564; x_wconf 80' lang='lat' dir='ltr'>apud</span> 
     </span>
    </p>
   </div>
   <div class='ocr_carea' id='block_1_64' title="bbox 3589 357 3793 421">
    <p class='ocr_par' dir='ltr' id='par_1_64' title="bbox 3589 357 3793 421">
     <span class='ocr_line' id='line_1_64' title="bbox 3589 357 3793 421; baseline 0 0"><span class='ocrx_word' id='word_1_509' title='bbox 3589 401 3606 408; x_wconf 51' lang='grc' dir='ltr'>κ</span> <span class='ocrx_word' id='word_1_510' title='bbox 3698 357 3793 421; x_wconf 70' lang='lat'>992</span> 
     </span>
    </p>
   </div>
   <div class='ocr_carea' id='block_1_65' title="bbox 2240 565 3798 651">
    <p class='ocr_par' dir='ltr' id='par_1_65' title="bbox 2240 565 3798 651">
     <span class='ocr_line' id='line_1_65' title="bbox 2240 565 3798 651; baseline 0.009 -30"><span class='ocrx_word' id='word_1_511' title='bbox 2240 582 2415 638; x_wconf 90' lang='lat' dir='ltr'>quem</span> <span class='ocrx_word' id='word_1_512' title='bbox 2461 565 2653 640; x_wconf 92' lang='lat' dir='ltr'>capilli</span> <span class='ocrx_word' id='word_1_513' title='bbox 2703 566 2910 639; x_wconf 87' lang='lat' dir='ltr'>capitis</span> <span class='ocrx_word' id='word_1_514' title='bbox 2966 569 3257 624; x_wconf 87' lang='lat' dir='ltr'>numerati</span> <span class='ocrx_word' id='word_1_515' title='bbox 3313 576 3459 641; x_wconf 90' lang='lat' dir='ltr'>sunt,</span> <span class='ocrx_word' id='word_1_516' title='bbox 3508 574 3684 632; x_wconf 82' lang='lat' dir='ltr'>dixerit</span> <span class='ocrx_word' id='word_1_517' title='bbox 3723 597 3798 651; x_wconf 88' lang='lat' dir='ltr'>per</span> 
     </span>
    </p>
   </div>
   <div class='ocr_carea' id='block_1_66' title="bbox 2240 656 3796 730">
    <p class='ocr_par' dir='ltr' id='par_1_66' title="bbox 2240 656 3796 730">
     <span class='ocr_line' id='line_1_66' title="bbox 2240 656 3796 730; baseline 0.008 -18"><span class='ocrx_word' id='word_1_518' title='bbox 2240 656 2494 712; x_wconf 91' lang='lat' dir='ltr'>Isaiam:</span> <span class='ocrx_word' id='word_1_519' title='bbox 2542 680 2568 706; x_wconf 86' lang='lat'><strong>«</strong></span> <span class='ocrx_word' id='word_1_520' title='bbox 2625 657 2720 712; x_wconf 92' lang='lat' dir='ltr'>Sic</span> <span class='ocrx_word' id='word_1_521' title='bbox 2770 672 2975 713; x_wconf 90' lang='lat' dir='ltr'>omnes</span> <span class='ocrx_word' id='word_1_522' title='bbox 3022 663 3224 730; x_wconf 86' lang='lat' dir='ltr'>gentes</span> <span class='ocrx_word' id='word_1_523' title='bbox 3273 664 3335 714; x_wconf 93' lang='lat' dir='ltr'>ut</span> <span class='ocrx_word' id='word_1_524' title='bbox 3397 661 3714 722; x_wconf 88' lang='lat' dir='ltr'>stillicidium</span> <span class='ocrx_word' id='word_1_525' title='bbox 3744 670 3796 726; x_wconf 83' lang='lat' dir='ltr'>de</span> 
     </span>
    </p>
   </div>
   <div class='ocr_carea' id='block_1_67' title="bbox 2243 746 3794 812">
    <p class='ocr_par' dir='ltr' id='par_1_67' title="bbox 2243 746 3794 812">
     <span class='ocr_line' id='line_1_67' title="bbox 2243 746 3794 812; baseline 0.008 -12"><span class='ocrx_word' id='word_1_526' title='bbox 2243 747 2386 801; x_wconf 73' lang='lat'>761</span> <span class='ocrx_word' id='word_1_527' title='bbox 2415 762 2606 812; x_wconf 87' lang='lat' dir='ltr'>urceo,</span> <span class='ocrx_word' id='word_1_528' title='bbox 2641 751 2698 802; x_wconf 91' lang='lat' dir='ltr'>et</span> <span class='ocrx_word' id='word_1_529' title='bbox 2745 746 2898 802; x_wconf 91' lang='lat' dir='ltr'>sicut</span> <span class='ocrx_word' id='word_1_530' title='bbox 2927 751 3291 803; x_wconf 86' lang='lat' dir='ltr'>momentum</span> <span class='ocrx_word' id='word_1_531' title='bbox 3319 753 3529 806; x_wconf 63' lang='lat' dir='ltr'>statera</span> <span class='ocrx_word' id='word_1_532' title='bbox 3557 755 3794 812; x_wconf 71' lang='lat' dir='ltr'>aestimate</span> 
     </span>
    </p>
   </div>
   <div class='ocr_carea' id='block_1_68' title="bbox 2238 835 3798 911">
    <p class='ocr_par' dir='ltr' id='par_1_68' title="bbox 2238 835 3798 911">
     <span class='ocr_line' id='line_1_68' title="bbox 2238 835 3798 911; baseline 0.003 -22"><span class='ocrx_word' id='word_1_533' title='bbox 2238 838 2398 901; x_wconf 90' lang='lat' dir='ltr'>sunt,</span> <span class='ocrx_word' id='word_1_534' title='bbox 2428 839 2484 890; x_wconf 91' lang='lat' dir='ltr'>et</span> <span class='ocrx_word' id='word_1_535' title='bbox 2539 841 2605 891; x_wconf 89' lang='lat' dir='ltr'>ut</span> <span class='ocrx_word' id='word_1_536' title='bbox 2633 838 2878 907; x_wconf 89' lang='lat' dir='ltr'>sputum</span> <span class='ocrx_word' id='word_1_537' title='bbox 2936 835 3378 892; x_wconf 70' lang='lat' dir='ltr'>mstimabuntur</span> <span class='ocrx_word' id='word_1_538' title='bbox 3414 839 3528 910; x_wconf 83' lang='lat' dir='ltr'>(Isa.</span> <span class='ocrx_word' id='word_1_539' title='bbox 3559 857 3635 907; x_wconf 75' lang='lat' dir='ltr'>XL,</span> <span class='ocrx_word' id='word_1_540' title='bbox 3663 844 3750 911; x_wconf 72' lang='lat' dir='ltr'>l5).</span> <span class='ocrx_word' id='word_1_541' title='bbox 3778 869 3798 894; x_wconf 83' lang='grc'><strong>››</strong></span> 
     </span>
    </p>
   </div>
   <div class='ocr_carea' id='block_1_69' title="bbox 2237 923 3799 997">
    <p class='ocr_par' dir='ltr' id='par_1_69' title="bbox 2237 923 3799 997">
     <span class='ocr_line' id='line_1_69' title="bbox 2237 923 3799 997; baseline 0.007 -19"><span class='ocrx_word' id='word_1_542' title='bbox 2237 923 2322 980; x_wconf 89' lang='lat' dir='ltr'>Ita</span> <span class='ocrx_word' id='word_1_543' title='bbox 2351 939 2487 997; x_wconf 89' lang='lat' dir='ltr'>ergo</span> <span class='ocrx_word' id='word_1_544' title='bbox 2542 924 3049 996; x_wconf 82' lang='lat' dir='ltr'>peribuntomnes</span> <span class='ocrx_word' id='word_1_545' title='bbox 3079 929 3280 997; x_wconf 89' lang='lat' dir='ltr'>gentes</span> <span class='ocrx_word' id='word_1_546' title='bbox 3327 927 3468 982; x_wconf 89' lang='lat' dir='ltr'>sicut</span> <span class='ocrx_word' id='word_1_547' title='bbox 3503 927 3799 989; x_wconf 86' lang='lat' dir='ltr'>stillicidium</span> 
     </span>
    </p>
   </div>
   <div class='ocr_carea' id='block_1_70' title="bbox 2236 1013 3799 1086">
    <p class='ocr_par' dir='ltr' id='par_1_70' title="bbox 2236 1013 3799 1086">
     <span class='ocr_line' id='line_1_70' title="bbox 2236 1013 3799 1086; baseline 0.006 -18"><span class='ocrx_word' id='word_1_548' title='bbox 2236 1013 2306 1068; x_wconf 91' lang='lat' dir='ltr'>de</span> <span class='ocrx_word' id='word_1_549' title='bbox 2337 1030 2529 1078; x_wconf 89' lang='lat' dir='ltr'>urceo,</span> <span class='ocrx_word' id='word_1_550' title='bbox 2583 1016 2638 1068; x_wconf 89' lang='lat' dir='ltr'>et</span> <span class='ocrx_word' id='word_1_551' title='bbox 2697 1017 2763 1068; x_wconf 91' lang='lat' dir='ltr'>ut</span> <span class='ocrx_word' id='word_1_552' title='bbox 2792 1017 3032 1084; x_wconf 89' lang='lat' dir='ltr'>sputum</span> <span class='ocrx_word' id='word_1_553' title='bbox 3077 1015 3248 1086; x_wconf 90' lang='lat' dir='ltr'>perit,</span> <span class='ocrx_word' id='word_1_554' title='bbox 3298 1019 3349 1069; x_wconf 89' lang='lat' dir='ltr'>et</span> <span class='ocrx_word' id='word_1_555' title='bbox 3397 1016 3464 1071; x_wconf 91' lang='lat' dir='ltr'>ad</span> <span class='ocrx_word' id='word_1_556' title='bbox 3493 1016 3661 1073; x_wconf 92' lang='lat' dir='ltr'>nullos</span> <span class='ocrx_word' id='word_1_557' title='bbox 3691 1037 3799 1078; x_wconf 83' lang='lat' dir='ltr'>usus</span> 
     </span>
    </p>
   </div>
   <div class='ocr_carea' id='block_1_71' title="bbox 2234 1101 3797 1174">
    <p class='ocr_par' dir='ltr' id='par_1_71' title="bbox 2234 1101 3797 1174">
     <span class='ocr_line' id='line_1_71' title="bbox 2234 1101 3797 1174; baseline 0.005 -18"><span class='ocrx_word' id='word_1_558' title='bbox 2234 1103 2484 1174; x_wconf 85' lang='lat' dir='ltr'>proﬁcit.</span> <span class='ocrx_word' id='word_1_559' title='bbox 2518 1103 2627 1158; x_wconf 90' lang='lat' dir='ltr'>Sed</span> <span class='ocrx_word' id='word_1_560' title='bbox 2661 1105 2724 1157; x_wconf 90' lang='lat' dir='ltr'>tu</span> <span class='ocrx_word' id='word_1_561' title='bbox 2756 1102 2858 1172; x_wconf 93' lang='lat' dir='ltr'>qui</span> <span class='ocrx_word' id='word_1_562' title='bbox 2911 1101 3066 1158; x_wconf 89' lang='lat' dir='ltr'>nosti</span> <span class='ocrx_word' id='word_1_563' title='bbox 3109 1101 3250 1174; x_wconf 87' lang='lat' dir='ltr'>quia</span> <span class='ocrx_word' id='word_1_564' title='bbox 3300 1107 3490 1174; x_wconf 86' lang='lat' dir='ltr'>gentes</span> <span class='ocrx_word' id='word_1_565' title='bbox 3521 1122 3623 1161; x_wconf 89' lang='lat' dir='ltr'>non</span> <span class='ocrx_word' id='word_1_566' title='bbox 3648 1123 3700 1162; x_wconf 88' lang='lat' dir='ltr'>eo</span> <span class='ocrx_word' id='word_1_567' title='bbox 3724 1125 3797 1164; x_wconf 85' lang='lat' dir='ltr'>us-</span> 
     </span>
    </p>
   </div>
   <div class='ocr_carea' id='block_1_72' title="bbox 2235 1189 3797 1262">
    <p class='ocr_par' dir='ltr' id='par_1_72' title="bbox 2235 1189 3797 1262">
     <span class='ocr_line' id='line_1_72' title="bbox 2235 1189 3797 1262; baseline 0.004 -17"><span class='ocrx_word' id='word_1_568' title='bbox 2235 1207 2348 1262; x_wconf 90' lang='lat' dir='ltr'>que</span> <span class='ocrx_word' id='word_1_569' title='bbox 2379 1207 2481 1262; x_wconf 91' lang='lat' dir='ltr'>pro</span> <span class='ocrx_word' id='word_1_570' title='bbox 2533 1189 2714 1245; x_wconf 91' lang='lat' dir='ltr'>nihilo</span> <span class='ocrx_word' id='word_1_571' title='bbox 2765 1189 2972 1246; x_wconf 88' lang='lat' dir='ltr'>habuit</span> <span class='ocrx_word' id='word_1_572' title='bbox 3017 1191 3173 1247; x_wconf 89' lang='lat' dir='ltr'>Deus</span> <span class='ocrx_word' id='word_1_573' title='bbox 3205 1200 3410 1256; x_wconf 79' lang='lat' dir='ltr'>noster,</span> <span class='ocrx_word' id='word_1_574' title='bbox 3453 1195 3511 1247; x_wconf 92' lang='lat' dir='ltr'>ut</span> <span class='ocrx_word' id='word_1_575' title='bbox 3538 1197 3587 1248; x_wconf 89' lang='lat' dir='ltr'>et</span> <span class='ocrx_word' id='word_1_576' title='bbox 3612 1195 3797 1251; x_wconf 73' lang='lat' dir='ltr'>Abrahe</span> 
     </span>
    </p>
   </div>
   <div class='ocr_carea' id='block_1_73' title="bbox 2234 1278 3796 1353">
    <p class='ocr_par' dir='ltr' id='par_1_73' title="bbox 2234 1278 3796 1353">
     <span class='ocr_line' id='line_1_73' title="bbox 2234 1278 3796 1353; baseline 0.003 -19"><span class='ocrx_word' id='word_1_577' title='bbox 2234 1279 2479 1335; x_wconf 80' lang='lat' dir='ltr'>dixerit:</span> <span class='ocrx_word' id='word_1_578' title='bbox 2515 1302 2543 1328; x_wconf 83' lang='lat'><strong><em>«</em></strong></span> <span class='ocrx_word' id='word_1_579' title='bbox 2597 1279 3022 1335; x_wconf 88' lang='lat' dir='ltr'>Benedicentur</span> <span class='ocrx_word' id='word_1_580' title='bbox 3050 1278 3110 1334; x_wconf 91' lang='lat' dir='ltr'>in</span> <span class='ocrx_word' id='word_1_581' title='bbox 3163 1282 3218 1334; x_wconf 87' lang='lat' dir='ltr'>te</span> <span class='ocrx_word' id='word_1_582' title='bbox 3248 1295 3443 1335; x_wconf 91' lang='lat' dir='ltr'>omnes</span> <span class='ocrx_word' id='word_1_583' title='bbox 3480 1287 3658 1353; x_wconf 85' lang='lat' dir='ltr'>gentes</span> <span class='ocrx_word' id='word_1_584' title='bbox 3685 1283 3796 1352; x_wconf 78' lang='lat' dir='ltr'>(Gen.</span> 
     </span>
    </p>
   </div>
   <div class='ocr_carea' id='block_1_74' title="bbox 2231 1366 3800 1440">
    <p class='ocr_par' dir='ltr' id='par_1_74' title="bbox 2231 1366 3800 1440">
     <span class='ocr_line' id='line_1_74' title="bbox 2231 1366 3800 1440; baseline 0.002 -17"><span class='ocrx_word' id='word_1_585' title='bbox 2231 1386 2333 1438; x_wconf 81' lang='lat' dir='ltr'>xu,</span> <span class='ocrx_word' id='word_1_586' title='bbox 2355 1369 2447 1440; x_wconf 91' lang='lat'>3):</span> <span class='ocrx_word' id='word_1_587' title='bbox 2486 1391 2512 1417; x_wconf 83' lang='grc'>››</span> <span class='ocrx_word' id='word_1_588' title='bbox 2573 1372 2630 1424; x_wconf 91' lang='lat' dir='ltr'>et</span> <span class='ocrx_word' id='word_1_589' title='bbox 2657 1385 2762 1440; x_wconf 89' lang='lat' dir='ltr'>per</span> <span class='ocrx_word' id='word_1_590' title='bbox 2789 1367 2964 1424; x_wconf 89' lang='lat' dir='ltr'>David</span> <span class='ocrx_word' id='word_1_591' title='bbox 3014 1366 3246 1424; x_wconf 91' lang='lat' dir='ltr'>locutus</span> <span class='ocrx_word' id='word_1_592' title='bbox 3293 1370 3366 1424; x_wconf 83' lang='lat' dir='ltr'>sit</span> <span class='ocrx_word' id='word_1_593' title='bbox 3411 1370 3478 1424; x_wconf 88' lang='lat' dir='ltr'>ad</span> <span class='ocrx_word' id='word_1_594' title='bbox 3534 1369 3712 1426; x_wconf 82' lang='lat' dir='ltr'>Filium</span> <span class='ocrx_word' id='word_1_595' title='bbox 3737 1373 3800 1426; x_wconf 92' lang='lat' dir='ltr'>di-</span> 
     </span>
    </p>
   </div>
   <div class='ocr_carea' id='block_1_75' title="bbox 2234 1456 3799 1530">
    <p class='ocr_par' dir='ltr' id='par_1_75' title="bbox 2234 1456 3799 1530">
     <span class='ocr_line' id='line_1_75' title="bbox 2234 1456 3799 1530; baseline 0.001 -17"><span class='ocrx_word' id='word_1_596' title='bbox 2234 1473 2410 1514; x_wconf 90' lang='lat' dir='ltr'>cens:</span> <span class='ocrx_word' id='word_1_597' title='bbox 2448 1480 2475 1508; x_wconf 88' lang='grc'><em>‹‹</em></span> <span class='ocrx_word' id='word_1_598' title='bbox 2507 1457 2664 1513; x_wconf 89' lang='lat' dir='ltr'>Dabo</span> <span class='ocrx_word' id='word_1_599' title='bbox 2703 1456 2812 1512; x_wconf 91' lang='lat' dir='ltr'>tibi</span> <span class='ocrx_word' id='word_1_600' title='bbox 2841 1460 3042 1530; x_wconf 90' lang='lat' dir='ltr'>gentes</span> <span class='ocrx_word' id='word_1_601' title='bbox 3073 1456 3461 1513; x_wconf 71' lang='lat' dir='ltr'>hmreditatem</span> <span class='ocrx_word' id='word_1_602' title='bbox 3504 1462 3646 1513; x_wconf 91' lang='lat' dir='ltr'>tuam</span> <span class='ocrx_word' id='word_1_603' title='bbox 3672 1460 3799 1530; x_wconf 84' lang='lat' dir='ltr'>(Psal.</span> 
     </span>
    </p>
   </div>
   <div class='ocr_carea' id='block_1_76' title="bbox 2237 1545 3800 1618">
    <p class='ocr_par' dir='ltr' id='par_1_76' title="bbox 2237 1545 3800 1618">
     <span class='ocr_line' id='line_1_76' title="bbox 2237 1545 3800 1618; baseline 0.001 -18"><span class='ocrx_word' id='word_1_604' title='bbox 2237 1563 2298 1611; x_wconf 87' lang='lat' dir='ltr'>Il,</span> <span class='ocrx_word' id='word_1_605' title='bbox 2331 1545 2407 1617; x_wconf 90' lang='lat'>8).</span> <span class='ocrx_word' id='word_1_606' title='bbox 2435 1568 2463 1596; x_wconf 91' lang='lat'>»</span> <span class='ocrx_word' id='word_1_607' title='bbox 2496 1549 2552 1601; x_wconf 91' lang='lat' dir='ltr'>et</span> <span class='ocrx_word' id='word_1_608' title='bbox 2583 1545 2770 1600; x_wconf 82' lang='lat' dir='ltr'>infra:</span> <span class='ocrx_word' id='word_1_609' title='bbox 2806 1567 2832 1594; x_wconf 87' lang='grc'>››</span> <span class='ocrx_word' id='word_1_610' title='bbox 2865 1545 3080 1601; x_wconf 88' lang='lat' dir='ltr'>Omnes</span> <span class='ocrx_word' id='word_1_611' title='bbox 3109 1549 3311 1618; x_wconf 87' lang='lat' dir='ltr'>gentes</span> <span class='ocrx_word' id='word_1_612' title='bbox 3343 1545 3579 1601; x_wconf 83' lang='lat' dir='ltr'>servient</span> <span class='ocrx_word' id='word_1_613' title='bbox 3604 1546 3649 1602; x_wconf 91' lang='lat' dir='ltr'>ei</span> <span class='ocrx_word' id='word_1_614' title='bbox 3675 1548 3800 1617; x_wconf 77' lang='lat' dir='ltr'>(Psal.</span> 
     </span>
    </p>
   </div>
   <div class='ocr_carea' id='block_1_77' title="bbox 2236 1633 3801 1706">
    <p class='ocr_par' dir='ltr' id='par_1_77' title="bbox 2236 1633 3801 1706">
     <span class='ocr_line' id='line_1_77' title="bbox 2236 1633 3801 1706; baseline 0.001 -17"><span class='ocrx_word' id='word_1_615' title='bbox 2236 1651 2389 1701; x_wconf 81' lang='lat' dir='ltr'><strong>LXXI,</strong></span> <span class='ocrx_word' id='word_1_616' title='bbox 2426 1636 2512 1705; x_wconf 88' lang='grc'>11)</span> <span class='ocrx_word' id='word_1_617' title='bbox 2541 1653 2553 1702; x_wconf 90' lang='grc'><strong>;</strong></span> <span class='ocrx_word' id='word_1_618' title='bbox 2588 1633 2726 1706; x_wconf 90' lang='lat' dir='ltr'>quia</span> <span class='ocrx_word' id='word_1_619' title='bbox 2755 1634 2968 1690; x_wconf 89' lang='lat' dir='ltr'>obtulit</span> <span class='ocrx_word' id='word_1_620' title='bbox 2988 1639 3141 1690; x_wconf 89' lang='lat' dir='ltr'>Deus</span> <span class='ocrx_word' id='word_1_621' title='bbox 3164 1633 3374 1690; x_wconf 84' lang='lat' dir='ltr'>Filium</span> <span class='ocrx_word' id='word_1_622' title='bbox 3397 1651 3558 1690; x_wconf 92' lang='lat' dir='ltr'>suum</span> <span class='ocrx_word' id='word_1_623' title='bbox 3585 1637 3801 1706; x_wconf 84' lang='lat' dir='ltr'>proomni</span> 
     </span>
    </p>
   </div>
   <div class='ocr_carea' id='block_1_78' title="bbox 2233 1722 3802 1795">
    <p class='ocr_par' dir='ltr' id='par_1_78' title="bbox 2233 1722 3802 1795">
     <span class='ocr_line' id='line_1_78' title="bbox 2233 1722 3802 1795; baseline 0 -17"><span class='ocrx_word' id='word_1_624' title='bbox 2233 1728 2501 1795; x_wconf 86' lang='lat' dir='ltr'>gente,ut</span> <span class='ocrx_word' id='word_1_625' title='bbox 2522 1722 2712 1780; x_wconf 90' lang='lat' dir='ltr'>salvos</span> <span class='ocrx_word' id='word_1_626' title='bbox 2743 1723 2956 1779; x_wconf 83' lang='lat' dir='ltr'>faceret</span> <span class='ocrx_word' id='word_1_627' title='bbox 2985 1727 3318 1795; x_wconf 90' lang='lat' dir='ltr'>peccatores</span> <span class='ocrx_word' id='word_1_628' title='bbox 3340 1725 3504 1794; x_wconf 85' lang='lat' dir='ltr'>(Rom.</span> <span class='ocrx_word' id='word_1_629' title='bbox 3526 1740 3635 1793; x_wconf 87' lang='lat' dir='ltr'>vm,</span> <span class='ocrx_word' id='word_1_630' title='bbox 3662 1725 3733 1793; x_wconf 77' lang='lat'>32)</span> <span class='ocrx_word' id='word_1_631' title='bbox 3753 1742 3762 1790; x_wconf 89' lang='lat'>;</span> <span class='ocrx_word' id='word_1_632' title='bbox 3784 1747 3802 1772; x_wconf 68' lang='grc' dir='ltr'><strong>υ</strong></span> 
     </span>
    </p>
   </div>
   <div class='ocr_carea' id='block_1_79' title="bbox 2231 1811 3800 1868">
    <p class='ocr_par' dir='ltr' id='par_1_79' title="bbox 2231 1811 3800 1868">
     <span class='ocr_line' id='line_1_79' title="bbox 2231 1811 3800 1868; baseline -0.001 -2"><span class='ocrx_word' id='word_1_633' title='bbox 2231 1812 2410 1868; x_wconf 90' lang='lat' dir='ltr'>debes</span> <span class='ocrx_word' id='word_1_634' title='bbox 2435 1811 2543 1867; x_wconf 88' lang='lat' dir='ltr'>hoc</span> <span class='ocrx_word' id='word_1_635' title='bbox 2586 1811 2711 1868; x_wconf 92' lang='lat' dir='ltr'>loco</span> <span class='ocrx_word' id='word_1_636' title='bbox 2759 1812 2876 1866; x_wconf 91' lang='lat' dir='ltr'>vim</span> <span class='ocrx_word' id='word_1_637' title='bbox 2918 1811 3128 1868; x_wconf 70' lang='lat' dir='ltr'>divina:</span> <span class='ocrx_word' id='word_1_638' title='bbox 3159 1812 3456 1868; x_wconf 79' lang='lat' dir='ltr'>sententiae</span> <span class='ocrx_word' id='word_1_639' title='bbox 3484 1813 3800 1868; x_wconf 85' lang='lat' dir='ltr'>considerare.</span> 
     </span>
    </p>
   </div>
   <div class='ocr_carea' id='block_1_80' title="bbox 2231 1899 3804 1973">
    <p class='ocr_par' dir='ltr' id='par_1_80' title="bbox 2231 1899 3804 1973">
     <span class='ocr_line' id='line_1_80' title="bbox 2231 1899 3804 1973; baseline -0.001 -17"><span class='ocrx_word' id='word_1_640' title='bbox 2231 1899 2730 1973; x_wconf 88' lang='lat' dir='ltr'>Contemplatione</span> <span class='ocrx_word' id='word_1_641' title='bbox 2748 1899 2962 1956; x_wconf 89' lang='lat' dir='ltr'>etenim</span> <span class='ocrx_word' id='word_1_642' title='bbox 2981 1904 3379 1958; x_wconf 87' lang='lat' dir='ltr'>creaturarum</span> <span class='ocrx_word' id='word_1_643' title='bbox 3401 1900 3804 1971; x_wconf 75' lang='lat' dir='ltr'>caelestium,que</span> 
     </span>
    </p>
   </div>
   <div class='ocr_carea' id='block_1_81' title="bbox 2231 1988 3804 2061">
    <p class='ocr_par' dir='ltr' id='par_1_81' title="bbox 2231 1988 3804 2061">
     <span class='ocr_line' id='line_1_81' title="bbox 2231 1988 3804 2061; baseline -0.001 -16"><span class='ocrx_word' id='word_1_644' title='bbox 2231 1989 2429 2046; x_wconf 85' lang='lat' dir='ltr'>multae</span> <span class='ocrx_word' id='word_1_645' title='bbox 2446 1994 2592 2045; x_wconf 89' lang='lat' dir='ltr'>sunt</span> <span class='ocrx_word' id='word_1_646' title='bbox 2623 1989 2796 2060; x_wconf 90' lang='lat' dir='ltr'>(sicut</span> <span class='ocrx_word' id='word_1_647' title='bbox 2823 1989 3036 2045; x_wconf 82' lang='lat' dir='ltr'>ccelum</span> <span class='ocrx_word' id='word_1_648' title='bbox 3068 1990 3225 2061; x_wconf 92' lang='lat' dir='ltr'>quod</span> <span class='ocrx_word' id='word_1_649' title='bbox 3255 1988 3638 2061; x_wconf 89' lang='lat' dir='ltr'>multipliciter</span> <span class='ocrx_word' id='word_1_650' title='bbox 3660 1989 3804 2059; x_wconf 74' lang='lat' dir='ltr'>majus</span> 
     </span>
    </p>
   </div>
   <div class='ocr_carea' id='block_1_82' title="bbox 2229 2076 3805 2150">
    <p class='ocr_par' dir='ltr' id='par_1_82' title="bbox 2229 2076 3805 2150">
     <span class='ocr_line' id='line_1_82' title="bbox 2229 2076 3805 2150; baseline -0.001 -18"><span class='ocrx_word' id='word_1_651' title='bbox 2229 2095 2410 2149; x_wconf 90' lang='lat' dir='ltr'>quam</span> <span class='ocrx_word' id='word_1_652' title='bbox 2439 2082 2595 2133; x_wconf 90' lang='lat' dir='ltr'>terra</span> <span class='ocrx_word' id='word_1_653' title='bbox 2622 2081 2728 2145; x_wconf 90' lang='lat' dir='ltr'>est,</span> <span class='ocrx_word' id='word_1_654' title='bbox 2762 2082 2826 2133; x_wconf 91' lang='lat' dir='ltr'>ut</span> <span class='ocrx_word' id='word_1_655' title='bbox 2855 2094 2890 2133; x_wconf 92' lang='lat' dir='ltr'>a</span> <span class='ocrx_word' id='word_1_656' title='bbox 2917 2076 3213 2150; x_wconf 90' lang='lat' dir='ltr'>plerisque</span> <span class='ocrx_word' id='word_1_657' title='bbox 3260 2082 3539 2150; x_wconf 91' lang='lat' dir='ltr'>punctum</span> <span class='ocrx_word' id='word_1_658' title='bbox 3566 2092 3805 2148; x_wconf 83' lang='lat' dir='ltr'>compara-</span> 
     </span>
    </p>
   </div>
   <div class='ocr_carea' id='block_1_83' title="bbox 2228 2164 3804 2240">
    <p class='ocr_par' dir='ltr' id='par_1_83' title="bbox 2228 2164 3804 2240">
     <span class='ocr_line' id='line_1_83' title="bbox 2228 2164 3804 2240; baseline -0.003 -18"><span class='ocrx_word' id='word_1_659' title='bbox 2228 2167 2386 2222; x_wconf 89' lang='lat' dir='ltr'>tione</span> <span class='ocrx_word' id='word_1_660' title='bbox 2417 2166 2544 2222; x_wconf 73' lang='lat' dir='ltr'>coeli</span> <span class='ocrx_word' id='word_1_661' title='bbox 2573 2171 2728 2222; x_wconf 90' lang='lat' dir='ltr'>terra</span> <span class='ocrx_word' id='word_1_662' title='bbox 2755 2166 2832 2222; x_wconf 88' lang='lat' dir='ltr'>sit</span> <span class='ocrx_word' id='word_1_663' title='bbox 2852 2166 3181 2237; x_wconf 75' lang='lat' dir='ltr'>aestimata),</span> <span class='ocrx_word' id='word_1_664' title='bbox 3212 2165 3577 2240; x_wconf 87' lang='lat' dir='ltr'>Angelorum,</span> <span class='ocrx_word' id='word_1_665' title='bbox 3605 2164 3804 2220; x_wconf 84' lang='lat' dir='ltr'>Archan-</span> 
     </span>
    </p>
   </div>
   <div class='ocr_carea' id='block_1_84' title="bbox 2227 2254 3806 2329">
    <p class='ocr_par' dir='ltr' id='par_1_84' title="bbox 2227 2254 3806 2329">
     <span class='ocr_line' id='line_1_84' title="bbox 2227 2254 3806 2329; baseline -0.003 -18"><span class='ocrx_word' id='word_1_666' title='bbox 2227 2255 2514 2329; x_wconf 90' lang='lat' dir='ltr'>gelorum,</span> <span class='ocrx_word' id='word_1_667' title='bbox 2571 2255 2995 2328; x_wconf 89' lang='lat' dir='ltr'>Principatum,</span> <span class='ocrx_word' id='word_1_668' title='bbox 3051 2256 3434 2321; x_wconf 90' lang='lat' dir='ltr'>Potestatum,</span> <span class='ocrx_word' id='word_1_669' title='bbox 3481 2254 3806 2318; x_wconf 87' lang='lat' dir='ltr'>Thronorum,</span> 
     </span>
    </p>
   </div>
   <div class='ocr_carea' id='block_1_85' title="bbox 2229 2341 3810 2412">
    <p class='ocr_par' dir='ltr' id='par_1_85' title="bbox 2229 2341 3810 2412">
     <span class='ocr_line' id='line_1_85' title="bbox 2229 2341 3810 2412; baseline -0.003 -13"><span class='ocrx_word' id='word_1_670' title='bbox 2229 2343 2722 2412; x_wconf 89' lang='lat' dir='ltr'>Dominationum,</span> <span class='ocrx_word' id='word_1_671' title='bbox 2747 2343 3021 2412; x_wconf 90' lang='lat' dir='ltr'>millium,</span> <span class='ocrx_word' id='word_1_672' title='bbox 3050 2347 3108 2399; x_wconf 90' lang='lat' dir='ltr'>et</span> <span class='ocrx_word' id='word_1_673' title='bbox 3123 2343 3324 2399; x_wconf 90' lang='lat' dir='ltr'>decem</span> <span class='ocrx_word' id='word_1_674' title='bbox 3349 2343 3607 2405; x_wconf 90' lang='lat' dir='ltr'>millium,</span> <span class='ocrx_word' id='word_1_675' title='bbox 3624 2341 3810 2396; x_wconf 87' lang='lat' dir='ltr'>etinnu-</span> 
     </span>
    </p>
   </div>
   <div class='ocr_carea' id='block_1_86' title="bbox 2227 2429 3806 2504">
    <p class='ocr_par' dir='ltr' id='par_1_86' title="bbox 2227 2429 3806 2504">
     <span class='ocr_line' id='line_1_86' title="bbox 2227 2429 3806 2504; baseline -0.004 -15"><span class='ocrx_word' id='word_1_676' title='bbox 2227 2432 2600 2489; x_wconf 90' lang='lat' dir='ltr'>merabilium</span> <span class='ocrx_word' id='word_1_677' title='bbox 2631 2431 2887 2488; x_wconf 90' lang='lat' dir='ltr'>millium</span> <span class='ocrx_word' id='word_1_678' title='bbox 2921 2449 2936 2500; x_wconf 89' lang='lat'><strong>;</strong></span> <span class='ocrx_word' id='word_1_679' title='bbox 2976 2431 3470 2504; x_wconf 89' lang='lat' dir='ltr'>contemplatione</span> <span class='ocrx_word' id='word_1_680' title='bbox 3497 2446 3620 2502; x_wconf 87' lang='lat' dir='ltr'>ergo</span> <span class='ocrx_word' id='word_1_681' title='bbox 3645 2429 3806 2484; x_wconf 88' lang='lat' dir='ltr'>horum</span> 
     </span>
    </p>
   </div>
   <div class='ocr_carea' id='block_1_87' title="bbox 2225 2519 3804 2594">
    <p class='ocr_par' dir='ltr' id='par_1_87' title="bbox 2225 2519 3804 2594">
     <span class='ocr_line' id='line_1_87' title="bbox 2225 2519 3804 2594; baseline -0.005 -16"><span class='ocrx_word' id='word_1_682' title='bbox 2225 2526 2426 2594; x_wconf 86' lang='lat' dir='ltr'>gentes</span> <span class='ocrx_word' id='word_1_683' title='bbox 2454 2525 2519 2577; x_wconf 90' lang='lat' dir='ltr'>ut</span> <span class='ocrx_word' id='word_1_684' title='bbox 2548 2519 2919 2577; x_wconf 84' lang='lat' dir='ltr'>stillicidium</span> <span class='ocrx_word' id='word_1_685' title='bbox 2969 2521 3040 2576; x_wconf 91' lang='lat' dir='ltr'>de</span> <span class='ocrx_word' id='word_1_686' title='bbox 3061 2536 3234 2576; x_wconf 90' lang='lat' dir='ltr'>urceo</span> <span class='ocrx_word' id='word_1_687' title='bbox 3260 2521 3553 2577; x_wconf 67' lang='lat' dir='ltr'>aestimate</span> <span class='ocrx_word' id='word_1_688' title='bbox 3581 2522 3713 2583; x_wconf 87' lang='lat' dir='ltr'>sunt,</span> <span class='ocrx_word' id='word_1_689' title='bbox 3735 2533 3804 2571; x_wconf 89' lang='lat' dir='ltr'>cu-</span> 
     </span>
    </p>
   </div>
   <div class='ocr_carea' id='block_1_88' title="bbox 2217 2605 3807 2682">
    <p class='ocr_par' dir='ltr' id='par_1_88' title="bbox 2217 2605 3807 2682">
     <span class='ocr_line' id='line_1_88' title="bbox 2217 2605 3807 2682; baseline -0.005 -16"><span class='ocrx_word' id='word_1_690' title='bbox 2217 2611 2320 2682; x_wconf 90' lang='lat' dir='ltr'>jus</span> <span class='ocrx_word' id='word_1_691' title='bbox 2352 2614 2441 2666; x_wconf 91' lang='lat' dir='ltr'>est</span> <span class='ocrx_word' id='word_1_692' title='bbox 2470 2610 2662 2666; x_wconf 89' lang='lat' dir='ltr'>omnis</span> <span class='ocrx_word' id='word_1_693' title='bbox 2685 2608 3004 2682; x_wconf 91' lang='lat' dir='ltr'>plenitudo.</span> <span class='ocrx_word' id='word_1_694' title='bbox 3053 2609 3135 2665; x_wconf 83' lang='lat' dir='ltr'><strong>Ex</strong></span> <span class='ocrx_word' id='word_1_695' title='bbox 3159 2608 3258 2664; x_wconf 90' lang='lat' dir='ltr'>illa</span> <span class='ocrx_word' id='word_1_696' title='bbox 3290 2607 3584 2682; x_wconf 60' lang='lat' dir='ltr'>igitur(54)</span> <span class='ocrx_word' id='word_1_697' title='bbox 3604 2605 3807 2678; x_wconf 85' lang='lat' dir='ltr'>plenitu-</span> 
     </span>
    </p>
   </div>
   <div class='ocr_carea' id='block_1_89' title="bbox 2225 2697 3811 2771">
    <p class='ocr_par' dir='ltr' id='par_1_89' title="bbox 2225 2697 3811 2771">
     <span class='ocr_line' id='line_1_89' title="bbox 2225 2697 3811 2771; baseline -0.005 -16"><span class='ocrx_word' id='word_1_698' title='bbox 2225 2700 2361 2755; x_wconf 92' lang='lat' dir='ltr'>dine</span> <span class='ocrx_word' id='word_1_699' title='bbox 2393 2699 2609 2755; x_wconf 79' lang='lat' dir='ltr'>coelesti</span> <span class='ocrx_word' id='word_1_700' title='bbox 2641 2703 2924 2771; x_wconf 87' lang='lat' dir='ltr'>tanquam</span> <span class='ocrx_word' id='word_1_701' title='bbox 2959 2702 3126 2771; x_wconf 85' lang='lat' dir='ltr'>gutta</span> <span class='ocrx_word' id='word_1_702' title='bbox 3154 2698 3373 2754; x_wconf 88' lang='lat' dir='ltr'>cadens</span> <span class='ocrx_word' id='word_1_703' title='bbox 3415 2699 3685 2754; x_wconf 67' lang='lat' dir='ltr'>aestimatae</span> <span class='ocrx_word' id='word_1_704' title='bbox 3707 2697 3811 2749; x_wconf 86' lang='lat' dir='ltr'>sunt</span> 
     </span>
    </p>
   </div>
   <div class='ocr_carea' id='block_1_90' title="bbox 2225 2781 3805 2861">
    <p class='ocr_par' dir='ltr' id='par_1_90' title="bbox 2225 2781 3805 2861">
     <span class='ocr_line' id='line_1_90' title="bbox 2225 2781 3805 2861; baseline -0.006 -17"><span class='ocrx_word' id='word_1_705' title='bbox 2225 2793 2447 2861; x_wconf 91' lang='lat' dir='ltr'>gentes.</span> <span class='ocrx_word' id='word_1_706' title='bbox 2507 2788 2807 2854; x_wconf 88' lang='lat' dir='ltr'>Quomodo</span> <span class='ocrx_word' id='word_1_707' title='bbox 2867 2787 3018 2842; x_wconf 88' lang='lat' dir='ltr'>enim</span> <span class='ocrx_word' id='word_1_708' title='bbox 3054 2791 3329 2859; x_wconf 92' lang='lat' dir='ltr'>poterant</span> <span class='ocrx_word' id='word_1_709' title='bbox 3365 2785 3616 2842; x_wconf 64' lang='lat' dir='ltr'>maxime</span> <span class='ocrx_word' id='word_1_710' title='bbox 3650 2781 3805 2844; x_wconf 84' lang='lat' dir='ltr'>videri,</span> 
     </span>
    </p>
   </div>
   <div class='ocr_carea' id='block_1_91' title="bbox 2223 2868 3807 2949">
    <p class='ocr_par' dir='ltr' id='par_1_91' title="bbox 2223 2868 3807 2949">
     <span class='ocr_line' id='line_1_91' title="bbox 2223 2868 3807 2949; baseline -0.006 -16"><span class='ocrx_word' id='word_1_711' title='bbox 2223 2894 2358 2933; x_wconf 91' lang='lat' dir='ltr'>cum</span> <span class='ocrx_word' id='word_1_712' title='bbox 2392 2878 2520 2949; x_wconf 74' lang='lat' dir='ltr'>ipsa</span> <span class='ocrx_word' id='word_1_713' title='bbox 2561 2881 2716 2933; x_wconf 91' lang='lat' dir='ltr'>terra</span> <span class='ocrx_word' id='word_1_714' title='bbox 2741 2877 2801 2931; x_wconf 91' lang='lat' dir='ltr'>in</span> <span class='ocrx_word' id='word_1_715' title='bbox 2832 2892 2949 2948; x_wconf 88' lang='lat' dir='ltr'>qua</span> <span class='ocrx_word' id='word_1_716' title='bbox 2967 2880 3107 2932; x_wconf 90' lang='lat' dir='ltr'>sunt</span> <span class='ocrx_word' id='word_1_717' title='bbox 3126 2877 3358 2947; x_wconf 90' lang='lat' dir='ltr'>gentes,</span> <span class='ocrx_word' id='word_1_718' title='bbox 3390 2873 3623 2930; x_wconf 88' lang='lat' dir='ltr'>minima</span> <span class='ocrx_word' id='word_1_719' title='bbox 3648 2868 3807 2926; x_wconf 91' lang='lat' dir='ltr'>mundi</span> 
     </span>
    </p>
   </div>
   <div class='ocr_carea' id='block_1_92' title="bbox 2223 2963 3806 3038">
    <p class='ocr_par' dir='ltr' id='par_1_92' title="bbox 2223 2963 3806 3038">
     <span class='ocr_line' id='line_1_92' title="bbox 2223 2963 3806 3038; baseline -0.007 -16"><span class='ocrx_word' id='word_1_720' title='bbox 2223 2965 2411 3038; x_wconf 90' lang='lat' dir='ltr'>portio</span> <span class='ocrx_word' id='word_1_721' title='bbox 2468 2965 2563 3033; x_wconf 90' lang='lat' dir='ltr'>sit,</span> <span class='ocrx_word' id='word_1_722' title='bbox 2596 2969 2651 3020; x_wconf 92' lang='lat' dir='ltr'>et</span> <span class='ocrx_word' id='word_1_723' title='bbox 2709 2964 2976 3021; x_wconf 89' lang='lat' dir='ltr'>omnium</span> <span class='ocrx_word' id='word_1_724' title='bbox 3036 2981 3163 3036; x_wconf 63' lang='lat' dir='ltr'>qua</span> <span class='ocrx_word' id='word_1_725' title='bbox 3223 2969 3497 3036; x_wconf 91' lang='lat' dir='ltr'>operatus</span> <span class='ocrx_word' id='word_1_726' title='bbox 3548 2965 3628 3017; x_wconf 88' lang='lat' dir='ltr'>est</span> <span class='ocrx_word' id='word_1_727' title='bbox 3673 2963 3806 3024; x_wconf 85' lang='lat' dir='ltr'>Deus,</span> 
     </span>
    </p>
   </div>
   <div class='ocr_carea' id='block_1_93' title="bbox 2219 3043 3809 3126">
    <p class='ocr_par' dir='ltr' id='par_1_93' title="bbox 2219 3043 3809 3126">
     <span class='ocr_line' id='line_1_93' title="bbox 2219 3043 3809 3126; baseline -0.007 -17"><span class='ocrx_word' id='word_1_728' title='bbox 2219 3057 2504 3126; x_wconf 88' lang='lat' dir='ltr'>tanquam</span> <span class='ocrx_word' id='word_1_729' title='bbox 2563 3056 2790 3110; x_wconf 75' lang='lat' dir='ltr'>staterae</span> <span class='ocrx_word' id='word_1_730' title='bbox 2845 3053 3056 3126; x_wconf 84' lang='lat' dir='ltr'>exigua</span> <span class='ocrx_word' id='word_1_731' title='bbox 3110 3051 3414 3108; x_wconf 88' lang='lat' dir='ltr'>inclinatio</span> <span class='ocrx_word' id='word_1_732' title='bbox 3456 3053 3641 3123; x_wconf 87' lang='lat' dir='ltr'>gentes</span> <span class='ocrx_word' id='word_1_733' title='bbox 3684 3043 3809 3102; x_wconf 80' lang='lat' dir='ltr'>sint?</span> 
     </span>
    </p>
   </div>
   <div class='ocr_carea' id='block_1_94' title="bbox 2220 3139 3808 3214">
    <p class='ocr_par' dir='ltr' id='par_1_94' title="bbox 2220 3139 3808 3214">
     <span class='ocr_line' id='line_1_94' title="bbox 2220 3139 3808 3214; baseline -0.006 -16"><span class='ocrx_word' id='word_1_734' title='bbox 2220 3141 2409 3198; x_wconf 91' lang='lat' dir='ltr'>Simul</span> <span class='ocrx_word' id='word_1_735' title='bbox 2433 3158 2715 3214; x_wconf 86' lang='lat' dir='ltr'>cognosce</span> <span class='ocrx_word' id='word_1_736' title='bbox 2737 3159 2840 3214; x_wconf 90' lang='lat' dir='ltr'>per</span> <span class='ocrx_word' id='word_1_737' title='bbox 2862 3142 3013 3198; x_wconf 88' lang='lat' dir='ltr'>hanc</span> <span class='ocrx_word' id='word_1_738' title='bbox 3033 3145 3316 3198; x_wconf 86' lang='lat' dir='ltr'>stateram</span> <span class='ocrx_word' id='word_1_739' title='bbox 3330 3140 3525 3196; x_wconf 88' lang='lat' dir='ltr'>omnia</span> <span class='ocrx_word' id='word_1_740' title='bbox 3535 3139 3696 3194; x_wconf 90' lang='lat' dir='ltr'>Deum</span> <span class='ocrx_word' id='word_1_741' title='bbox 3708 3149 3808 3190; x_wconf 87' lang='lat' dir='ltr'>cum</span> 
     </span>
    </p>
   </div>
   <div class='ocr_carea' id='block_1_95' title="bbox 2213 3221 3811 3303">
    <p class='ocr_par' dir='ltr' id='par_1_95' title="bbox 2213 3221 3811 3303">
     <span class='ocr_line' id='line_1_95' title="bbox 2213 3221 3811 3303; baseline -0.008 -16"><span class='ocrx_word' id='word_1_742' title='bbox 2213 3230 2447 3302; x_wconf 89' lang='lat' dir='ltr'>justitia</span> <span class='ocrx_word' id='word_1_743' title='bbox 2466 3229 2818 3298; x_wconf 88' lang='lat' dir='ltr'>condidisse,</span> <span class='ocrx_word' id='word_1_744' title='bbox 2851 3234 2908 3286; x_wconf 89' lang='lat' dir='ltr'>et</span> <span class='ocrx_word' id='word_1_745' title='bbox 2927 3230 2987 3286; x_wconf 91' lang='lat' dir='ltr'>in</span> <span class='ocrx_word' id='word_1_746' title='bbox 3009 3229 3155 3303; x_wconf 88' lang='lat' dir='ltr'>ipsis</span> <span class='ocrx_word' id='word_1_747' title='bbox 3184 3229 3462 3302; x_wconf 90' lang='lat' dir='ltr'>gentibus</span> <span class='ocrx_word' id='word_1_748' title='bbox 3481 3228 3656 3284; x_wconf 88' lang='lat' dir='ltr'>inesse</span> <span class='ocrx_word' id='word_1_749' title='bbox 3679 3221 3811 3296; x_wconf 86' lang='lat' dir='ltr'>quid-</span> 
     </span>
    </p>
   </div>
   <div class='ocr_carea' id='block_1_96' title="bbox 2218 3311 3809 3390">
    <p class='ocr_par' dir='ltr' id='par_1_96' title="bbox 2218 3311 3809 3390">
     <span class='ocr_line' id='line_1_96' title="bbox 2218 3311 3809 3390; baseline -0.008 -14"><span class='ocrx_word' id='word_1_750' title='bbox 2218 3320 2355 3376; x_wconf 90' lang='lat' dir='ltr'>dam</span> <span class='ocrx_word' id='word_1_751' title='bbox 2385 3318 2750 3388; x_wconf 88' lang='lat' dir='ltr'>naturaliter,</span> <span class='ocrx_word' id='word_1_752' title='bbox 2783 3317 2843 3374; x_wconf 92' lang='lat' dir='ltr'>in</span> <span class='ocrx_word' id='word_1_753' title='bbox 2874 3335 2990 3390; x_wconf 91' lang='lat' dir='ltr'>quo</span> <span class='ocrx_word' id='word_1_754' title='bbox 3029 3317 3280 3390; x_wconf 63' lang='lat' dir='ltr'>justitia</span> <span class='ocrx_word' id='word_1_755' title='bbox 3310 3319 3594 3374; x_wconf 87' lang='lat' dir='ltr'>videretur</span> <span class='ocrx_word' id='word_1_756' title='bbox 3626 3312 3699 3369; x_wconf 91' lang='lat' dir='ltr'>vel</span> <span class='ocrx_word' id='word_1_757' title='bbox 3720 3311 3809 3366; x_wconf 85' lang='lat' dir='ltr'>exi-</span> 
     </span>
    </p>
   </div>
   <div class='ocr_carea' id='block_1_97' title="bbox 2218 3407 3808 3482">
    <p class='ocr_par' dir='ltr' id='par_1_97' title="bbox 2218 3407 3808 3482">
     <span class='ocr_line' id='line_1_97' title="bbox 2218 3407 3808 3482; baseline -0.007 -18"><span class='ocrx_word' id='word_1_758' title='bbox 2218 3425 2401 3482; x_wconf 89' lang='lat' dir='ltr'>guum</span> <span class='ocrx_word' id='word_1_759' title='bbox 2433 3423 2562 3464; x_wconf 90' lang='lat' dir='ltr'>esse</span> <span class='ocrx_word' id='word_1_760' title='bbox 2593 3411 2980 3474; x_wconf 90' lang='lat' dir='ltr'>momentum,</span> <span class='ocrx_word' id='word_1_761' title='bbox 3005 3411 3062 3464; x_wconf 90' lang='lat' dir='ltr'>et</span> <span class='ocrx_word' id='word_1_762' title='bbox 3082 3411 3330 3480; x_wconf 88' lang='lat' dir='ltr'>sputum</span> <span class='ocrx_word' id='word_1_763' title='bbox 3361 3407 3552 3479; x_wconf 90' lang='lat' dir='ltr'>ipsum</span> <span class='ocrx_word' id='word_1_764' title='bbox 3582 3407 3808 3472; x_wconf 84' lang='lat' dir='ltr'>tanquam</span> 
     </span>
    </p>
   </div>
   <div class='ocr_carea' id='block_1_98' title="bbox 2217 3490 3809 3568">
    <p class='ocr_par' dir='ltr' id='par_1_98' title="bbox 2217 3490 3809 3568">
     <span class='ocr_line' id='line_1_98' title="bbox 2217 3490 3809 3568; baseline -0.008 -15"><span class='ocrx_word' id='word_1_765' title='bbox 2217 3515 2286 3553; x_wconf 83' lang='lat' dir='ltr'>ex</span> <span class='ocrx_word' id='word_1_766' title='bbox 2316 3495 2692 3553; x_wconf 88' lang='lat' dir='ltr'>universitate</span> <span class='ocrx_word' id='word_1_767' title='bbox 2723 3495 2903 3552; x_wconf 89' lang='lat' dir='ltr'>totius</span> <span class='ocrx_word' id='word_1_768' title='bbox 2932 3494 3193 3568; x_wconf 92' lang='lat' dir='ltr'>corporis</span> <span class='ocrx_word' id='word_1_769' title='bbox 3223 3495 3557 3552; x_wconf 87' lang='lat' dir='ltr'>interiorem</span> <span class='ocrx_word' id='word_1_770' title='bbox 3586 3490 3809 3547; x_wconf 70' lang='lat' dir='ltr'>exsistere</span> 
     </span>
    </p>
   </div>
   <div class='ocr_carea' id='block_1_99' title="bbox 2217 3586 2563 3658">
    <p class='ocr_par' dir='ltr' id='par_1_99' title="bbox 2217 3586 2563 3658">
     <span class='ocr_line' id='line_1_99' title="bbox 2217 3586 2563 3658; baseline -0.017 -12"><span class='ocrx_word' id='word_1_771' title='bbox 2217 3586 2563 3658; x_wconf 89' lang='lat' dir='ltr'>portionem.</span> 
     </span>
    </p>
   </div>
   <div class='ocr_carea' id='block_1_100' title="bbox 2287 3668 3807 3748">
    <p class='ocr_par' dir='ltr' id='par_1_100' title="bbox 2287 3668 3807 3748">
     <span class='ocr_line' id='line_1_100' title="bbox 2287 3668 3807 3748; baseline -0.01 -17"><span class='ocrx_word' id='word_1_772' title='bbox 2287 3677 2376 3731; x_wconf 86' lang='lat'>50.</span> <span class='ocrx_word' id='word_1_773' title='bbox 2412 3674 2596 3748; x_wconf 90' lang='lat' dir='ltr'>Magis</span> <span class='ocrx_word' id='word_1_774' title='bbox 2643 3690 2779 3746; x_wconf 91' lang='lat' dir='ltr'>ergo</span> <span class='ocrx_word' id='word_1_775' title='bbox 2835 3673 2932 3730; x_wconf 91' lang='lat' dir='ltr'>hic</span> <span class='ocrx_word' id='word_1_776' title='bbox 2997 3673 3404 3730; x_wconf 88' lang='lat' dir='ltr'>misericordia</span> <span class='ocrx_word' id='word_1_777' title='bbox 3466 3668 3807 3744; x_wconf 78' lang='lat' dir='ltr'>praedicatur:</span> 
     </span>
    </p>
   </div>
   <div class='ocr_carea' id='block_1_101' title="bbox 2217 3751 3806 3837">
    <p class='ocr_par' dir='ltr' id='par_1_101' title="bbox 2217 3751 3806 3837">
     <span class='ocr_line' id='line_1_101' title="bbox 2217 3751 3806 3837; baseline -0.009 -16"><span class='ocrx_word' id='word_1_778' title='bbox 2217 3764 2497 3837; x_wconf 88' lang='lat' dir='ltr'>quoniam</span> <span class='ocrx_word' id='word_1_779' title='bbox 2529 3763 2629 3835; x_wconf 93' lang='lat' dir='ltr'>qui</span> <span class='ocrx_word' id='word_1_780' title='bbox 2658 3763 2815 3820; x_wconf 89' lang='lat' dir='ltr'>venit</span> <span class='ocrx_word' id='word_1_781' title='bbox 2843 3779 3099 3836; x_wconf 74' lang='lat' dir='ltr'>quaerere</span> <span class='ocrx_word' id='word_1_782' title='bbox 3128 3764 3285 3834; x_wconf 93' lang='lat' dir='ltr'>quod</span> <span class='ocrx_word' id='word_1_783' title='bbox 3312 3762 3574 3835; x_wconf 89' lang='lat' dir='ltr'>perierat,</span> <span class='ocrx_word' id='word_1_784' title='bbox 3599 3773 3689 3813; x_wconf 91' lang='lat' dir='ltr'>nec</span> <span class='ocrx_word' id='word_1_785' title='bbox 3713 3751 3806 3810; x_wconf 88' lang='lat' dir='ltr'>stil-</span> 
     </span>
    </p>
   </div>
   <div class='ocr_carea' id='block_1_102' title="bbox 2215 3839 3809 3924">
    <p class='ocr_par' dir='ltr' id='par_1_102' title="bbox 2215 3839 3809 3924">
     <span class='ocr_line' id='line_1_102' title="bbox 2215 3839 3809 3924; baseline -0.008 -16"><span class='ocrx_word' id='word_1_786' title='bbox 2215 3853 2480 3909; x_wconf 89' lang='lat' dir='ltr'>licidium</span> <span class='ocrx_word' id='word_1_787' title='bbox 2529 3851 2674 3907; x_wconf 90' lang='lat' dir='ltr'>illud</span> <span class='ocrx_word' id='word_1_788' title='bbox 2723 3850 2890 3923; x_wconf 88' lang='lat' dir='ltr'>quasi</span> <span class='ocrx_word' id='word_1_789' title='bbox 2940 3850 3050 3907; x_wconf 90' lang='lat' dir='ltr'>vile</span> <span class='ocrx_word' id='word_1_790' title='bbox 3090 3851 3469 3924; x_wconf 89' lang='lat' dir='ltr'>contempsit,</span> <span class='ocrx_word' id='word_1_791' title='bbox 3500 3855 3554 3905; x_wconf 89' lang='lat' dir='ltr'>et</span> <span class='ocrx_word' id='word_1_792' title='bbox 3596 3839 3809 3903; x_wconf 76' lang='lat' dir='ltr'>allevau&#39;t</span> 
     </span>
    </p>
   </div>
   <div class='ocr_carea' id='block_1_103' title="bbox 2215 3926 3806 4012">
    <p class='ocr_par' dir='ltr' id='par_1_103' title="bbox 2215 3926 3806 4012">
     <span class='ocr_line' id='line_1_103' title="bbox 2215 3926 3806 4012; baseline -0.01 -15"><span class='ocrx_word' id='word_1_793' title='bbox 2215 3944 2583 3997; x_wconf 90' lang='lat' dir='ltr'>momentum</span> <span class='ocrx_word' id='word_1_794' title='bbox 2615 3943 2841 3996; x_wconf 84' lang='lat' dir='ltr'>staterae</span> <span class='ocrx_word' id='word_1_795' title='bbox 2867 3956 2880 3994; x_wconf 93' lang='lat'>:</span> <span class='ocrx_word' id='word_1_796' title='bbox 2909 3945 2966 3995; x_wconf 90' lang='lat' dir='ltr'>et</span> <span class='ocrx_word' id='word_1_797' title='bbox 2990 3944 3161 4012; x_wconf 88' lang='lat' dir='ltr'>sputo</span> <span class='ocrx_word' id='word_1_798' title='bbox 3185 3940 3273 3995; x_wconf 91' lang='lat' dir='ltr'>illi</span> <span class='ocrx_word' id='word_1_799' title='bbox 3301 3936 3676 3997; x_wconf 87' lang='lat' dir='ltr'>substantiam</span> <span class='ocrx_word' id='word_1_800' title='bbox 3703 3926 3806 3985; x_wconf 85' lang='lat' dir='ltr'>boni</span> 
     </span>
    </p>
   </div>
   <div class='ocr_carea' id='block_1_104' title="bbox 2213 4025 3806 4102">
    <p class='ocr_par' dir='ltr' id='par_1_104' title="bbox 2213 4025 3806 4102">
     <span class='ocr_line' id='line_1_104' title="bbox 2213 4025 3806 4102; baseline -0.008 -17"><span class='ocrx_word' id='word_1_801' title='bbox 2213 4029 2473 4102; x_wconf 90' lang='lat' dir='ltr'>corporis</span> <span class='ocrx_word' id='word_1_802' title='bbox 2486 4029 2733 4097; x_wconf 89' lang='lat' dir='ltr'>donans,</span> <span class='ocrx_word' id='word_1_803' title='bbox 2758 4028 3034 4101; x_wconf 88' lang='lat' dir='ltr'>dignatus</span> <span class='ocrx_word' id='word_1_804' title='bbox 3047 4032 3136 4085; x_wconf 89' lang='lat' dir='ltr'>est</span> <span class='ocrx_word' id='word_1_805' title='bbox 3150 4045 3358 4086; x_wconf 80' lang='lat' dir='ltr'>omnes</span> <span class='ocrx_word' id='word_1_806' title='bbox 3376 4031 3575 4100; x_wconf 88' lang='lat' dir='ltr'>gentes</span> <span class='ocrx_word' id='word_1_807' title='bbox 3597 4025 3648 4079; x_wconf 86' lang='lat' dir='ltr'>in</span> <span class='ocrx_word' id='word_1_808' title='bbox 3665 4032 3806 4076; x_wconf 86' lang='lat' dir='ltr'>unum</span> 
     </span>
    </p>
   </div>
   <div class='ocr_carea' id='block_1_105' title="bbox 2213 4115 3808 4190">
    <p class='ocr_par' dir='ltr' id='par_1_105' title="bbox 2213 4115 3808 4190">
     <span class='ocr_line' id='line_1_105' title="bbox 2213 4115 3808 4190; baseline -0.009 -15"><span class='ocrx_word' id='word_1_809' title='bbox 2213 4133 2426 4190; x_wconf 89' lang='lat' dir='ltr'>corpus</span> <span class='ocrx_word' id='word_1_810' title='bbox 2474 4116 2738 4174; x_wconf 66' lang='lat' dir='ltr'>Ecclesiae</span> <span class='ocrx_word' id='word_1_811' title='bbox 2786 4115 3128 4189; x_wconf 86' lang='lat' dir='ltr'>congregari</span> <span class='ocrx_word' id='word_1_812' title='bbox 3175 4117 3310 4189; x_wconf 86' lang='lat'>(55).</span> <span class='ocrx_word' id='word_1_813' title='bbox 3345 4118 3502 4172; x_wconf 89' lang='lat' dir='ltr'>Inter</span> <span class='ocrx_word' id='word_1_814' title='bbox 3526 4115 3708 4186; x_wconf 85' lang='lat' dir='ltr'>gentes</span> <span class='ocrx_word' id='word_1_815' title='bbox 3733 4121 3808 4161; x_wconf 87' lang='lat' dir='ltr'>au-</span> 
     </span>
    </p>
   </div>
   <div class='ocr_carea' id='block_1_106' title="bbox 2211 4205 3813 4278">
    <p class='ocr_par' dir='ltr' id='par_1_106' title="bbox 2211 4205 3813 4278">
     <span class='ocr_line' id='line_1_106' title="bbox 2211 4205 3813 4278; baseline -0.007 -14"><span class='ocrx_word' id='word_1_816' title='bbox 2211 4211 2331 4264; x_wconf 89' lang='lat' dir='ltr'>tem</span> <span class='ocrx_word' id='word_1_817' title='bbox 2360 4210 2418 4263; x_wconf 88' lang='lat' dir='ltr'>et</span> <span class='ocrx_word' id='word_1_818' title='bbox 2448 4205 2626 4262; x_wconf 91' lang='lat' dir='ltr'>Israel</span> <span class='ocrx_word' id='word_1_819' title='bbox 2646 4205 3019 4262; x_wconf 89' lang='lat' dir='ltr'>annumerari</span> <span class='ocrx_word' id='word_1_820' title='bbox 3042 4209 3234 4278; x_wconf 90' lang='lat' dir='ltr'>potest</span> <span class='ocrx_word' id='word_1_821' title='bbox 3262 4219 3631 4278; x_wconf 89' lang='lat' dir='ltr'>uequaquam</span> <span class='ocrx_word' id='word_1_822' title='bbox 3652 4208 3813 4268; x_wconf 78' lang='lat' dir='ltr'>expers</span> 
     </span>
    </p>
   </div>
   <div class='ocr_carea' id='block_1_107' title="bbox 2213 4282 3811 4368">
    <p class='ocr_par' dir='ltr' id='par_1_107' title="bbox 2213 4282 3811 4368">
     <span class='ocr_line' id='line_1_107' title="bbox 2213 4282 3811 4368; baseline -0.011 -16"><span class='ocrx_word' id='word_1_823' title='bbox 2213 4296 2418 4352; x_wconf 59' lang='lat' dir='ltr'>divina</span> <span class='ocrx_word' id='word_1_824' title='bbox 2469 4296 2597 4367; x_wconf 90' lang='lat' dir='ltr'>ejus</span> <span class='ocrx_word' id='word_1_825' title='bbox 2613 4294 2896 4368; x_wconf 86' lang='lat' dir='ltr'>justitiae;</span> <span class='ocrx_word' id='word_1_826' title='bbox 2930 4293 3213 4367; x_wconf 88' lang='lat' dir='ltr'>quiaipse</span> <span class='ocrx_word' id='word_1_827' title='bbox 3247 4295 3479 4366; x_wconf 83' lang='lat' dir='ltr'>Moyses</span> <span class='ocrx_word' id='word_1_828' title='bbox 3508 4288 3642 4346; x_wconf 86' lang='lat' dir='ltr'>dixit</span> <span class='ocrx_word' id='word_1_829' title='bbox 3669 4286 3727 4340; x_wconf 90' lang='lat' dir='ltr'>de</span> <span class='ocrx_word' id='word_1_830' title='bbox 3753 4282 3811 4334; x_wconf 86' lang='lat' dir='ltr'>ls-</span> 
     </span>
    </p>
   </div>
   <div class='ocr_carea' id='block_1_108' title="bbox 2213 4377 3812 4456">
    <p class='ocr_par' dir='ltr' id='par_1_108' title="bbox 2213 4377 3812 4456">
     <span class='ocr_line' id='line_1_108' title="bbox 2213 4377 3812 4456; baseline -0.008 -16"><span class='ocrx_word' id='word_1_831' title='bbox 2213 4385 2367 4442; x_wconf 88' lang='lat' dir='ltr'>rael:</span> <span class='ocrx_word' id='word_1_832' title='bbox 2404 4407 2432 4434; x_wconf 88' lang='grc'>‹‹</span> <span class='ocrx_word' id='word_1_833' title='bbox 2463 4385 2608 4440; x_wconf 91' lang='lat' dir='ltr'>Ecce</span> <span class='ocrx_word' id='word_1_834' title='bbox 2655 4382 2907 4456; x_wconf 90' lang='lat' dir='ltr'>populus</span> <span class='ocrx_word' id='word_1_835' title='bbox 2936 4383 3194 4456; x_wconf 90' lang='lat' dir='ltr'>sapiens,</span> <span class='ocrx_word' id='word_1_836' title='bbox 3229 4388 3293 4440; x_wconf 87' lang='lat' dir='ltr'>et</span> <span class='ocrx_word' id='word_1_837' title='bbox 3321 4377 3635 4453; x_wconf 72' lang='lat' dir='ltr'>discipline:</span> <span class='ocrx_word' id='word_1_838' title='bbox 3662 4380 3812 4430; x_wconf 80' lang='lat' dir='ltr'>tenax.</span> 
     </span>
    </p>
   </div>
   <div class='ocr_carea' id='block_1_109' title="bbox 2212 4465 3814 4547">
    <p class='ocr_par' dir='ltr' id='par_1_109' title="bbox 2212 4465 3814 4547">
     <span class='ocr_line' id='line_1_109' title="bbox 2212 4465 3814 4547; baseline -0.011 -16"><span class='ocrx_word' id='word_1_839' title='bbox 2212 4489 2358 4547; x_wconf 90' lang='lat' dir='ltr'>gens</span> <span class='ocrx_word' id='word_1_840' title='bbox 2405 4489 2625 4546; x_wconf 89' lang='lat' dir='ltr'>magna</span> <span class='ocrx_word' id='word_1_841' title='bbox 2654 4473 2828 4544; x_wconf 89' lang='lat' dir='ltr'>(Deut.</span> <span class='ocrx_word' id='word_1_842' title='bbox 2864 4489 2940 4538; x_wconf 86' lang='lat' dir='ltr'>Iv,</span> <span class='ocrx_word' id='word_1_843' title='bbox 2970 4471 3049 4543; x_wconf 89' lang='lat'>6).</span> <span class='ocrx_word' id='word_1_844' title='bbox 3084 4493 3112 4520; x_wconf 92' lang='grc'><strong>››</strong></span> <span class='ocrx_word' id='word_1_845' title='bbox 3145 4472 3211 4526; x_wconf 85' lang='lat' dir='ltr'>Et</span> <span class='ocrx_word' id='word_1_846' title='bbox 3243 4476 3310 4527; x_wconf 90' lang='lat' dir='ltr'>ut</span> <span class='ocrx_word' id='word_1_847' title='bbox 3340 4470 3492 4527; x_wconf 89' lang='lat' dir='ltr'>scias</span> <span class='ocrx_word' id='word_1_848' title='bbox 3521 4465 3650 4540; x_wconf 87' lang='lat' dir='ltr'>quia</span> <span class='ocrx_word' id='word_1_849' title='bbox 3675 4472 3814 4547; x_wconf 82' lang='lat' dir='ltr'>supra</span> 
     </span>
    </p>
   </div>
   <div class='ocr_carea' id='block_1_110' title="bbox 2216 4545 3813 4627">
    <p class='ocr_par' dir='ltr' id='par_1_110' title="bbox 2216 4545 3813 4627">
     <span class='ocr_line' id='line_1_110' title="bbox 2216 4545 3813 4627; baseline -0.014 -8"><span class='ocrx_word' id='word_1_850' title='bbox 2216 4545 2360 4619; x_wconf 81' lang='lat' dir='ltr'>meri</span> <span class='ocrx_word' id='word_1_851' title='bbox 2371 4567 2494 4618; x_wconf 83' lang='lat' dir='ltr'>tum</span> <span class='ocrx_word' id='word_1_852' title='bbox 2515 4545 2782 4617; x_wconf 82' lang='lat' dir='ltr'>nostrum</span> <span class='ocrx_word' id='word_1_853' title='bbox 2805 4560 2901 4616; x_wconf 91' lang='lat' dir='ltr'>Dei</span> <span class='ocrx_word' id='word_1_854' title='bbox 2916 4559 3148 4616; x_wconf 90' lang='lat' dir='ltr'>bonitas</span> <span class='ocrx_word' id='word_1_855' title='bbox 3162 4557 3532 4624; x_wconf 89' lang='lat' dir='ltr'>redundavit,</span> <span class='ocrx_word' id='word_1_856' title='bbox 3550 4545 3813 4627; x_wconf 84' lang='lat' dir='ltr'>Apostolus</span> 
     </span>
    </p>
   </div>
   <div class='ocr_carea' id='block_1_111' title="bbox 2213 4638 3813 4729">
    <p class='ocr_par' dir='ltr' id='par_1_111' title="bbox 2213 4638 3813 4729">
     <span class='ocr_line' id='line_1_111' title="bbox 2213 4638 3813 4729; baseline -0.009 -23"><span class='ocrx_word' id='word_1_857' title='bbox 2213 4651 2372 4708; x_wconf 87' lang='lat' dir='ltr'>hunc</span> <span class='ocrx_word' id='word_1_858' title='bbox 2394 4648 2799 4724; x_wconf 88' lang='lat' dir='ltr'>propheticum</span> <span class='ocrx_word' id='word_1_859' title='bbox 2828 4649 3021 4705; x_wconf 89' lang='lat' dir='ltr'>locum</span> <span class='ocrx_word' id='word_1_860' title='bbox 3056 4649 3478 4720; x_wconf 87' lang='lat' dir='ltr'>interpretatus</span> <span class='ocrx_word' id='word_1_861' title='bbox 3501 4643 3612 4700; x_wconf 90' lang='lat' dir='ltr'>ait:</span> <span class='ocrx_word' id='word_1_862' title='bbox 3645 4660 3670 4690; x_wconf 87' lang='lat'><strong>«</strong></span> <span class='ocrx_word' id='word_1_863' title='bbox 3695 4638 3813 4729; x_wconf 65' lang='lat' dir='ltr'>Cou-</span> 
     </span>
    </p>
   </div>
   <div class='ocr_carea' id='block_1_112' title="bbox 2213 4729 3812 4803">
    <p class='ocr_par' dir='ltr' id='par_1_112' title="bbox 2213 4729 3812 4803">
     <span class='ocr_line' id='line_1_112' title="bbox 2213 4729 3812 4803; baseline -0.013 -6"><span class='ocrx_word' id='word_1_864' title='bbox 2213 4739 2388 4796; x_wconf 90' lang='lat' dir='ltr'>clusit</span> <span class='ocrx_word' id='word_1_865' title='bbox 2408 4739 2562 4796; x_wconf 89' lang='lat' dir='ltr'>Deus</span> <span class='ocrx_word' id='word_1_866' title='bbox 2593 4738 2792 4794; x_wconf 90' lang='lat' dir='ltr'>omnia</span> <span class='ocrx_word' id='word_1_867' title='bbox 2817 4737 2876 4793; x_wconf 92' lang='lat' dir='ltr'>in</span> <span class='ocrx_word' id='word_1_868' title='bbox 2897 4737 3328 4803; x_wconf 85' lang='lat' dir='ltr'>incredulitate,</span> <span class='ocrx_word' id='word_1_869' title='bbox 3363 4738 3428 4792; x_wconf 91' lang='lat' dir='ltr'>ut</span> <span class='ocrx_word' id='word_1_870' title='bbox 3457 4729 3702 4790; x_wconf 88' lang='lat' dir='ltr'>omnium</span> <span class='ocrx_word' id='word_1_871' title='bbox 3729 4736 3812 4778; x_wconf 82' lang='lat' dir='ltr'>m1-</span> 
     </span>
    </p>
   </div>
   <div class='ocr_carea' id='block_1_113' title="bbox 2214 4807 3812 4899">
    <p class='ocr_par' dir='ltr' id='par_1_113' title="bbox 2214 4807 3812 4899">
     <span class='ocr_line' id='line_1_113' title="bbox 2214 4807 3812 4899; baseline -0.013 -12"><span class='ocrx_word' id='word_1_872' title='bbox 2214 4832 2478 4887; x_wconf 89' lang='lat' dir='ltr'>sereatur</span> <span class='ocrx_word' id='word_1_873' title='bbox 2506 4829 2676 4899; x_wconf 83' lang='lat' dir='ltr'>(Rom.</span> <span class='ocrx_word' id='word_1_874' title='bbox 2707 4844 2786 4896; x_wconf 76' lang='lat' dir='ltr'>xx,</span> <span class='ocrx_word' id='word_1_875' title='bbox 2816 4827 2889 4883; x_wconf 89' lang='lat'><strong>32</strong></span> <span class='ocrx_word' id='word_1_876' title='bbox 2915 4834 2968 4883; x_wconf 83' lang='lat' dir='ltr'>et</span> <span class='ocrx_word' id='word_1_877' title='bbox 2994 4828 3133 4898; x_wconf 85' lang='lat' dir='ltr'>seq.)</span> <span class='ocrx_word' id='word_1_878' title='bbox 3163 4845 3176 4894; x_wconf 89' lang='lat'>;</span> <span class='ocrx_word' id='word_1_879' title='bbox 3215 4849 3238 4876; x_wconf 72' lang='grc' dir='ltr'>ι</span> <span class='ocrx_word' id='word_1_880' title='bbox 3273 4831 3332 4882; x_wconf 90' lang='lat' dir='ltr'>et</span> <span class='ocrx_word' id='word_1_881' title='bbox 3390 4816 3706 4894; x_wconf 80' lang='lat' dir='ltr'>subjunxit:</span> <span class='ocrx_word' id='word_1_882' title='bbox 3733 4834 3754 4861; x_wconf 75' lang='grc' dir='ltr'>ιι</span> <span class='ocrx_word' id='word_1_883' title='bbox 3780 4807 3812 4861; x_wconf 92' lang='grc' dir='ltr'><strong>Ο</strong></span> 
     </span>
    </p>
   </div>
   <div class='ocr_carea' id='block_1_114' title="bbox 2214 4967 3816 5057">
    <p class='ocr_par' dir='ltr' id='par_1_114' title="bbox 2214 4967 3816 5057">
     <span class='ocr_line' id='line_1_114' title="bbox 2214 4967 3816 5057; baseline -0.007 -12"><span class='ocrx_word' id='word_1_884' title='bbox 2214 4990 2569 5056; x_wconf 81' lang='lat' dir='ltr'>Thronorum,</span> <span class='ocrx_word' id='word_1_885' title='bbox 2623 4989 3087 5054; x_wconf 78' lang='lat' dir='ltr'>Dominationum,</span> <span class='ocrx_word' id='word_1_886' title='bbox 3136 4987 3400 5052; x_wconf 82' lang='lat' dir='ltr'>millium,</span> <span class='ocrx_word' id='word_1_887' title='bbox 3442 4987 3495 5039; x_wconf 83' lang='lat' dir='ltr'>et</span> <span class='ocrx_word' id='word_1_888' title='bbox 3524 4967 3816 5057; x_wconf 26' lang='lat' dir='ltr'>decem”???</span> 
     </span>
    </p>
   </div>
   <div class='ocr_carea' id='block_1_115' title="bbox 2215 5042 3814 5128">
    <p class='ocr_par' dir='ltr' id='par_1_115' title="bbox 2215 5042 3814 5128">
     <span class='ocr_line' id='line_1_115' title="bbox 2215 5042 3814 5128; baseline -0.013 -11"><span class='ocrx_word' id='word_1_889' title='bbox 2215 5042 2354 5117; x_wconf 60' lang='lat' dir='ltr'>ltum</span> <span class='ocrx_word' id='word_1_890' title='bbox 2373 5042 2998 5123; x_wconf 14' lang='lat' dir='ltr'>ret—tuuismerabvt&#39;lium</span> <span class='ocrx_word' id='word_1_891' title='bbox 3046 5042 3312 5125; x_wconf 72' lang='lat' dir='ltr'>millium,</span> <span class='ocrx_word' id='word_1_892' title='bbox 3343 5042 3528 5128; x_wconf 67' lang='lat' dir='ltr'>gentes</span> <span class='ocrx_word' id='word_1_893' title='bbox 3551 5059 3611 5128; x_wconf 70' lang='lat' dir='ltr'>ut</span> <span class='ocrx_word' id='word_1_894' title='bbox 3632 5042 3814 5128; x_wconf 56' lang='lat' dir='ltr'>stillift&#39;:</span> 
     </span>
    </p>
   </div>
   <div class='ocr_carea' id='block_1_116' title="bbox 2213 5111 3816 5195">
    <p class='ocr_par' dir='ltr' id='par_1_116' title="bbox 2213 5111 3816 5195">
     <span class='ocr_line' id='line_1_116' title="bbox 2213 5111 3816 5195; baseline -0.009 -7"><span class='ocrx_word' id='word_1_895' title='bbox 2213 5111 2466 5189; x_wconf 53' lang='lat' dir='ltr'>esse;</span> <span class='ocrx_word' id='word_1_896' title='bbox 2489 5111 2969 5188; x_wconf 44' lang='lat' dir='ltr'>sataesatae</span> <span class='ocrx_word' id='word_1_897' title='bbox 2983 5111 3162 5185; x_wconf 51' lang='lat' dir='ltr'>sai:</span> <span class='ocrx_word' id='word_1_898' title='bbox 3178 5111 3320 5186; x_wconf 54' lang='lat' dir='ltr'>ea»;</span> <span class='ocrx_word' id='word_1_899' title='bbox 3343 5111 3491 5183; x_wconf 55' lang='lat' dir='ltr'>sicut</span> <span class='ocrx_word' id='word_1_900' title='bbox 3519 5122 3692 5178; x_wconf 62' lang='lat' dir='ltr'>catum</span> <span class='ocrx_word' id='word_1_901' title='bbox 3718 5111 3816 5195; x_wconf 69' lang='lat' dir='ltr'>qdeo</span> 
     </span>
    </p>
   </div>
   <div class='ocr_carea' id='block_1_117' title="bbox 2211 5195 3815 5274">
    <p class='ocr_par' dir='ltr' id='par_1_117' title="bbox 2211 5195 3815 5274">
     <span class='ocr_line' id='line_1_117' title="bbox 2211 5195 3815 5274; baseline -0.011 -15"><span class='ocrx_word' id='word_1_902' title='bbox 2211 5206 2394 5267; x_wconf 75' lang='lat' dir='ltr'>maius</span> <span class='ocrx_word' id='word_1_903' title='bbox 2445 5207 2523 5258; x_wconf 87' lang='lat' dir='ltr'>est</span> <span class='ocrx_word' id='word_1_904' title='bbox 2580 5219 2743 5274; x_wconf 89' lang='lat' dir='ltr'>quam</span> <span class='ocrx_word' id='word_1_905' title='bbox 2801 5205 2971 5266; x_wconf 84' lang='lat' dir='ltr'>terra,</span> <span class='ocrx_word' id='word_1_906' title='bbox 3004 5207 3067 5256; x_wconf 86' lang='lat' dir='ltr'>ut</span> <span class='ocrx_word' id='word_1_907' title='bbox 3094 5218 3127 5256; x_wconf 87' lang='lat' dir='ltr'>a</span> <span class='ocrx_word' id='word_1_908' title='bbox 3152 5201 3433 5274; x_wconf 77' lang='lat' dir='ltr'>plerisque</span> <span class='ocrx_word' id='word_1_909' title='bbox 3461 5195 3815 5274; x_wconf 41' lang='lat' dir='ltr'>campumque?</span> 
     </span>
    </p>
   </div>
   <div class='ocr_carea' id='block_1_118' title="bbox 2211 5258 3814 5346">
    <p class='ocr_par' dir='ltr' id='par_1_118' title="bbox 2211 5258 3814 5346">
     <span class='ocr_line' id='line_1_118' title="bbox 2211 5258 3814 5346; baseline -0.016 -15"><span class='ocrx_word' id='word_1_910' title='bbox 2211 5258 2338 5331; x_wconf 69' lang='lat' dir='ltr'>caeli</span> <span class='ocrx_word' id='word_1_911' title='bbox 2363 5258 2606 5346; x_wconf 10' lang='lat' dir='ltr'>terragut</span> <span class='ocrx_word' id='word_1_912' title='bbox 2633 5277 2894 5346; x_wconf 78' lang='lat' dir='ltr'>punctum</span> <span class='ocrx_word' id='word_1_913' title='bbox 2924 5258 2996 5329; x_wconf 60' lang='lat' dir='ltr'>sit</span> <span class='ocrx_word' id='word_1_914' title='bbox 3016 5258 3291 5331; x_wconf 65' lang='lat' dir='ltr'>aestimata</span> <span class='ocrx_word' id='word_1_915' title='bbox 3316 5258 3442 5338; x_wconf 58' lang='lat' dir='ltr'>fita</span> <span class='ocrx_word' id='word_1_916' title='bbox 3473 5274 3522 5323; x_wconf 84' lang='lat' dir='ltr'>et</span> <span class='ocrx_word' id='word_1_917' title='bbox 3547 5258 3655 5337; x_wconf 59' lang='lat' dir='ltr'>ejus</span> <span class='ocrx_word' id='word_1_918' title='bbox 3675 5258 3814 5332; x_wconf 72' lang='lat' dir='ltr'>plem-</span> 
     </span>
    </p>
   </div>
   <div class='ocr_carea' id='block_1_119' title="bbox 2211 5345 3748 5416">
    <p class='ocr_par' dir='ltr' id='par_1_119' title="bbox 2211 5345 3748 5416">
     <span class='ocr_line' id='line_1_119' title="bbox 2211 5345 3748 5416; baseline 0.005 -15"><span class='ocrx_word' id='word_1_919' title='bbox 2211 5349 2364 5402; x_wconf 82' lang='lat' dir='ltr'>tudo.</span> <span class='ocrx_word' id='word_1_920' title='bbox 2402 5348 2482 5401; x_wconf 75' lang='lat' dir='ltr'>Ex</span> <span class='ocrx_word' id='word_1_921' title='bbox 2510 5345 2843 5416; x_wconf 33' lang='lat' dir='ltr'>illa’z&#39;gitur,</span> <span class='ocrx_word' id='word_1_922' title='bbox 2871 5348 2977 5400; x_wconf 89' lang='lat' dir='ltr'>etc.</span> <span class='ocrx_word' id='word_1_923' title='bbox 3577 5407 3585 5416; x_wconf 80' lang='grc'>,</span> <span class='ocrx_word' id='word_1_924' title='bbox 3632 5411 3641 5416; x_wconf 93' lang='lat'>_</span> <span class='ocrx_word' id='word_1_925' title='bbox 3716 5399 3748 5416; x_wconf 87' lang='grc'>,.</span> 
     </span>
    </p>
   </div>
   <div class='ocr_carea' id='block_1_120' title="bbox 2287 5404 3810 5490">
    <p class='ocr_par' dir='ltr' id='par_1_120' title="bbox 2287 5404 3810 5490">
     <span class='ocr_line' id='line_1_120' title="bbox 2287 5404 3810 5490; baseline -0.007 -18"><span class='ocrx_word' id='word_1_926' title='bbox 2287 5419 2399 5490; x_wconf 84' lang='grc'>(55)</span> <span class='ocrx_word' id='word_1_927' title='bbox 2433 5418 2579 5472; x_wconf 90' lang='lat' dir='ltr'>Mss.</span> <span class='ocrx_word' id='word_1_928' title='bbox 2623 5404 2868 5490; x_wconf 65' lang='lat' dir='ltr'>aliquot,</span> <span class='ocrx_word' id='word_1_929' title='bbox 2901 5419 2980 5490; x_wconf 83' lang='lat' dir='ltr'>_et</span> <span class='ocrx_word' id='word_1_930' title='bbox 3009 5416 3156 5488; x_wconf 76' lang='lat' dir='ltr'>spuit</span> <span class='ocrx_word' id='word_1_931' title='bbox 3205 5413 3451 5490; x_wconf 66' lang='lat' dir='ltr'>cumjllz&#39;</span> <span class='ocrx_word' id='word_1_932' title='bbox 3475 5404 3810 5490; x_wconf 49' lang='lat' dir='ltr'>substatzlflﬂtt</span> 
     </span>
    </p>
   </div>
   <div class='ocr_carea' id='block_1_121' title="bbox 2213 5482 3811 5564">
    <p class='ocr_par' dir='ltr' id='par_1_121' title="bbox 2213 5482 3811 5564">
     <span class='ocr_line' id='line_1_121' title="bbox 2213 5482 3811 5564; baseline -0.009 -21"><span class='ocrx_word' id='word_1_933' title='bbox 2213 5482 2349 5544; x_wconf 68' lang='lat' dir='ltr'>boui</span> <span class='ocrx_word' id='word_1_934' title='bbox 2367 5482 2618 5564; x_wconf 73' lang='lat' dir='ltr'>corporis</span> <span class='ocrx_word' id='word_1_935' title='bbox 2648 5482 2852 5546; x_wconf 66' lang='lat' dir='ltr'>dahare</span> <span class='ocrx_word' id='word_1_936' title='bbox 2879 5482 3257 5564; x_wconf 72' lang='lat' dir='ltr'>dig_ndtus_est,</span> <span class='ocrx_word' id='word_1_937' title='bbox 3292 5484 3351 5540; x_wconf 78' lang='lat' dir='ltr'>id</span> <span class='ocrx_word' id='word_1_938' title='bbox 3405 5489 3500 5548; x_wconf 81' lang='lat' dir='ltr'>est,</span> <span class='ocrx_word' id='word_1_939' title='bbox 3533 5482 3811 5564; x_wconf 63' lang='lat' dir='ltr'>manes</span> 
     </span>
    </p>
   </div>
   <div class='ocr_carea' id='block_1_122' title="bbox 2214 5553 3807 5634">
    <p class='ocr_par' dir='ltr' id='par_1_122' title="bbox 2214 5553 3807 5634">
     <span class='ocr_line' id='line_1_122' title="bbox 2214 5553 3807 5634; baseline -0.008 -18"><span class='ocrx_word' id='word_1_940' title='bbox 2214 5564 2292 5616; x_wconf 81' lang='lat' dir='ltr'>tes</span> <span class='ocrx_word' id='word_1_941' title='bbox 2351 5562 2417 5616; x_wconf 75' lang='lat' dir='ltr'>in</span> <span class='ocrx_word' id='word_1_942' title='bbox 2469 5553 2644 5634; x_wconf 73' lang='lat' dir='ltr'>unum</span> <span class='ocrx_word' id='word_1_943' title='bbox 2695 5575 2888 5634; x_wconf 83' lang='lat' dir='ltr'>corpus</span> <span class='ocrx_word' id='word_1_944' title='bbox 2911 5587 2914 5594; x_wconf 94' lang='lat'><strong><em>-</em></strong></span> <span class='ocrx_word' id='word_1_945' title='bbox 2938 5553 3202 5616; x_wconf 66' lang='lat' dir='ltr'>Ecclessz</span> <span class='ocrx_word' id='word_1_946' title='bbox 3245 5553 3576 5629; x_wconf 75' lang='lat' dir='ltr'>congregari</span> <span class='ocrx_word' id='word_1_947' title='bbox 3605 5565 3626 5610; x_wconf 85' lang='lat'><em>;</em></span> <span class='ocrx_word' id='word_1_948' title='bbox 3673 5553 3807 5601; x_wconf 73' lang='grc' dir='ltr'>ιωιιες</span> 
     </span>
    </p>
   </div>
   <div class='ocr_carea' id='block_1_123' title="bbox 2211 5633 2583 5703">
    <p class='ocr_par' dir='ltr' id='par_1_123' title="bbox 2211 5633 2583 5703">
     <span class='ocr_line' id='line_1_123' title="bbox 2211 5633 2583 5703; baseline -0.008 -15"><span class='ocrx_word' id='word_1_949' title='bbox 2211 5633 2583 5703; x_wconf 75' lang='lat' dir='ltr'>congregavit.</span> 
     </span>
    </p>
   </div>
  </div>
