4116 6188
292 344 411 414 993
433 403 438 408 .
1508 332 1917 404 ENARRA'I‘I

2149 337 2526 404 PSALMUM
2573 329 2621 397 Ι.
3658 350 3774 416 ρρι

281 475 542 536 altitudo
574 469 940 528 divitiarum
974 463 1276 540 sapientia
1299 470 1357 524 et
1377 467 1628 525 scientiae
1653 468 1783 524 Dei!
1809 486 1988 542 quam
2022 473 2075 538 A
2178 474 2269 526 52-
2307 471 2472 534 Ουοά
2498 469 2660 523 ίείυά
2687 472 3082 544 θειᾶυάίοὶυω
3117 481 3442 537 sedentium
3481 484 3772 553 indicum,

276 559 715 624 inscrutabilia
747 560 897 616 sunt
940 555 1175 628 judicia
1229 557 1378 629 ejus,
1439 562 1495 613 et
1549 557 1984 630 investigabiles
2096 564 2152 615 et
2182 560 2280 632 qui
2316 558 2456 613 libri
2507 558 2716 628 aperti,
2751 562 2865 619 nisi
2911 567 3277 624 conscientiae
3333 578 3560 637 nostrae,
3619 572 3777 646 velut

275 657 385 712 viae
417 652 592 728 ejus!
629 649 785 718 Quis
808 646 975 704 enim
1007 646 1283 717 cognovit
1313 663 1550 702 sensum
1598 645 1851 716 Domini,
1884 652 1986 703 aut
2103 647 2238 704 libri
2275 649 2660 719 peccatorum
2712 656 3048 710 nostrorum
3106 657 3315 711 seriem
3371 645 3777 714 continentes?

277 745 420 819 quis
453 737 850 800 consiliarius
876 737 1010 806 ejus
1042 733 1192 790 fuit:
1227 738 1331 791 aut
1354 737 1484 807 quis
1506 737 1664 809 prior
1691 737 1854 792 dedit
1877 735 1982 804 illi,
2095 737 2448 808 Quanquam
2487 732 2600 787 hoc
2630 731 2831 805 ipsum
2865 742 2977 798 vile
3008 742 3086 797 sit
3144 743 3433 799 aestimare
3463 745 3630 816 quasi
3663 747 3778 801 hu-

277 839 336 892 et
369 833 745 891 retribuetur
775 826 830 884 ei
865 824 1016 896 (Ibid
1044 821 1191 894 33)?
1234 844 1264 873 »
1325 823 1490 880 Hunc
1545 828 1741 883 autem
1789 825 1985 881 locum
2096 825 2259 880 mani
2292 821 2490 880 simile
2534 821 2769 909 judicii.
2831 828 3001 885 Aliud
3059 836 3147 886 est
3196 832 3408 888 Christi
3461 834 3775 909 judicium.

277 923 654 996 praemittens
699 914 1004 988 Propheta
1036 913 1155 968 ait:
1193 935 1224 961 ‹‹
1259 911 1355 968 Sic
1411 930 1616 972 omnes
1671 917 1873 986 gentes
1923 916 1990 968 ut
2097 912 2198 968 ubi
2231 908 2602 970 conscientia
2634 910 2764 982 ipsa
2796 932 2856 971 se
2879 919 3225 990 prodit,quae
3249 920 3425 976 latere
3447 938 3558 976 non
3584 908 3777 993 potest

283 1011 662 1068 stillicidium
698 1007 774 1062 de
808 1019 989 1060 urceo
1022 1000 1340 1057 aestimatae
1373 1008 1512 1060 sunt
1542 1003 1650 1075 (Isa
1667 1003 1908 1074 XL,‘15),)1

2149 1001 2465 1057 acultorum
2491 998 2784 1059 arbitrum
2812 1021 2824 1060 :
2855 1005 2953 1061 ubi
2974 1007 3361 1078 cogitationes
3383 1008 3597 1064 lucenti
3620 1011 3774 1082 apud

281 1099 535 1171 reliqua,
571 1101 638 1151 ut
671 1108 1009 1167 cognoscas
1043 1087 1425 1146 intellectum
1449 1089 1629 1148 istum
1652 1107 1786 1146 cum
1809 1091 1989 1146 inter-
2101 1105 2260 1157 eum,
2293 1088 2394 1160 qui
2435 1087 2630 1143 adhuc
2667 1093 3064 1164 cogitantibus
3095 1095 3356 1161 dicebat,-
3387 1120 3414 1147 «
3448 1098 3594 1162 Quid
3627 1099 3779 1170 cogi-

283 1187 614 1260 pretatione
645 1181 997 1256 Apostolica
1029 1177 1374 1235 convenire.
2099 1179 2240 1234 tatis
2265 1177 2421 1234 mala
2454 1176 2516 1232 in
2558 1180 2834 1237 cordibus
2868 1185 3077 1239 vestris
3126 1185 3331 1253 (Matth.
3368 1203 3444 1251 ιι,
3475 1187 3529 1256 4)
3555 1187 3582 1240 ?
3632 1191 3776 1241 (ium

355 1276 445 1329 51.
481 1269 762 1344 (Vers.5.)
800 1270 914 1325 Sed
946 1267 1091 1341 quid
1131 1265 1476 1324 evidentius
1506 1285 1571 1324 eo
1593 1268 1749 1340 quod
1771 1268 1990 1340 peritu-
2101 1266 2324 1322 Judazis
2357 1267 2599 1332 diceret,
2633 1267 2862 1326 dicebat
2891 1272 3164 1328 omnibus
3193 1299 3206 1338 ;
3241 1291 3309 1328 ne
3355 1274 3488 1345 quis
3547 1279 3777 1346 putaret

291 1380 386 1419 ras
414 1365 657 1417 naturas
688 1375 814 1414 non
846 1358 1042 1414 videat
1072 1356 1390 1424 inducere,
1425 1374 1560 1413 cum
1582 1356 1709 1429 ipse
1730 1357 1992 1428 subjece-
2105 1356 2261 1427 quod
2295 1355 2529 1411 occulta
2561 1363 2801 1426 possent
2830 1377 2957 1415 esse
2987 1378 3116 1430 quae
3173 1378 3306 1416 eum
3364 1361 3648 1427 fallerent,
3701 1379 3775 1418 ne

295 1452 372 1507 rit
401 1453 636 1506 sanctus
667 1445 999 1517 Propheta:
1039 1467 1067 1494 «
1087 1442 1394 1508 Quoniam
1422 1461 1537 1500 non
1561 1449 1869 1516 resurgant
1892 1445 1998 1499 im-
2107 1444 2239 1514 quis
2269 1447 2508 1515 putaret
2539 1447 2694 1515 quod
2725 1449 3047 1518 parietibus
3080 1449 3294 1504 clausis
3325 1455 3530 1506 testem
3564 1451 3776 1508 occulti

298 1540 380 1613 pii
403 1536 724 1608 injudicio.
766 1555 798 1583 »
832 1534 958 1588 Non
991 1533 1151 1588 enim
1184 1529 1383 1586 dixit:
1421 1537 1551 1589 Non
1577 1539 1898 1606 resurgunt
1928 1553 1940 1601 ;
1970 1557 1995 1582 ››
2107 1532 2326 1586 erroris
2357 1531 2656 1604 effugeret.
2697 1535 2943 1607 Ideoque
2984 1541 3036 1591 et
3100 1537 3469 1609 Evangelista
3527 1543 3778 1596 testatur

299 1630 399 1685 sed
431 1627 544 1682 ait:
577 1624 918 1695 Resurgent
949 1621 1220 1692 quidem,
1289 1621 1401 1675 sed
1467 1638 1583 1678 non
1642 1621 1700 1676 in
1752 1621 1995 1692 judicio.
2109 1619 2351 1675 dicens:
2389 1643 2416 1669 «
2449 1624 2625 1676 Jesus
2648 1628 2842 1678 autem
2875 1624 3097 1680 sciebat
3135 1626 3515 1696 cogitationes
3571 1644 3777 1684 eorum

299 1717 406 1781 Qui
437 1719 627 1771 autem
659 1711 944 1782 resurgit,
987 1713 1077 1764 est
1106 1709 1347 1780 utique,
1387 1713 1451 1763 et
1482 1710 1836 1776 manet;sed
1861 1710 2001 1781 quia
2107 1709 2269 1778 (Luc.
2306 1725 2383 1774 v1,
2415 1711 2490 1777 8).
2527 1732 2554 1759 »
2612 1712 2910 1776 Quomodo
2967 1729 3102 1784 ergo
3134 1717 3249 1769 ait:
3284 1737 3312 1764 «
3375 1716 3532 1771 Libri
3589 1715 3777 1788 aperti

300 1823 416 1862 non
447 1801 690 1860 credidit
716 1800 781 1854 in
804 1797 1631 1868 Christum,jamjudicatus
1649 1802 1766 1852 est:
1793 1802 1851 1852 et
1872 1799 2001 1853 ideo
2031 1837 2078 1876 η
2114 1800 2256 1851 sunt
2279 1797 2307 1850 ?
2341 1814 2451 1852 non
2488 1799 2694 1870 utique
2727 1804 3050 1855 atramento
3083 1801 3309 1873 scripti,
3357 1804 3459 1858 sed
3513 1804 3778 1876 vestigiis

304 1911 421 1951 non
439 1887 1187 1959 venitinjudicium,quem
1215 1886 1606 1958 peractijam
1631 1886 1784 1941 762
1807 1891 2005 1942 manet
2039 1884 2079 1900 ”
2117 1884 2493 1968 delictorum,
2527 1891 2583 1942 et
2613 1887 2968 1959 ﬂagitiorum
3003 1890 3782 1964 inquinamento.Aperietur

308 1999 480 2057 poena
500 1977 724 2052 judicii.
755 1977 826 2031 Et
855 1975 929 2029 de
958 1974 1405 2030 resurrectione
1471 1974 1716 2046 quidem
1752 1972 2008 2045 plurima
2115 1972 2262 2028 liber
2290 1963 2661 2032 conscientiae
2716 1980 2853 2043 tuae,
2913 1978 3203 2049 aperietur
3248 1978 3396 2034 liber
3448 1963 3638 2035 cordis
3670 1979 3780 2060 tui,

307 2071 636 2127 divinarum
666 2066 1107 2138 Scripturarum
1141 2067 1286 2118 sunt
1309 2061 1701 2128 testimonia,
1727 2079 1854 2134 quae
1886 2080 2005 2118 non
2117 2058 2290 2131 culpa
2333 2068 2533 2117 nostra
2601 2063 2960 2119 recitabitur.
3020 2066 3121 2121 Est
3178 2065 3258 2120 ibi
3311 2065 3478 2135 liber,
3535 2069 3635 2123 ubi
3691 2058 3783 2125 est

312 2156 788 2235 pratermisimus
823 2154 889 2209 in
922 2152 1089 2208 libris
1127 2151 1587 2208 Consolationis
1627 2155 1688 2206 et
1731 2150 2008 2208 Resurre-
2117 2148 2362 2217 tabula;
2395 2151 2514 2206 imo
2547 2156 2684 2207 sunt
2712 2151 2845 2208 libri
2873 2154 3160 2225 inscripti,
3196 2154 3295 2210 ubi
3344 2161 3483 2211 sunt
3529 2157 3780 2230 inscrip-

315 2248 658 2319 ctionis(56).
691 2251 767 2302 De
787 2260 855 2301 eo
889 2246 1086 2300 autem
1119 2241 1273 2312 quod
1300 2240 1392 2296 ait
1418 2260 1432 2296 :
1468 2264 1498 2291 «
1525 2241 1661 2298 Non
1689 2255 1936 2313 resurgu

2173 2255 2191 2292 3
2223 2237 2458 2305 tabulaa,
2491 2256 2641 2311 quas
2682 2241 2954 2297 inscribit
3011 2243 3227 2314 Spiritu
3289 2250 3490 2300 sancto
3548 2251 3782 2318 aposto-

318 2339 484 2412 impii
510 2339 571 2392 in
595 2335 856 2408 judicio;
896 2355 924 2381 »
947 2329 1274 2386 secundum
1307 2329 1716 2402 Evangelium
1738 2329 2013 2385 absoluta
2121 2325 2237 2381 lica
2267 2327 2556 2393 doctrina,
2588 2329 2742 2384 sicut
2770 2329 3042 2402 legimus,
3077 2333 3308 2389 dicente
3340 2333 3556 2391 Paulo:
3591 2357 3618 2385 »
3647 2336 3784 2408 Epi-

323 2425 605 2486 senlentia
634 2429 745 2492 est,
776 2422 920 2494 quia
951 2436 1067 2474 non
1098 2434 1302 2474 omnes
1325 2418 1809 2490 judicabuntur.
1859 2419 2013 2490 Apo-
2123 2415 2273 2470 stola
2306 2420 2506 2472 nostra
2533 2433 2634 2472 vos
2662 2418 2872 2474 estis...
2927 2420 3207 2493 inscripta
3253 2439 3368 2476 non
3429 2427 3782 2494 atramento,

324 2517 513 2575 Βῐοὶυε
544 2519 740 2571 autem
772 2512 893 2569 ait:
931 2531 959 2559 ί(
994 2509 1210 2564 omnes
1239 2505 1400 2562 enim
1432 2511 1678 2579 oportet
1710 2523 1819 2562 nos
1853 2510 2012 2562 stare
2124 2503 2225 2560 sed
2259 2503 2479 2574 Spiritu
2517 2505 2609 2560 Dei
2643 2505 2791 2560 vivi:
2826 2524 2942 2563 non
2974 2508 3032 2563 in
3079 2509 3298 2566 tabulis
3355 2510 3622 2583 lapideis,
3682 2515 3785 2570 sed

329 2610 462 2663 ante
489 2601 745 2662 tribunal
776 2597 1020 2663 Christi,
1052 2599 1118 2652 ut
1147 2595 1390 2668 recipiat
1421 2597 1849 2669 unusquisque
1873 2612 2006 2668 pro-
2127 2593 2183 2647 in
2242 2591 2465 2646 tabulis
2523 2593 2714 2649 cordis
2773 2595 3109 2651 carnalibus
3167 2599 3234 2666 (ll
3289 2597 3408 2654 Cor.
3469 2617 3552 2666 ιιι,
3593 2605 3646 2668 2,
3706 2603 3782 2674 3).

328 2693 457 2767 pria
488 2689 949 2762 corporis,preut
978 2683 1181 2757 gessit,
1213 2680 1332 2737 sive
1361 2683 1614 2751 bonum,
1638 2685 1760 2740 sive
1781 2681 2008 2738 malum
2123 2685 2271 2736 Sunt
2300 2696 2436 2752 ergo
2487 2679 2701 2736 tabulae
2759 2683 2952 2738 cordis
3011 2685 3305 2758 inscriptae
3360 2689 3506 2743 103
3563 2689 3787 2760 Spiritu

337 2784 411 2854 (Il
439 2781 559 2837 Cor.
591 2797 648 2847 v,
682 2777 795 2848 lO).
831 2798 859 2826 »
895 2775 1029 2830 Haec
1059 2774 1271 2844 putant
1299 2769 1566 2842 plerique
1598 2788 1730 2828 esse
1780 2776 2014 2827 contra-
2127 2773 2352 2833 sancto,
2381 2768 2506 2824 ista
2541 2769 2957 2826 recitabantur.
2993 2772 3051 2828 Si
3082 2773 3228 2830 bene
3262 2774 3471 2846 egeris,
3525 2779 3790 2835 manebit

337 2871 462 2938 ria;
493 2885 600 2924 nec
631 2866 944 2922 advertunt
972 2860 1114 2933 quia
1142 2858 1407 2915 Salvator
1435 2859 1508 2914 de
1559 2859 1805 2932 perﬁdis
1863 2860 2014 2915 dixit
2127 2857 2447 2929 Scriptura.
2479 2857 2623 2914 Vide
2653 2875 2724 2915 ne
2755 2859 2927 2916 tollas
2960 2861 3212 2934 Spiritus
3243 2865 3430 2919 sancti
3490 2865 3742 2938 gratiam
3770 2888 3783 2938 ;

344 2964 520 3030 atque
548 2953 769 3027 impiis,
803 2951 905 3024 qui
939 2966 1054 3005 non
1088 2947 1461 3003 crediderunt
1489 2946 1551 3002 in
1570 2948 1891 3003 Dominum
1924 2948 2024 3004 Je-
2125 2947 2256 3003 vide
2284 2962 2356 3002 ne
2385 2946 2602 3014 deleas,
2626 2951 2684 3002 et
2729 2949 2954 3005 scribas
3011 2955 3334 3008 atramento
3385 2953 3607 3026 flagitia
3659 2960 3786 3027 tua,

347 3065 502 3104 sum.
533 3046 628 3102 Sic
657 3043 814 3100 enim
847 3041 969 3096 ait:
1008 3059 1036 3088 «
1068 3036 1178 3104 Qui
1228 3035 1412 3090 credit
1467 3035 1528 3090 in
1562 3053 1678 3102 me,
1711 3053 1829 3091 non
1854 3037 2018 3107 judi-
2128 3052 2201 3092 ne
2230 3034 2426 3090 veniat
2449 3035 2574 3092 dies
2594 3035 2828 3106 judicii,
2860 3043 2916 3093 et
2945 3039 3100 3094 dicat
3127 3040 3352 3097 Judex:
3387 3063 3414 3093 ››
3453 3043 3790 3101 Recitantur

347 3136 621 3202 cabitur;
655 3132 754 3203 qui
775 3133 975 3187 autem
1008 3143 1122 3182 non
1155 3123 1360 3189 credit,
1384 3125 1511 3194 jam
1539 3125 1844 3195 judicatus
1904 3130 2014 3194 est,
2063 3201 2072 3203 _
2128 3123 2285 3192 libri,
2322 3124 2640 3180 recitentur
2668 3125 2879 3180 tabulae
2911 3131 3208 3199 gestorum
3241 3131 3402 3197 ejus;
3437 3135 3494 3187 et
3536 3133 3692 3188 dicat
3720 3136 3789 3189 ti-

348 3225 492 3297 quia
520 3238 634 3277 non
665 3201 849 3276 credit
881 3219 938 3272 in
971 3214 1210 3271 nomine
1244 3212 1528 3284 unigeniti
1559 3213 1690 3268 Filii
1721 3214 1844 3268 Dei.
1897 3214 2015 3272 Hoc
2047 3201 2088 3269 Ο
2128 3212 2186 3269 bi
2208 3231 2220 3268 :
2244 3214 2360 3285 Ego
2380 3213 2589 3285 scripsi
2614 3213 3122 3284 tabulastuas,cur
3138 3217 3342 3274 delesti
3364 3221 3558 3291 apices
3580 3222 3790 3278 meos?

349 3317 550 3370 autem
578 3308 973 3381 etjudicium,
1007 3303 1149 3377 quia
1175 3300 1333 3357 venit
1362 3299 1461 3356 lux
1517 3301 1577 3357 in
1626 3303 1786 3358 hunc
1846 3319 2021 3360 mun-
2135 3304 2252 3374 Ego
2285 3301 2494 3374 scripsi
2552 3304 2706 3358 dona
2764 3320 2916 3373 mea,
2966 3308 3256 3378 quomodo
3312 3308 3519 3365 delesti
3577 3328 3790 3368 mune-

350 3405 516 3467 dum,
551 3403 608 3455 et
636 3398 967 3454 dilexerunt
997 3393 1187 3464 magis
1222 3389 1490 3445 homines
1519 3391 1797 3447 tenebras
1841 3408 2024 3463 quam
2137 3409 2201 3446 ra
2228 3407 2373 3458 mea,
2407 3395 2465 3446 et
2515 3392 2801 3464 scripsisti
2864 3395 3176 3465 opprobria
3230 3401 3358 3453 tua!
3410 3397 3534 3455 Non
3593 3399 3789 3474 legisti

351 3492 542 3547 lucem
572 3490 772 3552 ;erant
786 3485 946 3541 enim
970 3481 1126 3538 mala
1145 3481 1408 3552 ipsorum
1432 3495 1607 3550 opera
1624 3479 1806 3550 (Joa-n.
1828 3481 2021 3550 111,48,
2137 3479 2277 3551 quia
2301 3479 2492 3535 scribo
2511 3479 2538 3534 ‘I
2562 3481 2687 3534 Non
2715 3480 2820 3535 tibi
2873 3482 2990 3538 dixi
3049 3499 3152 3556 per
3181 3501 3246 3540 os
3293 3486 3592 3559 PrOphetaa
3632 3489 3745 3546 mei
3771 3509 3784 3546 :

357 3582 505 3651 19).»
536 3577 741 3648 Liquet
772 3573 954 3647 igitur
982 3572 1054 3626 de
1085 3569 1299 3642 quibus
1329 3567 1550 3623 dictum
1584 3567 1799 3635 sit,hoc
1821 3573 1930 3636 est,
1955 3571 2026 3627 de
2143 3589 2163 3618 α
2201 3567 2427 3638 Lingua
2457 3584 2586 3622 mea
2615 3566 2876 3624 calamus
2904 3571 3106 3626 scribae
3153 3572 3426 3630 velociter
3481 3577 3789 3636 scribentis

360 3670 435 3724 iis
466 3667 566 3740 qui
598 3681 714 3721 non
747 3662 1119 3719 crediderunt
1150 3659 1206 3712 in
1241 3657 1552 3712 Dominum
1581 3655 1806 3712 Jesum.
1839 3661 2025 3729 Apos-
2136 3656 2310 3727 (Psal.
2342 3672 2492 3721 κων,
2525 3657 2580 3726 2)
2601 3656 2942 3726 ?judicium
2976 3663 3168 3716 autem
3201 3662 3374 3718 Verbi
3406 3671 3515 3722 est,

360 3757 519 3813 tolus
552 3770 807 3827 quoque,
835 3751 945 3808 etsi
975 3749 1122 3804 dixit
1153 3763 1379 3812 omnes,
1428 3746 1498 3800 de
1542 3744 1614 3800 iis
1645 3745 1851 3816 utique
1882 3745 2028 3803 dixit
2209 3745 2299 3798 53.
2335 3767 2362 3793 ‹‹
2397 3743 2564 3800 Multi
2596 3760 2732 3816 ergo
2764 3745 3178 3803 dormientium
3221 3750 3278 3804 in
3338 3754 3570 3812 tumulo
3625 3762 3790 3815 terra

363 3846 462 3920 qui
495 3843 889 3903 crediderunt,
922 3839 1022 3894 god
1081 3840 1319 3892 actuum
1352 3850 1594 3889 suorum
1629 3835 1914 3890 rationem
1967 3836 2028 3892 in
2138 3837 2400 3905 surgent,
2437 3834 2536 3905 qui
2568 3834 2713 3888 bene
2745 3841 3010 3905 egerunt,
3045 3837 3101 3890 in
3127 3843 3607 3898 resurrectionem
3637 3848 3786 3902 vita:

366 3935 459 3991 die
480 3932 693 4005 judicii
724 3927 1012 3986 reddituri
1043 3929 1183 3982 sunt
1239 3926 1413 3996 (Rom.
1473 3940 1589 3993 xxv,
1625 3925 1734 3995 l2).
1765 3923 2028 3996 Denique
2138 3924 2241 3994 qui
2274 3921 2426 3977 male
2456 3926 2719 3996 egerunt,
2753 3922 2810 3976 in
2844 3925 3326 3981 resurrectionem
3351 3929 3559 4000 judicii
3608 3935 3786 4000 (Joan.

360 4024 488 4095 ipse
518 4020 653 4076 alibi
687 4019 768 4075 ait
797 4019 973 4088 (Rom.
1010 4033 1070 4080 11,
1105 4015 1216 4086 15),
1250 4013 1391 4086 quia
1446 4013 1854 4069 testimonium
1889 4029 2026 4071 con-
2136 4030 2192 4079 v,
2218 4015 2308 4078 28,
2341 4012 2452 4079 29).
2488 4012 2649 4078 Quod
2679 4011 2874 4068 Daniel
2908 4013 3009 4080 ait,
3043 4037 3070 4065 «
3104 4013 3163 4068 in
3193 4015 3369 4071 vitam
3408 4024 3723 4089 (sternam;
3761 4045 3788 4071 ››

366 4109 622 4168 scientiae
652 4111 865 4162 nostrae
896 4105 957 4160 in
991 4103 1084 4158 die
1106 4101 1316 4173 judicii
1346 4099 1722 4169 revelabitur,
1769 4116 1904 4157 cum
1936 4102 2026 4158 in-
2136 4102 2245 4157 hoc
2277 4099 2570 4157 Salvator:
2607 4123 2635 4152 α
2695 4101 2755 4156 in
2813 4103 3291 4160 resurrectionem
3351 4107 3501 4174 vitae,
3537 4131 3564 4158 ››
3622 4110 3786 4166 dixit,

363 4202 550 4256 vicem
579 4194 959 4269 cogitationes
986 4195 1198 4247 nostra:
1251 4195 1353 4246 aut
1408 4191 1774 4246 accusabunt
1832 4207 1918 4258 se,
1962 4197 2028 4248 ut
2137 4191 2280 4247 Item
2312 4191 2468 4261 quod
2499 4191 2580 4246 ait
2609 4190 2812 4246 Daniel
2841 4208 2852 4245 :
2890 4191 2949 4246 in
2982 4193 3360 4265 opprobrium
3393 4202 3449 4250 et
3496 4199 3790 4255 confusio-

369 4288 652 4360 scriptum
683 4288 790 4352 est,
833 4286 935 4338 aut
987 4279 1321 4346 defendent,
1380 4281 1440 4333 et
1497 4278 1780 4349 patebunt
1837 4280 2028 4337 cordis
2137 4296 2305 4346 nem;
2340 4302 2369 4328 ››
2399 4279 2665 4335 Salvator
2693 4279 2895 4347 dixit,«
2918 4281 2976 4336 in
3000 4283 3732 4357 resurrectionemjudicii.
3758 4311 3787 4338 n

369 4375 616 4434 occulta.
651 4373 800 4440 Quid
832 4374 1037 4426 autem
1072 4368 1180 4423 hoc
1211 4364 1536 4423 evidentius
1566 4367 1721 4437 quod
1744 4366 1827 4421 ait
1844 4365 2022 4423 alibi:
2137 4368 2300 4424 Unde
2331 4385 2445 4424 non
2475 4369 2704 4441 expedit
2733 4368 2900 4424 nobis
2929 4370 3001 4424 ad
3016 4370 3305 4441 judicium
3328 4374 3524 4431 venire
3551 4394 3564 4444 ;
3598 4382 3656 4433 et
3672 4393 3789 4435 non

372 4491 398 4516 ‹‹
427 4467 642 4522 Omnes
664 4461 900 4534 quidem
934 4472 1334 4530 resurgemus,
1369 4455 1469 4511 sed
1495 4472 1612 4511 non
1656 4471 1863 4512 omnes
1913 4455 2024 4512 im-
2135 4457 2366 4529 expedit
2387 4473 2501 4512 non
2515 4457 2830 4525 venire;ne
2844 4463 2945 4512 aut
2965 4460 3791 4538 praedamnativideamur,aut

371 4553 738 4610 mutabimur
768 4552 816 4622 (Ι
846 4550 972 4606 Cor.
1006 4564 1100 4615 xv,
1129 4546 1221 4617 51)
1247 4545 1274 4600 ?
1298 4566 1326 4594 »
1358 4544 1840 4600 Immutabuntur
1869 4545 2024 4601 enim
2056 4567 2102 4630 Β
2132 4545 2192 4600 in
2224 4545 2330 4601 hac
2351 4544 2480 4601 labe
2497 4545 2767 4601 vitiorum
2792 4547 3111 4604 subeamus
3142 4549 3287 4605 tanti
3311 4555 3787 4627 pondusjudicii.

364 4643 508 4715 justi
538 4641 598 4697 in
648 4639 1108 4712 corruptionem,
1150 4636 1430 4691 manente
1461 4633 1724 4705 corporis
1761 4633 2024 4691 veritate.
2137 4635 2424 4704 Propheta
2453 4639 2618 4706 rogat
2649 4651 2720 4690 ne
2750 4633 2927 4691 intret
2956 4638 3237 4694 Dominus
3259 4640 3315 4694 in
3338 4641 3631 4712 judicium
3653 4659 3787 4700 cum

367 4731 570 4789 Daniel
603 4744 833 4802 quoque
882 4725 1060 4783 dicit:
1113 4747 1141 4775 «
1196 4721 1497 4780 Judicium
1553 4721 1725 4790 sedit,
1786 4727 1842 4778 et
1893 4722 2028 4779 libri
2138 4738 2300 4779 servo
2331 4739 2437 4777 suo
2467 4723 2640 4793 (Psal.
2675 4741 2843 4790 cxxn,
2875 4726 2971 4797 2);
3005 4732 3224 4799 quanto
3256 4730 3445 4802 magis
3476 4747 3591 4786 non
3625 4731 3790 4802 judi.

372 4821 557 4894 aperti
585 4824 726 4875 sunt
755 4821 922 4889 (Dan.
950 4832 1054 4883 vn,
1087 4815 1195 4886 10).
1230 4833 1260 4862 ››
1291 4809 1556 4868 Ostendit
1577 4811 2026 4885 ergojudicium
2138 4811 2295 4867 cium
2324 4811 2553 4866 Domini
2587 4812 2791 4869 timere
2823 4813 3105 4872 debemus
3125 4817 3152 4871 ‘2
3182 4821 3336 4873 Pone
3366 4817 3505 4889 quia
3561 4818 3788 4874 miseri-

372 4911 659 4976 futurum,
692 4907 944 4962 maxime
975 4919 1108 4959 cum
1139 4901 1278 4958 alibi
1327 4900 1483 4956 idem
1541 4901 1732 4958 dicat:
1770 4925 1799 4952 «
1860 4900 2035 4965 Multi
2138 4917 2268 4956 cors
2298 4900 2581 4956 Dominus
2613 4900 2878 4973 ignoscet
2908 4910 3130 4975 quanta
3159 4905 3480 4976 prodentur
3499 4922 3627 4976 quae
3650 4905 3792 4962 late-

375 4999 476 5072 qui
507 4998 713 5056 sedent
735 4995 794 5051 in
842 4991 1070 5051 tumulo
1099 4996 1291 5058 terrae,
1323 4995 1658 5063 exsurgent,
1708 4991 1805 5048 isti
1837 4991 1895 5046 in
1952 4991 2030 5046 vi-
2138 5005 2199 5044 re
2230 4988 2535 5044 credebam
2557 4989 2584 5044 ?
2614 4991 2721 5054 Qui
2753 4991 2962 5062 pudor,
2993 5009 3120 5063 quae
3152 4993 3416 5048 confusio
3463 4993 3573 5048 erit
3619 4993 3786 5064 mihi,

374 5094 497 5146 tam
529 5091 826 5152 aeternam,
855 5088 912 5140 et
942 5081 1037 5138 isti
1080 5081 1138 5136 in
1196 5078 1584 5152 opprobrium:
1627 5085 1684 5136 et
1732 5079 2026 5135 confusio-
2138 5095 2272 5134 cum
2304 5078 2396 5134 his
2430 5078 2528 5150 qui
2561 5077 2708 5135 alios
2739 5081 3054 5152 proﬁtebar
3081 5081 3305 5148 decere,
3355 5081 3479 5153 ipse
3509 5082 3566 5138 in
3591 5099 3656 5140 eo
3688 5083 3787 5140 de-

377 5194 510 5234 nem
542 5180 816 5232 aeternam
845 5192 858 5242 ;
883 5176 941 5230 et
985 5170 1380 5242 intelligentes
1438 5167 1829 5241 splendebant
1878 5167 2031 5224 sicut
2137 5168 2484 5242 prehendar,
2516 5168 2575 5223 in
2609 5185 2721 5241 quo
2751 5168 2895 5224 alios
2925 5169 3240 5241 arguebam
3263 5169 3291 5224 ?

376 5266 657 5341 splendor
685 5262 832 5332 cwli,
863 5266 920 5318 et
948 5262 1018 5317 de
1040 5259 1222 5332 justis
1274 5257 1444 5314 multi
1474 5257 1626 5314 sicut
1657 5256 1839 5314 stellae
1869 5256 2027 5314 luce-
2207 5259 2296 5312 54.
2329 5259 2396 5313 Et
2426 5258 2555 5312 ideo
2589 5257 2862 5328 quoniam
2896 5261 2953 5311 et
2981 5257 3242 5312 Salvator
3267 5259 3382 5316 duo
3438 5277 3651 5334 genera
3698 5280 3784 5319 re-

379 5357 528 5412 bunt
559 5354 718 5424 (Dan.
745 5369 848 5420 x11,
879 5354 937 5422 2,
968 5351 1043 5422 3).
1079 5371 1105 5397 ››

2161 5346 2519 5403 ιυιτθοῑὶουὶε
2552 5345 2746 5416 posuit
2777 5345 2909 5416 (57),
2942 5349 2999 5400 et
3042 5345 3300 5403 Joannes
3331 5349 3388 5404 in
3440 5350 3786 5426 Apocalypsi

453 5588 564 5662 (56)
594 5585 857 5662 Intellige
911 5583 1091 5642 libros
1141 5581 1217 5639 De
1270 5579 1466 5655 fratris
1522 5577 1690 5649 obitu,
1723 5581 1781 5636 et
1810 5581 1891 5637 De
1925 5577 2032 5654 ﬁda
2154 5649 2166 5662 _
2209 5576 2324 5662 (57)
2354 5574 2594 5662 Videtur
2621 5572 2874 5662 biegnae
2918 5573 3177 5662 multum
3230 5582 3498 5662 recedere
3547 5587 3786 5662 sanctus

380 5644 828 5725 Returi'ectz'onii
1270 5644 1279 5655 ’
1675 5644 1684 5649 ⁷
1843 5704 1846 5706 ,
1925 5644 1933 5654 ’

2160 5644 2480 5709 imbrosius
2511 5644 2582 5704 ad
2613 5644 2887 5720 opinione
2916 5646 3562 5719 Chiliastarum.Nolim
3593 5659 3785 5717 autem
