4116 6188
404 368 525 430 995

1883 369 1950 430 S.
1996 366 2375 430 AMBROSII

3697 365 3825 429 996

404 501 585 559 dixit:
622 523 649 550 ‹‹
683 500 894 554 Beatus
926 497 1025 570 qui
1056 495 1234 555 habet
1261 500 1486 570 partem
1516 498 1575 554 in
1610 482 1804 571 prima
1864 516 2052 555 resur—
2079 502 2133 567 Α
2164 500 2395 566 derunt,
2440 502 2495 554 et
2552 497 2724 553 fidem
2775 512 2944 554 suam
2997 496 3174 554 etiam
3235 496 3510 571 operibus
3563 501 3829 555 exsecuti

401 588 657 646 reotione
689 592 872 659 (Apoc.
906 604 997 656 xx,
1028 589 1109 659 6),
1141 588 1239 644 isti
1297 587 1453 644 enim
1512 588 1639 645 sine
1687 587 1912 659 judicio
1962 606 2058 645 ve-

401 677 575 734 niunt
599 677 670 734 ad
703 677 985 751 gratiam:
1021 678 1120 749 qui
1154 681 1349 733 autem
1400 694 1516 733 non
1564 676 1806 734 veniunt
1836 677 1908 733 ad
1940 676 2057 749 pri-

398 782 564 822 mam
590 764 1105 834 resurrectionem,
1138 766 1238 821 sed
1271 766 1344 822 ad
1386 766 1706 823 secundam
1761 782 2057 821 reservan-

398 859 517 923 tur,
551 854 647 911 isti
689 859 953 921 urentur,
1008 855 1194 911 donec
1253 853 1544 927 impleant
1598 859 1865 928 tempora
1908 854 2061 910 inter

397 943 653 1016 primam
685 947 742 999 et
773 943 1093 999 secundam
1144 942 1669 1001 resurrectionem:
1704 948 1805 1000 aut
1833 943 1882 998 si
1941 959 2055 998 non

397 1030 787 1105 impleverint,
847 1030 1073 1087 diutius
1144 1032 1204 1087 in
1261 1030 1549 1105 supplicio
1607 1032 2055 1105 permanebunt.

396 1122 531 1177 Ideo
587 1135 726 1193 ergo
792 1135 1068 1193 rogemus
1135 1124 1201 1175 ut
1260 1119 1319 1174 in
1387 1121 1580 1194 prima
1635 1119 2058 1177 resurrectione

398 1213 624 1284 partem
656 1208 872 1264 habere
903 1224 1252 1265 mereamur.
1287 1208 1436 1266 Sunt
1457 1210 1557 1282 qui
1617 1196 2059 1266 resurrexerunt

394 1301 455 1355 in
485 1296 758 1372 passione
788 1296 1003 1353 Christi
1029 1315 1041 1365 ;
1071 1301 1128 1353 et
1156 1297 1257 1354 isti
1288 1296 1460 1372 plane
1492 1298 1667 1365 beati,
1728 1298 1829 1370 qui
1889 1314 2055 1354 acce-

393 1390 608 1461 perunt
636 1385 852 1442 Christi
884 1385 1157 1459 gratiam,
1206 1390 1263 1442 et
1319 1386 1632 1443 audierunt
1686 1402 1887 1443 vocem
1928 1387 2057 1458 ejus

393 1478 464 1535 de
496 1493 614 1550 qua
634 1476 915 1548 scriptum
948 1479 1075 1531 est:
1111 1497 1138 1525 ‹‹
1169 1475 1343 1531 Venit
1371 1475 1516 1532 hora
1536 1476 1773 1548 quando
1819 1475 2057 1532 audient

393 1564 614 1623 mortui
634 1580 835 1620 vocem
868 1562 997 1619 Filii
1028 1564 1153 1630 Dei,
1211 1567 1268 1620 et
1324 1565 1425 1636 qui
1487 1564 1803 1637 audierint,
1861 1564 2056 1619 vivent

2171 591 2329 655 sunt,
2362 586 2475 659 ipsi
2511 604 2626 643 non
2671 586 2944 659 judicari,
3008 588 3111 643 sed
3160 604 3401 662 surgere
3456 588 3517 646 in
3577 588 3833 645 concilio

2161 678 2458 747 justorum
2490 679 2826 749 peccatores
2864 680 3065 732 autem
3119 677 3219 748 qui
3280 693 3394 733 non
3447 681 3703 749 possunt
3741 675 3831 733 in-

2168 768 2256 821 ter
2274 765 2475 836 justos
2504 779 2764 834 surgere,
2798 768 3041 837 surgent
3070 764 3130 821 in
3151 764 3400 837 judicio.
3455 765 3648 822 Habes
3682 766 3835 824 duos

2167 853 2423 910 ordines.
2484 852 2718 909 Tertius
2787 861 3055 926 superest
3111 853 3447 926 impiorum,
3508 855 3613 927 qui
3682 870 3835 927 quo-

2169 942 2325 999 niam
2356 959 2470 998 non
2500 941 2892 1011 crediderunt,
2917 943 3046 1013 jam
3086 943 3335 1015 judicati
3368 946 3548 1012 sunt;
3581 947 3643 1000 et
3702 944 3837 1002 ideo

2167 1049 2282 1088 non
2314 1034 2566 1105 surgunt
2594 1031 2651 1085 in
2694 1030 2939 1102 judicio,
2994 1032 3097 1088 sed
3133 1033 3204 1088 ad
3235 1049 3506 1105 pmnam:
3549 1056 3577 1083 ‹‹
3612 1032 3838 1090 dilexe-

2167 1124 2303 1175 runt
2331 1120 2489 1177 enim
2521 1118 2711 1193 magis
2739 1119 3010 1177 tenebras
3042 1138 3217 1194 quam
3250 1120 3439 1180 lucem
3499 1121 3681 1193 (Joan.
3746 1140 3837 1190 III,

2167 1209 2294 1278 19);
2335 1232 2361 1258 »
2393 1212 2450 1264 et
2477 1209 2607 1265 ideo
2630 1207 2923 1279 judicium
2951 1226 3157 1266 eorum
3188 1227 3357 1282 pcsna
3394 1215 3505 1280 est,
3560 1216 3622 1267 et
3679 1212 3830 1269 forte

2165 1314 2338 1369 pmna
2390 1298 2782 1354 tenebrarum.
2843 1299 2910 1353 Et
2974 1303 3201 1371 poterat
3268 1300 3510 1372 quidem
3582 1299 3836 1375 intelligi

2165 1387 2321 1458 quod
2353 1386 2390 1442 ii
2425 1386 2525 1459 qui
2556 1385 2712 1442 mala
2754 1402 2931 1460 opera
2961 1388 3201 1457 habent,
3259 1389 3567 1445 credentes
3628 1393 3832 1446 tamen

2166 1475 2227 1531 in
2268 1475 2591 1543 Christum,
2620 1475 2879 1531 volentes
2925 1475 3167 1547 quidem
3225 1479 3377 1533 recte
3433 1476 3664 1546 vivere;
3730 1478 3834 1534 sed

2162 1562 2297 1619 victi
2331 1562 2621 1620 illecebris
2650 1568 3043 1636 peccatorum,
3089 1563 3416 1622 dilexerunt
3470 1565 3611 1638 plus
3672 1570 3832 1623 tene-

389 1659 578 1726 (Joan.
609 1672 663 1724 v,
696 1655 805 1725 25).
846 1674 874 1701 ››
900 1652 1009 1707 Et:
1072 1675 1101 1703 ‹‹
1162 1652 1418 1724 Ingressi
1472 1656 1613 1708 sunt
1667 1651 1728 1706 in
1787 1656 2053 1709 sanctam
2164 1652 2301 1708 bras
2332 1668 2511 1723 quam
2542 1651 2773 1707 lucem:
2807 1652 2865 1707 id
2894 1656 3003 1721 est,
3027 1657 3343 1727 utrumque
3364 1652 3830 1723 dilexerunt,sed

389 1744 681 1801 civitatem
713 1740 931 1813 (Matth.
990 1758 1166 1806 xxvii,
1227 1742 1316 1796 53.
1356 1764 1381 1789 ››
1441 1742 1585 1796 Puto
1646 1740 1799 1813 quod
1864 1740 2053 1812 magis

2166 1739 2355 1813 magis
2385 1740 2676 1797 tenebras.
2710 1740 2821 1796 Sed
2853 1740 2991 1813 quia
3022 1741 3093 1797 de
3122 1741 3237 1799 illis
3262 1743 3551 1814 praemisit
3575 1743 3679 1816 qui
3712 1760 3830 1801 non

386 1831 549 1888 illam
583 1830 874 1902 significet
903 1845 1243 1901 supernam,
1273 1846 1453 1901 quam
1484 1828 1659 1884 istam
1692 1828 2041 1895 Jerusalem,
2076 1871 2124 1936 Β
2164 1828 2554 1895 crediderunt,
2589 1829 2674 1884 sic
2732 1829 3138 1902 accipiendum
3200 1835 3338 1903 puto
3397 1831 3557 1902 quod
3616 1831 3832 1888 dilexe-

388 1936 568 1994 quam
600 1918 853 1990 reliquit,
888 1934 1064 1989 quam
1096 1918 1388 1974 incusavit
1416 1918 1571 1990 quod
1601 1917 1661 1973 in
1684 1917 1857 1974 istam
1890 1918 2047 1989 pedi-

386 2012 520 2077 bus,
552 2008 612 2063 in
643 2006 807 2062 illam
837 2011 1034 2062 autem
1065 2023 1380 2079 supernam
1415 2005 1639 2062 meritis
1680 2007 2043 2062 intraverint.

455 2098 549 2153 55.
579 2096 689 2152 Sed
740 2094 883 2150 illud
943 2111 1274 2167 caveamus,
1336 2101 1398 2151 ut
1454 2095 1549 2150 hic
1606 2094 1781 2166 positi
1840 2111 2043 2167 surga-

387 2204 522 2243 mus
551 2186 622 2242 de
649 2183 877 2240 tumulo
910 2187 1093 2239 terrae.
1146 2184 1297 2240 Sunt
1324 2184 1425 2257 qui
1472 2184 1731 2240 viventes
1779 2182 2046 2256 sepulcro

386 2280 529 2333 sunt
558 2272 903 2331 circumdati
929 2276 985 2328 et
1024 2272 1232 2345 repleti
1265 2272 1533 2341 mortuis,
1567 2289 1821 2344 quorum
1842 2275 2047 2345 guttur

386 2363 724 2437 sepulcrum
753 2366 863 2430 est,
905 2378 1019 2417 non
1078 2360 1443 2433 loquentium
1502 2362 1678 2418 verba
1733 2361 1884 2428 vitae,
1943 2361 2043 2417 sed

388 2454 616 2510 mortis.
648 2452 707 2507 Si
732 2450 824 2506 hic
873 2451 1365 2507 resurrexerimus
1426 2467 1460 2506 a
1509 2450 1781 2519 mortuis,
1814 2454 1871 2506 et
1926 2448 2044 2505 illic

388 2555 800 2614 resurgemus:
857 2540 906 2595 si
966 2538 1058 2593 hic
1116 2555 1234 2595 non
1297 2539 1585 2595 fuerimus
1644 2556 1780 2596 ossa
1839 2538 2040 2607 arida;

391 2633 543 2689 704
594 2630 691 2686 sed
752 2627 1151 2700 acceperimus
1217 2644 1406 2684 rorem
1477 2628 1673 2693 Verbi,
1733 2628 2042 2684 humorem

385 2719 639 2793 Spiritus
669 2717 877 2785 sancti,
900 2720 956 2773 et
986 2715 1127 2772 illuc
1157 2716 1407 2773 vivimus
1433 2735 1446 2785 ;
1483 2717 1566 2773 sic
1600 2717 1693 2771 hic
1744 2733 1851 2773 nos
1890 2717 2041 2773 exci-

385 2808 595 2865 taverit
625 2807 799 2864 Jesus
826 2822 966 2862 voce
995 2822 1103 2861 sua
1146 2821 1385 2877 magna,
1417 2810 1481 2860 ut
1537 2804 1809 2861 excitavit
1866 2806 2044 2861 Laza-

281 2910 297 2922 ‘
386 2913 541 2963 rum,
567 2899 624 2952 et
679 2911 784 2968 per
836 2892 1157 2966 discipulos
1215 2909 1355 2950 suos
1412 2892 1647 2950 solverit
1702 2911 1736 2950 a
1791 2894 2040 2951 vinculis

386 2985 616 3051 mortis,
656 2988 711 3039 et
739 2982 1034 3038 induxerit
1062 2981 1121 3037 in
1146 2980 1517 3050 Bethaniam,
1549 2982 1649 3038 ubi
1692 2986 1816 3038 erat
1867 2983 2039 3038 Laza-

384 3090 506 3143 rus,
540 3073 650 3129 hoc
681 3077 790 3140 est,
823 3072 880 3126 in
913 3072 1156 3127 domum
1189 3069 1561 3137 obeditionis,
1589 3074 1646 3126 et
1702 3070 2040 3127 adhibuerit

384 3162 478 3219 hic
504 3161 764 3219 convivio
812 3177 958 3228 suo;
1008 3164 1067 3215 et
1100 3158 1220 3215 illic
1276 3176 1411 3215 cum
1470 3160 1673 3215 eodem
1732 3160 2035 3216 recumbe—

2162 1921 2299 1972 runt
2326 1918 2617 1983 tenebras,
2646 1922 2703 1973 et
2734 1934 2847 1974 non
2890 1917 3120 1987 lucem;
3181 1918 3281 1975 lux
3334 1920 3494 1975 enim
3551 1920 3827 1978 Christus

2159 2011 2265 2061 est.
2301 2006 2407 2069 Qui
2431 2022 2567 2077 ergo
2599 2022 2714 2063 non
2745 2006 3119 2063 crediderunt
3165 2007 3306 2079 luci,
3362 2008 3697 2065 absurdum
3737 2014 3829 2065 est

2158 2098 2224 2149 ut
2269 2092 2460 2150 lucem
2499 2093 2588 2149 vel
2641 2093 2912 2151 dilexisse
2969 2096 3302 2163 credantur,
3358 2113 3541 2168 quam
3598 2097 3828 2154 nescie-

2160 2187 2312 2238 runt.
2344 2204 2371 2232 ‹‹
2404 2182 2752 2238 Nescierunt
2806 2184 2987 2250 enim,
3020 2200 3209 2257 neque
3267 2183 3699 2255 intellexerunt,
3760 2187 3822 2242 in

2156 2271 2413 2327 tenebris
2462 2269 2785 2338 ambulant,
2848 2297 2873 2319 η

2157 2376 2342 2429 unm,
2367 2359 2444 2431 5).

2226 2449 2295 2503 57
2327 2445 2513 2521 (Vers.
2546 2449 2626 2520 6.)
2658 2447 2971 2522 Sequitur:
3006 2472 3031 2498 ‹‹
3088 2448 3372 2514 Quoniam
3421 2450 3589 2507 novit
3627 2449 3828 2507 Domi-

2156 2554 2268 2595 nus
2298 2537 2452 2593 viam
2471 2538 2797 2607 justorum,
2829 2542 2885 2592 et
2917 2538 3026 2593 iter
3059 2537 3373 2610 impiorum
3396 2538 3631 2611 peribit.
3660 2564 3690 2590 ι»
3713 2539 3826 2595 Ad-

2153 2631 2310 2683 verte
2341 2643 2579 2683 sensum
2608 2645 2619 2682 :
2660 2650 2679 2677 r
2716 2626 2841 2683 Non
2875 2632 3192 2699 resurgant
3221 2628 3391 2700 impii
3434 2628 3496 2683 in
3546 2628 3819 2699 judicio:

2154 2702 2434 2789 quoniam
2456 2717 2615 2771 novit
2630 2716 2912 2771 Dominus
2924 2716 3077 2771 viam
3091 2718 3444 2789 justorum.«
3458 2716 3602 2773 Vias
3617 2734 3822 2774 eorum

2154 2805 2355 2877 utique
2382 2805 2559 2871 novit,
2584 2822 2834 2876 quorum
2874 2804 3075 2878 dirigit
3119 2821 3396 2878 gressus;
3461 2796 3635 2862 sunt'
3664 2807 3825 2863 enim

2152 2910 2390 2966 gressus
2423 2893 2752 2961 hominum,
2786 2893 2888 2965 qui
2918 2910 2952 2949 a
2980 2893 3230 2950 Domino
3260 2894 3619 2965 diriguntur.
3672 2896 3822 2950 Diri-

2151 2987 2372 3054 guntur
2392 2999 2425 3037 a
2438 2981 2686 3038 Domino
2707 2988 2763 3038 et
2780 2982 2879 3037 via:
2900 2982 3151 3038 viri.llas
3179 2983 3337 3039 novit
3354 2982 3647 3040 Dominus
3664 2983 3811 3052 vias,

2151 3088 2277 3143 quas
2300 3075 2438 3126 sunt
2466 3076 2654 3138 rectae,
2688 3088 2815 3144 quae
2845 3071 2917 3127 ad
2948 3069 3111 3127 illam
3144 3072 3321 3127 vitam
3342 3072 3599 3128 tendunt
3626 3071 3818 3129 dicen-

2153 3159 2265 3216 tis:
2300 3184 2326 3210 ‹‹
2361 3160 2478 3233 Ego
2511 3176 2640 3215 sum
2672 3159 2783 3229 via,
2816 3158 3049 3227 veritas,
3083 3166 3139 3217 et
3163 3159 3282 3216 vita
3322 3162 3491 3233 (Joan
3521 3178 3643 3230 xiv,
3673 3164 3753 3231 6).
3788 3184 3815 3210 »

2934 2270 3085 2327 sicut
3143 2272 3427 2344 scriptum
3487 2277 3582 2329 est
3649 2274 3825 2344 (Psal.

385 3268 541 3319 mus,
609 3255 667 3308 et
730 3266 864 3306 cum
930 3265 996 3304 eo
1063 3264 1294 3319 semper
1356 3247 1750 3320 epulabimur,
1815 3253 1874 3304 et
1938 3240 2109 3306 illeC
2151 3249 2278 3304 Hzec
2311 3249 2464 3304 bona
2493 3253 2583 3305 est
2610 3248 2739 3304 via:
2773 3252 3037 3305 tortuosa
3067 3254 3264 3305 autem
3322 3254 3413 3307 est
3441 3250 3537 3306 via
3595 3249 3819 3307 seculi.

384 3340 554 3397 nobis
584 3338 868 3396 redolebit
905 3340 1295 3408 unguentum,
1356 3337 1513 3408 quod
1563 3336 1725 3393 solus
1781 3336 2043 3409 proditor

384 3427 615 3484 dolebat
644 3427 919 3483 effusum.

454 3517 544 3571 56.
577 3514 764 3587 (Vers.
795 3514 876 3585 5.)
944 3514 1091 3586 Ergo
1144 3534 1170 3564 ι
1208 3512 1373 3585 impii
1432 3531 1547 3571 non
1607 3519 1924 3589 resurgunt
1982 3516 2041 3570 in

378 3604 662 3677 judicio,»
696 3603 806 3659 hoc
831 3604 1004 3670 est,in
1037 3603 1361 3674 portionem
1392 3620 1594 3659 eorum
1625 3605 1722 3676 qui
1746 3604 2039 3674 judicium

386 3690 638 3747 subituri
670 3695 845 3745 sunt:
884 3711 910 3739 ‹‹
944 3706 1049 3745 nec
1083 3695 1415 3761 peccatores
1448 3696 1763 3764 resurgunt
1798 3692 1855 3746 in
1906 3709 2038 3747 con-

384 3777 853 3851 ciliojustorum.
890 3800 918 3826 »
949 3777 1123 3834 Vides
1156 3776 1295 3849 quia
1324 3784 1578 3852 surgunt
1609 3780 1795 3851 impii,
1840 3785 1895 3835 et
1926 3798 2041 3835 non

385 3871 636 3942 surgunt
667 3867 725 3923 in
748 3865 972 3938 judicio
995 3866 1322 3939 justorum,
1357 3868 1497 3940 quia
1540 3875 1874 3940 peccatores
1932 3870 2040 3925 etsi

384 3974 500 4013 non
554 3961 871 4029 resurgunt
928 3955 988 4010 in
1045 3955 1291 4012 concilio
1340 3956 1661 4027 justorum,
1725 3963 2043 4031 resurgunt

382 4050 582 4102 tamen
610 4044 671 4100 in
693 4043 939 4115 judicio.
976 4043 1135 4100 Unde
1187 4044 1459 4099 videntur
1504 4046 1603 4117 qui
1656 4047 1800 4101 bene
1857 4047 2039 4102 credi-

386 4204 858 4277 eamrintelligas,
891 4221 1007 4277 qua
1030 4209 1431 4277 Damascenus
1462 4203 1561 4260 lib.
1613 4206 1687 4260 De
1743 4205 2043 4263 haeresibus

386 4276 584 4333 tradit.
619 4274 979 4349 Qrig’enist'as
1009 4276 1299 4342 docuisse,
1335 4274 1539 4349 Christi
1566 4292 1794 4349 regnum
1825 4277 2043 4334 tandem

387 4293 584 4333 tradit.
619 4293 979 4349 urlgemstas
1009 4293 1299 4342 nocuisse,
1335 4293 1537 4331 Larisa
1566 4293 1794 4402 relqnum
1825 4293 2040 4334 tandem

387 4347 687 4419 aliquando
737 4348 1061 4419 desiturum,
1094 4418 1099 4419 ί
1137 4355 1189 4419 et
1218 4418 1224 4419 γ
1254 4348 1421 4419 simul
1476 4363 1619 4419 ange
1641 4364 1699 4403 os
1753 4348 2040 4419 desituros,

390 4417 578 4491 neque
607 4417 782 4491 etiam
805 4417 1017 4473 Gobari
1036 4418 1335 4474 tritheistaa
1359 4417 1787 4489 blasphemiam
1808 4436 1926 4491 qua
1946 4417 2045 4476 asi-

393 4489 578 4545 seruit
607 4504 733 4561 cum
752 4489 921 4561 juslis
944 4494 1320 4545 resurrectura
1348 4505 1556 4561 quoque
1585 4493 1769 4545 omnia
1824 4489 2041 4547 anima-

393 4562 497 4625 lia,
526 4563 635 4615 etc.
670 4559 780 4633 Sed
812 4576 941 4615 eam
972 4577 1088 4633 qua
1115 4559 1475 4633 dicebantur
1479 4562 1619 4632 justi
1647 4564 1888 4632 primum
1925 4580 2040 4619 om-

350 4634 551 4705 _niam
577 4632 857 4698 revicturi,
889 4636 940 4687 et
992 4631 1121 4687 cum
1173 4631 1387 4705 Christo
1439 4631 1498 4686 in
1554 4631 1769 4687 summa
1796 4650 1929 4705 pace
1982 4652 2047 4690 ac

388 4703 663 4776 voluptate
691 4706 977 4771 regnaturi
1000 4720 1103 4774 per
1128 4704 1282 4757 mille
1337 4718 1551 4776 annos;
1581 4707 1697 4773 post
1751 4703 1890 4776 quod
1919 4721 2043 4775 spa-

390 4777 529 4831 tium
584 4775 739 4845 ﬁeret
794 4776 1121 4830 resurrectio
1185 4774 1459 4845 goneralis
1516 4782 1679 4845 atque
1732 4774 2047 4833 universale

382 4844 682 4919 judicium.
724 4846 884 4911 Quod
947 4844 1343 4919 quidem_etsi
1398 4844 1706 4919 Ambrosio
1762 4847 2047 4904 tribuere-

398 4934 532 4974 mus
587 4933 703 4972 non
744 4920 915 4987 esset
967 4914 1076 4970 cur
1134 4914 1332 4987 mirari
1411 4915 1726 4987 quisquam
1793 4918 2043 4975 deberet.

392 4990 629 5046 Certum
660 4986 816 5044 enim
850 4991 938 5042 est
992 4988 1048 5041 in
1078 5004 1146 5041 ea
1174 4986 1444 5046 opinione
1490 4986 1603 5042 non
1661 4992 1890 5045 tantum
1922 4990 2048 5045 Ori-

392 5076 600 5135 genem
631 5059 803 5129 cujus
827 5059 1119 5114 sententia
1139 5057 1391 5135 subinde
1418 5058 1473 5112 in
1499 5058 1715 5135 scripta
1735 5077 1844 5116 sua
1863 5066 2050 5135 trans-

394 5129 530 5188 tulit
559 5137 799 5203 sanctus
838 5136 1071 5203 noster;
1119 5129 1225 5203 eed
1280 5130 1454 5184 etiam
1515 5129 1843 5203 complures
1902 5132 2050 5190 alios

394 5201 801 5275 fuisseimagni
829 5202 1085 5275 nominis
1117 5199 1314 5275 Patres
1345 5205 1469 5256 tum
1491 5199 1724 5275 Graecos
1746 5208 1871 5260 tum
1895 5204 2051 5261 Lati-

396 5291 525 5330 nos.
561 5273 775 5330 Horum
809 5274 1129 5330 reverentia
1150 5273 1415 5328 eamdem
1477 5273 1829 5330 sententiam
1880 5276 2049 5331 dam-

397 5361 537 5401 nare
568 5362 683 5401 non
714 5345 841 5402 ausi
874 5350 1014 5401 sunt
1043 5344 1275 5400 Hieron.
1306 5344 1362 5399 in
1394 5343 1658 5399 Jeremia:
1689 5362 1803 5413 χιχ,
1855 5347 1942 5411 11,
1995 5352 2053 5402 et

394 5419 640 5488 August.
675 5417 774 5472 lib.
808 5435 920 5488 ,xx,
949 5434 1074 5488 cap.
1120 5418 1176 5480 7,
1211 5414 1313 5487 qui
1371 5414 1505 5488 hoc”
1535 5415 1664 5488 ipso
1723 5416 1846 5472 loco
1905 5418 2052 5474 satis

395 5484 657 5543 declarat
678 5487 822 5543 nihil
856 5484 1065 5569 inho'e
1111 5484 1384 5569 dogmate
1438 5484 1578 5569 sibi
1609 5488 1797 5569 magis
1852 5488 2054 5569 displi-

395 5573 547 5630 cere,
581 5573 756 5627 quam
789 5559 946 5630 quod
974 5557 1104 5614 istic
1131 5556 1424 5630 spiritales
1453 5556 1780 5630 voluptates
1811 5575 1927 5615 non
1949 5556 2055 5616 ad-

397 5629 771 5704 mitterentur
790 5629 1017 5704 {sedat}
1033 5629 1340 5704 Ambrosio
1360 5629 2054 5704 atquealiis‘quibusdam

399 5703 562 5785 ipsas
592 5699 822 5761 admitti
848 5700 1109 5776 potuisse
1160 5700 1299 5761 hinc
1354 5699 1603 5779 intelligi
1659 5699 1855 5778 datur,
1892 5704 2053 5783 quod

2074 4607 2122 4672 D

2152 3340 2277 3395 Non
2308 3338 2587 3410 dignatur
2615 3335 2779 3393 illam
2809 3338 2962 3394 viam
2994 3337 3334 3395 nosse.Illos
3357 3339 3519 3396 enim
3548 3339 3824 3413 agnoscit

2153 3426 2253 3499 qui
2285 3431 2424 3482 sunt
2454 3424 2662 3499 ipsius,
2723 3426 2824 3498 qui
2881 3431 3201 3499 operantur
3258 3444 3434 3500 opera
3490 3428 3663 3499 ejus:
3715 3426 3820 3500 qui

2153 3519 2348 3571 autem
2381 3519 2699 3587 cperantur
2727 3512 3119 3586 iniquitatem,
3151 3514 3244 3571 his
3288 3514 3432 3571 dicit
3487 3515 3816 3572 Dominus:

2154 3627 2181 3652 ‹‹
2244 3602 2536 3659 Discedite
2601 3619 2636 3658 a
2694 3619 2809 3671 me,
2879 3619 3084 3660 omnes
3140 3603 3392 3677 operarii
3452 3603 3818 3677 iniquitatis‘

2154 3710 2269 3748 non
2301 3691 2432 3747 novi
2464 3708 2566 3747 vos
2597 3691 2751 3762 (Luc.
2792 3708 2917 3763 XIII,
2946 3694 3062 3760 27).
3106 3714 3134 3741 ν
3191 3692 3318 3749 Non
3378 3707 3481 3765 per
3539 3693 3818 3765 ignoran-

2155 3796 2318 3849 tiam,
2353 3781 2453 3837 sed
2486 3797 2588 3853 per
2616 3780 2676 3836 id
2708 3781 2862 3851 quod
2920 3780 3149 3853 indigni
3208 3782 3329 3838 sint
3383 3780 3641 3838 scientia
3695 3781 3820 3848 Dei,

2156 3869 2519 3926 nesciuntur.

2229 3958 2378 4015 705
2410 3959 2500 4014 58.
2537 3956 2783 4014 Pulchre
2816 3961 3013 4014 autem
3044 3958 3163 4015 ait:
3201 3980 3228 4009 α
3258 3958 3326 4014 Et
3356 3957 3466 4014 iter
3494 3958 3826 4031 impiorum

2153 4047 2385 4119 peribit.
2422 4069 2450 4096 ››
2482 4045 2744 4118 Speravit
2775 4046 3038 4115 Latinus,
3072 4051 3138 4103 ut
3166 4046 3278 4104 iter
3306 4047 3550 4119 diceret,
3581 4053 3645 4105 et
3688 4052 3826 4105 tan-

2152 4207 2277 4280 ipsc
2348 4205 2713 4280 Augustinus
2789 4206 3009 4280 ibidem
3085 4207 3434 4280 fateturse
3478 4205 3616 4280 illas
3670 4206 3822 4280 dum

2152 4276 2316 4350 prius
2373 4276 2529 4350 cuin;
2567 4276 2911 4350 millenariis
2969 4279 3231 4350 sentiret,
3275 4277 3621 4350 admisisse.
3653 4278 3821 4350 Quod

2151 4348 2287 4406 vero
2317 4365 2434 4405 non
2481 4348 2727 4405 obscure
2784 4349 3014 4406 videtur
3068 4349 3164 4404 hic
3203 4354 3259 4404 et
3312 4348 3471 4404 int‘ra
3529 4364 3694 4405 num.
3744 4348 3824 4403 56

2152 4427 2328 4493 atque
2358 4419 2502 4493 alibi
2527 4419 2723 4493 doceri
2754 4436 2958 4478 omnes
2988 4424 3317 4493 peccatores
3360 4420 3464 4493 qui
3527 4420 3587 4476 in
3621 4419 3827 4493 Chris-

2151 4490 2279 4565 tum
2311 4490 2684 4565 crediderint,
2726 4497 2858 4563 post
2916 4490 3394 4565 expurgata‘per
3449 4490 3655 4565 ignem
3717 4490 3833 4547 cri-

2155 4564 2318 4618 mina
2341 4561 2659 4635 salvandos
2692 4561 2848 4635 esse,
2881 4561 3009 4620 non
3030 4561 3203 4618 modo
3235 4561 3508 4635 Drigenis
3538 4562 3835 4635 aliorum-

2198 4651 2268 4690 ue
2297 4633 2620 4690 multorum
2650 4634 2917 4703 eiusdem
2946 4635 3131 4691 aetatis
3163 4633 3399 4689 Patrum
3427 4650 3499 4689 ea
3528 4634 3834 4691 sententis

2198 4652 2268 4690 ue
2297 4652 2620 4690 multorum
2650 4652 2917 4703 elusaem
2946 4652 3131 4691 minus
3164 4652 3399 4689 Patrum
3427 4652 3499 4689 ea
3528 4652 3834 4691 sententis

2154 4652 2285 4772 lauit,
2319 4722 2520 4761 verum
2550 4708 2609 4760 et
2634 4704 2947 4777 ipsiusmet
2976 4704 3310 4777 Hieronymi
3341 4704 3444 4777 lib.
3482 4722 3504 4777 ι
3549 4705 3834 4777 Aduersus

2155 4778 2346 4845 Pelag.
2381 4793 2508 4850 cap.
2538 4778 2594 4846 9,
2627 4775 2852 4850 etalibi
2883 4777 3152 4850 pluribus
3184 4775 3347 4850 locis.
3383 4776 3551 4850 Unde
3573 4775 3831 4850 colligas

2155 4864 2410 4904 errorem
2437 4846 2596 4907 hunc
2627 4846 2745 4904 illis
2776 4846 3138 4907 temporibus
3170 4848 3423 4904 necdum
3476 4847 3549 4902 ab
3614 4846 3827 4904 Eccle-

2157 4920 2245 4976 sia
2268 4918 2490 4992 liquido
2523 4917 2704 4992 fuisse
2736 4917 3129 4992 reprobatum.
3162 4920 3275 4975 Sed
3306 4918 3834 4992 cumAmbrosius

2201 4988 2378 5045 rzefat.
2438 4990 2498 5045 in
2530 4989 2673 5061 psal.
2726 4988 2939 5058 xximx,
2988 5008 3148 5046 num.
3201 4994 3238 5046 2
3293 4988 3562 5045 absolute
3623 4990 3831 5047 dicat:

2206 5064 2297 5117 am
2362 5063 2411 5115 si
2438 5132 2448 5144 _
2474 5060 2617 5145 hunc
2693 5066 2915 5145 peccata
2992 5063 3184 5145 gravia
3261 5063 3612 5145 portaveran-
3642 5134 3652 5144 .
3682 5062 3832 5145 illic,

2159 5149 2369 5206 nempe
2433 5132 2494 5187 in
2535 5132 2734 5189 futura
2795 5133 2934 5199 vita,
2991 5132 3238 5205 requiem
3262 5132 3381 5189 non
3445 5132 3720 5199 habebis;
3776 5137 3838 5187 et

2160 5204 2296 5260 alibi
2328 5220 2448 5285 non.
2474 5202 2786 5259 dissimilia
2814 5205 3043 5259 tradat:
3075 5220 3210 5285 eum
3243 5203 3374 5285 hoe‘
3402 5201 3514 5285 loci
3547 5220 3672 5259 non
3705 5208 3834 5285 tam

2159 5292 2228 5331 ex
2258 5275 2513 5348 propria,
2547 5291 2725 5346 quam
2751 5291 2819 5331 ex
2848 5281 3305 5331 memoratorum
3334 5274 3576 5330 Patrum
3630 5281 3837 5331 mente

2157 5346 2420 5427 Locutum
2448 5347 3077 5427 possumusjudicare:
3126 5346 3460 5427 Porronde.
3484 5346 3606 5427 hac
3649 5345 3837 5427 omni

2161 5416 2573 5491 Chiliastarum
2592 5416 2870 5491 doctrina
2899 5418 3000 5491 qui
3025 5417 3252 5491 plenius
3281 5416 3505 5491 aliquid
3529 5417 3840 5474 desidera-

2162 5489 2264 5557 bit,
2324 5490 2495 5545 adeat
2548 5489 2775 5544 Sixtum
2832 5488 3149 5546 Senensem
3206 5488 3567 5545 Bibliotheca:
3625 5492 3838 5544 sancta

2162 5560 2265 5617 lib.
2296 5577 2353 5626 v,
2397 5561 2597 5616 adnot.
2648 5560 2776 5626 233,
2808 5564 2867 5617 et
2894 5561 2997 5618 lib.
3032 5578 3107 5629 v1,
3141 5561 3337 5617 adnot.
3367 5559 3500 5627 347,
3534 5575 3652 5617 nec
3712 5575 3837 5617 non

2164 5632 2225 5691 P.
2256 5631 2322 5693 D.
2346 5631 2625 5697 Huctium
2656 5632 2877 5709 Origen.
2909 5632 3013 5695 lib.
3042 5650 3105 5706 ιι,
3138 5635 3339 5709 quaest,
3372 5629 3431 5690 9.
