4116 6188
311 381 422 454 997
1387 374 1855 440 ENARRATIO
1897 377 1977 441 ΙΝ
2021 377 2405 446 PSALMUM
2451 381 2692 445 XXXV.
3643 403 3763 467 998

314 528 493 584 quam
523 511 796 569 discrevit
825 511 937 570 iter
965 509 1150 579 avia;
1189 509 1426 568 Graecus
1458 514 1657 568 autem
1698 511 1758 567 in
1823 519 1984 570 utro-
2015 520 2070 586 Α
2102 517 2256 588 quod
2291 531 2398 572 nec
2430 516 2502 572 ab
2535 516 2703 573 initio
2748 519 2883 592 fuit,
2916 538 3020 580 nec
3079 526 3209 584 erit.
3270 531 3432 596 Quod
3491 535 3764 594 accidens

317 617 431 690 que
456 601 608 659 viam
637 602 803 659 dixit.
828 603 951 659 Non
981 599 1173 690 otiose
1202 603 1402 690 tamen
1433 599 1703 690 Latinus,
1738 603 1879 690 quia
1923 607 1981 659 et
2091 605 2272 677 igitur
2355 609 2445 660 est
2527 607 2716 676 perit:
2779 613 2935 682 quod
2997 617 3456 690 substantivum,
3541 630 3762 683 manet.

319 688 633 746 Dominus:
667 713 696 741 «
725 691 842 764 Ego
874 705 1002 748 sum
1033 687 1152 756 via,
1193 709 1214 736 ο
1252 686 1436 756 dixit;
1489 703 1608 743 non
1641 687 1825 747 dixit:
1861 691 1976 764 Ego
2088 693 2341 749 Pereunt
2372 695 2569 748 autem
2601 695 2789 768 impii,
2822 705 3116 772 quomodo
3175 708 3391 764 dicitur
3415 686 3490 766 ;’‹‹
3551 714 3767 773 Anima

321 794 455 834 sum
517 779 641 835 iter.
702 779 892 836 Perire
974 779 1175 836 autem
1232 775 1345 832 iter
1399 775 1721 850 impiorum
1807 779 1973 847 dixit,
2088 799 2216 854 quae
2249 785 2477 854 peccat,
2512 780 2642 854 ipsa
2683 788 2969 849 morietur
3018 794 3231 864 (Ez-ech.
3264 815 3428 865 xvm,
3475 802 3564 865 li):
3621 824 3648 851 n
3703 809 3771 861 ut

322 884 437 923 non
496 866 723 940 impios.
771 869 971 925 Servat
1015 881 1225 924 eorum
1278 866 1703 936 substantiam,
1759 869 1861 941 qui
1927 869 1978 925 si
2088 871 2315 943 peccati
2344 870 2550 927 aculeo
2583 873 2717 945 (58),
2774 893 2892 934 non
2926 861 3085 938 omni
3117 861 3463 944 substantia
3490 861 3613 948 suae
3640 893 3769 951 dis-

319 960 746 1024 convertantur,
775 958 926 1014 766
956 956 1148 1014 solum
1183 956 1296 1012 iter
1325 953 1652 1028 impietatis
1682 957 1976 1030 amittent,
2089 960 2389 1017 solutione
2442 961 2795 1020 moriantur.

393 1098 502 1168 (58)
535 1097 674 1154 Mss.
703 1098 996 1167 nonnulli,
1018 1105 1079 1155 ut
1092 1097 1308 1171 peccati
1336 1099 1579 1156 vinculo.

329 1254 3765 1304 Ἦ

1016 1397 1127 1483 IN
1186 1396 1736 1487 PSALMUM
1790 1397 2148 1486 XXXV
2211 1401 2877 1498 ENARRATIO
2917 1402 3068 1496 (⁵9).

1934 1604 2148 1619 _

940 1734 1336 1790 PREFATIO.

392 1827 440 1882 vl.
497 1825 773 1882 Dicturus
820 1824 1117 1897 Propheta
1164 1822 1222 1878 in
1267 1823 1490 1896 psalmo
1549 1824 1813 1896 sequenti
1865 1823 1987 1896 (60)

320 1933 447 1987 quae
473 1919 627 1972 esset
654 1915 840 1971 forma
860 1913 1033 1986 justi,
1067 1916 1202 1969 ante
1233 1912 1479 1969 formam
1509 1914 1793 1986 expressit
1827 1913 1987 1983 inju-

2017 1738 2067 1803 B
2098 1740 2423 1833 lavandum
2450 1759 2622 1833 omne
2652 1757 2977 1817 peccatum.
3014 1754 3297 1812 Ordinem
3331 1757 3608 1833 diximus,
3634 1771 3777 1828 titu-

2102 1825 2224 1882 lum
2259 1829 2726 1890 consideremus.

2167 1919 2221 2006 2ἒ
2257 1917 2444 1986 (Vers.
2480 1922 2555 1992 1.)
2607 1945 2632 1972 ‹‹
2685 1928 2749 1979 lu
2803 1928 3000 2000 tinem,
3051 1930 3268 2006 inquit,
3317 1953 3483 1995 servo
3542 1942 3776 2005 Domini

319 2005 419 2101 ἕω,
473 2003 885 2101 Νεῗρυῗῌοηίαξ
928 2017 1264 2101 possumus
1319 2017 1662 2101 cognoscere
1695 2019 1845 2101 .qute
1870 2003 1984 2101 “sit
2092 2005 2368 2101 psalmus
2391 2009 2504 2079 (63)
2536 2010 2741 2068 David.
2769 2039 2796 2064 ››
2832 2017 2891 2071 In
2921 2023 3038 2075 toto
3062 2003 3580 2101 psaltergicorpore
3609 2003 3776 2094 solus

316 2093 508 2149 forma
527 2092 794 2164 justitiae,
830 2090 944 2147 nisi
970 2104 1400 2163 cognoscamus
1434 2105 1562 2161 qua:
1594 2091 1672 2146 sit
1693 2089 1979 2163 iniquita-

315 2183 393 2238 tis
423 2181 647 2254 efﬁgies
675 2201 688 2251 ;
723 2184 862 2237 sunt
894 2179 1054 2236 enim
1081 2178 1196 2234 sibi
1226 2178 1479 2235 adversae
1511 2181 1686 2252 atque
1739 2184 1977 2236 contra-

319 2270 438 2326 riae.
471 2269 737 2341 Namque
765 2269 824 2324 in
856 2267 1046 2324 altera
1078 2266 1331 2338 simplex
1347 2266 1628 2324 habitudo
1651 2272 1891 2337 naturae,
1917 2270 1976 2323 in

319 2358 502 2415 altera
547 2357 723 2414 fallax
786 2356 1048 2414 versutia
1116 2355 1427 2427 nequitiae:
1512 2354 1628 2411 alia
1689 2355 1976 2412 virtutum

317 2447 604 2520 imagines
633 2447 884 2520 praefert,
915 2446 1034 2502 alia
1089 2443 1364 2500 vitiorum
1424 2444 1774 2500 commercia
1829 2462 1978 2516 prae-

317 2536 505 2594 tendit
543 2536 678 2609 (6i).
713 2534 1030 2592 Convenire
1063 2537 1262 2590 autem
1280 2533 1438 2590 hunc
1467 2532 1731 2590 ordinem
1762 2538 1818 2589 et
1847 2533 1979 2605 ipsa

317 2627 464 2683 ratio
530 2626 728 2681 docet:
779 2629 836 2681 et
892 2625 940 2680 si
1000 2624 1072 2679 de
1130 2622 1442 2678 contrariis
1503 2622 1790 2678 sumenda
1837 2626 1979 2677 sunt

317 2714 669 2780 testimonia,
733 2713 843 2785 ipsi
905 2713 1176 2768 doctores
1262 2710 1642 2784 philosophia
1719 2711 1975 2767 confessi

318 2807 478 2871 sunt,
513 2804 653 2858 dum
687 2806 1038 2873 sequuntur.
1075 2799 1218 2868 Quis
1275 2804 1470 2856 autem
1521 2799 1750 2856 dubitet
1806 2798 1977 2872 longe

318 2891 664 2949 anteriorem
705 2890 982 2947 Davidem
1032 2888 1292 2944 Platonis
1350 2888 1533 2945 fuisse
1588 2886 1973 2960 temporibus,

319 2997 492 3054 quem
525 2997 640 3036 non
672 2979 864 3036 solum
891 2981 1174 3051 magister
1201 2977 1329 3048 ejus
1359 2977 1494 3049 (62),
1554 2977 1658 3034 sed
1717 2991 1821 3031 nec
1879 2977 1968 3032 avi

319 3071 559 3143 quidem
588 3086 826 3126 avorum
857 3069 986 3140 ejus
1015 3066 1212 3122 videre
1241 3070 1592 3138 potuerunt:
1619 3081 1754 3121 cum
1785 3063 1882 3121 ille
1913 3066 1974 3122 in

319 3158 605 3232 principio
618 3158 777 3231 regni
793 3157 967 3212 fuerit
980 3155 1317 3212 Judaeorum
1337 3155 1516 3227 (quod
1543 3171 1648 3228 per
1665 3154 1976 3212 innumera

320 3262 611 3303 annorum
641 3245 931 3302 curricula
952 3247 1337 3317 propagatum
1369 3244 1499 3316 est),
1531 3243 1643 3300 iste
1673 3247 1806 3315 post
1835 3247 1978 3299 tem-

315 3353 466 3410 pora
496 3334 868 3408 captivitatis,
901 3333 1120 3407 quibus
1158 3348 1404 3405 regnum
1457 3333 1648 3405 gentis
1695 3332 1823 3402 ejus
1845 3333 1974 3403 jam

317 3425 512 3481 fuerat
538 3423 893 3480 dissolutum
931 3465 943 3478 .
977 3423 1126 3494 Ergo
1157 3420 1282 3492 ipse
1315 3420 1415 3493 qui
1446 3425 1604 3477 tenet
1645 3419 1706 3475 in
1767 3436 1974 3478 omnes

313 3511 610 3570 saecularis
641 3511 941 3584 sapientiae
971 3508 1384 3583 principatum,
1416 3526 1551 3565 cum
1583 3509 1802 3564 diceret
1856 3527 1971 3566 non

312 3617 486 3676 posse
544 3600 790 3656 formam
841 3600 1086 3672 justitite
1153 3598 1592 3671 comprehendi,
1663 3597 1777 3654 nisi
1837 3603 1973 3655 ante

313 3691 748 3747 discutiendam
781 3688 1087 3761 iniustitia:
1112 3688 1324 3744 seriem
1356 3687 1743 3760 putavissent,
1777 3701 1969 3742 exem-

313 3779 480 3852 plum
512 3776 711 3835 attulit
761 3778 917 3848 quod
970 3777 1008 3831 ii
1063 3775 1164 3848 qui
1220 3775 1402 3834 velint
1430 3791 1640 3831 aurum
1691 3789 1970 3845 qumrere,

313 3866 483 3938 prius
536 3881 598 3922 se
639 3865 762 3920 luto
824 3864 1133 3920 obliniant.
1193 3866 1417 3920 Aurum
1467 3863 1667 3935 itaqne
1715 3861 1970 3933 justitia,

312 3953 600 4027 iniquitas
628 3953 818 4010 lutum
852 3958 958 4008 est.
992 3952 1154 4016 Quod
1186 3969 1220 4008 a
1250 3952 1467 4008 nostris
1518 3966 1754 4023 quoque
1809 3951 1972 4021 prius

315 4043 541 4098 dictum
572 4057 698 4098 esse
728 4058 843 4097 non
876 4041 1123 4096 dubium
1163 4044 1272 4108 est,
1331 4056 1466 4096 cum
1516 4039 1802 4112 scriptum
1855 4040 1970 4097 sit:

313 4151 341 4182 ιι
371 4131 446 4186 Ut
475 4130 667 4186 lutum
697 4129 1026 4202 platearum
1056 4129 1261 4185 delebo
1291 4145 1391 4186 eos
1420 4130 1596 4198 (Psal.
1630 4145 1769 4196 xvu,
1798 4128 1907 4201 43).
1941 4151 1968 4181 η

308 4221 380 4276 Et
408 4235 540 4276 vere
570 4219 763 4276 lutum
789 4236 803 4288 ;
837 4219 978 4291 quia
1005 4234 1103 4274 eos
1134 4218 1408 4291 inquinat
1436 4218 1536 4290 qui
1587 4217 1700 4273 sibi
1758 4233 1971 4290 appro-

312 4307 746 4380 pinquaverint.
781 4307 1102 4379 Fugiamus
1127 4323 1264 4380 ergo
1294 4306 1669 4377 injustitiam,
1695 4320 1766 4360 ne
1798 4304 1974 4364 luteis

320 4397 597 4452 sordibus
655 4395 1054 4466 inquinemur,
1115 4400 1294 4467 atque
1343 4395 1404 4450 in
1454 4395 1582 4466 ejus
1635 4394 1972 4466 voraginem

2092 2092 2186 2146 hic
2219 2092 2429 2152 titulus
2460 2103 2569 2165 est,
2593 2103 2747 2172 quod
2768 2105 3063 2175 psalmum
3086 2127 3253 2168 servo
3280 2092 3516 2173 Domini
3538 2137 3601 2177 se
3622 2092 3774 2180 seri;

2090 2181 2282 2252 psisse
2303 2187 2573 2242 testetur.
2607 2190 2750 2254 Quis
2783 2193 2892 2248 iste
2923 2201 3012 2250 est
3042 2215 3246 2256 servus
3289 2202 3528 2262 Domini
3574 2211 3771 2269 videa-

2088 2286 2262 2326 mus:
2288 2274 2430 2344 quid
2468 2276 2678 2346 psalmi
2712 2280 2895 2336 series
2927 2284 3252 2355 signiﬁcet:
3289 2292 3386 2347 cui
3419 2294 3618 2356 dictus
3672 2301 3771 2356 hic

2087 2357 2356 2450 psalmus
2387 2363 2510 2418 sit?
2543 2366 2870 2424 Audiamus
2901 2371 2972 2425 ad
3005 2389 3182 2444 quem
3241 2376 3524 2450 loquatur
3548 2370 3620 2442 :'«
3655 2388 3768 2444 Do-

2087 2446 2265 2515 mine,
2300 2449 2512 2522 inquit,
2546 2452 2605 2508 in
2635 2454 2779 2510 ccelo
2811 2458 3216 2519 misericordia
3272 2446 3396 2536 tua,
3455 2477 3515 2529 et
3554 2477 3767 2534 veritas

2086 2537 2405 2632 tua-usque
2437 2540 2518 2632 ad
2543 2541 2753 2597 nubes.
2782 2544 3024 2602 Justitia
3047 2553 3151 2606 tua
3182 2553 3343 2610 sicut
3376 2567 3612 2620 montes
3642 2567 3763 2632 Dei,

2079 2623 2306 2723 judicia
2337 2629 2440 2723 tua
2470 2629 2735 2723 abi-esus—
2778 2631 2986 2723 multa.
3042 2637 3215 2707 (Psal.
3278 2659 3452 2713 xxxv,
3506 2653 3564 2718 6,
3620 2654 3698 2723 7).
3730 2623 3760 2704 1;

2084 2712 2186 2766 Cui
2220 2712 2350 2782 hoc,
2383 2715 2492 2772 nisi
2527 2717 2670 2774 Filio
2702 2719 2804 2775 Dei
2836 2720 3054 2778 dicitur
3082 2724 3110 2778 ?
3141 2727 3273 2784 Haec
3304 2712 3467 2789 enim
3500 2712 3619 2794 non
3647 2712 3758 2796 hu-

2085 2817 2291 2892 manae,
2325 2804 2427 2859 sed
2461 2805 2668 2861 divinae
2691 2813 2829 2863 sunt
2851 2814 3178 2881 potestatis.
3199 2818 3308 2872 Sed
3333 2821 3476 2892 quid
3497 2825 3612 2881 sibi
3634 2829 3760 2886 vult

2084 2890 2240 2960 quod
2271 2906 2435 2947 servo
2465 2893 2697 2950 Domini
2728 2897 2842 2952 dici
2886 2898 3184 2968 psalmum
3233 2890 3393 2963 hunc
3429 2913 3583 2968 766
3617 2916 3755 2972 titu-

2084 2976 2178 3032 lus
2225 2979 2538 3036 declaravit
2581 2984 2753 3054 (Psal.
2806 3003 3032 3056 Lxxxrx,
3094 2991 3170 3060 l),
3227 3011 3363 3051 cum
3423 3001 3750 3064 orationem

2088 3065 2269 3138 Moysi
2303 3067 2557 3125 hominis
2588 3071 2688 3126 Dei
2721 3073 3014 3143 maluerit,
3034 3094 3212 3148 quam
3248 3085 3397 3139 servi
3422 3087 3659 3146 Domini
3689 3093 3748 3150 in

2034 3149 2048 3172 ‘
2087 3155 2404 3227 posteriore
2433 3157 2603 3213 titulo
2635 3177 2975 3234 nuncupare
3000 3165 3028 3219 ?
3059 3169 3212 3238 quod
3237 3185 3375 3242 ergo
3429 3149 3745 3237 consilium

2086 3243 2381 3333 Propheta:
2415 3244 2589 3302 fuerit
2620 3264 2735 3303 non
2769 3249 3057 3324 intelligo,
3079 3255 3169 3310 vel
3193 3258 3388 3328 potius
3418 3261 3612 3333 ipsius
3635 3267 3744 3323 Do-

2083 3331 2226 3386 mini
2249 3332 2583 3403 Salvatoris,
2617 3335 2717 3407 qui
2750 3336 2982 3395 locutus
3013 3345 3101 3397 est
3124 3342 3184 3397 in
3226 3331 3534 3418 Propheta,
3600 3354 3744 3413 Vere

2075 3419 2440 3492 judiciaejus
2460 3422 2611 3477 sicut
2641 3425 2888 3497 abyssus
2919 3429 3124 3493 multa,
3158 3437 3223 3487 ut
3251 3449 3416 3491 servo
3459 3437 3742 3498 honoriﬁ-

2082 3507 2332 3564 centiam
2403 3515 2744 3578 reservaret,
2823 3515 2936 3571 sibi
2988 3520 3384 3578 conditionem
3442 3529 3740 3588 servitutis

2081 3595 2412 3650 ascriberet.
2434 3595 2648 3652 Videor
2695 3600 2839 3656 mihi
2872 3603 3216 3677 intelligere,
3239 3609 3442 3667 videor
3470 3613 3739 3676 hausisse

2081 3681 2301 3753 aliquid
2334 3684 2404 3738 de
2434 3683 2622 3754 gratia
2651 3687 2920 3758 spiritali.
2954 3694 3252 3750 Adversus
3310 3697 3641 3770 injustiam,
3675 3711 3740 3761 ut

2082 3770 2357 3834 diximus.
2381 3770 2655 3864 psalmus
2687 3774 2782 3864 hic
2819 3778 3089 3864 scriptus
3119 3787 3240 3837 est:
3303 3789 3385 3859 et,
3415 3787 3546 3846 ideo
3604 3792 3738 3864 plus

2080 3863 2353 3930 gravatur
2379 3857 2622 3929 injustia
2651 3863 3030 3936 perﬁdorum,
3064 3867 3162 3938 qui
3186 3856 3483 3927 Christum
3527 3856 3734 3934 Jesum

2079 3947 2392 4003 Dominum
2423 3949 2677 4020 recipere
2710 3951 3179 4024 noluerunt,cum
3200 3954 3293 4010 ille
3318 3963 3554 4030 prOpter
3575 3962 3736 4033 ipsos

2079 4035 2400 4108 susceperit
2438 4037 2798 4095 servitutem.
2853 4041 3001 4106 Quid
3057 4044 3214 4100 enim
3249 4048 3368 4101 tam
3430 4048 3729 4122 iniquum,

2079 4140 2257 4195 quam
2288 4124 2548 4197 ingratos
2579 4126 2760 4184 fuisse
2789 4130 2968 4185 tantis
3002 4131 3332 4200 beneﬁciis;
3392 4141 3456 4191 ut
3508 4140 3730 4210 quibus

2079 4212 2174 4268 ille
2200 4212 2448 4270 salutem
2481 4215 2666 4284 daret,
2698 4217 2759 4272 hi
2791 4219 3138 4292 sanguinem
3169 4222 3298 4292 ejus
3330 4224 3734 4286 effunderent?

2081 4303 2341 4376 Denique
2365 4303 2502 4358 alibi
2525 4321 2660 4360 cum
2691 4306 2761 4362 de
2788 4325 2897 4363 sua
2926 4309 3196 4380 passione
3243 4309 3602 4386 loqueretur,
3657 4319 3730 4376 ad

2080 4394 2460 4449 acervandam
2491 4393 2744 4450 Judaicae
2783 4395 3103 4468 impietatis
3133 4399 3414 4458 invidiam
3473 4404 3557 4460 sic
3601 4407 3682 4464 ait
3713 4426 3727 4464 :

312 4501 430 4540 non
489 4501 592 4557 pes
622 4489 821 4540 noster
849 4483 1118 4554 exterior,
1178 4485 1302 4552 sed,
1335 4484 1492 4555 quod
1545 4487 1636 4538 est
1707 4483 1964 4555 gravius,
1999 4470 2046 4534 D
2107 4504 2134 4529 ‹‹
2160 4481 2241 4537 Ne
2270 4487 2495 4537 avertas
2527 4482 2730 4539 faciem
2761 4488 2923 4540 tuam
2956 4503 2990 4541 a
3039 4504 3218 4560 puero
3245 4495 3380 4547 tuo:
3447 4495 3728 4564 quoniam

307 4591 477 4630 mens
523 4578 723 4630 nostra
781 4578 1097 4647 mergatur.
1166 4572 1235 4628 Et
1290 4569 1663 4644 philosophia
1718 4571 1956 4642 quidem

311 4678 524 4718 aurum
556 4678 618 4718 se
649 4679 906 4734 quaerere
936 4661 1116 4730 dicit;
1157 4661 1257 4717 sed
1290 4659 1508 4716 luttum
1569 4663 1783 4728 versat,
1843 4677 1969 4732 quae

309 4751 677 4807 divinitatem
709 4752 919 4822 quaerit
948 4751 1008 4805 in
1039 4750 1272 4818 statuis;
1307 4749 1408 4806 sed
1436 4766 1578 4805 vasa
1607 4749 1772 4821 ﬁguli
1805 4749 1968 4823 virga

310 4840 659 4913 confringet.
717 4841 835 4897 Nos
895 4856 1104 4896 aurum
1163 4839 1507 4912 querimus,
1565 4854 1682 4909 quo
1722 4855 1972 4912 corpora

308 4933 514 4986 nostra
544 4929 919 4997 mundemus,
949 4927 1459 4985 mortiﬁcationem
1488 4927 1626 4984 Jesu
1658 4926 1874 4982 Christi
1906 4929 1965 4983 in

308 5033 550 5089 corpore
572 5021 770 5073 nostro
790 5016 1268 5072 circumferentes
1293 5033 1306 5084 ;
1337 5018 1480 5084 utet
1498 5015 1617 5070 vita
1634 5014 1664 5070 J
1672 5030 1776 5070 esu
1806 5013 1967 5070 Chri-

305 5105 382 5162 sti
417 5106 476 5160 in
501 5122 740 5178 corpore
770 5110 968 5162 nostro
1003 5103 1428 5160 manifestetur.
1471 5103 1697 5160 Bonum
1729 5120 1964 5172 aurum,

305 5195 554 5266 sanguis
584 5197 674 5250 est
701 5193 939 5262 Christi,
969 5192 1132 5249 dives
1161 5191 1233 5247 ad
1258 5191 1530 5264 pretium,
1573 5191 1836 5264 profluus
1889 5193 1960 5248 ad

380 5337 495 5470 (59)
526 5337 709 5409 Scrip.
743 5341 876 5409 post
905 5353 1000 5393 an.
1021 5336 1145 5392 393.

383 5407 474 5470 (60
527 5408 694 5465 Rom.
720 5409 858 5465 edit.
894 5407 1037 5470 sola,
1068 5409 1127 5462 in

383 5406 495 5480 (60)
527 5406 694 5465 Rom.
720 5406 858 5465 e'dit.
894 5407 1037 5474 sola,
1068 5409 1127 5480 in
1159 5406 1365 5478 psalmo
1395 5407 1699 5480 tricensimo
1747 5407 1956 5480 quinto.

306 5477 505 5536 Minus
534 5479 680 5562 bene
709 5499 722 5549 ;
758 5477 1370 5562 quandoquidem‘non
1403 5477 1582 5546 hunc,
1602 5477 1703 5562 sed
1734 5477 1957 5562 tricesi:

305 5568 473 5607 mum
506 5547 734 5608 sextum
764 5547 1115 5609 Ambrosius
1152 5548 1474 5605 indicatum
1529 5547 1745 5621 voluit:
1787 5549 1956 5621 quod

307 5623 620 5697 utriusque
669 5624 878 5696 psalmi
940 5624 1350 5697 argumentum
1407 5618 1797 5677 consideranti
1817 5618 1954 5696 'pla-

307 5711 453 5754 num
485 5694 614 5752 erit.

2067 4568 2331 4632 tribulor.
2364 4570 2634 4627 velociter
2663 4574 2870 4628 exaudi
2922 4591 3083 4631 me...
3118 4577 3287 4649 (Psal.
3360 4597 3553 4653 vam,
3613 4585 3723 4656 18).

2078 4662 2303 4731 Pauper
2331 4663 2388 4714 et
2415 4659 2618 4716 dolens
2650 4678 2755 4734 ego
2789 4679 2919 4718 sum
2954 4665 3113 4735 (Ibid.
3147 4666 3258 4738 30).

2148 4748 2202 4803 3.
2239 4748 2396 4814 Veni,
2429 4748 2625 4817 Paule,
2659 4750 3042 4824 interpretare
3086 4755 3274 4823 nobis,
3336 4773 3453 4827 qua
3502 4758 3726 4814 ratione

2079 4836 2359 4892 Dominus
2391 4836 2516 4891 εαξιὶ
2542 4843 2713 4911 atque
2745 4844 3030 4899 terrarum
3065 4861 3125 4899 se
3175 4860 3492 4916 pauperem
3563 4846 3723 4901 dixe-

2076 4926 2170 4991 rit,
2203 4929 2258 4980 et
2287 4943 2413 4996 quae
2446 4927 2521 4982 sit
2553 4927 2662 4984 ista
2695 4935 3031 5002 paupertas.
3065 4934 3150 4987 Tu
3185 4936 3337 4989 certe
3367 4931 3530 4987 illum
3576 4934 3722 4988 divi-

2075 5019 2194 5069 tem
2218 5014 2414 5070 dixisti
2441 5032 2452 5070 :
2483 5019 2778 5088 quomodo
2810 5019 2966 5074 idem
2997 5021 3157 5076 dives
3188 5025 3245 5076 et
3301 5037 3524 5092 pauper
3578 5025 3666 5078 est
3695 5023 3724 5079 ?

2072 5103 2400 5160 Audiamus
2457 5106 2862 5163 testimonium
2912 5107 3097 5162 Pauli.
3162 5131 3189 5156 α
3244 5109 3437 5174 Scitis,
3500 5110 3717 5182 inquit,

2071 5192 2318 5264 gratiam
2350 5193 2580 5250 Domini
2615 5195 2797 5251 nostri
2827 5194 2966 5249 Jesu
2994 5194 3207 5251 Christi
3236 5221 3250 5263 ;
3291 5193 3428 5268 quia
3486 5204 3722 5271 propter

2164 5337 2257 5411 61)
2279 5336 2418 5411 Mss.
2451 5334 2693 5411 aliquot,
2726 5337 2983 5411 vitiorum
3000 5341 3305 5394 commenta
3327 5343 3643 5411 praemittit.

2165 5409 2258 5475 62)
2280 5405 2578 5488 “Magister;
2618 5409 2733 5478 ejus
2765 5405 2824 5459 id
2879 5412 2986 5473 est,
3044 5405 3405 5488 Socratesfad
3453 5428 3652 5488 quem_
3686 5431 3720 5470 a

2069 5493 2248 5560 regno
2278 5478 2454 5533 David
2487 5477 2779 5542 effluxere,
2799 5491 2867 5530 ex
2897 5481 3284 5548 quorumdam
3318 5477 3718 5558 chronologia,

2069 5565 2229 5605 omni
2259 5549 2384 5604 633.
2422 5548 2584 5611 Quod
2616 5564 2750 5602 vero
2783 5549 2848 5602 ad
2877 5551 3038 5611 regni
3088 5552 3423 5609 Judteorum
3456 5555 3717 5611 duratio-

2069 5565 2229 5605 omni
2259 5563 2384 5604 6:53.
2422 5563 2584 5611 uuoa
2616 5564 2750 5602 vero
2783 5563 2848 5602 ac
2877 5565 3038 5621 regni
3088 5563 3423 5609 Jumeorum
3456 5563 3717 5612 duratio-

2066 5637 2223 5686 nem,
2257 5635 2385 5675 eam
2418 5618 2598 5674 fuisse
2629 5635 2915 5676 annorum
2949 5624 3051 5677 484
3085 5623 3262 5683 iidem
3293 5626 3553 5684 tradunt.

2139 5694 2250 5768 (63)
2280 5691 2447 5752 Rom.
2479 5689 2619 5751 edit.
2651 5691 3104 5769 praetermiserat
3157 5713 3357 5759 vocem
3395 5697 3677 5762 Psalmus.
