4116 6188
477 323 598 384 999

1937 320 2000 375 S.
2050 313 2420 377 AMBROSII

3727 314 3890 380 {000

474 472 574 509 vos
606 467 824 524 pauper
852 450 1040 505 factus
1069 452 1178 515 est,
1213 466 1345 505 cum
1367 448 1527 507 dives
1546 453 1737 516 esset;
1771 453 1832 504 ut
1861 466 1961 504 vos
1991 449 2120 519 ejus
2150 452 2200 514 Α
2234 453 2395 504 utero
2427 447 2686 520 accipiet,
2719 449 2776 503 et
2801 445 2985 520 pariet
3009 445 3229 516 ﬁlium,
3255 450 3314 504 et
3335 447 3637 504 vocabitur
3679 466 3889 508 nomen

471 539 669 611 inopia
707 537 1041 594 ditaremini
1097 539 1174 607 (II
1226 537 1477 606 Cor,vm,
1535 539 1612 610 9).
1674 560 1702 586 ››
1734 537 1876 592 Veni
1926 542 1982 591 et
2037 544 2120 604 tu,

469 628 642 694 Isaia,
676 627 1056 698 interpretare
1088 627 1258 683 nobis
1289 628 1582 698 quomodo
1614 643 1677 684 se
1707 626 1996 682 dolentem
2035 625 2122 680 di-

469 718 620 773 xerit
667 715 956 786 Christus,
989 716 1090 787 qui
1119 715 1351 772 dolores
1380 716 1691 772 vulnerum
1744 732 1950 772 sanare
1983 731 2122 769 con-

469 805 679 863 suevit.
715 805 973 861 Medicus
1002 804 1179 872 venit,
1213 811 1280 860 ut
1307 811 1537 861 curaret
1569 822 1790 878 aegros:
1826 805 1966 876 quid
1998 804 2124 875 ipse

469 895 676 950 habuit
697 893 847 965 quod
884 892 1106 948 doleret
1133 892 1162 947 ?
1192 894 1520 950 Audiamus
1551 895 1731 950 etiam
1763 893 1922 949 Isaiae
1961 892 2122 948 testi-

468 982 754 1038 monium.
793 1002 814 1031 ι
860 980 966 1036 Pro
1000 981 1189 1048 nobis,
1252 981 1467 1053 inquit,
1505 982 1696 1038 dolet:
1733 985 1790 1037 et
1837 997 1942 1036 nos
1972 980 2122 1035 aesti-

467 1071 758 1126 mavimus
788 1085 923 1124 eum
955 1069 1161 1125 essein
1195 1069 1500 1126 doloribus
1534 1072 1660 1142 (Isa.
1695 1088 1817 1139 Lm,
1845 1071 1919 1140 4).
1955 1092 1981 1119 ››
2015 1070 2122 1124 Ex-

467 1159 682 1232 pressit
725 1158 936 1213 medici
967 1159 1238 1214 allectum
1273 1201 1287 1225 ,
1321 1159 1442 1230 qui,
1477 1159 1708 1214 etiamsi
1740 1159 1865 1230 ipse
1894 1156 2123 1213 nullum

465 1248 678 1303 vulnus
709 1246 914 1302 habuit
947 1247 1085 1318 quid
1120 1247 1362 1314 doleret,
1405 1253 1602 1303 tamen
1661 1263 2006 1316 compassus
2037 1251 2126 1301 est

461 1335 800 1392 vulneratis.
837 1335 952 1390 Hoc
985 1335 1172 1407 igitur
1205 1337 1264 1391 in
1290 1336 1523 1408 psalmo
1542 1337 1829 1392 Dominus
1848 1335 2125 1407 exprobat

461 1425 714 1483 Judaeis:
753 1427 868 1496 Ego
903 1428 1136 1496 pr0pter
1166 1442 1267 1480 vos
1291 1437 1531 1497 pauper,
1563 1442 1668 1498 ego
1702 1442 1804 1495 pro
1827 1423 1988 1479 vobis
2018 1423 2124 1477 do-

461 1515 609 1582 lens,
643 1509 702 1570 et
731 1531 830 1570 vos
862 1513 1008 1568 mihi
1035 1531 1248 1569 manus
1279 1513 1492 1585 impias
1525 1513 1809 1568 intulistis
1841 1514 2120 1567 dicentes:

461 1630 488 1656 ‹‹
523 1603 828 1660 Tollamus
851 1603 1105 1672 justum,
1136 1604 1275 1673 quia
1305 1602 1531 1657 inutilis
1562 1607 1651 1658 est
1682 1601 1849 1657 nobis
1872 1602 2022 1672 (Sap.
2059 1617 2124 1671 ιι,

463 1694 571 1764 12).
604 1691 952 1763 Injiciamus
985 1691 1208 1761 lignum
1274 1691 1330 1744 in
1364 1706 1574 1762 panem
1621 1692 1750 1761 ejus
1797 1691 2009 1762 (Jerem.
2042 1706 2118 1754 x1,

462 1782 611 1850 19).»
634 1781 788 1834 Bene
819 1794 1034 1849 panem
1066 1778 1214 1832 dixit
1244 1795 1346 1850 pro
1372 1795 1544 1834 carne
1574 1779 1721 1847 ejus.
1757 1777 1856 1832 Ille
1887 1778 2122 1832 alimen-

458 1874 584 1923 tum
617 1865 847 1933 detulit,
883 1866 978 1920 isti
1014 1882 1114 1938 pro
1138 1866 1417 1921 beneﬁcio
1460 1865 1708 1922 retulere
1739 1865 2114 1937 supplicium.

458 1956 582 2012 Non
615 1956 833 2011 mirum
865 1970 1002 2026 ergo
1033 1954 1082 2009 si
1113 1955 1402 2021 esuriunt,
1438 1955 1537 2026 qui
1570 1954 1682 2010 sibi
1704 1954 1831 2009 vitae
1883 1958 2114 2009 mternze

455 2044 800 2102 alimoniam
822 2044 1206 2115 denegarunt.
1234 2042 1482 2099 Pulchre
1502 2044 1677 2099 etiam
1707 2043 1822 2098 duo
1846 2043 1960 2098 ista
1981 2044 2115 2113 jun-

455 2138 700 2191 xerunt:
737 2156 764 2183 «
800 2131 1141 2204 Injiciamus
1173 2132 1402 2204 lignum
1433 2131 1490 2187 in
1523 2149 1736 2204 panem
1767 2133 1914 2202 ejus.
1953 2155 1979 2180 ››
2011 2131 2116 2187 Ne-

455 2223 722 2279 sciebant
741 2222 882 2293 quid
916 2221 1296 2292 loquerentur
1324 2221 1532 2289 Judaei,
1568 2226 1622 2277 et
1657 2221 1998 2292 mysterium
2027 2219 2111 2276 lo-

455 2312 804 2384 quebantur.
837 2311 1183 2366 Paradisum
1217 2311 1388 2366 nobis
1412 2327 1553 2366 crux
1594 2310 1846 2365 reddidit
1871 2308 2107 2365 Christi.

457 2401 573 2456 [loc
614 2404 702 2456 est
731 2399 957 2472 lignum
990 2401 1145 2470 quod
1189 2400 1322 2453 Adaa
1355 2399 1640 2454 Dominus
1671 2398 2112 2467 demonstravit,

455 2489 656 2545 dicens
684 2490 756 2544 de
787 2489 944 2560 ligno
975 2488 1126 2552 vitae,
1161 2489 1315 2559 quod
1343 2493 1497 2543 esset
1527 2487 1583 2542 in
1613 2488 1804 2544 medio
1831 2487 2110 2560 paradisi,

453 2578 844 2634 edendumzde
875 2575 1034 2648 ligno
1065 2580 1259 2631 autem
1284 2576 1540 2632 scientiae
1574 2577 1710 2632 boni
1744 2581 1803 2631 et
1827 2576 2110 2645 mali,non

450 2666 764 2723 edendum.
797 2665 1022 2720 Erravit
1075 2664 1282 2730 Adam,
1309 2666 1587 2721 mandata
1632 2682 1747 2720 non
1799 2663 2109 2729 tenuit,in-

451 2755 765 2811 terdictum
813 2752 1089 2825 gustavit.
1165 2755 1310 2809 ποτ
1379 2753 1484 2808 Per
1539 2753 1765 2824 lignum
1825 2753 2109 2825 coepimus

451 2843 672 2899 esurire
698 2861 710 2911 ;
735 2844 877 2915 quia
909 2860 1085 2898 suum
1127 2858 1261 2897 caro
1293 2843 1520 2913 accepit
1572 2841 1940 2897 alimentum.
1978 2842 2109 2896 Ideo

451 2931 734 2988 Dominus
763 2931 820 2986 in
847 2930 1075 2986 Christo
1121 2946 1356 2986 carnem
1409 2930 1610 3001 junxit
1639 2935 1696 2986 et
1751 2930 1998 3003 lignum,
2047 2933 2111 2984 ut

452 3021 634 3077 fames
685 3020 926 3092 antiqua
977 3024 1252 3085 cessaret,
1324 3019 1451 3074 vitae
1494 3019 1682 3091 gratia
1748 3020 2107 3074 redderetur.

450 3111 693 3166 Beatum
724 3108 952 3181 lignum
980 3107 1228 3174 Domini,
1263 3108 1418 3178 quod
1438 3108 1700 3162 omnium
1724 3111 1960 3178 peccata
1976 3123 2110 3162 cru-

2231 539 2361 608 ejus
2429 536 2811 604 Emmanuel;
2861 538 3014 608 quod
3075 537 3510 609 interpretatur,
3572 529 3890 598 Nobiscum

2231 630 2384 682 Deus
2414 627 2540 697 (Isa.
2565 643 2668 692 v11,
2712 625 2816 691 14ς
2848 624 3034 681 Matth.
3069 643 3108 693 ι,
3141 626 3253 697 23).
3303 626 3469 690 Quod
3520 625 3690 681 enim
3738 626 3889 682 aliud

2235 715 2346 770 nisi
2380 714 2558 770 Filius
2587 714 2688 770 Dei
2721 715 2830 784 (65)
2863 718 3180 769 nomenest
3200 713 3409 770 Christi
3431 714 3458 768 ?
3480 714 3694 788 Accipe
3715 715 3890 771 aliud.

2233 803 2465 859 Dixerat
2523 803 2761 875 quidem
2813 807 2869 858 et
2924 801 3157 858 Gabriel
3200 804 3272 858 ad
3328 803 3546 875 Joseph
3582 803 3658 859 de
3692 803 3888 860 Maria.

2241 892 2491 948 «Pariet
2543 891 2756 957 ﬁlium,
2813 895 2871 946 et
2923 892 3159 946 vocabit
3228 909 3440 947 nomen
3497 893 3632 963 ejus
3692 893 3889 949 Jesum

2235 981 2439 1053 (Matth.
2477 998 2515 1046 ι,
2545 981 2655 1052 21).
2691 1002 2718 1028 ››
2749 980 2957 1052 Accipe
2987 979 3089 1035 Dei
3119 997 3314 1035 vocem
3350 997 3362 1035 :
3398 1004 3426 1030 «
3454 981 3523 1035 Et
3567 985 3660 1046 tu,
3723 981 3889 1037 Beth-

2233 1069 2382 1125 leem
2412 1070 2646 1137 Judaeaa,
2681 1085 2797 1123 non
2828 1084 2890 1124 es
2917 1068 3167 1124 minima
3197 1068 3346 1124 inter
3373 1069 3677 1142 principes
3719 1069 3888 1137 Juda,

2231 1175 2300 1214 ex
2345 1164 2400 1214 te
2457 1158 2614 1214 enim
2678 1157 2828 1214 exiet
2883 1157 3158 1230 Princeps
3228 1158 3325 1230 qui
3392 1163 3558 1231 regat
3603 1158 3888 1231 populum

2236 1263 2432 1303 meum
2495 1247 2674 1318 (Mich.
2735 1263 2789 1313 v,
2841 1248 2918 1316 2).
2980 1268 3008 1295 ››
3065 1248 3306 1302 Adverte
3359 1247 3768 1319 mysterium:
3827 1264 3886 1303 ex

2236 1341 2396 1392 utero
2428 1335 2688 1407 Virginis
2720 1335 2871 1391 idem
2905 1340 2962 1391 et
2986 1352 3188 1390 servus
3227 1335 3397 1391 exivit
3447 1341 3506 1391 et
3568 1337 3885 1402 dominus;

2235 1440 2437 1479 servus
2467 1424 2538 1478 ad
2571 1424 2953 1495 operandum,
2987 1425 3264 1478 dominus
3306 1425 3377 1479 ad
3426 1425 3882 1496 imperandum;

2238 1517 2300 1566 ut
2332 1528 2576 1583 regnum
2610 1511 2726 1568 Deo
2762 1513 2816 1566 in
2866 1511 3174 1567 hominum
3225 1513 3522 1569 mentibus
3578 1515 3885 1570 radicaret.

2233 1600 2516 1672 Utrimque
2557 1617 2735 1667 unus,
2791 1617 2902 1656 non
2961 1600 3110 1656 alter
3165 1617 3233 1657 ex
3284 1601 3466 1667 Patre,
3536 1606 3596 1658 et
3626 1603 3778 1659 alter
3827 1621 3890 1659 ex

2232 1689 2469 1761 Virgine
2495 1707 2506 1756 ;
2537 1691 2637 1744 sed
2668 1690 2822 1745 idem
2845 1689 2945 1760 qui
2975 1694 3109 1745 ante
3140 1690 3353 1745 saecula
3384 1706 3453 1745 ex
3509 1691 3704 1762 Patre,
3771 1693 3886 1765 ipse

2233 1782 2438 1848 postea
2465 1793 2699 1832 carnem
2733 1778 2992 1848 suscepit
3023 1793 3092 1832 ex
3137 1778 3393 1851 Virgine.
3447 1779 3586 1836 Ideo
3641 1796 3783 1854 ergo
3835 1786 3887 1837 et

2230 1882 2434 1921 servus
2457 1871 2712 1932 vocatur,
2748 1871 2804 1922 et
2844 1867 3168 1935 Dominus;
3201 1871 3438 1940 propter
3487 1884 3598 1924 nos
3649 1886 3883 1926 servm:

2227 1955 2330 2009 sed
2355 1954 2574 2009 unitate
2605 1955 2811 2010 divinae
2831 1957 3172 2011 substantia:
3203 1961 3351 2011 Deus
3391 1974 3460 2012 ex
3518 1957 3660 2026 Deo,
3724 1959 3884 2014 Prin-

2227 2059 2364 2116 ceps
2395 2059 2463 2097 ex
2491 2043 2778 2115 Principe,
2812 2043 3054 2115 aequalis
3085 2061 3153 2100 ex
3181 2044 3390 2116 aequali
3419 2065 3434 2114 ;
3478 2063 3671 2120 neque
3729 2049 3882 2104 enim

2226 2133 2570 2204 degenerem
2601 2133 2806 2204 genuit
2834 2133 2891 2188 in
2924 2150 3040 2205 quo
3065 2150 3128 2189 se
3166 2133 3290 2205 ipse
3331 2135 3704 2207 complacare
3760 2148 3883 2194 me-

2228 2220 2473 2276 moravit
2503 2221 2706 2290 (Matth.
2744 2239 2827 2286 ιιι,
2861 2221 2971 2291 l7).

2291 2310 2345 2364 5.
2380 2309 2679 2380 Magnum,
2713 2310 2923 2381 inquit,
2948 2310 3049 2366 tibi
3073 2316 3162 2366 est
3179 2312 3367 2367 vocari
3388 2328 3644 2384 puerum
3664 2305 3878 2384 meum,

2227 2401 2292 2452 ut
2320 2401 2547 2453 statuas
2578 2398 2765 2453 tribus
2795 2398 2992 2453 Jacob.
3019 2399 3230 2456 Servat
3258 2401 3479 2474 ubique
3536 2419 3660 2459 suae
3720 2407 3880 2460 voca-

2223 2484 2362 2541 bula
2387 2486 2713 2558 dignitatis.
2741 2487 2988 2558 Magnus
3010 2493 3178 2552 Deus,
3203 2493 3260 2545 ct
3291 2506 3548 2563 magnus
3580 2504 3762 2564 puer:
3786 2501 3882 2550 nec

2223 2575 2281 2629 in
2297 2591 2469 2630 carne
2485 2575 2679 2647 magni
2692 2575 2909 2630 tudinis
2926 2593 3044 2631 suae
3065 2593 3277 2632 nomen
3293 2578 3540 2645 amittit,
3565 2580 3744 2651 cujus
3763 2597 3878 2637 ma-

2221 2663 2548 2735 gnitudinis
2605 2663 2804 2718 nullus
2857 2669 2946 2719 est
3005 2663 3160 2721 finis.
3226 2667 3557 2738 Meritoque
3617 2677 3877 2736 securus,

2221 2774 2248 2801 «
2306 2749 2441 2806 cum
2483 2752 2541 2806 in
2594 2753 2782 2807 forma
2835 2752 2936 2807 Dei
2985 2757 3159 2819 esset,
3219 2758 3287 2809 ut
3340 2755 3668 2828 Apostolus
3727 2758 3882 2824 dicit,

2218 2857 2334 2896 non
2363 2841 2630 2912 rapinam
2664 2841 2981 2898 arbitratus
3005 2846 3098 2897 est
3127 2859 3254 2898 esse
3279 2860 3343 2900 se
3401 2844 3696 2916 aequalem
3729 2850 3878 2902 Deo:

2221 2930 2321 2984 sed
2354 2930 2770 3000 emetispsum
2801 2929 3070 2998 exinavit,
3103 2931 3354 2987 formam
3379 2934 3536 2988 servi
3567 2935 3881 3007 accipiens,

2220 3017 2280 3073 in
2315 3017 2763 3072 similitudinem
2796 3019 3105 3074 hominum
3137 3021 3346 3088 factus,
3380 3023 3654 3094 etspeci'e
3683 3023 3884 3078 inven-

2221 3113 2317 3162 tus
2350 3113 2415 3162 ut
2445 3106 2619 3162 homo
2647 3133 2660 3176 ;
2696 3107 3026 3164 humiliavit
3063 3110 3473 3182 semetipsum,
3525 3113 3724 3169 {aetiis
3753 3113 3883 3169 obe-

449 3199 668 3254 cifixit:
703 3197 872 3252 beata
903 3213 1037 3251 caro
1069 3195 1321 3259 Domini,
1380 3213 1508 3266 quae
1574 3196 1793 3251 victum
1837 3196 2110 3251 omnibus
2141 3176 2183 3243 (ἶ
2223 3196 2390 3252 diens
2429 3212 2618 3267 usque
2661 3197 2732 3251 ad
2784 3201 3054 3264 mortem,
3103 3203 3354 3254 mortem
3417 3205 3624 3256 autem
3693 3201 3882 3258 crucis

452 3286 810 3343 ministravit
837 3286 848 3339 !

521 3378 572 3429 4.
607 3375 688 3430 De
719 3377 1066 3446 paupertate
1093 3371 1276 3444 igitur
1305 3377 1362 3427 et
1391 3372 1593 3428 dolore
1613 3372 1843 3428 Domini
1876 3373 2104 3436 idonea,

450 3468 516 3518 ut
540 3463 814 3526 arbitror,
847 3467 1184 3518 sanctorum
1210 3461 1934 3533 protulimustestimonia,
1965 3478 2111 3534 quo-

451 3568 581 3607 rum
612 3550 758 3607 alter
787 3551 932 3606 vidit
960 3554 1018 3605 et
1049 3549 1213 3616 dixit,
1249 3549 1394 3606 alter
1419 3555 1507 3606 est
1538 3549 1760 3605 electus
1793 3551 2108 3620 utdiccret.

449 3635 715 3713 Ipsdrum
747 3640 930 3712 igitur
959 3639 1056 3712 qui
1083 3639 1308 3711 probati
1331 3644 1490 3707 sunt,
1516 3639 1586 3695 de
1629 3640 1904 3695 servitute
1923 3640 2113 3693 Domi-

454 3731 510 3784 ni
571 3729 902 3785 testimonia
953 3728 1167 3783 iterum
1213 3729 1580 3799 proferemus
1635 3729 1756 3784 imo
1813 3746 1918 3783 sua
1985 3746 2110 3800 qum

450 3821 521 3874 de
551 3836 613 3874 se
644 3819 770 3890 ipse
812 3817 1043 3873 locutus
1075 3816 1132 3871 in
1167 3822 1416 3888 utroque
1447 3822 1553 3872 est.
1590 3818 1918 3871 Audiamus
1976 3833 2112 3888 ergo

449 3909 589 3980 quid
621 3906 927 3962 dicat:«Sic
959 3905 1101 3961 dicit
1125 3904 1544 3976 Dominus,qui
1579 3905 1747 3960 ﬁnxit
1772 3924 1862 3960 me
1899 3922 1967 3961 ex
1989 3911 2113 3959 ute-

452 4012 514 4050 ro
545 4010 778 4050 servum
809 3993 921 4049 sibi
954 3993 1024 4048 ad
1059 3993 1536 4065 eongregandum
1557 3993 1734 4048 Jacob
1757 3998 1812 4047 et
1835 3993 2010 4048 Israel
2040 3994 2110 4048 ad

453 4100 588 4138 eum
619 4085 749 4155 (Isa,
780 4099 933 4150 xux,
959 4083 1041 4151 5).
1083 4080 1462 4136 Advertimus
1492 4097 1630 4153 ergo
1673 4083 1828 4153 quod
1882 4087 2115 4154 propter

448 4172 962 4244 congregationem
996 4169 1215 4242 populi,
1244 4170 1499 4225 formam
1524 4172 1848 4242 susceperit
1868 4171 2113 4227 servitu-

448 4265 543 4316 tis.
576 4261 780 4326 Audis,
811 4260 1030 4327 Judaee,
1057 4263 1115 4314 et
1143 4259 1214 4314 de
1246 4260 1435 4331 gratia
1465 4259 1883 4315 contumeliam
1935 4261 2114 4317 refers

451 4350 694 4420 (64);et
745 4348 855 4403 hoc
906 4349 975 4402 ad
1028 4348 1336 4419 perﬁdiam
1389 4347 1640 4415 derives,
1692 4354 1931 4420 prOplcr
1959 4349 2114 4419 quod

452 4436 642 4508 magis
674 4436 906 4492 credere
936 4436 1212 4492 debuisti.
1246 4437 1332 4491 Ad
1355 4439 1410 4490 te
1442 4438 1773 4492 vocandum
1831 4437 2008 4507 venit,
2058 4442 2115 4493 et

451 4525 811 4580 conviciaris.
836 4526 916 4581 Ex
946 4530 1112 4581 utero
1135 4541 1369 4581 servum
1422 4543 1483 4580 se
1516 4526 1681 4579 dixit.
1720 4526 1894 4592 Audi,
1951 4525 2113 4581 Aria-
2147 4549 2194 4612 D
2223 4525 2510 4582 libertatis
2539 4531 2625 4581 est
2656 4525 2765 4598 (66)
2803 4545 2815 4592 ;

451 4630 544 4679 ne,
571 4630 641 4669 ex
668 4630 783 4684 quo
816 4620 1019 4682 utero;
1070 4613 1380 4685 paululum
1431 4629 1613 4684 supra
1664 4630 1922 4670 recurre:
1964 4636 1992 4663 ‹‹
2035 4615 2114 4670 Ex

449 4707 636 4769 utero,
664 4701 877 4774 inquit,
917 4703 1124 4758 matris
1157 4719 1318 4766 mea,
1352 4701 1574 4757 vocavit
1596 4703 1878 4758 Dominus
1900 4719 2111 4759 nomen

449 4808 645 4848 meum
680 4793 805 4863 (Isa.
839 4809 994 4858 xux,
1024 4792 1098 4861 1).
1136 4812 1162 4839 ››
1194 4790 1355 4853 Quod
1387 4806 1599 4846 nomen
1659 4792 1789 4862 ejus
1845 4793 1941 4857 sit,
2003 4809 2111 4848 au-

447 4879 703 4945 diamus,
739 4895 858 4950 quo
891 4893 1025 4933 eum
1057 4877 1228 4932 Pater
1273 4877 1516 4932 vocavit.
1553 4901 1579 4928 «
1635 4878 1778 4935 Ecce
1831 4880 1992 4952 virgo
2048 4881 2107 4935 in

520 5056 630 5126 (61a)
663 5055 799 5111 Cod.
843 5056 980 5124 duo,
1013 5055 1409 5126 contumeliam
1443 5057 1602 5110 seris.

518 5125 632 5200 (65)
660 5128 828 5200 Rom.
862 5128 1000 5200 edit.
1035 5127 1120 5182 sic
1149 5125 1454 5200 verbagilla
1485 5130 1897 5200 contraxerat,
1958 5129 2107 5196 Quod

448 5198 644 5254 nomen
672 5199 803 5254 auid
831 5199 988 5254 aliud
1016 5201 1093 5254 est
1120 5200 1231 5253 nisi
1260 5198 1434 5253 Filius
1473 5198 1572 5253 Dei
1590 5199 1618 5253 Ὺ

520 5272 631 5340 (66)
665 5269 881 5326 Omnes
912 5271 1078 5338 edit.,
1113 5270 1404 5325 Servitutis
1434 5271 1582 5324 enim
1638 5269 1972 5341 stipendium
2032 5272 2106 5326 li-

449 5341 632 5412 bertas
657 5350 777 5408 est;
807 5358 1012 5398 omnes
1045 5359 1212 5398 mss..
1261 5342 1504 5396 Servitus
1559 5343 1708 5396 enim
1767 5343 2106 5412 stipendium

447 5411 716 5468 libertatis
746 5416 842 5468 est.
878 5415 1093 5469 Iterum
1141 5413 1278 5470 edit.
1340 5412 1506 5484 Rom.
1569 5411 1714 5480 sola,
1769 5413 2104 5484 stipendium

445 5491 630 5555 autem
660 5486 996 5555 arrogantiae
1023 5501 1168 5540 mors
1189 5491 1267 5540 est
1287 5500 1308 5546 ;
1341 5483 1465 5539 aliis
1487 5500 1552 5539 ac
1574 5500 1718 5540 mss.
1744 5489 1809 5539 ut
1829 5483 1890 5539 in
1912 5489 2096 5541 textu.

444 5553 556 5640 sed
590 5558 653 5640 u‘t
708 5553 871 5640 locus
927 5555 1023 5640 hic
1047 5555 1307 5640 alioquin
1366 5555 2094 5640 obscurus-intelligatur,

444 5623 864 5689 advertendum
895 5623 1240 5688 allusionein
1272 5628 1398 5688 ﬁeri
1429 5627 1502 5687 ad
1529 5627 1823 5704 militiam,
1856 5623 1932 5688 in'
1979 5623 2100 5708 qua

2221 3286 2489 3357 (Philipp.
2525 3302 2584 3349 ιι,
2615 3287 2757 3356 6-8).
2790 3285 2893 3340 Hic
2923 3290 3012 3342 est
3039 3303 3176 3359 ergo
3231 3287 3481 3358 aequalis
3541 3289 3716 3361 quasi
3781 3290 3882 3346 Dei

2221 3374 2423 3439 Filius,
2456 3373 2547 3428 hic
2578 3373 2728 3428 servi
2788 3375 3035 3430 formam
3095 3375 3156 3430 in
3212 3392 3387 3433 carne
3445 3379 3734 3450 suscepit,
3785 3378 3882 3433 hic

2220 3466 2465 3518 mortem
2497 3462 2769 3534 gustavit,
2803 3463 2974 3533 cujus
3008 3463 3356 3536 magnitudo
3395 3481 3514 3521 non
3573 3465 3756 3521 habet
3815 3467 3881 3522 ﬁ-

2221 3567 2352 3606 nem
2381 3569 2392 3618 ;
2429 3550 2568 3621 quia
2599 3550 2735 3606 ﬁnis
2758 3550 2906 3623 legis
2923 3555 3010 3607 est
3037 3551 3303 3608 Christus
3318 3553 3391 3608 ad
3402 3553 3710 3625 justitiam
3727 3553 3893 3610 omni

2221 3639 2513 3694 credenti:
2549 3643 2613 3695 ut
2642 3639 2702 3694 in
2731 3639 2926 3711 ipsum
2960 3655 3163 3696 omnes
3191 3642 3527 3710 credamus,
3579 3643 3743 3699 hunc
3805 3643 3892 3698 in-

2222 3728 2364 3782 timo
2397 3727 2709 3783 adoremus
2738 3728 2967 3783 all‘ectu.
3000 3733 3162 3784 Bona
3190 3729 3465 3797 servitus,
3499 3745 3632 3802 quae
3685 3747 3896 3787 omnes

2222 3816 2434 3872 liberos
2467 3817 2640 3872 fecit:
2679 3817 2829 3873 708
2857 3817 3004 3872 bona
3039 3819 3312 3882 servitus,
3347 3835 3476 3890 quae
3510 3836 3733 3876 nomen
3794 3836 3897 3876 su-

2225 3922 2325 3976 per
2355 3921 2526 3961 omne
2555 3921 2768 3961 nomen
2798 3904 3136 3977 acquisivit;
3173 3906 3328 3962 bona
3372 3907 3710 3975 humilitas,
3767 3925 3899 3980 quae

2221 3993 2358 4049 fecit
2385 3998 2451 4049 ut
2480 3995 2538 4049 in
2570 3995 2808 4051 nomine
2837 3995 2962 4065 ejus
2991 4012 3196 4051 omnes
3234 4011 3388 4068 genu
3447 3997 3653 4068 ﬁgant,
3687 3997 3896 4054 caeles-

2223 4081 2392 4152 tium,
2424 4084 2812 4151 terrestrium,
2846 4088 2904 4138 et
2930 4082 3293 4140 infernorum
3322 4103 3335 4153 ;
3370 4089 3431 4140 et
3457 4086 3654 4140 omnis
3685 4085 3896 4158 lingua

2222 4172 2570 4227 conﬁteatur
2601 4173 2877 4244 quoniam
2909 4172 3194 4230 Dominus
3223 4174 3398 4230 Jesus
3435 4173 3496 4228 in
3552 4174 3746 4247 gloria
3804 4181 3896 4232 (at

2225 4259 2325 4314 Dei
2349 4259 2555 4315 Patris.
2591 4259 2650 4314 In
2684 4259 2839 4315 hunc
2861 4277 2996 4333 ergo
3029 4261 3201 4317 ﬁnem
3243 4261 3522 4334 dirigitur
3572 4263 3673 4319 hic
3719 4262 3891 4334 psal-

2227 4365 2380 4417 mus,
2414 4353 2480 4403 ut
2507 4353 2563 4405 et
2593 4365 2701 4404 nos
2731 4349 2878 4404 servi
2911 4349 3098 4406 simus
3129 4350 3200 4404 ad
3233 4350 3553 4422 justitiam,
3612 4367 3728 4406 non
3785 4369 3889 4407 su-

2226 4438 2388 4508 perbi
2419 4438 2492 4492 ad
2525 4437 2938 4509 arrogantiam.
2982 4438 3240 4494 Servitus
3296 4439 3456 4494 enim
3515 4439 3892 4511 stipendium

2868 4525 3227 4598 stipendium
3258 4532 3457 4584 autem
3512 4530 3726 4585 mortis
3791 4547 3893 4586 ar-

2227 4615 2493 4686 rogantia
2521 4619 2628 4670 est.
2661 4615 2768 4670 Sed
2797 4615 2923 4686 jam
2980 4616 3170 4687 ipsam
3221 4615 3435 4688 psalmi
3465 4616 3680 4674 seriem
3743 4619 3893 4675 ado-

2224 4703 2464 4758 ria-mur.

2850 4793 3286 4850 ENARRATIO.

2291 4883 2344 4934 6.
2382 4879 2566 4955 (Vers‘.
2599 4881 2679 4953 2.)
2711 4905 2738 4930 ‹‹
2773 4880 2927 4938 Dixit
2949 4882 3227 4954 injustus,
3260 4887 3326 4939 ut
3352 4882 3660 4956 delinquat
3680 4885 3837 4942 sibi.
3869 4909 3894 4932 ιι

2219 5061 2354 5129 post
2380 5065 2602 5132 certum
2635 5060 3082 5132 stipendiorum,
3114 5062 3172 5116 id
3204 5066 3295 5117 est
3324 5078 3637 5128 annorum,
3669 5079 3895 5120 nume-

2220 5146 2352 5185 rum
2385 5129 2598 5207 missio
2622 5129 2870 5188 dabatur
2899 5133 3206 5207 militibus.
3231 5133 3325 5190 Sic
3357 5150 3497 5207 ergo
3523 5135 3892 5207 interpreta-

2219 5217 2354 5255 mur
2367 5217 2381 5275 _:
2418 5201 2765 5258 Servitutem
2800 5205 3066 5275 sequitur
3093 5204 3353 5273 libertas,
3401 5201 3459 5260 et
3505 5201 3705 5261 mors'
3728 5224 3895 5263 arro-

2216 5272 2518 5351 gantiam;
2553 5272 3222 5351 quemadmodumpost
3273 5277 3524 5351 emerita
3579 5277 3893 5351 stipendia

2215 5343 2419 5400 missio
2477 5343 2851 5402 conceditur:
2913 5346 3001 5403 vel
3059 5343 3309 5414 brevius,
3373 5349 3630 5404 servitus
3665 5343 3889 5407 'liber-

2214 5416 2323 5491 tati
2371 5415 2603 5491 militat,
2659 5417 2833 5474 morti
2890 5419 3242 5491 arrogantia,
3301 5420 3370 5475 Et
3424 5419 3587 5476 hunc
3633 5437 3890 5478 sensum

2212 5487 2360 5616 aptis
2417 5487 2682 5546 indicant
2722 5487 3126 5548 antecedentia
3177 5490 3307 5548 illa:
3399 5491 3552 5549 Bona
3611 5498 3888 5563 servitus,

2212 5574 2240 5615 e
2272 5576 2321 5616 c.

2211 5574 2321 5618 etc.
