4078 6196
270 262 405 343 iam

1322 281 1777 345 ENARRATIO
1820 282 1899 344 IN
1941 276 2320 369 PSALMUM
2365 280 2598 343 xxxv.

3506 282 3662 362 ⁸902

266 414 406 483 Quid
420 404 651 483 dixerit,
672 428 789 471 non
806 400 1113 488 expressit,
1132 418 1188 471 et
1204 414 1331 475 ideo
1351 415 1433 472 sic
1454 414 1903 489 intelligendum
1931 416 1987 482 Α
2016 419 2147 482 tur;
2181 416 2279 471 sed
2312 415 2440 470 sine
2461 413 2582 470 ulla
2608 414 3046 473 intermissione
3076 415 3203 489 ipse
3224 416 3337 472 sibi
3367 434 3513 476 suus
3542 437 3663 477 car-

262 496 528 574 arbitror,
552 496 708 578 :quia
749 491 1036 578 quidqbid
1089 490 1232 561 dicit
1273 505 1553 576 injustus,
1583 508 1905 577 peccatum

261 588 592 652 e‘s'tJO'mni‘s
611 582 767 649 enim
799 582 1112 666 injustitia,
1133 599 1441 667 peccatum
1463 613 1476 663 ;
1501 594 1782 667 quoniam
1806 592 1907 650 ubi

255 673 535 757 organum
580 679 883 751 vitiosum,
935 682 1230 757 quomodo
1294 686 1487 756 potest
1548 687 1756 739 cantus
1786 699 1903 738 non

255 764 374 830 esea
410 770 716 828 ‘vitiosus?
764 762 1092 845 ‘Degeneris
1126 760 1387 829 materiae
1419 771 1652 829 decolor
1698 776 1904 845 partus

256 851 355 925 est.
389 852 686 934 Quidquid
714 870 851 936 ergo
880 860 1145 934 loquitor
1174 860 1459 933 inju’stus,
1479 861 1764 935 iniquitas
1794 865 1901 929 est,

255 956 377 1026 qua:
400 952 462 1007 in
482 946 668 1007 suum
699 950 950 1007 refertur
994 953 1318 1019 auctorem,
1352 950 1506 1006 sicut
1533 950 1743 1023 viperis
1772 968 1903 1024 par-

256 1044 367 1110 tu‘s,
385 1039 500 1114 'qu'i
531 1038 722 1112 primo
756 1046 925 1097 suam
949 1036 1168 1096 scindit
1195 1038 1522 1112 parentem,
1546 1043 1613 1095 ut
1631 1039 1904 1112 frequens

255 1134 440 1187 sermo
470 1118 560 1186 est
590 1125 685 1202 (De
715 1122 902 1198 Tobia,
937 1137 1063 1203 cap,
1098 1128 1187 1197 42,
1216 1134 1387 1184 num.
1423 1129 1512 1185 41.
1546 1132 1603 1184 et
1625 1129 1730 1185 inf.
1751 1130 1898 1185 Psal.

254 1221 460 1286 mm,
493 1216 658 1274 bum.
689 1215 766 1287 8).
800 1216 924 1273 Sibi
955 1220 1092 1291 ergo
1128 1215 1441 1289 delinquit.
1464 1216 1748 1272 Nihilhac
1778 1234 1904 1273 sen-

259 1307 435 1365 tentia
462 1296 777 1363 sublimius
825 1306 1050 1361 dictum
1098 1304 1373 1362 arbitror.
1411 1306 1471 1360 ln
1502 1304 1621 1361 illis
1659 1306 1759 1379 qui
1791 1306 1903 1362 sibi

255 1396 595 1470 sapientiam
627 1394 826 1452 saeculi
849 1395 1249 1461 vindicarunt,
1270 1393 1419 1450 nihil
1437 1393 1549 1450 tale
1570 1394 1682 1467 legi
1708 1413 1721 1464 ;
1754 1395 1901 1451 nihil

254 1486 362 1542 tale
391 1484 653 1559 cognovi.
681 1482 800 1540 Nec
822 1482 1062 1550 mirum,
1089 1483 1569 1561 quandoquidem
1596 1482 1678 1539 illi
1700 1483 1902 1541 buma-

256 1593 326 1631 no
365 1575 600 1649 ingenio
632 1573 811 1631 locuti
856 1577 1016 1643 sunt,
1048 1571 1160 1628 hoc
1208 1572 1426 1627 infudit
1474 1571 1726 1645 Spiritus
1773 1572 1895 1641 Dei,

256 1656 501 1739 Spiritus
546 1662 846 1719 veritatis:
902 1661 1041 1734 quia
1090 1660 1349 1733 injustas
1415 1661 1527 1717 sibi
1575 1660 1897 1734 delinquat,

256 1753 359 1833 sibi
388 1756 625 1831 generet
652 1750 915 1818 vulnera,
952 1754 1016 1807 se
1046 1751 1171 1822 ipse
1222 1750 1536 1806 confodiat.
1571 1749 1716 1806 Nam
1749 1751 1900 1806 sicut

256 1844 431 1916 spina:
460 1845 785 1899 nascunti'Jr
811 1842 871 1896 in
906 1848 1082 1896 manu
1114 1838 1349 1906 ebriosi,
1380 1844 1443 1895 ut
1480 1839 1781 1913 Scriptura
1811 1836 1898 1896 as-

259 1932 397 1989 serit
425 1932 603 2004 (Prov.
631 1930 791 1996 ‘xkv'l,
822 1928 900 2003 9),
932 1929 1014 1984 ita
1032 1932 1089 1984 et
1109 1927 1316 1999 injuSti
1336 1922 1605 1985 sermone
1644 1945 1898 1984 nascun-

258 2024 369 2088 tur,
390 2018 924 2093 quaacompunga'n’t
938 2014 1296 2089 loquentem.
1318 2017 1893 2090 Loquituriujustus,

256 2092 312 2166 et
354 2094 594 2165 interior
622 2092 763 2177 ‘ejus
809 2105 1167 2163 conscientia
1212 2105 1595 2175 vulneratur;
1652 2108 1790 2179 quia
1835 2107 1896 2162 in

257 2182 414 2255 omni
436 2198 713 2254 sermone
743 2194 915 2270 quem
938 2186 1221 2268 loquitur,
1246 2212 1370 2251 nou
1410 2199 1499 2252 est
1528 2195 1753 2251 fraudis
1782 2196 1897 2250 im-

255 2285 854 2358 munisﬂujusenim
877 2284 1102 2358 gravior
1121 2288 1210 2340 est
1228 2302 1417 2356 poena,
1439 2301 1615 2356 quam
1641 2285 1895 2357 propria,

254 2382 390 2443 cum
420 2378 526 2455 'pr‘o
560 2374 717 2432 omni
760 2372 1025 2431 sermone
1069 2373 1167 2429 det
1208 2373 1456 2446 poenas?
1486 2375 1738 2459 Serpens
1769 2373 1900 2429 aliis

254 2462 512 2523 infundit
539 2466 851 2527 venenum,
891 2462 1149 2534 injustus
1180 2462 1293 2519 sibi
1321 2478 1333 2518 :
1366 2462 1425 2517 in
1457 2479 1590 2519 eum
1623 2463 1780 2519 enim
1809 2478 1898 2518 re-

256 2536 520 2612 funditur
550 2552 837 2625 quidquid
868 2544 1155 2608 ell‘uderit.
1190 2551 1451 2623 lnjustus
1483 2550 1659 2625 igitur
1683 2556 1739 2607 et
1769 2550 1902 2607 aliis

259 2643 501 2712 inutilis,
529 2646 585 2699 et
614 2640 726 2698 sibi
756 2640 965 2696 nexi‘us
994 2657 1007 2696 :
1034 2639 1183 2713 justi
1216 2644 1410 2695 autem
1440 2641 1558 2695 vita
1606 2642 1905 2695 fructuosa

260 2716 408 2803 aliis,
436 2736 498 2789 'et
537 2728 648 2788 sibi
695 2730 904 2786 dulcis.
952 2724 1108 2785 Dicit
1157 2728 1315 2785 enim
1362 2728 1676 2785 Salomon:
1710 2752 1737 2780 ‹‹
1775 2729 1901 2797 Fili,

260 2824 310 2882 si
340 2821 571 2896 sapiens
596 2818 733 2890 eris,
773 2819 881 2876 tibi
931 2817 1165 2891 sapiens
1211 2818 1348 2884 eris,
1399 2822 1457 2874 et
1506 2818 1824 2890 proximis;
1854 2818 1904 2874 si

263 2916 456 2971 autem
486 2906 680 2968 ma’lus
722 2907 995 2977 eVaseris,
1038 2906 1208 2963 solus
1255 2906 1493 2963 bauries
1537 2905 1691 2963 mala
1720 2906 1903 2980 (Prov.

261 3000 337 3071 r‘x,
370 2986 545 3071 ω.»

318 3092 380 3163 ἀ.
414 3096 784 3162 Adve'rtimus
814 3118 951 3177 ergo
982 3101 1122 3176 quia
1142 3102 1381 3174 justitia
1409 3100 1542 3159 aliis
1590 3106 1679 3158 est
1708 3103 1905 3174 potius

256 3201 415 3263 nata,
447 3209 625 3268 quam
657 3191 770 3249 sibi
796 3209 808 3247 :
842 3207 1152 3248 commune
1173 3190 1703 3262 commodum,non
1726 3208 1901 3247 suum

254 3286 555 3358 exspectat
581 3299 595 3351 ;
628 3285 686 3338 et
708 3279 962 3337 alienum
992 3281 1210 3337 bonum
1238 3297 1342 3352 pro
1373 3296 1478 3335 suo
1500 3280 1662 3335 ducit
1680 3280 1902 3336 emolu-

256 3378 476 3431 mento.
525 3372 701 3428 Beata
745 3373 805 3426 et
858 3370 1134 3443 praclara
1182 3369 1437 3441 justitia,
1499 3369 1629 3439 ejus
1682 3370 1905 3424 bonum

257 3457 539 3521 omnibus
588 3459 854 3533 proficit:
901 3462 970 3515 ex
1022 3476 1139 3516 uno
1191 3457 1539 3531 plerumque
1589 3458 1661 3513 ad
1710 3457 1908 3531 plures

254 3539 853 3627 proficiscitur,atque
884 3547 958 3603 ad
987 3563 1192 3603 omnes
1223 3546 1504 3619 pervenit.
1543 3545 1749 3602 Justus
1797 3546 1907 3600 Da-

254 3632 382 3708 vid,
413 3637 515 3711 qui
544 3635 816 3709 parcebat
850 3634 1112 3703 inimico,
1140 3638 1198 3690 et
1227 3632 1483 3689 malebat
1516 3632 1910 3689 innocentiam

259 3743 462 3795 suam,
492 3741 667 3798 quam
701 3724 883 3780 vitam
914 3723 1101 3791 tueri;
1134 3738 1207 3777 ne
1254 3720 1409 3778 malo
1452 3721 1687 3794 publico
1724 3720 1912 3776 vindi-

260 3820 516 3885 caretur,
549 3818 721 3886 atque
746 3811 1058 3887 appetendi
1088 3810 1371 3885 principis
1401 3810 1461 3866 in
1489 3809 1660 3866 malis
1685 3826 1917 3882 quoque

263 3906 465 3966 causis
495 3902 624 3961 aliis
654 3900 986 3974 exemplum
1016 3901 1233 3967 ederet,
1265 3916 1399 3955 cum
1432 3899 1557 3972 ipse
1598 3897 1917 3954 vindictam

264 3997 343 4052 de
366 3992 709 4051 insidiatore
733 3980 1103 4063 sumpsisset.
1135 3976 1341 4045 Justus
1370 3987 1532 4059 Abel,
1568 3988 1669 4061 qui
1700 3987 1770 4044 de
1800 3986 1920 4043 ovi-

264 4087 383 4142 bus
409 4082 534 4139 suis
556 4097 704 4153 quas
737 4078 789 4137 ei
810 4078 1096 4136 Dominus
1117 4064 1376 4143 dederat,
1399 4077 1711 4150 primitias,
1734 4077 1924 4134 Domi-

267 4190 347 4230 no
378 4158 669 4245 putaverit
697 4168 1063 4235 offerendas;
1096 4172 1153 4224 et
1181 4158 1309 4250 ideo
1350 4165 1484 4239 plus
1526 4167 1749 4240 placuit
1786 4166 1922 4228 Deo.

270 4261 416 4334 quia
445 4274 669 4316 moram
710 4250 827 4313 non
872 4255 1028 4324 fecit,
1082 4255 1448 4311 devotionem
1502 4256 1783 4329 probavit.
1816 4256 1925 4311 Sed

267 4351 386 4407 hoc
416 4349 636 4421 impius
666 4347 815 4404 ferre
847 4362 962 4402 non
994 4344 1205 4417 potuit,
1233 4343 1476 4415 justitias
1503 4343 1926 4417 praevaricator,

270 4437 443 4495 radix
472 4435 837 4513 iniquitatis;
871 4438 928 4491 et
955 4433 1087 4490 ideo
1119 4433 1356 4488 fratrem
1395 4433 1625 4497 occidit,
1659 4429 1798 4504 quia
1826 4430 1930 4487 ho-

2016 504 2170 560 nifex
2199 507 2341 574 erat,
2367 503 2492 577 ipse
2514 521 2842 577 percussor.

2085 605 2137 658 8.
2169 604 2301 668 Quae
2334 618 2519 674 poena
2566 603 2755 674 major
2801 619 2979 676 quam
3026 603 3234 661 timere
3280 606 3436 676 quod
3483 606 3666 664 vitare

2016 708 2132 746 non
2192 690 2404 763 possis,
2467 707 2569 747 nec
2620 693 2774 766 quod
2832 693 3126 762 timueris,
3183 686 3473 751 evadere?
3502 695 3666 753 Unde

2014 779 2289 853 praeclare
2319 780 2495 836 David
2529 782 2861 853 exprimens
2898 782 3341 841 conventionem
3388 785 3664 857 gravissi-

2015 885 2174 925 mam
2209 869 2574 925 conscientiae
2614 870 2952 942 peccatricis
3001 871 3082 926 ait
3112 888 3125 926 :
3160 895 3189 923 «
3235 872 3523 938 Quoniam
3552 873 3664 930 ini-

2015 956 2297 1031 quitatem
2338 974 2530 1013 meam
2562 974 2665 1031 ego
2697 975 3003 1033 cognosco,
3053 964 3111 1017 et
3155 960 3433 1018 delictum
3464 978 3663 1020 meum

2017 1050 2221 1102 contra
2268 1063 2361 1103 me
2415 1051 2506 1103 est
2563 1064 2795 1121 semper
2850 1050 3019 1119 (Psal.
3062 1068 3112 1119 L,
3145 1051 3219 1122 4).
3258 1074 3277 1101 η
3330 1051 3665 1108 Oti'unditur

2015 1135 2173 1192 enim
2206 1136 2376 1192 nobis
2406 1135 2585 1192 ultrix
2615 1138 2799 1194 nostri
2827 1138 3022 1212 imago
3071 1140 3289 1212 peccati
3316 1157 3329 1208 ;
3389 1140 3663 1213 necquis-

2012 1229 2140 1281 tum
2168 1242 2332 1281 reum
2365 1242 2541 1281 suum
2595 1242 2722 1283 esse
2756 1227 3062 1299 permittit,
3097 1229 3353 1286 inferens
3384 1231 3662 1287 miseram

2012 1315 2385 1370 servitutem:
2422 1319 2600 1388 atque
2622 1315 2681 1371 in
2707 1333 2816 1372 sua
2852 1316 3086 1373 vincula
3104 1318 3302 1387 trahit,
3328 1323 3395 1375 ut
3412 1321 3662 1377 enodare

2012 1417 2074 1458 se
2105 1421 2220 1459 non
2266 1408 2476 1476 queat;
2533 1405 2807 1476 quoniam
2846 1405 3047 1462 volens
3094 1406 3219 1479 ipse
3268 1425 3331 1464 se
3377 1407 3659 1476 vendidit,

2011 1492 2102 1547 cui
2152 1491 2404 1548 liberum
2452 1497 2578 1547 erat
2626 1493 2972 1551 delictorum
3031 1512 3144 1553 aara
3174 1513 3290 1552 non
3341 1513 3565 1571 capere,
3606 1501 3664 1553 et

2009 1579 2337 1636 libertatem
2366 1581 2713 1638 innocentiae
2760 1599 3073 1641 reservare.
3123 1587 3328 1657 Itaque
3360 1587 3503 1643 dum
3533 1602 3662 1644 ora-

2013 1686 2168 1735 mus,
2202 1673 2503 1742 peccatum
2547 1670 2904 1728 offunditur:
2956 1674 3055 1729 ubi
3105 1691 3313 1731 somno
3360 1691 3571 1731 sensus
3602 1693 3664 1733 se

2014 1760 2275 1831 corporis
2327 1758 2683 1828 relaxaverit,
2744 1766 3047 1833 peccatum
3112 1764 3379 1818 recurrit.
3424 1766 3666 1836 Semper

2008 1848 2181 1903 nobis
2212 1864 2373 1903 error
2404 1852 2603 1904 noster
2632 1852 2914 1922 tanquam
2958 1851 3153 1907 malus
3201 1857 3436 1909 exactor
3462 1870 3663 1910 occur-

2009 1935 2103 2001 rit,
2156 1935 2243 1992 vel
2293 1942 2575 2009 tanquam
2625 1937 2933 2009 improbus
2980 1940 3273 1997 fenerator
3314 1942 3663 2000 conveniens

2006 2025 2347 2081 debitorem.
2382 2025 2545 2081 Unde
2566 2026 2849 2083 Dominus
2872 2027 2991 2084 ait:
3019 2029 3175 2092 «Qui
3198 2030 3335 2085 facit
3359 2034 3662 2103 peccatum

2007 2130 2210 2170 servus
2242 2118 2330 2169 est
2359 2114 2579 2185 peccati
2610 2116 2790 2185 (Joan.
2822 2116 3062 2187 vlll,3t).
3087 2138 3115 2165 ››
3139 2118 3240 2173 sed
3272 2118 3477 2189 justus
3505 2118 3666 2176 novit

2008 2203 2503 2275 quemadmodum
2537 2208 2909 2276 peccatorum
2939 2221 3186 2261 suorum
3207 2206 3438 2263 vincula
3456 2207 3666 2265 dissol-

2005 2297 2121 2361 vat,
2142 2308 2247 2348 nec
2259 2296 2554 2364 exspectat
2573 2299 2995 2365 accusatorem,
3009 2295 3110 2351 sed
3124 2297 3400 2367 praevenit
3411 2298 3663 2354 utconfi-

2010 2382 2182 2437 tendo
2214 2398 2389 2436 suum
2422 2381 2627 2437 allevet
2651 2399 2823 2438 omne
2845 2383 3123 2440 delictum
3148 2403 3161 2453 ;
3182 2401 3253 2441 ne
3274 2386 3488 2443 habeat
3508 2386 3662 2460 quod

2011 2469 2382 2526 adversarius
2401 2470 2480 2525 cri
2492 2471 2713 2525 minetu
2724 2488 2767 2526 r.
2786 2471 3038 2543 Ideoque
3053 2474 3354 2546 Scriptura
3369 2476 3476 2531 tibi
3490 2476 3660 2543 dicit;

2017 2582 2037 2609 α
2059 2560 2087 2614 J
2099 2563 2264 2615 ustus
2279 2559 2335 2613 in
2350 2558 2635 2631 principio
2648 2562 2940 2616 sermonis
2955 2565 3259 2618 accusator
3269 2567 3359 2619 est
3374 2563 3465 2619 sui
3478 2565 3661 2636 (Prov.

2012 2666 2173 2715 xvnl,
2214 2648 2319 2719 l7).
2354 2669 2381 2695 υ
2411 2647 2625 2703 Vocem
2648 2649 2806 2704 enim
2834 2649 3006 2721 eripit
3035 2651 3387 2718 adversario,
3414 2656 3472 2707 et
3493 2651 3663 2724 quasi

2015 2739 2227 2793 dentes
2261 2737 2546 2808 quosdam
2584 2741 2817 2809 paratos
2847 2739 2919 2793 ad
2950 2740 3206 2811 praedam
3236 2740 3664 2797 criminationis

2014 2826 2256 2891 infestae,
2288 2829 2658 2898 peccatorum
2693 2844 2936 2883 suorum
2976 2829 3341 2885 confessione
3369 2831 3664 2886 constrin-

2015 2915 2100 2986 git
2131 2915 2264 2986 (67).
2297 2913 2449 2968 Dixit
2477 2914 2509 2968 J
2518 2914 2662 2969 udas
2694 2915 3001 2973 Iscariotes
3034 2922 3099 2973 ut
3129 2916 3497 2989 delinqueret
3526 2918 3661 2976 sibi.

2015 3002 2161 3068 Quid
2190 3002 2371 3057 dixit:
2405 3026 2433 3053 ‹‹
2466 3002 2648 3066 Quem
2680 3004 2981 3062 osculatus
3029 3006 3216 3075 fuero,
3263 3007 3389 3079 ipse
3419 3011 3545 3064 est:
3579 3011 3663 3063 te-

2018 3097 2150 3148 nete
2180 3108 2314 3148 eum
2346 3093 2553 3161 (Matth,
2596 3109 2750 3162 xxvi,
2783 3095 2893 3165 48).
2931 3117 2960 3145 ››
2992 3095 3110 3151 Hoc
3151 3096 3316 3164 dixit,
3367 3101 3424 3153 et
3447 3112 3512 3152 se
3539 3096 3665 3168 ipse

2014 3168 2247 3254 proprio
2266 3196 2363 3235 ore
2378 3180 2569 3253 egitin
2592 3184 2860 3237 mortem.
2880 3184 3139 3248 Quantos
3161 3189 3441 3257 putamus
3458 3184 3519 3240 in
3534 3184 3662 3257 ipso

2014 3270 2196 3325 fuisse
2225 3273 2567 3336 tortores,ut
2585 3270 2695 3325 sibi
2720 3271 2844 3343 ipse
2865 3276 2984 3328 tam
3005 3273 3199 3346 gravis
3230 3291 3409 3346 paenae
3430 3278 3665 3330 exactor

2017 3357 2403 3425 incumberet,
2429 3362 2486 3412 et
2506 3359 2712 3414 semeti
2719 3376 2823 3431 pse
2853 3360 3063 3433 laqueo
3085 3362 3521 3435 strangularet?

2087 3457 2140 3510 9.
2158 3479 2183 3504 ‹‹
2222 3454 2378 3510 Dixit
2411 3454 2670 3526 injustas
2699 3458 3084 3530 utdelinquat
3103 3459 3236 3516 sibi.
3255 3483 3282 3510 ››
3305 3461 3559 3517 Locutus
3584 3465 3675 3517 est

2012 3545 2214 3617 justus
2235 3544 2451 3598 :«Ecce
2470 3559 2575 3615 ego
2593 3550 2865 3616 peccator
2886 3547 3037 3602 male
3059 3549 3163 3603 feci
3188 3550 3386 3621 (68),et
3404 3566 3542 3623 grex
3562 3550 3674 3605 iste

2024 3633 2167 3705 quid
2209 3631 2345 3687 fecit
2365 3632 2438 3702 (II
2454 3636 2586 3701 Reg.
2611 3649 2762 3700 xxiv,
2781 3635 2803 3689 4
2816 3636 2905 3705 7|)
2922 3635 2950 3689 ?
2971 3636 3041 3691 Et
3057 3637 3372 3693 remissum
3391 3643 3483 3696 est
3501 3637 3675 3694 omne

2024 3726 2351 3794 peccatum.
2389 3720 2545 3775 Dixit
2574 3738 2711 3793 ergo
2734 3723 2957 3793 justus,
3005 3728 3063 3778 et
3110 3724 3220 3779 sibi
3262 3727 3498 3796 profuit.
3524 3726 3680 3781 Dixit

2026 3809 2164 3865 Cain
2188 3827 2199 3864 :
2224 3808 2523 3880 Numquid
2547 3825 2682 3881 ergo
2705 3814 2904 3865 custos
2921 3827 3052 3866 sum
3066 3811 3265 3867 fratris
3286 3814 3399 3868 mei
3418 3814 3571 3883 (Gen.
3600 3830 3680 3881 IV,

2028 3898 2130 3971 9)?
2153 3920 2181 3948 »
2203 3898 2269 3953 Et
2285 3897 2397 3955 sibi
2418 3897 2544 3970 ipse
2566 3899 2847 3955 mentitus
2866 3903 2972 3956 est.
2987 3900 3143 3956 Dixit
3162 3901 3419 3957 Ananias
3431 3917 3605 3957 omne
3620 3906 3683 3956 ae

2029 3986 2248 4043 venditi
2279 3986 2369 4043 sui
2402 3987 2558 4043 ruris
2582 3987 2834 4060 pretium
2858 3988 3192 4061 protulisse,
3217 3994 3274 4046 et
3295 3990 3576 4047 mentitus
3598 3993 3687 4048 est

2035 4076 2167 4146 sibi,
2191 4076 2291 4148 qui
2323 4075 2513 4148 potuit
2543 4076 2742 4134 minus
2771 4079 2975 4135 offerre
3006 4079 3131 4135 sine
3162 4080 3385 4136 fraude.
3437 4080 3686 4151 Ideoque

2035 4163 2308 4239 praeclare
2339 4165 2456 4220 ait:
2492 4188 2520 4215 ‹‹
2551 4166 2621 4221 Et
2650 4168 2896 4223 mentita
2923 4172 3013 4224 est
3058 4167 3342 4241 iniquitas
3370 4167 3485 4225 sibi
3513 4169 3685 4239 (Psal.

2037 4271 2191 4323 xxvr,
2224 4254 2335 4326 12).
2362 4274 2388 4306 ι
2424 4254 2547 4310 Sibi
2579 4254 2736 4310 enim
2767 4258 2900 4311 ante
2930 4254 3236 4325 mentitur,
3268 4274 3399 4313 cum
3422 4257 3483 4313 in
3511 4272 3688 4314 suum

2040 4342 2326 4398 mentitur
2340 4343 2580 4399 exitium
2605 4360 2618 4410 ;
2644 4342 2755 4397 sibi
2772 4343 3081 4415 delinquit,
3100 4345 3200 4418 qui
3216 4346 3329 4403 sibi
3345 4347 3688 4404 innocentiae

2042 4431 2216 4504 eripit
2237 4429 2606 4487 suavitatem.
2632 4432 2738 4497 Qui
2761 4432 2919 4488 enim
2959 4433 3212 4506 puritate
3241 4442 3295 4492 et
3313 4436 3689 4519 simplicitate

270 4527 392 4585 stia
423 4516 552 4598 'ejus
578 4522 692 4581 Deo
724 4522 913 4597 magis
944 4534 1125 4596 quam
1157 4520 1372 4578 oblatio
1421 4538 1529 4577 sua
1562 4522 1747 4577 fuerat
1775 4537 1935 4577 com-
1966 4529 2015 4597 Ι)
2046 4519 2305 4593 corporis
2323 4519 2551 4576 dulcior
2571 4520 2836 4576 fructus?
2853 4522 2992 4588 Quis
3009 4523 3626 4599 cibussuavior,quam
3640 4516 3690 4580 is

270 4617 543 4690 probata.
576 4600 691 4671 Sed
726 4615 874 4669 169
923 4610 1023 4667 ille
1073 4610 1304 4668 occisus
1346 4615 1455 4666 Deo
1497 4609 1844 4682 loquebatur
1874 4611 1935 4667 in

269 4708 421 4762 vace
450 4694 761 4776 sanguinis
791 4702 905 4772 sui,
938 4701 1033 4756 hic
1056 4700 1225 4757 vivus
1256 4718 1288 4756 a
1318 4701 1462 4757 facie
1492 4700 1720 4757 Domini
1751 4698 1934 4774 repel-

270 4793 549 4861 lebatur;
580 4796 638 4848 et
665 4794 800 4846 cum
834 4780 1028 4846 adhuc
1063 4804 1097 4844 a
1120 4788 1370 4846 Domino
1410 4806 1592 4863 poenae
1622 4792 1934 4857 cessarent,

270 4880 593 4956 torquebat
631 4894 767 4938 eum
826 4888 1070 4935 suorum
1130 4878 1487 4935 Conscientia
1541 4882 1934 4952 peccatorum.

271 4972 527 5029 Latebat
556 4967 736 5026 miser
765 4971 1065 5036 tremens;
1099 4970 1157 5022 et
1197 4966 1414 5025 timens
1441 4986 1453 5037 ;
1483 4972 1540 5023 et
1581 4985 1713 5024 cum
1746 4970 1938 5025 adhuc

271 5060 597 5135 percussor
624 5059 877 5126 deesset,
907 5056 1038 5129 ipsa
1077 5070 1208 5113 sese
1238 5055 1444 5128 injusti
1473 5056 1590 5112 vita
1620 5057 1936 5114 cruciabat.

267 5150 599 5223 Acceperat
626 5148 889 5221 signum,
922 5158 997 5201 ne
1028 5144 1413 5219 eum‘aliquis
1463 5145 1787 5203 occideret:
1822 5163 1938 5203 non

269 5226 345 5296 ut
375 5226 504 5295 vita
530 5237 816 5295 suavitate
845 5235 1159 5306 frueretur,
1209 5237 1313 5293 sed
1362 5252 1435 5292 ne
1482 5252 1641 5293 mors
1689 5236 1941 5294 auferret

269 5344 606 5386 arumnam
633 5345 647 5384 :
683 5329 749 5383 ut
768 5342 1171 5400 percussorem
1203 5342 1377 5384 suum
1400 5324 1661 5397 quotidie
1679 5325 1940 5382 timendo

271 5421 603 5494 pateretur.
628 5416 923 5475 Meruerat
942 5416 1181 5490 quidem
1202 5419 1270 5471 ut
1305 5429 1618 5487 percussor
1653 5414 1942 5505 inhibere-

354 5614 473 5697 (67)
503 5611 783 5673 Nonnulli
813 5612 1320 5687 mss.,confes:ione
1335 5610 1653 5687 confringit.

611 5743 876 5813 Parma.
926 5739 1091 5807 XIV.

2051 4625 2226 4681 quem
2258 4607 2491 4664 animus
2520 4609 2669 4665 bene
2701 4610 2811 4666 sibi
2834 4612 3074 4680 conscii,
3096 4618 3154 4669 et
3174 4631 3343 4673 mens
3364 4613 3691 4671 innocentis

2046 4697 2437 4770 epulatur?At
2449 4713 2580 4753 vero
2596 4697 2879 4771 iniquitas
2890 4701 3312 4775 velutquodam
3326 4703 3600 4776 plumbeo
3612 4699 3695 4754 ta-

2046 4788 2228 4855 lento,
2245 4791 2311 4842 ut
2333 4788 2637 4861 Scriptura
2653 4791 3001 4848 testiﬁcatur
3017 4793 3034 4863 (
3051 4794 3211 4849 Zach.
3235 4812 3288 4862 v,
3303 4794 3379 4865 6),
3403 4789 3697 4846 conscien-

2051 4876 2194 4934 tiam
2213 4881 2433 4950 gravat.
2460 4877 2779 4951 Meritoque
2797 4881 2975 4937 David
2992 4882 3097 4938 ail:
3119 4906 3145 4931 ‹‹
3174 4881 3337 4937 Sicut
3355 4896 3504 4937 onus
3525 4894 3696 4952 grave

2054 4971 2305 5041 gravatae
2331 4972 2468 5023 sunt
2498 4984 2676 5040 super
2701 4986 2793 5025 me
2825 4971 2993 5041 (Psal.
3036 4987 3250 5039 xxxvn,
3288 4971 3412 5042 5).»
3443 4968 3514 5025 Et
3542 4967 3700 5025 Salo-

2052 5074 2188 5113 mon
2215 5074 2227 5112 :
2254 5080 2281 5107 «
2308 5056 2469 5113 Sicut
2497 5074 2610 5114 uva
2639 5060 2847 5114 acerba
2875 5058 3169 5126 dentibus,
3225 5060 3376 5115 771)
3415 5061 3473 5114 et
3501 5058 3701 5115 fumus

2050 5146 2259 5214 oculis,
2314 5146 2394 5202 ita
2436 5145 2716 5219 iniquitas
2765 5148 3040 5203 omnibus
3088 5148 3388 5205 utentibus
3418 5164 3485 5205 ea
3514 5149 3695 5222 (Prov.

2051 5253 2107 5292 x.
2139 5236 2231 5291 26.
2266 5257 2295 5285 ››
2328 5235 2533 5292 Gravis
2582 5246 2771 5308 poena‘
2790 5251 2916 5307 qua:
2968 5236 3165 5293 cibum
3213 5237 3479 5310 impedit,
3530 5252 3697 5311 aspe-

2053 5328 2212 5382 ctum
2244 5325 2520 5393 obducit;
2552 5328 2627 5393 et,
2662 5325 2817 5397 quod
2850 5328 2940 5381 est
2970 5326 3247 5399 amplius,
3278 5326 3462 5384 oculis
3488 5327 3699 5384 mentis

2051 5415 2291 5474 internis
2338 5414 2707 5471 tenebrosam
2755 5413 3005 5471 offundit
3048 5416 3379 5490 caliginem,
3429 5422 3495 5474 ut
3541 5418 3696 5492 quod

2124 5616 2237 5696 (68)
2267 5614 2434 5672 Rom.
2466 5612 2632 5691 edit.,
2663 5617 2796 5676 Ecce
2822 5630 2918 5689 ego
2934 5620 3133 5693 pastor
3157 5618 3304 5677 male
3328 5620 3456 5696 feci.

3298 5753 3376 5815 32
