4116 6188
445 276 602 371 mos

1898 274 1963 336 S.
2010 268 2389 337 AMBROSII

3690 274 3855 338 10οι

439 380 643 466 verum
672 413 779 472 est,
810 406 1003 462 videre
1034 421 1145 460 non
1180 401 1364 477 possit
1394 404 1670 475 injustus,
1706 406 1953 477 Ideoque
1985 406 2083 462 de-
2114 406 2168 473 Α
2197 405 2411 463 dabilis
2442 411 2531 462 est
2553 406 2669 474 ille,
2701 406 2802 481 qui
2832 406 3056 462 bonum
3086 405 3244 478 quod
3289 404 3574 478 quaesivit,
3606 406 3855 475 invenit,

437 496 654 569 linquit
682 494 815 559 sibi,
848 492 948 565 qui
979 491 1092 549 sibi
1124 509 1251 565 quae
1281 491 1534 565 pretiosa
1564 498 1721 561 sunt,
1755 493 1946 567 eripit.

507 587 594 641 10.
619 608 647 634 ‹‹
671 582 825 640 Dixit
843 598 979 655 ergo
1002 582 1258 654 injustus
1282 586 1344 637 ut
1363 582 1667 654 delinquat
1678 583 1811 639 sibi.
1826 605 1854 633 »
1876 583 2085 640 Justus

432 677 632 730 autem
663 672 943 746 loquitur,
976 676 1043 728 ut
1074 671 1203 728 aliis
1244 676 1300 728 et
1348 671 1458 727 sibi
1508 672 1730 744 prosit;
1764 672 1861 727 ille
1892 672 2084 745 loqui-

430 767 530 819 tur
575 763 647 820 ad
698 761 1035 836 perniciem,
1094 760 1188 816 hic
1245 761 1503 833 loquitur
1561 762 1631 817 ad
1692 761 1961 817 salutem.
2003 762 2085 818 De

427 853 609 925 justis
643 868 778 909 vero
806 855 863 906 et
892 849 1164 907 fidelibus
1195 849 1418 907 dictum
1449 854 1537 907 est
1563 867 1575 904 :
1616 872 1642 901 «
1684 850 1865 906 Corde
1896 851 2082 907 credi-

432 946 533 998 tur
561 941 633 998 ad
654 939 972 1012 justitiam,
997 956 1095 995 ore
1117 944 1309 995 autem
1334 940 1621 995 confessio
1646 941 1708 995 ﬁt
1729 941 1800 996 ad
1833 940 2081 997 salutem

432 1033 606 1103 (Rom.
640 1046 695 1094 x,
728 1028 839 1100 40).
874 1026 1039 1085 Illius
1070 1028 1272 1101 lingua
1316 1028 1605 1097 vulnerat,
1656 1028 1860 1101 lingua
1885 1033 2081 1085 autem

433 1119 791 1193 prudentum
834 1122 1024 1173 sanat.
1076 1117 1237 1173 Unde
1287 1134 1419 1173 cum
1465 1118 1856 1190 expostularet
1906 1118 2118 1173 David

433 1224 569 1264 cum
598 1222 732 1279 rege
762 1206 924 1277 Saul,
956 1207 1111 1279 quod
1143 1206 1360 1262 oblitus
1409 1206 1694 1272 beneficii,
1744 1206 1953 1262 salutis
1992 1204 2097 1261 in?

433 1300 636 1369 gratus
665 1311 801 1351 eum
833 1299 1282 1367 persequeretur
1305 1296 1376 1351 ad
1400 1298 1668 1363 mortem,
1703 1312 1736 1350 a
1768 1312 1880 1367 quo
1914 1296 2082 1351 toties

424 1387 552 1457 jam
581 1385 803 1441 videret
835 1400 896 1439 se
926 1401 1054 1440 esse
1083 1388 1377 1439 servatum
1405 1402 1417 1451 ;
1452 1390 1507 1438 et
1537 1385 1712 1439 vitam
1747 1385 1876 1454 ejus
1908 1400 2080 1455 appe-

432 1479 597 1539 teret,
632 1474 733 1545 qui
780 1474 961 1529 vitam
1010 1489 1179 1528 suam
1229 1490 1331 1544 pro
1373 1472 1524 1544 regis
1571 1471 1756 1528 salute
1808 1471 2081 1544 periculis

431 1562 761 1630 obtulisset,
814 1562 894 1616 ait
940 1561 1050 1616 sibi
1116 1561 1372 1616 fructum
1424 1577 1537 1615 non
1587 1560 1773 1631 perire
1816 1560 2077 1630 justitic'e,

432 1652 532 1723 qui
566 1651 971 1707 insidiatorem
1004 1665 1181 1705 suum
1217 1650 1273 1703 in
1309 1665 1517 1704 manus
1562 1666 1700 1703 suas
1753 1666 1785 1703 a
1840 1648 2079 1704 Domino

429 1741 541 1798 sibi
595 1740 877 1795 traditum
911 1755 1025 1793 non
1086 1737 1432 1809 peremisset
1476 1740 1518 1807 (I
1577 1741 1703 1806 Reg.
1765 1755 1915 1805 xxiv,
1967 1738 2075 1807 14).

428 1830 516 1885 Ab
546 1827 786 1898 injustis
814 1826 1093 1897 iniquitas
1124 1826 1395 1897 prodivit,
1446 1842 1733 1881 venenum
1766 1843 1799 1880 a
1846 1841 2082 1898 serpen-

433 1916 594 1972 tibus
639 1916 893 1971 eil‘usum
942 1918 1050 1983 est,
1100 1930 1390 1971 venenum
1440 1919 1497 1969 et
1542 1914 1872 1985 iniquitatis
1921 1930 2085 1971 arma

432 2005 753 2079 perierunt.

504 2096 592 2150 11.
627 2095 760 2149 Ideo
791 2092 1074 2164 scriptum
1108 2096 1233 2147 est:
1271 2114 1297 2142 (ι
1329 2091 1482 2147 Dixit
1513 2092 1769 2164 injustus
1805 2097 1868 2148 ut
1897 2092 2083 2148 delin-

434 2188 577 2257 quat
603 2183 738 2239 sibi.
771 2204 799 2232 »
832 2181 980 2245 Quid
1030 2180 1219 2235 dixit?
1252 2205 1279 2229 ‹‹
1326 2180 1543 2236 Ponam
1576 2180 1854 2237 thronum
1888 2197 2085 2236 meum

433 2289 613 2345 super
666 2270 991 2337 nubes,'et
1045 2285 1142 2325 ero
1199 2269 1413 2325 similis
1470 2269 1931 2341 Altissimo(lsa.
1966 2286 2081 2338 xrv,

434 2363 548 2434 44).
585 2384 607 2411 ι
642 2361 924 2416 Effectum
972 2375 1087 2415 non
1136 2357 1353 2413 habent
1402 2359 1595 2426 verba,
1646 2360 1744 2415 sed
1780 2362 2083 2432 peccatum

434 2452 673 2507 habent.
698 2448 893 2505 inanis
911 2448 1147 2520 quidem
1171 2464 1387 2520 pompa
1396 2447 1692 2518 jactantiae
1717 2466 1729 2516 ;
1755 2450 1856 2505 sed
1880 2463 2085 2519 super-

436 2541 543 2595 biae
582 2538 826 2613 spiritus
857 2537 1211 2592 criminosus
1250 2552 1363 2591 non
1397 2538 1565 2592 timet
1612 2536 1870 2593 convicio
1903 2540 2087 2610 maje-

434 2632 649 2685 statem
679 2624 896 2683 violare
927 2624 1206 2680 divinam.
1242 2625 1467 2680 Etenim
1509 2626 1557 2680 si
1589 2624 1746 2681 ullus
1781 2626 1881 2682 Dei
1912 2626 2089 2683 timor

434 2718 563 2789 ejus
591 2716 811 2773 inesset
840 2714 1097 2781 aﬂ‘ectui,
1150 2730 1266 2769 non
1317 2713 1375 2768 in
1428 2721 1743 2786 conspectu
1785 2715 1885 2770 Dei
1917 2714 2089 2787 plena

438 2805 555 2863 doli
581 2804 838 2879 gerenda
862 2802 973 2859 sibi
1004 2819 1155 2858 ausu
1177 2802 1487 2858 temerario
1527 2802 1889 2872 credidisset,
1920 2804 2088 2875 quasi

436 2900 590 2951 Deus
629 2909 745 2950 non
777 2892 964 2965 possit
990 2889 1219 2947 occulta
1266 2906 1635 2963 cognoscere,
1668 2890 1767 2963 qui
1798 2896 2090 2947 scrutator

437 2987 527 3040 est
554 2982 940 3038 internorum.
964 2980 1198 3054 Spectat
1218 2979 1416 3034 omnia
1442 2980 1591 3034 Deus
1616 2997 1628 3045 ;
1651 2979 1795 3034 nihil
1819 2984 1909 3035 est
1929 2981 2086 3052 quod

433 3087 569 3129 eum
600 3073 922 3144 praetereat,
965 3084 1137 3124 nemo
1184 3067 1284 3138 qui
1334 3066 1534 3122 fallat:
1569 3066 1663 3122 cui
1712 3067 1909 3124 omnia
1940 3086 2087 3141 prae-

2194 495 2274 551 ita
2306 495 2677 555 inveniabilis
2708 495 2810 571 qui
2840 494 3126 552 laboravit
3158 499 3222 551 ut
3251 494 3474 552 malum
3504 497 3667 569 quod
3698 512 3855 569 quis-

2193 586 2392 653 sierat,
2428 584 2752 651 inveniret;
2793 584 2963 641 bonis
3012 584 3171 640 enim
3216 585 3413 653 rebus,
3460 602 3580 642 non
3613 584 3857 658 ﬂagitiis

2191 677 2368 745 atque
2426 672 2776 730 criminibus
2835 672 3095 730 laborem
3154 676 3421 730 nostrum
3474 691 3584 730 nos
3616 677 3855 747 oportet

2190 762 2549 835 impendere.
2585 763 2733 830 Quid
2766 762 2946 835 igitur
2976 762 3094 818 nisi
3123 780 3367 819 summa:
3390 762 3662 819 stultitia
3684 766 3862 835 atque

2194 852 2499 907 dementiae
2529 857 2640 920 est,
2683 851 2884 907 odium
2933 869 3212 924 quaerere,
3260 852 3640 925 iniquitatem
3685 850 3859 908 malis

2192 940 2418 996 artibus
2475 939 2757 1007 invenire,
2820 957 2999 1011 quam
3060 941 3251 997 bonus
3308 957 3481 997 nemo
3541 937 3860 1011 quaesivit?

2264 1030 2351 1085 43.
2386 1030 2687 1095 Quomodo
2719 1028 2898 1101 igitur
2928 1028 3183 1102 improbi
3203 1028 3581 1102 iniquitatem
3608 1030 3861 1085 suamet

2192 1118 2391 1174 odium
2444 1122 2731 1189 quaerant,
2782 1118 3243 1174 consideremus.
3299 1117 3524 1191 Nempe
3573 1116 3858 1173 Herodias

2191 1211 2315 1262 erat
2365 1206 2671 1262 tetrarchae
2719 1204 2971 1278 Philippi
3029 1205 3289 1279 legitimo
3355 1222 3508 1262 nexa
3555 1205 3855 1279 conjugio,

2193 1294 2362 1366 regiae
2397 1294 2706 1350 abundans
2747 1295 2957 1367 Opibus
3008 1294 3350 1366 potestatis:
3400 1310 3535 1366 quae
3564 1293 3858 1350 Herodem

2194 1384 2440 1439 Romam
2472 1384 2736 1455 adusque
2769 1384 3103 1439 tendentem
3144 1382 3309 1455 quasi
3340 1399 3703 1456 germanum
3736 1400 3859 1439 ma-

2194 1472 2286 1527 riti
2322 1473 2455 1543 (70),
2488 1472 2727 1544 hospitii
2760 1477 2813 1528 et
2862 1472 3172 1528 affinitatis
3205 1473 3338 1543 jure
3383 1472 3691 1544 suscepit;
3728 1490 3857 1528 cum

2193 1578 2307 1631 quo
2339 1563 2583 1633 depacta
2614 1578 2782 1617 suam
2807 1561 3100 1633 copulam,
3134 1578 3249 1616 non
3282 1559 3470 1616 multo
3496 1565 3634 1633 post
3656 1560 3857 1617 relicto

2190 1650 2332 1717 viro,
2368 1652 2646 1706 consortii
2679 1653 2768 1706 sui
2807 1651 2945 1721 jura
2993 1649 3256 1706 mutavit.
3314 1651 3462 1705 771
3521 1649 3734 1706 Nonne
3790 1667 3853 1707 ea

2192 1740 2463 1810 quaesivit
2488 1739 2857 1812 iniquitatem
2892 1742 2949 1795 et
2970 1739 3191 1807 odium,
3217 1756 3344 1811 quae
3376 1739 3733 1812 conjugium
3763 1740 3859 1796 de-

2195 1828 2398 1895 seruit,
2437 1833 2497 1883 ut
2546 1828 2831 1884 inveniret
2878 1826 3284 1884 adulterium?
3331 1827 3401 1884 Et
3440 1828 3588 1900 quia
3618 1832 3857 1884 sanctus

2194 1915 2455 1989 Baptista
2484 1918 2721 1990 nuptias
2770 1916 3003 1973 illicitas
3050 1920 3391 1973 constanter
3441 1916 3746 1989 increpuit
3773 1918 3856 1973 di-

2195 2021 2333 2061 cens
2387 2005 2635 2062 Herodi:
2697 2030 2723 2055 ι(
2781 2010 2907 2062 Non
2966 2004 3103 2062 licet
3169 2004 3275 2061 tibi
3334 2022 3583 2061 uxorem
3643 2005 3857 2063 habere

2196 2096 2211 2165 (
2266 2097 2429 2151 Marc.
2492 2111 2569 2161 γι,
2630 2098 2699 2150 18
2757 2097 2795 2166 ),
2855 2112 2982 2167 quae
3060 2095 3341 2151 maritum
3402 2099 3615 2153 contra
3670 2093 3856 2168 legem

2195 2184 2453 2256 reliquit,
2487 2190 2542 2239 et
2568 2184 2729 2240 fratri
2777 2183 2972 2239 mariti
3022 2184 3190 2256 quasi
3240 2200 3309 2240 ex
3361 2181 3492 2257 lege
3542 2184 3853 2252 convenit;

2195 2277 2489 2329 commota
2519 2278 2606 2329 est
2636 2272 2919 2341 adultera,
2952 2277 3018 2327 ut
3047 2289 3182 2329 eum
3211 2271 3384 2329 vellet
3429 2272 3722 2329 occidere.
3747 2272 3857 2329 Sed

2195 2361 2425 2433 cognito
2458 2363 2610 2434 quod
2653 2361 2939 2417 Herodem
2972 2362 3045 2417 ad
3098 2378 3300 2418 necem
3345 2361 3494 2432 justi
3544 2378 3666 2417 non
3696 2360 3858 2417 facile

2194 2454 2393 2521 posset
2422 2450 2732 2519 inflectere,
2766 2449 3115 2522 excogitavit
3142 2466 3259 2522 qua
3277 2449 3373 2506 via
3393 2450 3558 2506 istud
3581 2450 3855 2518 efﬁceret,

2194 2539 2415 2597 Natalis
2462 2544 2586 2595 erat
2642 2539 2886 2594 Herodis
2948 2538 3061 2610 (71)
3122 2555 3300 2610 quem
3350 2537 3495 2594 luxu
3556 2539 3763 2606 nimio,
3797 2542 3862 2594 ut

2196 2627 2487 2701 plerisque
2520 2629 2754 2701 regibus
2788 2644 2913 2683 mos
2944 2632 3055 2695 est,
3104 2626 3400 2690 celebrare
3451 2630 3854 2684 consueverat.

2195 2718 2515 2773 Adornavit
2547 2718 2749 2783 ﬁliam,
2782 2722 2846 2772 ut
2878 2717 2936 2771 in
2960 2715 3222 2772 convivio
3245 2715 3401 2789 regis
3424 2716 3650 2789 pignus
3671 2715 3861 2789 regale

2199 2806 2455 2863 saltaret.
2483 2807 2704 2862 Etcum
2728 2805 3046 2879 placuisset
3075 2805 3307 2871 Herodi,
3348 2805 3509 2876 quod
3552 2804 3863 2879 displicere

2197 2896 2401 2951 debuit
2430 2899 2659 2968 patruo,
2693 2894 2905 2951 obtulit
2933 2893 3006 2960 ei,
3040 2898 3105 2949 ut
3132 2893 3288 2966 quod
3340 2891 3516 2950 vellet
3550 2894 3861 2967 praemium

2200 3002 2301 3058 pro
2333 2984 2660 3041 saltationis
2708 2983 3018 3057 approbrio
3066 2981 3411 3055 postularet.
3467 2983 3721 3040 Matrem
3765 2984 3864 3040 illa

2197 3072 2512 3141 consuluit,
2545 3075 2715 3144 cujus
2745 3070 3008 3145 impulsu
3052 3074 3228 3143 caput
3256 3069 3535 3143 Baptista:
3569 3071 3859 3146 poposcit.

439 3140 628 3217 sentis.
656 3175 784 3232 qua:
830 3159 1030 3214 futura
1068 3161 1227 3225 sunt,
1278 3160 1335 3211 et
1384 3156 1694 3211 manifesta
1724 3173 1854 3227 quae
1882 3140 2081 3214 latent.
2116 3140 2158 3205 (ἶ
2196 3162 2398 3219 Victus
2427 3140 2704 3226 Herodes,
2738 3140 2876 3234 quia
2905 3140 3271 3217 sacramento
3321 3140 3384 3217 sie
3426 3140 3866 3218 constrinxerat

441 3249 664 3307 Etenim
696 3248 745 3304 si
786 3247 873 3303 sol
920 3246 1029 3302 iste
1077 3245 1416 3299 mundanus
1473 3244 1689 3300 clausis
1744 3245 2089 3319 plerumque

441 3337 871 3396 domiciliorum
909 3330 1261 3389 habitaculis
1308 3349 1480 3388 suum
1511 3332 1710 3389 lumen
1764 3333 2084 3404 interserit;

442 3430 663 3499 quanto
694 3424 882 3495 magis
913 3427 1067 3476 Deus
1096 3437 1387 3491 summus,
1411 3425 1681 3477 aeternus.
1700 3423 1875 3478 etiam
1900 3441 2087 3480 secre-

444 3521 502 3571 ta
532 3511 853 3588 penetralia
883 3510 1098 3566 mentis
1127 3510 1418 3579 humanae,
1447 3515 1622 3582 atque
1651 3528 1822 3568 omne
1852 3514 2085 3586 angelo-

443 3617 575 3657 rum
597 3597 909 3656 consilium
933 3596 1177 3653 scientia
1193 3614 1300 3653 sua
1320 3602 1667 3666 sccrutatur,
1688 3603 1744 3654 et
1764 3600 2041 3672 praevenit
2060 3602 2088 3656 ?

440 3689 587 3757 Quid
617 3704 754 3761 ergo
785 3686 944 3742 aliud
975 3686 1094 3757 agit
1133 3685 1409 3757 injustus,
1467 3685 1576 3741 nisi
1623 3692 1687 3741 ut
1717 3687 2085 3761 iniquitatem

442 3778 555 3835 sibi
588 3780 810 3851 quierat
832 3779 890 3832 et
919 3775 1164 3831 odium?

507 3869 590 3923 12.
622 3867 720 3923 Sic
749 3865 908 3923 enim
939 3863 1225 3937 scriptum
1276 3868 1365 3919 est
1394 3866 1578 3935 (νέης,
1640 3881 1703 3933 11,
1732 3866 1859 3938 31):
1895 3887 1922 3916 ››
1957 3866 2082 3922 Non

432 3960 521 4013 est
549 3956 726 4012 timor
775 3954 872 4009 Dei
920 3957 1055 4009 ante
1102 3952 1302 4009 oculos
1351 3953 1518 4023 ejus:
1570 3954 1849 4024 quoniam
1880 3954 2081 4011 dolose

428 4045 551 4118 egit
577 4046 637 4100 in
690 4046 1006 4116 conspectu
1058 4042 1208 4113 ejus,
1268 4046 1334 4096 ut
1380 4042 1665 4098 inveniret
1710 4042 2079 4115 iniquitatem

427 4150 599 4190 suam
649 4137 706 4189 et
752 4132 975 4191 odium.
1016 4153 1045 4181 »
1097 4131 1244 4196 Quid
1295 4131 1452 4186 enim
1502 4132 1828 4187 inveniret?
1875 4132 2079 4189 Omnis

428 4223 581 4282 enim
616 4222 716 4295 qui
748 4220 977 4295 quaerit,
1006 4219 1228 4275 invenit
1253 4237 1265 4274 :
1289 4235 1425 4292 ergo
1448 4220 1497 4275 si
1531 4219 1751 4276 malum
1774 4222 2077 4293 quaeritur,

432 4312 625 4385 agitur
656 4316 719 4366 ut
746 4310 1073 4365 inveniatur
1101 4308 1233 4381 (69).
1267 4308 1378 4364 Sed
1419 4309 1917 4380 quemadmodum
1948 4310 2076 4366 lau-

494 4451 607 4523 (69)
642 4452 783 4506 Mss.
817 4452 955 4521 duo,
986 4467 1119 4524 ergo
1149 4456 1201 4507 et
1236 4452 1447 4506 malum
1494 4454 1782 4523 qua’ritur,
1832 4461 1892 4508 ut
1918 4456 2075 4511 inve-

420 4525 650 4589 niatur;
682 4539 856 4578 unus.
890 4538 1017 4589 ergo
1044 4526 1125 4578 sic
1152 4525 1384 4591 malum,
1427 4527 1534 4577 etc.

636 4594 903 4676 Sic_mss,
936 4595 1059 4676 νίς..
1092 4599 1150 4649 et
1197 4595 1358 4676 Coll).
1390 4610 1423 4648 a
1467 4594 1687 4676 quibus
1718 4595 1855 4676 Reg.
1876 4600 2067 4676 atque

421 4665 560 4721 edit.
594 4665 702 4721 hoc
734 4669 962 4721 tantum
993 4666 1349 4738 discrepant,
1392 4665 1547 4738 quod
1596 4665 1747 4720 infra
1778 4665 1917 4738 legit
1946 4665 2062 4736 ille,

415 4754 538 4793 cum
567 4754 671 4809 quo
722 4741 944 4808 peccata
996 4753 1093 4791 sua
1147 4736 1610 4809 c0pulans;_hzec
1667 4736 1885 4809 autem,
1942 4755 2067 4795 cum

419 4825 523 4879 quo
544 4806 816 4891 ⁸ῐιεδρᾳὲιιξ
867 4824 1027 4891 suam
1081 4806 1351 4891 captitum.
1411 4806 1523 4860 Alii
1563 4808 1813 4891 denique
1851 4808 2063 4891 “locum

420 4879 733 4951 praeferunt
802 4881 860 4933 in
940 4879 1060 4934 hazc
1126 4880 1319 4945 verba,
1372 4893 1498 4949 qua:
1569 4879 1769 4935 Herode
1843 4882 2066 4938 Romam

418 4950 953 5036 aliusqueotendente
992 4952 1145 5036 quasi
1190 4966 1451 5019 germano
1498 4952 1690 5036 mariti
1739 4951 1964 5036 liosm'n‘i
2013 4958 2063 5008 et

416 5021 705 5095 affinitatis
742 5023 871 5093 jure
909 5025 1153 5095 suscepto
1198 5038 1317 5076 cum
1366 5036 1468 5092 quo
1514 5021 1577 5077 de
1611 5028 1810 5092 pacata
1838 5040 1939 5078 sua
1967 5041 2062 5079 ca-

412 5094 552 5165 pula
581 5097 821 5165 tractans
848 5109 959 5148 non
980 5094 1159 5165 multo
1184 5098 1324 5164 post,
1357 5097 1465 5165 etc.

486 5166 601 5238 (74)
632 5164 894 5238 Natalem
934 5164 1088 5220 diem
1128 5163 1441 5238 quotannis
1490 5180 1726 5238 summa
1773 5163 2063 5238 hilaritate

416 5234 707 5309 celebrare
736 5235 874 5292 olim
902 5238 1056 5309 apud
1090 5234 1307 5291 multos
1337 5234 1584 5308 populos
1630 5236 1688 5290 in
1722 5251 1882 5291 more
1901 5236 2059 5309 fuit;

415 5308 516 5361 sed
545 5308 711 5380 illum
744 5306 1046 5380 praecipua:
1080 5306 1627 5380 procercs'acireges
1658 5322 1761 5378 per
1783 5306 1985 5378 epulas
2007 5314 2064 5364 et

416 5379 677 5432 convivia
721 5378 1049 5452 splendida
1075 5378 1395 5452 agitabant.
1428 5378 1684 5452 Hujusce
1714 5384 2063 5436 vetustatem

414 5449 858 5506 consuetudinis
931 5449 1244 5507 declaravit
1311 5449 1746 5522 Moyses,rGen.
1808 5465 1932 5522 cap.
1984 5468 2060 5522 1v,

415 5535 561 5596 vers.
589 5522 677 5586 20,
724 5522 821 5576 ubi
867 5520 1466 5596 natalitiumepuluin
1499 5539 1533 5578 a
1573 5520 2060 5596 Pha‘raone'exhié

413 5590 603 5655 bitum
653 5594 1015 5652 memoravit.
1067 5595 1230 5665 Quod
1260 5590 1487 5655 'tamen
1544 5591 1894 5669 convivium,
1944 5611 2060 5663 non

2199 3252 2473 3308 daturum
2505 3250 2790 3323 quidquid
2834 3251 3025 3323 neptis
3073 3250 3309 3322 propria
3360 3249 3634 3323 petisset,
3679 3252 3863 3323 jussit

2197 3342 2380 3396 occidi
2408 3341 2717 3407 Joannem,
2749 3343 2806 3395 et
2834 3343 3012 3411 caput
3031 3340 3159 3410 ejus
3182 3337 3395 3394 afferri.
3422 3339 3590 3405 Quod
3615 3339 3860 3395 allatum

2198 3429 2403 3501 puella;
2434 3429 2611 3495 dedit,
2644 3433 2702 3484 et
2732 3427 2830 3483 illa
2860 3426 3033 3484 matri
3067 3445 3187 3483 sua:
3222 3425 3485 3499 pertulit.
3528 3427 3748 3483 Verum
3771 3432 3864 3485 est

2195 3533 2331 3589 ergo
2358 3517 2513 3588 quod
2543 3516 2823 3588 iniquitas
2852 3520 2909 3570 et
2929 3510 3130 3572 odium
3155 3514 3574 3586 requirantur:
3602 3515 3865 3587 quando-

2195 3607 2433 3678 quidem
2464 3622 2532 3662 ea
2562 3604 2790 3673 mulier,
2823 3604 2981 3677 quod
3022 3601 3175 3659 facili
3223 3602 3509 3675 petitione
3540 3604 3862 3676 impetrare

2195 3713 2310 3751 non
2381 3699 2626 3766 poterat,
2694 3693 2891 3766 pravis
2944 3691 3169 3748 artibus
3236 3692 3578 3764 excogitatae
3636 3692 3861 3748 fraudis

2193 3783 2411 3841 elicuit.

2267 3876 2349 3929 14.
2384 3873 2530 3940 Quid
2564 3875 2636 3929 de
2662 3873 2815 3929 Juda
2844 3871 3136 3944 proditore
3184 3870 3397 3943 loquar
3445 3870 3549 3943 qui
3582 3872 3866 3944 quaesivit

2190 3963 2515 4031 avaritiam,
2557 3968 2613 4019 et
2664 3962 2887 4017 invenit
2932 3959 3309 4033 sacrilegium
3360 3959 3612 4017 dicens:
3654 3984 3684 4012 (ι
3709 3961 3864 4027 Quid

2189 4051 2334 4108 mihi
2384 4051 2623 4120 dabitis,
2675 4057 2731 4107 et
2788 4067 2894 4124 ego
2941 4066 3077 4105 eum
3133 4050 3298 4105 vobis
3351 4050 3591 4105 tradam
3637 4050 3859 4122 (lauit.

2186 4159 2337 4207 xxvr,
2381 4141 2522 4213 45)?
2555 4164 2582 4190 ››
2633 4140 2747 4197 Nec
2796 4139 3061 4212 expletus
3109 4154 3437 4211 pauperum
3494 4138 3729 4212 spoliis,
3783 4140 3857 4195 ad

2186 4230 2609 4302 plenitudinem
2667 4229 2982 4285 criminum
3050 4226 3543 4299 gravissimorum
3607 4226 3857 4283 crimina

2184 4320 2419 4375 ferendo
2450 4319 2727 4392 pervenit,
2754 4318 2848 4391 pia
2869 4318 3122 4374 miscens
3144 4315 3449 4372 charitatis
3473 4319 3854 4373 sacramenta

2184 4461 2353 4525 secus
2402 4460 2469 4500 ac
2526 4441 3140 4525 Herodianum_Hugo
3188 4440 3348 4522 Grot.
3400 4441 3475 4496 ad
3522 4445 3855 4525 utrumque

2104 4509 2152 4572 Ι)
2182 4519 2378 4596 locum
2409 4514 2630 4596 mavult
2659 4515 2753 4569 die
2784 4509 3287 4596 auspicati'regni,
3330 4526 3515 4596 quam
3539 4509 3855 4596 initaejitss

2176 4589 2553 4647 celebratum.
2608 4587 2672 4642 In
2726 4582 3005 4641 conviviis
3051 4582 3247 4639 autem
3316 4582 3523 4638 solitos
3572 4583 3854 4641 adhiberi

2176 4659 2519 4717 saltantium
2570 4657 2779 4721 choros
2832 4672 2924 4712 res
2966 4659 3054 4711 est
3103 4654 3514 4727 communior,
3552 4671 3745 4727 quam
3787 4662 3857 4712 ut

2174 4733 2382 4809 debeat
2410 4729 2673 4809 adnotari
2701 4747 2715 4797 ;
2748 4729 2847 4809 sed
2898 4728 3042 4809 illud
3089 4743 3205 4809 non
3250 4725 3338 4809 ita
3383 4725 3634 4809 obvium
3663 4728 3850 4809 _qu_o_d

2174 4801 2518 4859 Ambrosius
2548 4795 2836 4856 memorat
2864 4800 3209 4855 adornatam
3248 4795 3436 4853 fuisse
3484 4795 3851 4854 Herodiadis

2174 4875 2377 4948 tiliam,
2410 4877 2489 4948 ut_
2508 4874 2709 4948 pignus
2738 4871 2937 4948 gregale
2988 4866 3438 4948 sallqr'etham
3495 4870 3635 4935 etsi,
3698 4873 3855 4927 teste

2174 4942 2428 5003 Luciano
2456 4942 2528 4999 De
2574 4942 2872 4998 ’saltatione
2904 4985 2917 5010 ,
2946 4959 3061 4998 non
3108 4942 3281 4997 fuerit
3309 4945 3571 5010 ἐναγώνιος
3658 4948 3694 5007 ἡ
3767 4948 3853 5010 δρ-

2173 5044 2325 5087 χησις,
2359 5026 2552 5076 tamen
2588 5015 2681 5069 hic
2713 5014 2936 5070 videtur
2984 5012 3302 5086 significari
3333 5011 3659 5083 proemium
3708 5027 3853 5136 pro-

2173 5090 2305 5136 nnni
2339 5088 2578 5136 qnlitum
2610 5084 2823 5136 nuellis
2869 5084 3221 5136 saltantibus
3246 5084 3308 5136 in
3358 5081 3674 5136 conviviis.
3735 5082 3853 5136 inet

2172 5081 2321 5163 poni
2339 5088 2579 5148 solitum
2610 5084 2823 5157 puellis
2852 5081 3221 5163 -saltan'tibus
3246 5084 3309 5141 in
3336 5081 3674 5163 'conviviis,

2173 5152 2317 5217 torte
2369 5177 2481 5217 non
2547 5152 2780 5230 semper
2835 5156 3329 5230 determinatam;
3382 5158 3659 5230 ut_quas
3694 5152 3852 5209 illud

2172 5239 2326 5289 esset
2369 5224 2706 5306 promerita,
2760 5227 2953 5306 majus
2984 5226 3071 5306 vel
3120 5224 3323 5306 minus
3366 5224 3693 5306 acciperet,
3728 5240 3850 5306 qu_o

2173 5296 2482 5376 majus-vel
2510 5302 2707 5376 minus
2748 5296 3082 5376 placuisset.
3134 5299 3481 5376 Est__a_u_tem
3503 5296 3698 5376 'idem
3729 5296 3849 5376 sal-

2171 5366 2288 5432 taré
2314 5380 2513 5448 pignus
2552 5366 2853 5441 regalefac
2901 5369 3112 5426 saltare
3159 5369 3537 5451 saltationem
3561 5366 3846 5495 pignoris

2173 5449 2403 5495 manlia-
2434 5443 2932 5495 nuemadmodum
2954 5442 3109 5495 anud
3142 5442 3450 5495 Horatium
3489 5455 3554 5494 so
3588 5444 3718 5495 tare
3742 5455 3846 5495 cv-

2172 5440 2404 5520 regalis',
2434 5440 2932 5520 quemadmodum
2954 5442 3109 5515 apud
3142 5440 3450 5520 Horatium
3489 5440 3718 5520 sonare
3742 5455 3852 5511 cy-

2170 5510 2343 5593 ςιιῆυᾳ,
2388 5510 2516 5593 ξηόιι
2575 5513 2734 5573 aliud
2792 5518 2882 5572 est
2934 5510 3114 5588 quam
3169 5512 3385 5571 saltare
3449 5510 3847 5570 saltationem

2173 5590 2456 5669 Cyclopis.
