4078 6196
139 422 212 536 ἐ

246 382 402 443 1005

1303 383 1756 445 ENARRATIO
1801 383 1880 443 IN
1926 381 2305 444 PSALMUM
2352 379 2594 444 XXXV.

3497 368 3654 447 i006

241 513 506 588 flagitiis,
556 530 691 570 cum
737 515 953 572 diceret
996 533 1006 570 :
1065 538 1091 565 ‹‹
1142 517 1323 581 Quem
1375 517 1672 574 osculatus
1704 518 1885 585 fuero,
1918 518 1968 584 Α
2006 517 2357 588 degeneret:
2394 517 2567 572 arbor
2595 514 2751 571 enim
2800 515 2955 572 mala
3004 516 3225 571 fructus
3275 512 3460 573 malos
3494 517 3655 578 facit.

236 606 364 676 ipse
395 609 483 660 est
511 623 523 659 :
558 608 746 661 tenete
777 622 909 661 cum
943 606 1100 676 (Ibid.
1143 607 1231 674 48)
1256 625 1269 673 ;
1297 610 1394 661 υυῐ
1425 624 1556 663 vere
1589 608 1660 662 de
1689 625 1755 664 eo
1776 607 1896 662 dic-

234 696 362 746 tum
397 690 651 746 dubitari
685 709 798 747 non
833 697 1010 764 queat
1047 711 1059 748 :
1095 716 1122 743 ‹‹
1157 693 1350 750 Verba
1378 693 1496 751 oris
1525 696 1653 766 ejus
1685 693 1897 766 iniqui-

236 784 326 835 tas
356 783 415 836 et
443 779 614 834 dolus
651 780 817 852 (vers.
842 781 954 851 4).»
983 781 1194 838 Oscula
1226 781 1397 838 labiis
1430 782 1671 851 ferebat,
1706 784 1893 839 oll‘un-

233 869 411 924 debat
439 883 659 923 venena
688 868 1056 941 pectoribus;
1091 871 1486 928 meditabatur
1513 873 1725 929 acerba
1753 889 1893 945 sup-

239 957 435 1030 plicia,
465 955 664 1030 gratias
693 958 909 1030 pignus
940 960 1236 1016 afferebat.

308 1047 394 1102 15.
441 1046 591 1102 Bene
641 1046 712 1102 de
761 1064 827 1103 eo
876 1048 1184 1121 prophetia
1231 1050 1366 1106 addi
1419 1050 1552 1106 fecit
1586 1067 1598 1106 :
1637 1050 1894 1106 «Noluit

233 1133 558 1208 intelligere
608 1139 673 1190 ut
714 1135 861 1192 bene
909 1141 1109 1209 ageret
1160 1137 1321 1209 (vers.
1363 1139 1418 1210 Δ)
1452 1156 1465 1194 :
1504 1161 1530 1188 ››
1567 1155 1682 1195 non
1736 1137 1891 1195 enim

234 1241 338 1297 per
367 1226 640 1279 naturam
670 1223 942 1297 deliquit,
976 1226 1076 1281 sed
1102 1242 1205 1297 per
1233 1225 1892 1298 voluntatem.Denique

231 1311 543 1385 Apostolus
573 1317 715 1381 erat,
749 1313 1024 1370 audiebat
1056 1314 1313 1386 quotidie
1349 1315 1542 1371 divina
1591 1315 1886 1383 mandata,

233 1401 494 1459 discebat
545 1400 777 1458 caeleste
827 1402 1195 1475 mysterium,
1224 1405 1415 1475 potuit
1465 1403 1788 1476 intelligere
1825 1409 1890 1460 ut

232 1493 378 1548 bene
409 1491 683 1563 ageret,si
715 1491 1274 1548 voluisset.Videbat
1296 1492 1490 1548 sanari
1516 1491 1886 1565 paralyticos,

233 1580 400 1636 cacis
457 1579 687 1635 refundi
744 1579 968 1646 lumen,
1020 1584 1283 1636 mortuos
1337 1581 1707 1649 resuscitari;
1744 1598 1886 1637 num

232 1669 433 1726 debuit
460 1667 784 1740 intelligere
815 1669 969 1740 quod
1002 1670 1155 1725 Deus
1186 1674 1358 1738 esset,
1392 1670 1492 1742 qui
1524 1669 1662 1725 talia
1691 1675 1891 1742 posset

231 1757 505 1831 operari?
534 1758 644 1814 Sed
696 1757 1022 1830 intelligere
1057 1757 1266 1825 noluit,
1301 1759 1440 1830 quia
1467 1777 1676 1815 avarus
1707 1759 1883 1815 homo

232 1853 287 1904 et
319 1848 575 1921 pecunia:
609 1845 869 1902 intentus
912 1864 946 1902 a
993 1849 1324 1919 cognitione
1359 1847 1684 1903 divinitatis
1729 1847 1885 1920 vigo-

2008 605 2152 659 Nam
2184 604 2233 659 si
2263 603 2609 676 plerumque
2637 605 2792 676 quod
2826 602 3122 671 nolumus,
3155 602 3266 660 hoc
3314 603 3566 677 agimus,
3599 610 3656 662 et

2004 694 2186 750 vitare
2218 711 2331 750 non
2363 710 2713 766 possumus;
2745 697 2803 750 et
2833 694 2988 766 quod
3031 694 3162 749 odio
3203 692 3513 761 habemus,
3546 694 3656 751 hoc

2004 782 2274 850 facimus,
2309 782 2443 838 victi
2478 783 2731 854 quadam
2760 787 2861 838 aut
2891 782 3274 840 delectatione
3304 782 3532 856 ﬂagitii,
3557 786 3658 841 aut

2005 871 2345 944 ohreptione
2376 869 2918 942 peccatizquomodo
2949 887 3268 943 possumus
3291 871 3478 928 vitare
3497 871 3654 944 quod

2004 977 2276 1017 amamus
2288 959 2316 1014 Ἰ
2346 959 2744 1032 Astringimur
2757 963 2815 1015 et
2830 959 2996 1014 inviti
3024 960 3316 1032 quomodo
3335 976 3655 1032 possumus

2001 1047 2313 1104 voluntarii
2347 1064 2458 1103 non
2493 1047 2721 1103 teneri?
2747 1048 2854 1103 Vix
2885 1065 2946 1104 se
2978 1047 3224 1104 exsolvit
3252 1047 3469 1107 Paulus
3499 1065 3656 1106 erro-

2003 1137 2168 1194 ribus
2197 1137 2538 1211 quotidiana
2570 1137 2957 1194 decertatione
2994 1136 3289 1205 luctando,
3338 1141 3402 1193 ut
3448 1137 3655 1194 vincu-

2002 1225 2074 1282 lis
2107 1226 2459 1300 captivitatis
2489 1229 2719 1293 exutus,
2747 1243 2850 1299 per
2897 1225 3110 1282 Christi
3159 1225 3410 1298 gratiam
3457 1240 3657 1283 serva-

2001 1320 2188 1384 retur;
2223 1320 2272 1372 el
2309 1321 2371 1371 tu
2404 1320 2577 1388 putas
2625 1316 2779 1388 quod
2829 1315 3153 1372 assistendo
3203 1314 3432 1372 delictis
3461 1316 3654 1388 possis

1999 1406 2068 1459 ad
2111 1405 2433 1461 cmlestinm
2472 1404 2998 1477 repromissionum
3048 1403 3260 1460 merita
3307 1404 3654 1476 pervenire?

2003 1494 2301 1550 Luctando
2333 1510 2545 1550 corona
2575 1493 2996 1565 queriturmon
3027 1492 3370 1549 reluctando
3395 1510 3408 1561 ;
3433 1493 3664 1562 studio,-

2002 1600 2114 1637 non
2151 1583 2400 1655 refragio
2431 1599 2554 1637 cam
2564 1586 2820 1653 paratur.
2847 1581 3216 1638 Certantibus
3247 1598 3480 1654 quoque
3511 1581 3653 1638 divi-

2001 1688 2085 1724 nas
2119 1669 2527 1726 misericordiae
2560 1670 2837 1742 suffragia
2867 1669 3219 1743 postulanda
3249 1674 3408 1739 sunt,
3443 1676 3508 1727 ut
3550 1687 3652 1727 co-

2000 1775 2142 1814 rona
2166 1759 2412 1830 justitia:
2445 1776 2546 1831 pro
2577 1759 2844 1814 laborum
2878 1759 3100 1814 meritis
3131 1759 3445 1814 deferatur.

2072 1848 2157 1902 l8.
2194 1850 2365 1918 (Fers.
2417 1850 2472 1918 6,
2502 1848 2580 1918 7.)
2638 1847 2896 1919 Denique
2946 1848 3085 1920 quid
3135 1851 3418 1919 sequatur
3463 1847 3650 1904 consi-

231 1953 356 1993 rem
389 1954 505 1992 suae
540 1934 751 1990 mentis
786 1936 1011 1991 avertit.
1048 1935 1467 2007 Unusquisque
1500 1936 1658 1991 enim
1697 1937 1795 2008 qui
1826 1953 1886 1992 se
1918 1934 1966 1984 ”.
1999 1936 2291 1993 daremus.
2331 1960 2356 1987 ‹‹
2388 1936 2651 2004 Domine,
2698 1936 2908 2008 inquit,
2957 1937 3016 1992 in
3066 1935 3208 1992 caelo
3251 1935 3653 1993 misericordia

231 2025 470 2099 ﬂagitiis
525 2023 990 2098 ingurgitaverit,
1053 2041 1166 2080 non
1216 2023 1340 2079 vult
1392 2023 1713 2097 intelligere
1761 2041 1885 2097 quas

230 2113 557 2170 caalestium
589 2114 1003 2169 mandatorum
1036 2117 1273 2181 sunt,ne
1307 2100 1609 2169 revocetur
1639 2130 1673 2168 a
1703 2113 1878 2169 vitiis.

229 2202 374 2258 Vide
406 2201 574 2258 illum
612 2201 928 2274 fugientem
956 2201 1300 2274 intelligere,
1330 2202 1429 2274 qui
1480 2201 1562 2257 ait
1596 2218 1609 2256 :
1645 2224 1672 2252 «
1701 2202 1883 2257 Tene-

230 2293 348 2348 brae
381 2291 652 2364 operiunt
681 2297 855 2356 me,et
884 2292 1255 2347 circumdant
1286 2291 1538 2363 parietes
1570 2308 1582 2346 :
1619 2290 1752 2362 quis
1775 2290 1886 2347 scit

227 2399 305 2437 an
356 2380 548 2437 videat
600 2379 884 2435 Dominus
916 2380 1080 2451 (Eccl.
1121 2397 1284 2449 xxm,
1337 2379 1469 2452 26)?
1519 2405 1545 2429 ››
1596 2380 1717 2435 Non
1763 2379 1886 2434 vult

229 2469 390 2526 enim
423 2485 680 2541 quaerere
706 2473 761 2525 et
791 2467 1071 2534 invenire,
1099 2469 1254 2540 quod
1288 2469 1440 2524 Deus
1467 2467 1665 2523 omnia
1694 2467 1888 2523 videat

231 2564 409 2630 atque
457 2561 770 2629 cognoscat
803 2574 815 2610 :
851 2573 921 2612 ne
970 2561 1129 2614 metu
1182 2557 1516 2614 retrahatur
1555 2574 1589 2612 a
1617 2557 1882 2612 crimine.

229 2647 374 2703 Vide
435 2662 628 2718 regem
673 2645 872 2702 Achab
919 2649 1212 2718 petentem
1261 2664 1295 2702 a
1343 2644 1608 2700 Nabuthe
1655 2645 1882 2700 vineam

233 2738 365 2809 ejus
400 2754 412 2791 :
445 2751 792 2809 cognoscere
835 2734 1284 2808 respondentem
1317 2734 1480 2789 illum
1517 2753 1528 2789 :
1566 2758 1592 2782 ‹‹
1628 2733 1791 2788 Absit
1822 2738 1886 2787 ut

231 2826 437 2882 cedam
504 2823 901 2880 hereditatem
969 2828 1201 2896 patrum
1273 2840 1533 2879 meorum
1606 2824 1702 2893 (Ill
1756 2824 1880 2892 Reg.

229 2932 344 2982 XXI,
375 2913 451 2985 3).
490 2937 516 2961 ι»
546 2912 670 2969 Non
714 2910 917 2967 debuit
965 2911 1286 2984 intelligere
1335 2912 1488 2984 quod
1530 2912 1698 2983 justa
1740 2912 1882 2966 refe-

231 3003 430 3059 rebat?
461 3026 487 3051 ‹‹
523 3001 634 3058 Sed
686 2999 871 3057 noluit
924 2999 1248 3072 intelligere
1301 3005 1363 3055 ut
1415 3000 1561 3055 bene
1603 3001 1818 3072 ageret,
1855 3021 1881 3047 »

230 3097 287 3149 et
316 3091 507 3148 aliena
536 3107 651 3146 non
685 3092 724 3147 τ
739 3090 836 3147 η
867 3089 1302 3162 quareretNon
1327 3088 1531 3144 debuit
1563 3087 1884 3159 intelligere

230 3181 386 3254 quod
415 3196 547 3236 vero
578 3178 731 3234 Elias
761 3178 876 3235 Deo
907 3178 1220 3244 serviebat,
1253 3195 1387 3232 cum
1417 3178 1639 3233 videret
1668 3177 1726 3232 in
1755 3192 1882 3232 ver-

1997 2029 2132 2094 tua;
2166 2030 2223 2080 et
2270 2025 2483 2080 veritas
2531 2029 2632 2080 tua
2679 2041 2866 2096 usque
2917 2026 2988 2081 ab
3039 2025 3246 2081 nubes.
3275 2023 3515 2080 Justitia
3551 2029 3654 2081 tua

1995 2113 2150 2170 sicut
2172 2119 2400 2170 montes
2432 2114 2531 2169 Dei
2553 2132 2565 2181 ;
2590 2113 2817 2184 judicia
2837 2117 2939 2169 tua
2961 2113 3116 2170 sicut
3134 2114 3384 2186 abyssus
3406 2112 3646 2170 multa.»

1993 2202 2195 2258 Nonne
2225 2203 2381 2258 hunc
2409 2202 2603 2258 locum
2638 2207 2876 2259 secutus
2906 2207 2995 2260 est
3021 2201 3238 2258 Paulus
3269 2207 3337 2258 ut
3383 2201 3601 2258 diceret
3633 2217 3648 2260 :

1995 2315 2021 2339 «
2058 2289 2260 2346 Infelix
2291 2307 2396 2364 ego
2427 2291 2602 2347 homo
2631 2291 2642 2345 !
2677 2290 2811 2364 quis
2843 2307 2936 2347 me
2967 2290 3242 2347 liberabit
3290 2291 3360 2346 de
3409 2305 3650 2363 corpore

1998 2380 2202 2435 mortis
2233 2380 2450 2452 hujus?
2479 2379 2676 2436 Gratia
2704 2380 2804 2436 Dei
2839 2397 2940 2452 per
2967 2380 3172 2436 Jesum
3203 2379 3502 2436 Christum
3532 2383 3647 2436 Do-

1998 2467 2225 2523 minum
2280 2472 2544 2524 nostrum
2589 2470 2759 2540 (Rom.
2821 2486 2919 2536 v11,
2973 2472 3064 2535 24,
3126 2469 3238 2539 25).
3291 2492 3318 2518 ››
3351 2467 3460 2524 Ubi
3491 2467 3648 2525 enim

1997 2573 2163 2613 mens
2197 2557 2455 2613 humana
2483 2557 2776 2624 turbatur,
2799 2561 2856 2614 et
2876 2556 3264 2613 certaminum
3297 2557 3446 2613 dura
3475 2561 3650 2629 atque

1997 2663 2201 2718 aspera
2227 2662 2332 2702 nos
2365 2646 2878 2719 fatigant,Domini
2912 2644 3195 2701 auxilium
3227 2645 3646 2718 postulandum

1996 2741 2102 2790 est.
2139 2735 2387 2807 ideoque
2417 2751 2732 2791 conversus
2765 2735 2836 2790 ad
2872 2734 3204 2801 Dominum,
3239 2733 3435 2806 ipsum
3484 2733 3646 2790 invo-

1995 2828 2086 2877 cat
2117 2828 2172 2878 et
2200 2823 2493 2896 implorat,
2545 2829 2613 2879 ut
2661 2823 3065 2880 laborantibus
3113 2823 3348 2894 adjutor
3383 2819 3646 2881 assistat.

1994 2912 2390 2968 Misericordia
2436 2929 2572 2985 ergo
2622 2913 2871 2986 petenda
2919 2913 2990 2969 de
3021 2912 3163 2968 caelo
3193 2915 3304 2981 est,
3334 2916 3392 2967 et
3432 2911 3647 2968 veritas

1994 2999 2093 3055 Dei
2124 3017 2191 3056 ex
2221 3001 2637 3073 prophetarum
2662 3000 2916 3058 oraculis
2947 3000 3297 3074 colligenda,
3331 2999 3434 3072 qui
3473 2999 3645 3071 quasi

1994 3089 2179 3145 nubes
2227 3089 2504 3162 mysteria
2553 3090 2758 3146 divina
2797 3089 3147 3163 cognitionis
3197 3089 3478 3145 obtexunt
3507 3089 3642 3161 (72).

1992 3177 2193 3233 Posuit
2221 3179 2375 3234 enim
2408 3180 2679 3235 tenebras
2711 3181 2860 3235 118
2896 3184 3046 3235 Deus
3073 3176 3392 3234 latibulum
3441 3193 3642 3246 suum,

230 3271 304 3327 bo
349 3269 488 3326 Elite
533 3268 797 3324 clausum
849 3265 1060 3323 coelum
1118 3267 1305 3322 tribus
1357 3267 1527 3321 annis
1575 3270 1634 3320 et
1688 3265 1878 3320 tribus
1909 3260 1950 3327 C
1991 3272 2055 3321 ut
2091 3268 2281 3340 primo
2314 3266 2568 3339 pluviam
2620 3269 2879 3341 mysticae
2928 3266 3245 3323 tertilitatis
3271 3266 3547 3340 accipias,
3580 3271 3640 3322 et

232 3359 555 3427 mensibus,
585 3361 642 3414 et
672 3357 743 3413 ad
778 3372 976 3429 preces
1007 3357 1136 3427 ejus
1166 3354 1394 3427 pluvias
1424 3370 1553 3410 esse
1592 3353 1882 3409 demissas

240 3454 304 3505 ut
348 3447 511 3504 arida
540 3445 738 3504 omnia
767 3445 1099 3518 rigarentur
1123 3447 1145 3499 Ρ
1174 3444 1283 3500 Sed
1318 3442 1507 3499 noluit
1537 3440 1881 3514 intelligere,

236 3554 311 3594 ne
339 3536 642 3610 perfidiam
677 3535 1111 3598 condemnaret,
1131 3535 1474 3604 sequeretur
1504 3531 1701 3585 ﬁdem.

299 3628 387 3682 16.
451 3626 620 3698 (Vera.
681 3625 761 3695 5.)
810 3622 959 3688 Quin
1013 3622 1190 3678 etiam
1243 3645 1269 3670 ‹‹
1325 3619 1702 3692 Iniquitatem
1763 3635 1882 3674 me-

224 3717 452 3772 ditatus
480 3717 570 3769 est
599 3713 656 3768 in
689 3710 865 3768 cubili
900 3728 1030 3782 suo,
1063 3733 1090 3761 ››
1125 3710 1226 3766 ubi
1256 3726 1459 3765 verum
1493 3724 1750 3781 querere
1784 3707 1883 3762 de-

219 3804 468 3861 buisset.
495 3803 555 3857 In
587 3801 878 3857 cubilibus
910 3800 1068 3855 enim
1099 3815 1500 3871 compungere
1532 3814 1640 3854 nos
1675 3796 1888 3852 debent

217 3899 422 3950 nostra
455 3894 711 3965 peccata,
729 3907 847 3946 non
878 3889 935 3944 in
972 3890 1116 3962 ipsis
1145 3887 1538 3959 delinquendo
1571 3885 1886 3956 committi,

217 3984 453 4038 dicente
514 3981 803 4054 Propheta
862 3998 874 4034 :
939 4001 966 4029 «
1019 3981 1153 4044 Quae
1223 3977 1418 4032 dicitis
1485 3976 1544 4030 in
1611 3974 1888 4030 cordibus

220 4071 452 4137 vestris,
515 4073 572 4126 et
645 4070 702 4124 in
775 4068 1070 4124 cubilibus
1136 4065 1346 4122 vestris
1420 4061 1888 4137 compungimini

220 4161 394 4234 (Psal.
429 4177 506 4226 1v,
544 4160 645 4229 5.).
683 4180 708 4205 η

297 4251 386 4305 17.
422 4273 448 4297 ‹‹
482 4246 706 4317 Astitit,
739 4245 948 4318 inquit,
984 4244 1142 4300 omni
1190 4245 1293 4297 viae
1349 4261 1460 4299 non
1497 4243 1682 4312 bonae,
1716 4240 1888 4296 mali-

231 4339 374 4394 tiam
422 4341 616 4392 autem
679 4351 791 4390 non
843 4332 1070 4388 habuit.
1136 4356 1160 4379 »
1211 4333 1335 4386 Non
1387 4331 1544 4387 enim
1600 4329 1891 4385 immerito

232 4429 457 4499 injusta
513 4424 850 4489 meditatur,
881 4423 980 4494 qui
1031 4421 1086 4475 in
1140 4421 1230 4475 via
1282 4418 1495 4475 erroris
1542 4417 1791 4484 assistit,
1837 4420 1892 4471 et

231 4514 519 4572 malitiam
552 4511 765 4585 diligit,
800 4527 974 4584 quam
1011 4509 1205 4566 odisse
1238 4509 1491 4563 deberet.
1538 4505 1676 4561 Plus
1725 4505 1890 4570 dixit,

1991 3360 2130 3411 tunc
2160 3357 2393 3412 infusus
2425 3374 2552 3412 rore
2601 3357 2814 3414 cmlesti
2848 3358 3133 3430 fulgorem
3184 3359 3452 3412 reserata
3492 3353 3640 3410 lucis

1993 3461 2298 3517 agnoscas,
2342 3449 2407 3500 ut
2453 3446 2643 3517 possis
2674 3446 2864 3502 dicere
2899 3463 2911 3502 :
2952 3470 2972 3494 ει
3008 3446 3088 3500 Ex
3119 3443 3481 3518 plenitudine
3511 3444 3642 3515 ejus

1993 3532 2326 3604 accepimus
2356 3537 2544 3599 (Joan.
2581 3552 2618 3600 1,
2655 3535 2761 3605 16).
2791 3557 2811 3583 ι
2840 3535 2981 3600 Quis
3011 3534 3167 3591 enim
3198 3537 3388 3606 potest
3417 3535 3642 3590 secreta

1993 3622 2092 3677 Dei
2145 3621 2312 3676 facile
2359 3621 2872 3692 comprehendere,
2932 3623 3101 3694 cujus
3145 3645 3172 3671 «
3217 3623 3457 3692 justitia
3486 3621 3641 3677 sicut

1997 3713 2226 3766 montes
2258 3709 2382 3775 Dei,
2419 3732 2447 3759 ››
2477 3710 2563 3764 vel
2596 3711 2772 3781 (sicut
2819 3709 3032 3781 Aquila
3079 3711 3296 3781 posuit)
3326 3733 3355 3760 ‹‹
3389 3715 3452 3766 ut
3483 3726 3645 3766 mon-

1996 3803 2086 3853 tes
2123 3797 2333 3863 validi;
2368 3819 2394 3846 ››
2429 3814 2494 3852 eo
2545 3798 2698 3868 quod
2749 3797 2950 3852 valida:
2999 3797 3232 3852 virtutis
3279 3797 3452 3868 plena
3499 3813 3645 3869 prm-

1999 3892 2164 3958 cepta
2196 3885 2336 3942 sint.
2374 3884 2532 3940 Unde
2566 3890 2623 3941 et
2645 3884 2959 3958 Apostolus
2989 3885 3192 3939 videns
3213 3900 3341 3939 esse
3372 3884 3652 3938 sublimia

1999 3992 2125 4047 qum
2157 3973 2396 4040 audivit,
2431 3975 2571 4030 dicit
2605 3991 2616 4030 :
2650 3974 2694 4030 Ο
2737 3973 2984 4030 altitudo
3033 3971 3371 4029 divitiarum
3420 3970 3652 4043 sapien-

1999 4063 2088 4119 tiae
2110 4067 2165 4118 et
2189 4062 2444 4118 scientia:
2478 4064 2572 4119 Dei
2597 4065 2608 4118 l
2645 4079 2821 4136 quam
2847 4060 3256 4118 inscrutabilia
3271 4065 3410 4117 sunt
3429 4058 3658 4132 judicia

1998 4153 2128 4223 ejus
2159 4156 2215 4207 et
2243 4151 2678 4225 investigabiles
2707 4152 2809 4207 vis)
2841 4150 3003 4223 ejus!
3035 4149 3175 4214 Quis
3207 4150 3365 4207 enim
3389 4149 3657 4222 cognovit

1999 4257 2240 4298 sensum
2283 4242 2557 4296 Domini?
2606 4245 2722 4296 Aut
2770 4240 2902 4312 quis
2951 4239 3325 4295 consiliarius
3373 4239 3504 4309 ejus
3543 4237 3678 4292 fuit-

2001 4332 2173 4402 (Rom.
2207 4348 2284 4398 x1,
2316 4332 2405 4396 33,
2439 4332 2571 4401 3/1)?
2606 4352 2632 4378 ››
2681 4329 3063 4384 Altitudinem
3095 4327 3290 4399 itaque
3313 4325 3652 4382 divitiarum

2000 4419 2297 4491 sapientiae
2349 4419 2541 4474 retulil
2596 4419 2668 4472 ad
2721 4416 3090 4472 altitudinem
3143 4415 3453 4471 montium.
3500 4413 3652 4470 Audi

2004 4524 2255 4579 quorum
2286 4506 2596 4564 montium.
2635 4507 2762 4578 lpse
2791 4505 2949 4560 enim
2981 4504 3079 4561 Dei
3114 4505 3295 4560 Filius
3327 4521 3498 4562 mons
3527 4521 3654 4561 ma-

237 4631 255 4655 .
299 4605 488 4662 astitit
520 4621 533 4657 :
569 4626 594 4653 η
632 4603 802 4676 quasi
826 4600 1180 4673 jamdudum
1233 4599 1289 4652 in
1323 4597 1415 4651 via
1447 4595 1740 4668 nequitiae,
1772 4595 1897 4650 diu-
1924 4632 1971 4695 Β
2005 4613 2156 4669 gnus
2205 4600 2325 4663 est;
2379 4601 2436 4654 et
2483 4595 2609 4650 ideo
2661 4595 2909 4650 ascende
2959 4593 3015 4649 in
3068 4593 3225 4650 hunc
3256 4599 3516 4651 montem
3549 4594 3652 4665 qui

228 4701 405 4750 turna
434 4693 705 4761 statione,
739 4693 1096 4764 permaneat.
1135 4687 1235 4744 llle
1263 4687 1419 4742 enim
1455 4687 1662 4740 beatus
1698 4684 1799 4756 qui
1833 4684 1889 4738 in

225 4785 318 4840 via
349 4785 721 4857 peccatorum
754 4797 869 4836 non
902 4779 1062 4836 stetit
1084 4778 1254 4848 (Psal.
1293 4794 1329 4843 1,
1367 4776 1440 4846 1),
1476 4791 1589 4829 non
1625 4774 1675 4828 is
1707 4773 1808 4846 qui
1831 4773 1888 4828 in

228 4891 296 4930 ea
328 4878 484 4930 stare
513 4889 629 4928 non
661 4870 908 4926 desinat.
932 4869 1002 4924 Et
1050 4867 1178 4923 ideo
1229 4866 1420 4939 prima
1449 4865 1736 4936 praecepta
1754 4867 1892 4918 sunt

229 4961 417 5020 sancti
449 4959 742 5034 prophetae
773 4957 975 5024 David,
1009 4955 1374 5028 impietatem
1413 4954 1634 5026 fugere,
1670 4951 1726 5006 in
1761 4967 1888 5023 pec-

227 5055 358 5109 cato
389 5065 506 5106 non
539 5053 715 5116 stare,
749 5048 806 5102 in
838 5046 964 5118 lege
995 5044 1267 5101 meditari
1295 5061 1307 5109 ;
1343 5046 1407 5098 ut
1436 5041 1734 5114 intelligas
1763 5057 1889 5112 quae

226 5143 384 5198 bona
435 5143 596 5206 sunt,
654 5142 711 5194 et
750 5138 914 5208 justa
968 5139 1144 5206 atque
1193 5133 1419 5204 injusta
1477 5147 1768 5185 secernas.
1826 5129 1887 5184 In

227 5228 507 5286 omnibus
538 5226 718 5300 igitur
763 5223 926 5280 radix
975 5225 1065 5278 est
1112 5220 1432 5293 spectanda
1481 5217 1784 5291 gignendi,
1817 5233 1890 5272 ne

227 5335 360 5375 eam
393 5315 619 5372 inutilis
641 5315 715 5371 ab
739 5312 974 5370 exordio
1005 5325 1216 5367 succus
1250 5308 1488 5368 inliciat.
1509 5307 1891 5378 gravioraque

232 5407 420 5464 multo
461 5409 618 5472 sunt,
652 5404 983 5460 animorum
1035 5399 1198 5466 vitia,
1251 5414 1426 5470 quam
1474 5394 1886 5468 virgultorum.

229 5495 569 5554 Cavendum
601 5509 737 5566 ergo
787 5509 902 5564 pra:
953 5489 1193 5552 caeteris,
1225 5503 1296 5541 ne
1347 5485 1604 5540 humano
1654 5483 1889 5556 ingenio

230 5583 470 5644 malitia:
501 5599 648 5638 usus
679 5580 980 5646 inolescat,
1015 5585 1190 5650 atque
1231 5575 1423 5631 omnis
1448 5578 1588 5630 setas
1617 5575 1892 5631 secutura

305 5730 418 5814 (72)
451 5726 592 5790 Mss.
626 5723 868 5800 aliquot,
900 5721 1110 5784 divinae
1132 5719 1488 5795 cogitationis
1514 5716 1802 5780 obtentum.

2003 4684 2363 4758 evangelizas
2421 4684 2556 4739 Sion
2619 4685 2744 4753 (15a.
2794 4700 2884 4752 XL,
2932 4684 3010 4753 9),
3064 4687 3127 4738 ut
3185 4687 3303 4740 stes
3352 4684 3652 4739 radicatus

2002 4779 2058 4828 et
2124 4773 2423 4846 plantatus
2491 4772 2548 4827 in
2611 4771 2862 4827 Christo.
2921 4771 3024 4827 Est
3076 4788 3248 4828 mons
3317 4770 3486 4843 quasi
3554 4784 3654 4823 sa-

2002 4863 2222 4935 pientia
2283 4861 2400 4928 Dei,
2445 4867 2535 4916 est
2585 4878 2753 4916 mons
2813 4861 2980 4933 quasi
3031 4861 3288 4932 justitia,
3339 4863 3428 4915 est
3481 4872 3653 4912 mons

2001 4951 2168 5022 quasi
2209 4949 2453 5005 scientia
2505 4950 2619 5019 Dei,
2671 4955 2757 5005 est
2807 4967 2976 5006 mons
3023 4949 3194 5021 quasi
3244 4945 3652 5012 sanctificatio,

2000 5044 2088 5096 est
2135 5055 2305 5094 mons
2363 5039 2531 5111 quasi
2581 5039 2928 5112 redemptio,
2979 5043 3068 5094 est
3126 5054 3296 5094 mons
3344 5035 3513 5108 quasi
3569 5051 3654 5092 re-

2002 5128 2309 5184 surrectio.
2361 5128 2790 5184 Demonstravit
2840 5127 3012 5183 nobis
3058 5126 3166 5181 hos
3215 5128 3446 5180 montes
3492 5122 3652 5180 Scri-

2001 5220 2190 5287 ptura,
2254 5233 2378 5288 qua:
2437 5217 2676 5272 dixit:«
2714 5218 2775 5270 ln
2825 5215 2952 5286 ipso
3012 5217 3207 5270 autem
3254 5229 3359 5268 vos
3406 5213 3549 5296 estis
3589 5213 3650 5268 in

1999 5304 2228 5360 Christo
2258 5305 2419 5372 Jesu,
2453 5305 2552 5377 qui
2585 5306 2772 5360 factus
2802 5307 2890 5359 est
2921 5302 3209 5375 sapientia
3253 5300 3420 5357 nobis
3453 5319 3486 5356 a
3515 5307 3652 5373 Deo,

1999 5396 2057 5448 et
2077 5393 2331 5465 justitia,
2385 5399 2441 5449 et
2491 5391 2897 5456 sanctiﬁcatio,
2929 5396 2986 5446 et
3025 5389 3348 5463 redemptio
3378 5391 3428 5461 (Ι
3456 5391 3578 5448 Cor.
3612 5408 3651 5459 1,

2003 5482 2258 5555 30).»Vel
2291 5481 2429 5554 quia
2459 5479 2684 5554 angelis
2706 5478 2952 5550 angelus
2983 5480 3170 5536 factus
3200 5484 3291 5536 est
3323 5479 3418 5535 Dei
3449 5479 3652 5548 Filius,

2002 5571 2303 5646 prophetis
2349 5569 2666 5645 propheta;
2724 5569 2896 5642 cujus
2935 5568 3160 5642 judicia
3207 5569 3360 5630 sicut
3408 5571 3657 5646 abyssus
