4116 6188
302 340 464 454 reor

1397 391 1850 460 ENARRA'I‘IO
1893 395 1974 458 IN
2015 385 2417 460 PSALMUM
2457 398 2694 466 XXXV.

3595 381 3764 476 ιοιὸ

301 522 592 618 ﬁngatur.
629 518 904 618 Denique
932 512 1456 618 in_pos_terioribus
1483 530 1972 591 etiamvilioribus
2003 528 2058 596 Α
2084 536 2184 589 tur
2217 549 2233 597 ;
2273 535 2347 587 ut
2375 533 2432 591 in
2463 535 2536 593 iis
2566 555 2796 612 quoque
2829 534 2928 612 qui
2960 537 3177 599 mundo
3214 540 3353 598 sunt
3411 525 3603 616 corde,
3653 547 3750 618 ju-

300 613 574 690 personis
605 613 884 671 studium
933 612 1193 670 scientiae
1256 620 1634 688 agnoscimus
1692 624 1974 690 suifraga-

302 711 454 771 tum,
481 698 711 761 dicente
735 703 996 760 Domino
1030 716 1044 757 :
1079 724 1109 752 «
1143 703 1370 762 Memor
1400 725 1496 765 ero
1524 711 1726 768 Rabab
1759 719 1818 769 et
1867 714 1972 768 Ba-

302 795 534 869 bylonis
559 793 893 850 scientibus
916 810 1010 848 me
1031 791 1206 863 (Psal.
1234 812 1457 862 Lxxxw,
1476 801 1526 864 4)
1553 820 1564 866 ;
1593 824 1619 850 ››
1645 801 1700 857 id
1726 807 1834 869 est,
1860 820 1974 858 me-

302 884 533 943 retricis
554 883 712 940 illius
739 882 969 942 Rahab.
990 885 1049 938 et
1067 883 1434 944 confusionis
1455 888 1611 944 illius
1633 909 1858 946 memor
1877 909 1974 947 ero

301 971 470 1042 apud
492 975 744 1030 scientes
766 990 884 1039 me,
908 973 999 1029 vel
1044 971 1199 1026 inter
1252 973 1452 1046 ipsos;
1514 979 1652 1051 quia
1700 980 1975 1036 meretrix

302 1062 408 1119 illa
434 1079 526 1118 me
558 1060 819 1134 agnovit,
868 1076 1050 1134 quem
1085 1061 1346 1131 populus
1381 1083 1494 1121 non
1530 1069 1781 1139 agnovit.
1822 1071 1976 1124 Inter

297 1151 432 1208 illos
464 1153 574 1223 (75)
599 1167 740 1217 ergo
775 1150 877 1222 qui
911 1166 1008 1206 me
1035 1149 1362 1220 sciverunt,
1414 1159 1976 1215 commemorabitur

303 1241 526 1307 Rahab,
559 1244 622 1295 ut
651 1239 909 1311 dignum
941 1237 1080 1294 ﬁdei
1112 1241 1427 1309 praemium
1460 1245 1839 1316 adipiscatur.
1865 1247 1975 1303 Un-

307 1331 379 1387 de
399 1329 531 1386 etin
552 1329 873 1402 Evangelio
889 1329 1110 1384 dictum
1139 1329 1508 1388 advertimus
1532 1351 1543 1388 :
1570 1357 1600 1385 «
1651 1335 1971 1391 Meretricis

309 1424 366 1476 et
377 1418 666 1492 publicani
692 1420 1029 1490 precedent
1047 1435 1149 1474 vos
1173 1418 1232 1474 in
1255 1436 1441 1493 regno
1466 1422 1740 1479 caelorum
1766 1425 1966 1494 (Matth.

310 1521 428 1573 ιιι,
447 1508 555 1574 31).
575 1507 682 1563 Sed
707 1507 852 1578 quia
873 1505 1111 1563 invalidi
1134 1524 1353 1566 sumus
1387 1511 1457 1565 ad
1509 1514 1970 1584 exsequendum,

309 1597 446 1653 licet
475 1597 657 1652 devoti
693 1597 770 1652 ad
798 1597 1154 1652 credendum
1192 1613 1203 1651 :
1238 1600 1331 1664 tu,
1393 1603 1688 1671 praetende
1745 1601 1971 1657 miseri-

310 1685 567 1743 cordiam
598 1691 769 1741 tuam
803 1687 862 1741 in
892 1691 948 1742 te
981 1686 1384 1755 credentibus,
1418 1706 1534 1760 quo
1592 1691 1883 1746 devotioni
1917 1697 1976 1746 et

307 1773 443 1832 fidei
475 1776 630 1831 facta
657 1792 900 1847 quoque
930 1781 1132 1832 nostra
1163 1777 1553 1846 conveniant;
1579 1795 1686 1834 nec
1706 1781 1972 1836 studium

2083 622 2255 680 stitia
2290 622 2495 683 divina
2526 631 2862 700 prmtendat,
2895 633 3061 703 quasi
3094 631 3450 705 speculatrix
3482 632 3578 705 pia
3611 653 3623 704 ;
3672 631 3744 692 ne

2083 712 2264 771 nobis
2302 721 2670 782 peccatorum
2702 721 2856 775 velut
2887 720 3142 777 hostium
3173 723 3448 778 incursus
3481 724 3740 798 obrepat,

2085 810 2142 860 ct
2174 800 2383 870 capiat
2413 807 2781 865 dormientes.
2818 809 2946 864 Ideo
2978 811 3338 883 vigilandum
3371 815 3477 880 est,
3511 806 3744 886 semper

2086 897 2292 950 castra
2327 896 2475 952 776
2509 897 2731 953 Domini
2766 899 3082 956 munienda
3139 904 3278 955 sunt
3309 918 3322 956 :
3379 901 3518 970 quia
3573 907 3740 959 nocte

2085 982 2328 1041 advenit
2360 985 2630 1042 inimicus
2676 993 2733 1043 et
2788 989 3174 1056 adversarius,
3237 991 3470 1058 quando
3529 1008 3736 1049 somno

2086 1090 2302 1129 sensus
2334 1078 2578 1144 tenetur,
2615 1078 2740 1132 cibo
2776 1095 2985 1148 corpus
3017 1079 3387 1134 distenditur.
3432 1067 3733 1137 Orand‘um

2085 1168 2150 1219 ut
2171 1162 2409 1233 justitia
2441 1166 2539 1221 Dei
2572 1167 2892 1237 praetendat
2923 1167 2980 1222 in
3013 1168 3201 1234 nobis,
3238 1184 3363 1230 quas
3393 1168 3451 1223 in
3484 1155 3734 1225 infirmi-

2083 1257 2202 1309 tate
2234 1254 2457 1324 positos
2489 1256 2658 1311 faciat
2689 1257 2976 1322 fortiores,
3011 1260 3074 1312 ut
3105 1256 3291 1328 possit
3323 1245 3732 1336 unusquisque

2084 1348 2351 1398 nostrum
2384 1345 2575 1401 dicere
2609 1364 2620 1402 :
2656 1370 2682 1395 ‹‹
2717 1346 2861 1402 Cum
2893 1346 3179 1415 inﬁrmor,
3203 1351 3344 1403 tunc
3366 1352 3575 1420 potens
3595 1366 3728 1405 sum

2085 1432 2153 1503 (II
2186 1433 2305 1488 Cor.
2341 1451 2440 1499 x11,
2478 1435 2584 1500 10).
2623 1457 2643 1484 ι

2153 1523 2244 1574 26.
2278 1520 2496 1576 Deinde
2527 1523 2701 1578 etiam
2733 1523 3064 1594 specialiter
3095 1541 3197 1596 pro
3229 1541 3290 1579 se
3322 1530 3468 1593 orat,
3501 1530 3566 1580 ut
3625 1543 3731 1582 nos

2083 1610 2306 1675 doceat,
2342 1612 2838 1680 quemadmodum
2867 1630 3030 1668 orare
3064 1613 3383 1670 debeamus
3413 1615 3484 1670 ad
3537 1605 3732 1672 Domi-

2086 1715 2229 1752 num
2266 1715 2278 1753 :
2313 1699 2471 1767 (vers,
2507 1701 2614 1771 12).
2654 1724 2680 1749 ‹‹
2713 1701 2838 1754 Non
2884 1701 3095 1765 veniat,
3157 1701 3367 1772 inquit,
3425 1703 3570 1758 mihi
3629 1721 3732 1773 pes

2085 1787 2393 1857 superbiae,
2430 1810 2457 1836 »
2488 1787 2544 1842 id
2578 1793 2668 1844 est
2697 1806 2810 1844 non
2833 1789 2889 1842 in
2924 1790 3260 1858 superbiam
3291 1790 3566 1846 incidam.
3620 1793 3732 1872 De-

305 1865 528 1922 mentia
559 1868 774 1920 nostrae
807 1864 1090 1921 destituat
1119 1866 1383 1937 corporis
1413 1867 1595 1939 hujus
1630 1868 1969 1937 inﬁrmitas,
2008 1903 2055 1966 Β
2089 1875 2267 1946 nique
2298 1880 2355 1931 et
2397 1875 2537 1931 alibi
2569 1877 2842 1933 meminit
2893 1879 2985 1933 sui
3017 1879 3216 1934 dicens
3253 1896 3264 1934 :
3300 1901 3328 1928 «
3361 1879 3420 1934 Si
3458 1896 3574 1935 non
3607 1865 3732 1935 alm-

305 1955 410 2011 sed
445 1955 506 2010 in
538 1953 684 2025 ipsis
715 1954 1144 2010 tentationibus
1177 1960 1235 2010 et
1264 1955 1712 2012 inﬁrmitatibus
1771 1956 1978 2031 glorie-

303 2061 464 2108 mur,
491 2044 553 2099 in
587 2043 805 2116 quibus
835 2043 1202 2116 gloriabatur
1227 2044 1540 2116 Apostolus
1563 2046 1766 2101 dicens
1799 2063 1810 2099 :
1841 2069 1867 2095 ‹‹
1891 2047 1978 2102 Li-

300 2132 656 2190 bentissime
679 2133 880 2204 itaque
901 2133 1092 2206 magis
1109 2133 1406 2206 gloriabor
1426 2133 1488 2190 in
1521 2134 1976 2192 infirmitatibus

305 2222 480 2292 meis,
512 2226 581 2278 ut
608 2223 933 2295 prtetendat
963 2221 1024 2278 in
1057 2239 1152 2278 me
1183 2221 1372 2278 virtus
1401 2223 1615 2281 Christi
1648 2224 1722 2294 (II
1741 2224 1974 2296 Cor.xn,

305 2312 386 2383 9).
426 2335 455 2362 »

379 2447 470 2503 21.
505 2446 694 2518 (Vers.
755 2447 835 2512 12,
877 2447 992 2516 13.)
1024 2445 1421 2502 Pulcherrime
1454 2448 1654 2519 itaque
1701 2447 1928 2502 addidit
1959 2463 1973 2501 :

312 2559 342 2587 ‹‹
375 2537 501 2594 Non
530 2535 729 2592 veniat
759 2535 904 2591 mihi
935 2552 1038 2607 pes
1070 2535 1374 2606 superbia,
1409 2541 1467 2592 et
1526 2554 1738 2592 manus
1772 2553 1974 2607 pecca-

309 2628 506 2682 torum
535 2642 651 2681 non
682 2629 957 2680 moveant
987 2641 1100 2680 me.
1138 2623 1220 2678 lbi
1279 2625 1616 2681 ceciderunt
1665 2630 1974 2697 operantes

307 2714 708 2787 iniquitatem,
742 2712 970 2785 expulsi
1003 2716 1162 2780 sunt,
1198 2729 1303 2768 nec
1361 2719 1682 2784 potuerunt
1731 2718 1906 2769 stare.
1944 2737 1971 2763 ››

309 2803 598 2876 Superius
629 2803 870 2874 quidam
931 2801 1228 2874 accipiunt
1274 2805 1595 2859 torrentem
1655 2803 1973 2874 voluptatis

309 2898 428 2950 tuae
461 2892 521 2948 in
553 2891 981 2947 tentationibus
1016 2890 1442 2957 fortitudinem,
1478 2893 1634 2949 sicut
1665 2897 1757 2948 est
1817 2909 1972 2947 mar-

312 2987 536 3054 tyrum,
576 2980 637 3036 in
697 2980 912 3052 quibus
953 2980 1174 3052 placuit
1213 2985 1326 3036 Deo
1366 2981 1642 3037 exhibere
1682 2980 1794 3036 sibi
1836 2997 1970 3034 sua-

306 3072 419 3140 vis,
507 3075 564 3128 et
629 3071 779 3143 grati
820 3069 1158 3126 certaminis
1195 3069 1574 3142 voluptatem.
1625 3069 1854 3126 Etenim
1922 3069 1972 3124 si

306 3162 539 3219 hiemes
578 3176 682 3233 pro
748 3158 1173 3215 tentationibus
1225 3159 1635 3231 accipiuntur:
1701 3159 1859 3214 unde
1916 3163 1974 3212 et

311 3249 618 3308 orandum
654 3247 937 3304 Dominus
995 3248 1290 3314 admonet,
1350 3264 1421 3304 ne
1460 3250 1562 3304 ﬁat
1601 3252 1804 3304 nostra
1842 3246 1965 3302 hie-
1997 3277 2039 3343 ρ

310 3341 409 3397 me
450 3343 555 3395 aut
593 3337 830 3394 sabbato
872 3338 1077 3406 (Matth.
1111 3354 1261 3404 xxxv,
1292 3337 1383 3408 20)
1419 3337 1569 3400 :hoc
1627 3341 1717 3392 est
1767 3333 1856 3390 vel
1905 3334 1964 3392 in

309 3428 657 3493 tentatione,
715 3427 806 3483 vel
865 3426 1037 3495 otio;
1080 3426 1273 3482 hieme
1327 3430 1523 3481 autem
1583 3424 1793 3481 crescit
1848 3428 1964 3480 tor-

312 3523 471 3583 rens,
505 3520 563 3572 et
620 3513 996 3588 adimpletur.‘
1057 3517 1232 3586 atque
1288 3513 1674 3570 intumescit:
1737 3517 1968 3569 torrens

311 3607 518 3678 utique
547 3622 654 3679 pro
683 3602 946 3677 graviore
976 3604 1294 3661 tentatione
1351 3604 1544 3674 petest
1602 3602 1810 3673 accipi,
1843 3620 1968 3674 qua:

312 3700 402 3753 est
433 3697 491 3752 in
523 3694 1052 3768 persecutionibus.
1085 3695 1156 3750 Et
1184 3694 1312 3749 ideo
1341 3693 1489 3750 bene
1521 3697 1753 3749 torrens
1769 3691 1970 3764 volup-

312 3775 726 3851 tatisidicitur,
761 3783 899 3855 quia
954 3783 1055 3839 ubi
1115 3781 1622 3854 superabundavit
1662 3785 1967 3853 peccatum

311 3871 761 3948 persecutionis,
795 3872 1292 3945 snperabundavit
1334 3877 1391 3928 et
1436 3871 1622 3944 gratia
1653 3870 1968 3927 confessio-

314 3980 429 4020 ms.

383 4098 475 4153 25.
506 4095 652 4152 Vide
680 4095 957 4151 virtutem
989 4095 1337 4167 prapheticae
1369 4092 1786 4151 distinctionis.
1847 4093 1971 4148 Pri-

317 4202 415 4244 mo
443 4185 734 4257 injustum
766 4184 1052 4255 exposuit,
1088 4184 1186 4256 qui
1215 4183 1304 4240 vel
1337 4185 1395 4239 in
1427 4185 1600 4240 corde
1632 4201 1759 4250 suo,
1789 4182 1878 4238 vel
1911 4183 1968 4237 in

322 4273 787 4344 ser‘moneﬁicit,
822 4277 889 4328 ut
918 4272 1031 4328 sibi
1071 4272 1394 4344 delinquat,
1421 4272 1510 4328 vel
1561 4273 1617 4327 in
1674 4289 1736 4327 se
1793 4271 1972 4327 delin-

317 4365 462 4437 quat
484 4382 498 4431 ;
523 4328 697 4419 habet
720 4361 877 4418 enim
899 4361 1135 4418 Graecus
1176 4362 1375 4426 codex,
1396 4361 1447 4409 ἐν
1492 4358 1670 4424 έαυτῷ,
1703 4362 1759 4416 id
1793 4365 1883 4416 est
1912 4361 1971 4417 in

318 4469 383 4509 se
399 4451 657 4523 ipso,sed
683 4466 798 4506 non
826 4453 1130 4506 omnes.Et
1152 4451 1296 4505 forte
1319 4449 1613 4520 ideo,quia
1635 4472 1661 4497 ‹‹
1687 4448 1974 4520 insipiens

316 4542 378 4598 in
401 4541 573 4598 corde
592 4557 699 4596 suo
723 4538 868 4596 dixit
889 4540 1029 4611 quia
1052 4556 1167 4595 non
1192 4543 1281 4595 est
1300 4539 1454 4594 Deus
1477 4539 1648 4606 (Psal.
1674 4555 1799 4605 xm,
1837 4539 1906 4598 1).
1947 4563 1971 4586 ››

2090 1963 2285 2018 bulavi
2317 1964 2375 2019 in
2409 1966 2641 2038 magnis
2700 1967 2868 2036 (Psal.
2905 1985 3067 2034 cxxx,
3128 1968 3199 2037 1).
3272 1989 3299 2017 ››
3360 1967 3464 2024 Hic
3521 1957 3732 2036 oravit,

2087 2051 2168 2107 ibi
2199 2053 2459 2123 implevit
2495 2071 2506 2108 :
2541 2071 2655 2110 non
2687 2054 3011 2126 implesset,
3043 2055 3157 2110 nisi
3189 2060 3430 2111 orasset.
3466 2056 3732 2112 Cavenda

2088 2142 2384 2212 superbia,
2421 2159 2547 2213 qua
2580 2144 2758 2198 etiam
2789 2142 2850 2198 in
2880 2143 3176 2214 prosperis
3230 2143 3588 2214 supplantat.
3623 2149 3730 2201 De-

2086 2229 2263 2302 nique
2289 2232 2523 2301 gravius
2556 2234 2739 2288 Adam
2774 2233 2833 2287 in
2874 2233 3146 2303 paradiso
3175 2233 3401 2298 cecidit,
3451 2247 3625 2305 quam
3679 2234 3760 2290 si'

2086 2319 2392 2375 cecidisset
2422 2321 2481 2375 in
2517 2325 2692 2376 terra.
2725 2321 2806 2376 De
2845 2320 3151 2378 altissimis
3208 2323 3432 2389 cadere,
3463 2322 3733 2398 praecipi-

2084 2409 2233 2462 tium
2267 2413 2356 2464 est
2388 2427 2400 2465 :
2434 2410 2490 2463 in
2521 2409 2711 2481 planis
2742 2409 2946 2482 lapsus
2974 2416 3234 2468 vocatur.
3278 2412 3408 2467 Ideo
3439 2415 3540 2484 pes
3578 2418 3736 2469 errat

2085 2498 2341 2568 superbi,
2377 2497 2517 2569 quia
2550 2502 2725 2570 caput
2756 2515 2870 2554 non
2903 2505 3059 2556 tenet
3092 2520 3104 2569 ;
3137 2499 3291 2556 oculi
3321 2501 3476 2557 enim
3499 2499 3735 2574 sapien-

2083 2584 2161 2640 tis
2185 2585 2243 2639 in
2276 2585 2465 2654 capite
2496 2587 2645 2655 ejus.
2681 2586 2805 2641 Non
2839 2587 3054 2642 mirum
3086 2604 3220 2657 ergo
3268 2588 3316 2642 si
3350 2591 3502 2642 errat
3555 2590 3734 2645 vesti-

2084 2673 2270 2744 gium,
2307 2674 2408 2729 ubi
2440 2675 2647 2730 oculus
2687 2692 2798 2730 non
2831 2675 3100 2732 habetur.
3157 2676 3446 2731 Praecedat
3499 2676 3768 2741 oculus,-

2084 2768 2148 2818 ut
2177 2779 2280 2834 pes
2310 2768 2610 2834 sequatur.
2645 2762 2943 2826 Quomodo
2975 2765 3132 2820 enim
3161 2766 3219 2820 in
3254 2765 3510 2820 tenebris
3540 2767 3732 2822 viator

2083 2851 2376 2907 incederet
2407 2851 2522 2923 (76)
2551 2853 2579 2895 9
2609 2852 2730 2907 Cito
2761 2869 2862 2923 pes
2893 2853 3133 2909 offendit
3161 2854 3219 2908 in
3252 2857 3439 2919 nocte,
3469 2853 3519 2909 si
3559 2855 3732 2926 quasi

2082 2941 2324 3011 quidam
2358 2941 2561 2994 mundi
2597 2941 2802 2996 oculus
2831 2941 2984 2997 viam
3015 2943 3155 2998 luna
3186 2960 3301 2998 non
3332 2946 3638 3000 monstret.
3664 2945 3734 3000 Et

2080 3033 2145 3084 tu
2177 3029 2233 3084 in
2266 3033 2433 3085 nocte
2463 3046 2525 3084 es
2559 3029 2776 3096 saeculi,
2811 3035 3097 3088 monstret
3125 3031 3229 3088 tibi
3261 3031 3519 3088 Ecclesia
3546 3031 3727 3100 viam;

2079 3135 2148 3174 ex
2179 3117 2295 3174 alto
2326 3123 2381 3173 te
2404 3119 2648 3189 justitize
2680 3119 2765 3174 sol
2799 3119 3111 3188 illuminet,
3139 3123 3204 3175 ut
3232 3120 3464 3193 lapsum
3520 3121 3730 3178 timere

2079 3225 2194 3263 non
2230 3208 2443 3280 possis.

2146 3297 2240 3353 27.
2275 3299 2343 3352 Et
2369 3298 2507 3368 quia
2537 3300 2744 3370 pedem
2803 3299 3026 3355 dixerat
3082 3297 3388 3372 superbiae,
3444 3299 3722 3356 addidit:

2079 3409 2107 3435 «
2141 3387 2208 3441 Et
2240 3403 2450 3442 manus
2481 3393 2851 3458 peccatorum
2884 3406 3000 3444 non
3035 3393 3323 3444 moveant.
3357 3404 3469 3444 me.
3506 3411 3535 3439 ››

2077 3475 2234 3530 enim
2267 3475 2418 3530 sicut
2445 3478 2632 3532 sancti
2664 3479 2928 3533 membra
2961 3482 3099 3534 sunt
3154 3477 3391 3545 Christi,
3423 3477 3506 3534 ita
3559 3478 3728 3551 impii

2081 3564 2347 3618 membra
2377 3570 2518 3620 sunt
2547 3565 2787 3620 diaboli.
2851 3567 3121 3623 «Manus
3178 3571 3551 3640 peccatorum
3610 3583 3726 3624 non

2081 3655 2351 3705 moveant
2381 3666 2497 3715 me,
2531 3674 2558 3700 »
2592 3652 2649 3705 id
2681 3656 2789 3716 est,
2827 3657 2991 3709 actus
3047 3671 3249 3709 eorum
3310 3654 3410 3725 qui
3464 3661 3727 3726 peccant,

2081 3754 2198 3794 non
2231 3753 2326 3792 me
2356 3737 2427 3792 de
2451 3739 2694 3809 justitiae
2725 3741 2976 3796 statione
3004 3741 3355 3797 dimoveant.
3377 3741 3730 3816 Plerumque

2081 3826 2237 3885 enim
2267 3827 2414 3882 dum
2445 3827 2710 3884 videmus
2744 3833 3074 3900 peccatores
3103 3829 3399 3902 prosperis
3431 3831 3732 3889 abundare

2082 3916 2476 3982 successibus,
2533 3921 2813 3973 nutamns
2871 3919 3098 3986 affectu,
3133 3922 3191 3973 et
3247 3917 3415 3989 quasi
3474 3921 3730 3989 quadam

2082 4010 2453 4080 peccatorum
2486 4023 2663 4062 manu
2696 4008 2768 4062 de
2797 4006 2991 4062 radice
3020 4006 3252 4062 virtutis
3283 4003 3728 4062 avellimur.Ca-

2080 4097 2334 4152 vendum
2367 4112 2502 4168 ergo
2536 4113 2608 4152 ne
2639 4113 2788 4170 quos
2814 4096 2875 4152 in
2909 4098 3083 4152 domo
3114 4095 3216 4152 Dei
3266 4113 3478 4152 manus
3535 4096 3754 4154 divina

2083 4184 2382 4258 plantavit,
2417 4202 2630 4242 manus
2679 4187 2921 4242 adversa
2952 4185 3308 4258 supplantat.
3370 4184 3613 4240 Pulchre
3643 4190 3732 4242 ta-

2084 4290 2216 4329 men
2248 4273 2357 4330 hoc
2387 4273 2545 4339 dicit,
2608 4275 2708 4347 qui
2755 4292 2788 4328 a
2843 4273 3315 4347 persecutoribus
3370 4274 3728 4330 verberatur.

2085 4363 2193 4428 Qui
2253 4366 2447 4418 autem
2510 4368 2816 4418 moventur
2872 4364 2943 4418 de
2995 4363 3188 4418 radice
3243 4378 3372 4427 sua,
3443 4378 3560 4434 qua
3603 4364 3730 4434 jam

2087 4452 2316 4507 Christo
2346 4451 2718 4516 inhaeserant,
2747 4453 2987 4507 cadunt.

2154 4544 2244 4597 28.
2278 4541 2439 4597 Vers.
2486 4541 2598 4611 i3.)
2659 4541 2820 4596 Unde
2879 4541 3149 4596 addidit:
3193 4563 3212 4589 «
3269 4541 3351 4596 Ibi
3400 4542 3734 4598 ceciderunt

313 4630 400 4688 Ne
416 4629 561 4686 forte
579 4628 914 4698 etinjustus
936 4629 1093 4686 intra
1115 4645 1180 4684 se
1203 4628 1385 4693 dicat,
1407 4630 1464 4681 et
1502 4627 1654 4681 intra
1677 4643 1738 4682 se
1789 4623 1973 4681 delin-
2012 4654 2056 4718 Ι)
2089 4629 2188 4701 qui
2217 4632 2534 4700 operantur
2563 4628 2957 4700 iniquitatem.
2983 4652 3009 4679 »
3046 4628 3192 4692 Quid
3227 4633 3339 4699 est,
3373 4630 3452 4683 ibi
3471 4630 3499 4683 ?
3526 4629 3732 4684 Utrum

315 4718 624 4791 quat,licet
644 4718 826 4774 Deum
845 4717 1039 4790 palam
1064 4732 1276 4789 negare
1295 4716 1594 4771 dementis
1615 4716 1691 4771 sit
1713 4734 1726 4780 ;
1753 4715 1982 4784 injusti-

316 4809 461 4864 tiam
485 4811 680 4864 autem
703 4807 966 4880 plerique
988 4822 1091 4879 pro
1129 4806 1299 4861 laude
1350 4805 1714 4876 proﬁtentur.
1760 4805 1980 4876 Rapere

321 4897 504 4965 enim,
520 4913 727 4953 nocere
748 4896 924 4952 etiam
949 4896 1021 4952 iis
1043 4895 1146 4967 qui
1169 4912 1284 4951 non
1300 4894 1638 4964 lzeserint,et
1659 4894 1980 4949 circumve-

323 4986 452 5042 nire
471 4985 739 5058 plerique
761 4985 874 5042 sibi
900 4983 1240 5042 existimant
1259 4982 1600 5055 gloriosum.
1626 4985 1775 5055 Ergo
1792 4983 1980 5054 primo

316 5073 527 5146 injusti
557 5075 746 5130 vitam
781 5073 1073 5146 exposuit,
1095 5075 1299 5144 postea
1318 5075 1751 5126 sacramentum
1776 5072 1983 5126 divinas

327 5163 683 5236 cognitionis
713 5162 982 5232 adjunxit
1013 5180 1026 5229 ;
1061 5166 1126 5217 ut
1154 5160 1428 5216 timentes
1461 5163 1659 5223 Deum,
1697 5159 1977 5230 iniquita-

312 5259 438 5310 tem
469 5256 526 5308 et
555 5252 915 5325 injustitiam
947 5250 1330 5307 declinemus.
1369 5248 1608 5304 Precem
1642 5248 1886 5314 addidit,
1922 5266 1987 5321 ut

317 5341 392 5400 ab
425 5340 784 5413 injustorum
819 5339 1110 5397 consortio
1134 5340 1330 5411 justos
1353 5354 1492 5394 suos
1515 5336 1764 5392 liberare
1787 5337 1987 5415 digne_

393 5466 507 5534 (75)
539 5466 686 5544 ΜετιεΣ
722 5465 864 5538 Reg.
900 5462 1369 5544 Remig.,__Long,
1403 5460 1566 5544 Vale,
1620 5465 1690 5544 et-
1732 5460 1982 5544 Thua_n..

325 5553 490 5610 quem
519 5537 754 5610 populus
781 5533 894 5593 nim
940 5533 1205 5608 cognovit,
1263 5533 1339 5590 ut
1380 5534 1602 5590 electus.
1667 5535 1808 5588 Inter
1863 5533 1986 5588 illos

326 5614 509 5762 iiiis)
555 5680 708 5762 Cod;
728 5660 891 5762 Reg,
923 5676 1196 5762 Quomodo
1212 5692 1377 5762 "ergo
1408 5677 1471 5762 in
1527 5675 1763 5762 {salebris
1809 5677 1990 5762 viator

332 5745 628 5818 incedens;
669 5745 1156 5826 Rem'ig'.,Long.,
1212 5746 1364 5806 Vale.
1425 5750 1479 5803 et
1539 5745 1784 5815 'l‘huan.,
1849 5749 1987 5817 Quo-

2093 4719 2192 4773 ubi
2225 4722 2314 4773 est
2344 4719 2638 4788 superbia,
2673 4719 2773 4773 ubi
2804 4723 2891 4773 est
2918 4735 3130 4774 manus
3161 4722 3532 4789 peccatorum
3561 4717 3588 4768 ?
3644 4721 3733 4768 An

2093 4808 2192 4862 ubi
2227 4807 2480 4871 stabant,
2515 4807 2615 4862 ubi
2643 4812 2810 4863 erant
2839 4813 2971 4864 ante
3021 4805 3270 4880 plantati
3305 4824 3318 4873 ;
3378 4805 3455 4859 ibi
3515 4801 3734 4858 cecide-

2092 4898 2229 4949 runt
2258 4893 2284 4948 ?
2316 4899 2404 4948 An
2434 4892 2493 4948 in
2524 4894 2734 4963 vicino,
2764 4914 2836 4952 an
2869 4896 2927 4950 in
2961 4893 3304 4959 continenti,
3329 4887 3497 4962 quasi
3525 4888 3584 4943 in
3609 4888 3735 4958 ipso

2092 4986 2374 5054 tempore,
2408 4983 2468 5037 in
2501 4983 2627 5054 ipso
2657 4984 2781 5040 loco
2810 4985 2838 5038 ?
2867 4985 2936 5039 Et
2966 4983 3192 5036 videtur
3222 4978 3588 5049 ambiguum.
3621 4975 3735 5030 Sed

2095 5069 2231 5125 alibi
2266 5073 2544 5128 docemur
2575 5073 2672 5144 qui
2705 5072 2781 5128 sit
2809 5074 2909 5139 ibi,
2940 5070 3039 5124 ubi
3072 5067 3288 5123 dicitur
3316 5083 3328 5120 :
3377 5086 3405 5114 ‹‹
3459 5064 3542 5119 Ibi
3575 5063 3734 5119 dolo-

2096 5177 2186 5214 res
2220 5159 2371 5215 sicut
2401 5161 2783 5231 parturientis
2812 5157 2987 5229 (Psal.
3021 5173 3196 5220 xvm,
3220 5157 3298 5222 7).
3333 5176 3361 5204 »
3397 5153 3593 5208 Bonus
3633 5153 3734 5208 do-

2092 5245 2182 5303 lor
2209 5249 2260 5303 ei
2295 5249 2388 5304 cui
2419 5253 2624 5320 partus
2655 5250 2766 5319 (77)
2823 5252 2910 5301 est
2966 5245 3121 5310 ﬁdei,
3183 5260 3297 5315 quo
3355 5241 3625 5299 Christus
3674 5241 3736 5298 in

2094 5336 2356 5393 Ecclesia
2414 5337 2719 5401 formatur,
2773 5339 2828 5390 te
2885 5333 3162 5390 nascitur.
3224 5333 3292 5387 Et
3351 5330 3487 5388 alibi
3545 5330 3733 5388 dicit:

2093 5461 2248 5517 modo
2279 5477 2406 5527 ergo
2433 5461 2484 5516 si
2506 5459 2826 5514 intenebris
2853 5460 3029 5513 viator
3084 5457 3315 5513 incedat.
3348 5456 3475 5513 Non
3533 5457 3684 5514 male
3718 5473 3732 5526 ;

2094 5538 2291 5590 tamen
2323 5532 2458 5587 edit.
2493 5534 2666 5599 atque
2697 5530 2795 5585 alii
2829 5546 2971 5586 mss.
3005 5529 3236 5586 melius.

2167 5606 2278 5675 (77)
2310 5603 2447 5659 Cod.
2480 5601 2707 5675 Thuan,
2731 5607 2927 5675 ponus
2955 5602 3126 5670 dolor,
3158 5606 3210 5657 et
3267 5602 3404 5675 bona
3462 5601 3551 5656 via
3604 5617 3736 5672 par-

2097 5671 2182 5731 tus
2211 5695 2230 5738 ;
2256 5671 2350 5732 eui
2383 5673 2666 5729 accedunt
2694 5673 2794 5730 alii
2825 5677 3093 5746 quatuor,
3157 5675 3216 5730 in
3269 5671 3484 5746 quibus
3543 5671 3738 5730 tamen

2092 5764 2202 5804 vox
2233 5748 2373 5806 bona
2394 5746 2778 5804 deelderatur.
