4116 6188
417 344 572 414 1Ο11

1880 346 1946 410 S.
1992 349 2367 412 AMBROSll

3679 345 3845 412 1042

420 502 448 532 ιι
480 480 702 540 Memor
730 491 825 536 ero
857 475 1080 547 Rahab,
1112 482 1168 537 et
1197 479 1508 555 Babylonis
1569 480 1892 540 scientibus
1950 497 2064 538 me.
2100 482 2154 550 Α
2184 481 2398 557 inquit,
2431 484 2741 557 superba,
2794 487 2860 540 ut
2913 499 3196 558 peccem;
3255 499 3373 540 non
3435 497 3700 557 peccem,
3771 497 3845 538 ne

411 567 637 628 Etenim
669 568 1027 642 alienigenae,
1061 574 1117 626 et
1142 572 1330 640 Tyrus
1360 577 1417 626 et
1448 572 1700 645 pepulus
1721 573 2061 645 (Ethiopum

408 658 469 715 hi
502 658 740 714 fuerunt
768 657 845 713 ibi
880 659 1050 729 (Psal.
1089 677 1309 728 Lxxxw,
1344 661 1396 731 4)
1431 679 1443 727 ;
1481 661 1538 716 id
1571 667 1684 729 est,
1738 661 1838 717 ubi
1871 661 2063 717 scien-

405 751 495 804 tes
526 762 640 816 me,
674 747 773 803 ubi
807 747 1190 804 fundamenta
1219 748 1277 804 in
1340 750 1647 806 montibus
1701 751 1942 818 sanctis,
1979 750 2059 804 ibi

405 840 463 893 et
492 835 846 908 alienigene,
882 859 910 885 ››
942 836 1081 908 quia
1109 842 1164 893 et
1194 837 1307 909 ipsi
1337 839 1394 894 in
1431 855 1522 895 me
1554 843 1904 908 putaverunt
1932 854 2061 894 esse

407 927 784 983 credendum.
821 925 901 981 Ibi
928 941 1063 998 ergo
1109 927 1464 994 ceciderunt,
1498 929 1597 984 ubi
1654 928 1842 1002 magis
1902 932 2062 984 stare

407 1015 734 1072 debuerunt
767 1031 779 1082 ;
813 1014 951 1086 quia
989 1019 1046 1071 et
1077 1015 1136 1072 in
1195 1017 1465 1088 paradiso
1522 1018 1728 1073 cecidit
1759 1018 1967 1081 Adam,
2005 1020 2062 1072 et

407 1103 674 1160 Christus
704 1103 762 1158 in
793 1104 1025 1159 ruinam
1057 1104 1234 1174 venit,
1265 1110 1324 1160 et
1350 1105 1406 1160 in
1453 1106 1961 1174 resurrectionem,
1998 1110 2062 1161 ut

405 1192 579 1249 ruina
608 1193 687 1249 sit
718 1193 1096 1264 perfidorum,
1121 1195 1421 1266 justorum
1453 1199 1651 1252 autem
1683 1199 1741 1251 et
1793 1194 2058 1250 ﬁdelium

411 1282 779 1340 resurrectio.

476 1371 565 1426 29.
604 1371 859 1443 Denique
890 1395 916 1420 ‹‹
952 1371 1177 1443 expulsi
1208 1376 1346 1427 sunt
1378 1391 1391 1439 ;
1427 1395 1453 1422 ››
1489 1373 1628 1444 quia
1676 1372 1887 1443 injusti
1951 1373 2062 1428 viri

406 1459 465 1516 in
487 1459 612 1517 loco
635 1464 836 1516 sancto
858 1464 1012 1518 stare
1035 1478 1147 1517 non
1171 1464 1456 1534 poterant.
1484 1462 1646 1517 Unde
1668 1467 1726 1517 et
1747 1461 2064 1534 Apostolus

407 1549 588 1606 dixit:
614 1572 642 1598 ‹‹
664 1552 734 1604 Et
753 1554 815 1606 tu
835 1549 935 1623 qui
964 1554 1104 1616 stas,
1127 1551 1258 1605 vide
1284 1568 1355 1606 ne
1386 1551 1562 1606 cadas
1591 1552 1641 1622 (Ι
1674 1551 1794 1606 Cor.
1830 1569 1887 1618 x,
1914 1552 2060 1622 12).»

403 1639 475 1696 Et
503 1638 707 1711 utique
736 1639 786 1694 ei
817 1638 962 1694 dixit
991 1639 1093 1711 qui
1122 1656 1237 1695 non
1267 1656 1526 1710 corpore,
1547 1641 1648 1695 sed
1700 1640 1813 1695 ﬁde
1845 1640 2059 1696 stabat.

406 1727 732 1784 Possumus
764 1729 909 1783 111
944 1731 1002 1782 et
1045 1729 1105 1782 in
1163 1727 1427 1782 futurum
1460 1727 1807 1800 intelligere,
1837 1729 1938 1794 ibi,
2001 1733 2065 1783 ut

406 1819 498 1872 est
531 1834 543 1871 :
577 1839 605 1865 ‹‹
638 1815 748 1871 erit
779 1816 971 1882 fletus,
1007 1819 1062 1871 et
1089 1816 1308 1871 stridor
1335 1817 1602 1872 dentium
1651 1817 1861 1893 (Matth.
1924 1834 2054 1885 xm,

408 1905 498 1975 42)
535 1922 547 1972 ;
581 1926 609 1958 ››
640 1907 699 1960 et
733 1920 792 1958 :«
826 1905 1033 1961 Nudus
1063 1905 1142 1960 ibi
1173 1920 1412 1977 pergam
1438 1906 1573 1974 (Job.
1613 1923 1648 1970 ι,
1682 1906 1830 1977 21).»
1865 1907 2050 1972 Quam

407 1991 598 2050 brevis
627 1992 686 2048 in
718 1993 872 2050 exitu
903 1999 957 2049 et
988 1998 1209 2066 quanta
1237 1993 1532 2050 conclusio
1565 1996 1676 2065 (78)
1707 1993 1718 2048 l
1750 1995 1877 2050 Non
1911 1995 2056 2064 sim,

477 2154 591 2224 (78)
621 2153 850 2210 Thuan.
884 2155 1033 2210 cod..
1071 2156 1394 2226 Quanquam
1424 2156 1660 2210 breuiter
1683 2160 1783 2210 aut
1812 2157 1874 2210 in
1931 2159 2058 2212 exi-

407 2233 486 2296 tu,
519 2228 569 2280 et
595 2228 859 2297 tanquam
888 2228 944 2282 in
977 2225 1342 2282 conclusidne.
1374 2225 1484 2282 Alii
1525 2231 1864 2298 quatuor..,.
1929 2236 2059 2283 tan-

410 2313 578 2369 quam
605 2297 899 2369 conclusio.

480 2368 591 2440 (79)
624 2368 708 2422 Ita
739 2384 881 2424 mss.
915 2371 970 2422 et
1000 2367 1137 2440 edit.
1173 2372 1324 2434 Era.,
1357 2367 1491 2424 Gill.
1524 2373 1581 2424 et
1613 2369 1780 2440 Rom.
1817 2371 2060 2440 excepta

407 2454 568 2507 voce,
595 2441 860 2512 primum,
885 2456 1072 2512 quam
1104 2439 1189 2494 hae
1219 2456 1332 2494 non
1364 2443 1708 2512 agnoscunt.
1734 2439 1916 2504 Paris,
1950 2455 2058 2493 au-

407 2514 527 2567 tem
561 2509 852 2566 nonnulla
883 2509 1105 2583 legunt,
1136 2512 1199 2564 in
1230 2513 1348 2582 ipso
1374 2509 1618 2584 primum
1655 2513 1908 2582 princeps
1964 2526 2054 2565 su-

2165 2154 2376 2225 perbiae
2403 2161 2550 2225 stare
2580 2169 2692 2209 non

2183 589 2439 640 movear,
2473 590 2543 629 ne
2573 575 2780 629 cadam
2817 593 2829 642 ;
2863 591 2976 630 non
3009 574 3237 641 cadam,
3271 590 3343 630 ne
3373 572 3653 646 expellar,
3692 573 3849 628 sicut

2177 663 2366 718 Adam
2399 663 2470 717 de
2502 663 2776 736 paradiso
2807 664 3090 736 expulsus
3121 668 3213 721 est
3245 681 3259 729 ;
3293 663 3433 735 quia
3463 663 3520 718 in
3554 662 3691 735 ipso
3723 662 3843 733 pri-

2179 766 2345 805 mum
2378 767 2478 823 pes
2510 751 2796 822 superbiae
2831 756 2983 807 stare
3022 769 3140 808 non
3194 752 3388 824 potuit
3447 753 3584 821 (79).
3649 750 3853 806 Nescit

2177 843 2334 894 stare
2365 839 2641 912 superbia
2674 858 2688 908 ;
2721 844 2778 895 et
2809 839 2858 895 si
2889 840 3184 907 ceciderit,
3219 858 3336 897 non
3370 841 3528 896 novit
3574 855 3851 911 resurge-

2177 944 2256 983 re.
2292 929 2357 983 Et
2387 928 2516 984 ideo
2549 928 2791 1000 pulchre
2822 929 2934 985 istc
2964 934 3020 985 et
3052 930 3109 985 in
3142 930 3550 1002 superioribus
3612 927 3851 984 locutus

2121 1069 2138 1078 -
2176 1021 2266 1074 est
2294 1018 2365 1073 de
2395 1017 2664 1089 superbis
2699 1034 2711 1071 :
2743 1040 2770 1066 «
2808 1018 2874 1073 Hi
2908 1018 2966 1074 in
3026 1019 3319 1082 curribus.
3381 1023 3438 1074 et
3494 1018 3558 1074 hi
3596 1017 3756 1074 118
3791 1017 3851 1072 in

2175 1105 2345 1179 equis
2379 1124 2392 1172 ;
2427 1122 2533 1162 nos
2564 1109 2759 1162 autem
2790 1106 2852 1162 in
2883 1107 3120 1163 nomine
3157 1106 3253 1163 Dei
3284 1106 3470 1162 nostri
3494 1106 3849 1178 magniﬁca-

2175 1195 2373 1251 bimur
2401 1195 2577 1267 (Psal.
2609 1213 2725 1261 xix,
2757 1199 2812 1264 8)
2849 1215 2861 1263 ;
2896 1196 3003 1252 hoc
3036 1197 3194 1252 enim
3226 1195 3454 1263 stabile,
3489 1195 3640 1250 illud
3703 1195 3851 1249 infi-

2175 1284 2338 1339 dum.
2372 1283 2439 1338 Et
2466 1283 2720 1355 subjecit
2748 1300 2760 1337 :
2789 1307 2825 1332 -«
2863 1284 2977 1356 Ipsi
3009 1284 3253 1358 obligati
3312 1288 3453 1340 sunt
3505 1288 3567 1340 et
3621 1283 3849 1338 cecide-

2176 1376 2314 1427 runt
2347 1390 2359 1439 ;
2388 1389 2496 1428 nos
2529 1388 2664 1427 vero
2695 1373 3082 1443 surreximus,
3115 1378 3171 1430 et
3200 1373 3371 1429 erecti
3403 1388 3622 1429 sumus
3675 1372 3842 1442 (Ibid.

2173 1460 2250 1531 9).
2287 1481 2314 1508 ››
2348 1460 2418 1515 Et
2447 1460 2505 1515 in
2539 1459 2687 1516 libro
2719 1460 2967 1516 Micbwaz
2990 1462 3286 1534 propheta)
3343 1461 3643 1534 scriptum
3703 1465 3798 1516 est
3832 1479 3843 1515 :

2177 1571 2206 1598 «
2237 1547 2367 1604 Noli
2401 1549 2652 1622 superbe
2688 1551 2942 1622 gaudere
3001 1550 3145 1605 mihi
3209 1552 3341 1622 (80),
3381 1549 3630 1607 inimica
3691 1567 3845 1612 mea.

2175 1637 2316 1709 quia
2345 1637 2549 1704 cecidi,
2585 1639 2684 1694 sed
2722 1655 3026 1709 resurgam
3049 1640 3238 1707 (Mich.
3271 1657 3369 1706 vn,
3403 1643 3482 1704 8).
3521 1663 3548 1687 υ
3609 1638 3845 1694 Cecidi-

2178 1742 2310 1782 mus
2341 1726 2500 1782 enim
2533 1727 2593 1782 in
2625 1726 2734 1783 hoc
2769 1729 3008 1793 mundo,
3041 1729 3142 1785 sed
3177 1728 3236 1784 in
3279 1728 3511 1785 Christo
3575 1743 3845 1784 resurre-

2173 1814 2368 1871 ximus
2407 1831 2420 1870 :
2453 1815 2544 1871 cui
2577 1820 2667 1872 est
2697 1816 2902 1881 honor,
2939 1817 3144 1890 gloria,
3201 1817 3408 1886 virtus,
3469 1815 3842 1891 perpetuitas

2171 1908 2228 1959 et
2257 1904 2502 1974 smculis,
2535 1909 2591 1960 et
2621 1922 2779 1961 nunc
2810 1910 2867 1962 et
2899 1891 3152 1980 semper,
3184 1911 3241 1964 et
3270 1907 3325 1963 in
3373 1906 3580 1963 omnia
3611 1905 3834 1962 saecula

2172 1993 2544 2050 saeculorum.
2578 1997 2789 2049 Amen.

2241 2159 2376 2210 rbiae
2403 2161 2550 2209 stare
2580 2169 2692 2209 non
2714 2159 2914 2225 potuit.

2241 2225 2352 2296 (80)
2385 2224 2508 2279 Vet.
2569 2224 2738 2294 edit.,
2798 2225 2930 2282 Noli
2980 2242 3148 2296 super
3207 2241 3291 2281 me
3345 2225 3610 2297 gaudere,
3668 2229 3831 2291 etc.;

2171 2296 2518 2368 Rom.,Noli
2544 2313 2710 2368 super
2740 2297 2975 2368 gaudere
2997 2297 3160 2366 mihi,
3191 2302 3298 2353 etc.
3336 2296 3356 2364 ;’
3383 2296 3527 2352 LXX
3559 2297 3834 2368 interpr.,

2169 2368 2247 2492 ῗίή
2303 2367 2522 2432 επίχαιρό
2586 2367 2685 2430 μοι,
2737 2367 2898 2437 etc.;
2972 2386 3116 2426 mss.
3185 2373 3383 2425 tamen
3456 2373 3524 2424 ut
3591 2369 3652 2423 in
3720 2367 3841 2423 tex-

2188 2457 2252 2494 .u.

1150 2837 1264 2922 IN
1322 2836 1872 2924 PSALMUM
1930 2835 2312 2973 XXXVI
2369 2835 3070 2923 ENARRATIO.

917 3199 953 3251 1
969 3199 1004 3251 1
1023 3198 1062 3250 1
1123 3194 1520 3250 PRZEFATIO.

469 3285 536 3346 ,1.
581 3285 785 3342 Omnis
839 3285 1142 3356 Scriptura
1199 3282 1416 3348 divina,
1471 3281 1557 3338 vel
1611 3281 1913 3350 naturalis,
1970 3280 2058 3338 vel

415 3375 692 3446 mystica,
720 3372 810 3428 vel
842 3370 1084 3427 moralis
1111 3375 1218 3425 est.
1269 3369 1565 3426 Naturalis
1597 3371 1655 3425 in
1713 3371 1943 3439 Genesi,
2002 3371 2061 3426 in

422 3477 541 3532 qua
569 3461 678 3532 (81)
709 3459 1056 3531 exprimitur
1085 3459 1378 3529 quomodo
1428 3459 1579 3514 facta
1636 3465 1774 3516 sunt
1829 3459 2062 3525 coelum,

427 3547 633 3614 maria,
665 3552 854 3615 terrae,
887 3553 944 3603 et
986 3547 1485 3620 quemadmodum
1536 3549 1792 3604 mundus
1824 3549 1935 3605 iste
1991 3549 2070 3603 sit

425 3637 802 3707 constitutus,
835 3636 1078 3707 Mystica
1115 3636 1175 3690 in
1237 3636 1508 3701 Levitico,
1541 3635 1600 3691 in
1661 3655 1775 3709 quo
1803 3654 2064 3710 compre-

423 3725 702 3782 henditur
731 3725 1087 3782 sacerdotale
1109 3725 1474 3797 mysterium.
1511 3725 1745 3782 Moralis
1769 3726 1826 3781 in
1857 3731 2068 3783 Deute-

425 3815 710 3882 ronomio,
741 3815 798 3869 in
833 3831 948 3886 quo
979 3814 1304 3870 secundum
1353 3814 1512 3886 lacgis
1569 3823 1920 3887 praeceptum
1953 3815 2068 3870 vita

424 3904 687 3962 humana
716 3905 1004 3959 formatur
1033 3906 1166 3974 (82).
1199 3903 1358 3959 Unde
1391 3908 1446 3959 et
1486 3903 1814 3960 Salomonis
1848 3909 1967 3960 tres
1997 3903 2065 3959 li-

422 3993 510 4050 bri
542 4009 611 4049 ex
641 3991 912 4065 plurimis
963 3992 1235 4047 videntur
1290 3991 1500 4048 electi:
1567 3992 1940 4049 Ecclesiastes
1997 3995 2069 4049 de

420 4081 810 4149 naturalibus,
843 4081 1080 4137 Cantica
1109 4082 1470 4136 canticorum
1501 4081 1572 4136 de
1603 4081 1883 4152 mysticis,
1937 4083 2067 4138 Pro-

419 4170 618 4227 verbia
646 4170 717 4226 de
738 4168 1082 4228 moralibus.

489 4262 542 4316 2.
579 4259 689 4315 Sed
717 4259 855 4331 quia
893 4257 1159 4315 omnium
1194 4258 1554 4330 psalmorum
1607 4275 1821 4332 corpus
1880 4278 2064 4317 unum

421 4352 530 4416 est,
561 4347 778 4404 idcirco
808 4346 954 4402 nihil
987 4347 1046 4402 in
1089 4347 1138 4403 is
1185 4347 1439 4404 divisum
1493 4353 1582 4404 est
1635 4353 1811 4420 atque
1863 4349 2067 4407 distin-

423 4441 582 4491 ctum
617 4453 630 4500 ;
665 4435 768 4490 sed
801 4440 972 4506 prout
1001 4451 1062 4490 se
1093 4435 1305 4491 obtulit
1337 4436 1502 4502 ratio,
1537 4435 1701 4492 nulla
1731 4437 2068 4494 intermissa

422 4523 689 4579 doctrina
720 4523 1050 4619 istiusmodi
1087 4523 1398 4596 disciplina
1426 4528 1534 4580 est.
1586 4525 1850 4597 Namque
1879 4530 1934 4582 et
1965 4544 2064 4583 na-
2097 4557 2144 4619 Β

421 4611 671 4670 turalem
683 4611 1116 4669 evidentissime
1138 4613 1848 4685 comprehendit,dicendo
1871 4615 1940 4670 de
1956 4618 2066 4671 An-

419 4700 568 4775 gelis
597 4705 772 4773 atque
801 4700 1150 4767 Virtutibus,
1183 4705 1240 4756 et
1268 4700 1409 4770 sole,
1441 4706 1496 4756 et
1519 4701 1677 4767 luna,
1712 4709 1768 4758 et
1789 4704 2067 4771 stellis,et

420 4789 643 4846 lumine
672 4789 801 4846 coeli
831 4789 1132 4856 cmlorum,
1168 4793 1225 4843 et
1277 4806 1432 4860 aqua
1482 4807 1607 4860 quae
1655 4809 1833 4864 super
1889 4792 2064 4849 cmlos

418 4883 509 4936 est
540 4897 553 4936 :
590 4902 617 4930 «
650 4879 797 4944 Quia
827 4879 952 4950 ipse
981 4877 1149 4946 dixit,
1181 4879 1238 4932 et
1293 4877 1444 4932 facta
1499 4884 1657 4947 sunt,
1716 4880 1840 4952 ipse
1906 4898 2067 4937 man-

417 4968 594 5037 davit,
628 4973 685 5024 et
713 4971 907 5023 creata
937 4970 1096 5022 sunt.
1131 4965 1351 5021 Statuit
1379 4981 1447 5022 ea
1479 4965 1538 5022 in
1569 4969 1850 5025 saeculum
1881 4987 2064 5026 saecu-

418 5056 480 5125 li,
499 5061 854 5130 praeceptum
878 5055 1093 5128 posuit,
1122 5059 1178 5110 et
1199 5070 1315 5109 non
1347 5057 1663 5127 przeteribit
1687 5059 1857 5128 (Paul.
1885 5077 2060 5128 xxxn,

419 5141 648 5212 chvui,
679 5148 757 5216 6).
795 5167 822 5194 »
855 5146 923 5200 Et
952 5146 1024 5200 de
1055 5142 1318 5217 mysticis
1352 5143 1580 5200 locutus
1635 5155 1741 5215 est,
1801 5164 1934 5202 eum
1993 5148 2063 5203 de

417 5236 682 5306 occultis,
715 5241 771 5293 et
801 5253 978 5291 sacrae
1011 5231 1302 5289 unctionis
1335 5239 1654 5306 unguento,
1687 5240 1744 5292 et
1785 5236 1855 5292 de
1903 5253 2063 5292 com-

489 5378 600 5447 (81)
634 5377 743 5434 Ms.
780 5378 942 5449 Reg,
973 5381 1042 5433 In
1073 5376 1265 5449 Genesi
1287 5376 1354 5431 de
1379 5379 1599 5447 factura
1656 5382 2059 5445 creaturarum,

417 5448 478 5500 in
507 5464 633 5516 qua,
665 5453 775 5506 etc.
809 5448 1068 5514 Quatuor
1099 5448 1196 5521 alii
1226 5466 1246 5521 4:
1281 5450 1343 5503 In
1379 5452 1561 5521 genesi
1613 5449 1679 5503 de
1732 5453 2064 5521 formatione

416 5521 799 5592 ενεαζανίειίη
829 5525 1098 5592 ᾳιιηλθῐο.
1134 5519 1243 5592 Sed
1278 5520 1431 5591 quod
1467 5536 1653 5591 neque
1685 5519 1741 5576 in
1777 5521 1906 5578 aliis
1956 5540 2059 5578 ne-

421 5588 611 5671 quein
637 5590 761 5671 [edit
793 5588 1108 5671 reperitur,
1125 5588 1416 5671 glossema
1448 5588 1683 5647 reddlet.

448 5717 452 5720 ν
489 5659 602 5730 (8.2)
633 5659 766 5716 Cod.
802 5659 946 5732 Vict,
999 5666 1053 5716 et
1074 5659 1228 5719 (idib.
1261 5665 1317 5717 in
1376 5680 1478 5734 quo
1533 5663 1828 5719 secundum
1888 5665 2062 5736 legem

2089 3191 2132 3258 C
2171 3193 2563 3248 summatione
2594 3191 2894 3265 scripserit
2921 3191 3307 3250 Tabernaculi
3341 3194 3520 3263 (Psat.
3558 3211 3837 3261 Lxxxvm,

2168 3281 2233 3336 21
2273 3299 2285 3348 ;
2319 3299 2440 3349 va,
2472 3283 2549 3348 5).
2597 3283 2857 3348 Quorum
2902 3281 3210 3354 multiplex
3262 3281 3473 3354 gratia,
3537 3283 3833 3354 quoniam

2174 3369 2555 3426 multifariam
2587 3374 2644 3426 et
2676 3370 2876 3426 multis
2908 3371 3099 3427 modis
3128 3369 3361 3427 locutus
3391 3375 3481 3427 est
3537 3373 3838 3428 Dominus

2175 3458 2231 3513 in
2264 3459 2584 3532 prophetis.
2616 3459 2763 3516 Nam
2793 3464 2851 3516 et
2879 3465 3191 3516 venturum
3242 3459 3520 3533 praefatus
3579 3465 3671 3516 est
3727 3461 3835 3517 Dei

2177 3547 2385 3603 Filium
2419 3549 2740 3621 principem
2775 3549 3170 3618 sacerdotum,
3220 3555 3278 3604 et
3330 3565 3652 3618 passurum
3717 3566 3854 3607 esse

2179 3653 2282 3707 pro
2313 3636 2504 3706 nobis,
2534 3642 2592 3692 et
2637 3637 2924 3709 sanguine
2974 3654 3084 3693 suo
3145 3637 3576 3694 mundaturum
3639 3645 3856 3695 nostra

2179 3729 2415 3798 peccata
2443 3725 2599 3781 tituli
2631 3748 2658 3776 ‹‹
2693 3727 2802 3782 Pro
2835 3725 3227 3782 torcularibus
3277 3727 3452 3799 (Psal.
3509 3744 3638 3793 vui,
3702 3730 3758 3795 1)
3825 3753 3853 3779 μ

2180 3813 2585 3882 declararunt;
2619 3820 2674 3871 et
2704 3819 3173 3872 resurrecturum
3195 3815 3465 3889 psalmus
3496 3837 3515 3863 ε
3547 3833 3859 3873 resurrec-

2177 3902 2356 3958 tionis
2386 3903 2554 3973 (Psal.
2590 3921 2715 3969 va,
2753 3905 2826 3975 1),
2861 3903 3169 3976 expressit,
3203 3910 3258 3960 et
3289 3903 3441 3960 alius
3473 3909 3686 3975 postea
3704 3906 3854 3961 titu-

2180 3991 2273 4047 lus
2307 3991 2600 4058 indicavit,
2635 3991 2692 4047 in
2727 4009 2840 4064 quo
2862 4017 2887 4042 ‹‹
2917 3996 3070 4048 terra
3102 3993 3230 4064 ejus
3251 3997 3340 4049 est
3364 3993 3648 4050 rstitutua
3674 3996 3854 4064 (Psal.

2180 4097 2328 4145 xcv1,
2369 4081 2436 4152 t),
2467 4105 2493 4128 ››
2517 4082 3039 4138 commutationem
3063 4098 3298 4154 quoque
3322 4083 3739 4139 universorum
3763 4085 3854 4138 fu-

2179 4173 2374 4224 turam
2415 4169 2547 4224 ﬁdei
2606 4171 2998 4226 sacramentis
3055 4171 3192 4242 (83).
3255 4171 3321 4226 Et
3377 4172 3450 4228 de
3507 4171 3855 4228 moralibus

2180 4257 2349 4330 plura
2378 4259 2692 4325 contexuit,
2726 4258 3074 4331 diversaque
3121 4261 3404 4315 virtutum
3467 4276 3686 4332 genera
3742 4262 3850 4315 de-

2178 4349 2541 4413 monstravit,
2575 4353 2631 4401 et
2663 4346 2822 4401 dedit
2848 4352 3137 4420 praecepta
3187 4347 3438 4414 vivendi,
3476 4349 3695 4420 quibus
3743 4347 3839 4403 ul-

2178 4452 2310 4491 cera
2337 4439 2670 4491 nostrorum
2702 4437 2931 4492 sanavit
2960 4453 3253 4504 errorum,
3302 4453 3619 4511 moresque
3681 4455 3854 4494 reno-

2177 4523 2330 4579 vavit
2360 4523 2671 4591 humanos,
2731 4527 2905 4595 atque
2966 4523 3206 4582 intimos
3263 4526 3514 4582 mutavit
3570 4527 3848 4592 allectus,

2175 4614 2328 4669 sicut
2359 4613 2526 4668 docet
2556 4611 3171 4685 psalmustricesimus
3191 4613 3424 4682 tertius,
3458 4631 3636 4687 quem
3662 4617 3849 4673 etiam

2176 4703 2382 4757 Petrus
2414 4704 2654 4756 sanctus
2684 4700 2742 4755 in
2782 4701 3033 4773 epistola
3063 4718 3171 4758 sua
3227 4706 3513 4774 tanquam
3576 4705 3847 4761 medica-

2175 4794 2440 4846 mentum
2471 4789 2689 4845 nostris
2719 4790 3053 4861 pectoribus
3099 4791 3282 4846 at‘ﬁxit
3313 4791 3360 4862 (I
3389 4797 3541 4848 Petr.
3597 4809 3686 4860 ill,
3727 4795 3840 4858 11).

2173 4884 2348 4951 atque
2378 4877 2487 4933 iste
2518 4876 2618 4948 qui
2649 4878 2817 4934 nobis
2843 4877 3130 4935 hodierna
3178 4878 3430 4935 lectione
3487 4881 3839 4952 propositus

2172 4971 2278 5023 est.
2305 4967 2452 5022 Nam
2485 4965 2582 5021 isti
2615 4983 2728 5038 prae
2759 4967 2983 5022 caeteris
3015 4967 3189 5023 ethici
3247 4967 3624 5040 reperiuntur
3661 4986 3676 5023 :
3739 4972 3848 5026 sed

2174 5057 2280 5110 iste
2310 5054 2596 5119 diffusior,
2630 5053 2730 5125 qui
2763 5055 3096 5112 tricesimus
3129 5061 3327 5113 sextus
3360 5058 3514 5113 118
3546 5057 3838 5115 inscribi-

2171 5151 2286 5200 tur.
2317 5145 2486 5208 Nam,
2521 5149 2577 5200 et
2607 5144 2655 5199 si
2689 5143 2784 5200 ille
2816 5145 3124 5216 praedulcia
3153 5151 3210 5202 et
3257 5145 3494 5203 lucidus
3553 5152 3671 5216 est,
3728 5149 3846 5205 iste

2171 5239 2368 5290 tamen
2395 5231 2624 5288 dulcior
2655 5251 2668 5299 ;
2697 5233 2979 5305 quoniam
3008 5236 3120 5307 (84)
3151 5234 3252 5292 ille
3285 5251 3377 5291 me
3408 5235 3612 5292 docuit
3676 5237 3841 5294 cohi-

2168 5379 2500 5449 prmceptnm
2529 5378 2659 5432 vita
2681 5377 2942 5449 humane
2970 5381 3262 5449 formatur.

2242 5449 2351 5518 (83)
2386 5447 2525 5524 Mss.
2572 5448 2829 5524 proxime
2859 5447 3103 5524 laudati,
3156 5453 3650 5506 commutationem.
3707 5470 3845 5524 quo-

2170 5536 2273 5590 que
2302 5521 2683 5574 universorum
2699 5523 2886 5590 futura
2916 5521 3046 5589 ﬁdei
3071 5525 3428 5576 sacramenta.

2242 5591 2351 5661 (84)
2386 5590 2542 5645 ldcm
2568 5607 2732 5655 mss.,
2765 5595 2815 5645 et
2849 5592 3060 5648 timidus
3114 5598 3210 5656 est,
3254 5593 3348 5647 iste
3394 5597 3589 5647 tamen
3665 5596 3842 5650 multo

2167 5664 2366 5731 magis,
2400 5663 2662 5732 quoniam
2692 5671 2792 5717 etc.
