4078 6196
287 412 427 486 1013

1305 416 1762 485 ENARRATIO
1804 418 1887 482 IN
1925 414 2311 483 PSALMUM
2355 416 2627 481 XXXVI.

3516 413 3674 486 10M

276 552 687 630 berelinguam
708 570 740 612 a
760 554 934 626 malo,
962 553 1073 614 iste
1095 553 1361 614 desinere
1392 557 1463 613 ab
1496 556 1602 622 ira,
1634 554 1903 628 indigna-
1942 561 1996 625 Α
2094 555 2147 608 5.
2190 553 2337 618 Quid
2369 554 2478 620 est,
2518 552 2576 607 in
2607 548 3037 609 aemulationem
3060 549 3359 611 excitare?
3390 548 3667 629 Exemplo

279 645 487 704 tionem
518 645 864 719 relinquere.
923 645 1025 703 Ille
1082 646 1354 719 praecepit
1382 646 1508 702 sine
1562 644 1693 700 dolo
1723 643 1905 716 loqui,

275 734 374 793 iste
402 735 657 793 instituit
701 752 828 792 esse
873 740 1271 802 mansuetum,
1319 736 1417 808 qui
1468 734 1707 807 praemia
1738 750 1908 788 man-

276 823 595 882 suetudinis
665 825 1102 882 demonstravit.
1174 827 1311 891 Quae
1375 826 1603 895 majora
1651 823 1908 878 fomenta

276 916 402 971 sunt
456 913 649 969 cordis
713 913 979 982 humani,
1049 932 1226 988 quam
1279 913 1667 969 mansuetudo
1734 914 1907 982 atque

272 1001 608 1075 simplicitas
638 1019 650 1058 :
679 1003 896 1075 quibus
926 1007 982 1059 et
1030 1003 1194 1060 dolor
1239 1003 1430 1059 omnis
1473 1006 1717 1073 acceptae
1749 999 1905 1054 leva-

271 1095 359 1148 tur
384 1091 634 1162 injuriae,
667 1096 725 1147 et
752 1091 914 1149 labes
944 1092 1207 1148 criminis
1239 1092 1430 1148 omnis
1460 1090 1785 1147 excluditur
1806 1088 1834 1142 ?

335 1181 383 1236 3.
416 1180 499 1235 Ad
532 1179 654 1235 haec
706 1180 887 1253 igitur
938 1198 1180 1237 manum
1233 1180 1660 1236 medicamenta
1704 1177 1906 1232 mitta-

272 1286 415 1336 mus,
466 1274 531 1324 ut
575 1268 820 1326 vulnera
865 1274 1066 1326 nostra
1123 1286 1420 1335 curemus,
1476 1283 1546 1323 ne
1578 1268 1626 1323 si
1658 1265 1906 1321 velimus

271 1358 450 1414 dicere
478 1357 635 1430 quod
666 1357 814 1414 alios
844 1375 1047 1414 curare
1077 1358 1393 1430 possimus,
1428 1356 1656 1411 dicatur
1686 1353 1855 1409 nobis
1890 1371 1902 1408 :

274 1468 300 1498 «
327 1446 565 1513 Medice,
596 1462 737 1501 cura
763 1451 820 1502 te
848 1446 1043 1519 ipsum
1067 1448 1219 1515 (Luc.
1254 1464 1330 1513 Iv,
1362 1446 1472 1515 23).
1510 1466 1537 1492 ››
1571 1444 1719 1514 Ergo
1751 1442 1905 1513 quod

270 1535 434 1592 etiam
467 1552 581 1590 non
631 1535 896 1601 medicis,
952 1536 1052 1591 sed
1102 1534 1275 1608 vulgo
1324 1548 1556 1606 quoque
1601 1530 1749 1586 solet
1778 1547 1905 1586 esse

269 1639 587 1689 commune,
645 1626 712 1678 ut
744 1624 1095 1678 medicinam
1128 1623 1299 1696 pauci
1333 1622 1743 1694 profiteantur,
1774 1619 1907 1691 plu-

267 1710 391 1767 rimi
442 1715 639 1767 tamen
697 1712 954 1767 remedia
1001 1713 1130 1782 ejus
1159 1710 1358 1783 aliqua
1390 1709 1537 1765 scire
1570 1725 1632 1765 se
1663 1707 1861 1763 dicant
1891 1724 1904 1761 :

265 1799 346 1856 vel
393 1801 548 1872 quod
603 1799 962 1856 medicorum
1014 1800 1181 1872 pueri
1233 1799 1459 1855 faciunt
1516 1814 1624 1853 nos
1674 1813 1907 1868 quoque

265 1887 445 1945 alieno
473 1888 901 1945 medicamento
956 1888 1283 1944 remedium
1338 1886 1905 1960 indigentibuspro—

263 1977 532 2033 feramus.
566 1976 737 2033 Dives
787 1977 1145 2049 magistrum
1204 1976 1497 2043 adhibeat,
1540 1991 1763 2047 pauper
1801 1974 1911 2027 mi-

264 2066 528 2122 nistrum.
586 2065 693 2129 Qui
725 2065 961 2137 perfecti
1008 2065 1382 2121 altitudinem
1410 2062 1583 2135 capit,
1618 2066 1817 2117 samat
1843 2078 1911 2117 ex

261 2154 418 2228 ipso:
454 2154 557 2227 qui
586 2153 851 2225 planiora
897 2153 1213 2223 desiderat,
1249 2154 1309 2208 in
1339 2152 1489 2207 valle
1520 2155 1811 2223 pascatur,
1847 2155 1910 2205 ut

261 2242 673 2317 parvulus.Qui
702 2242 949 2297 ﬂuvium
981 2242 1211 2309 metuit,
1244 2242 1315 2297 de
1342 2240 1528 2296 rivulo
1559 2240 1723 2295 bibat
1752 2241 1864 2309 (85)
1892 2256 1904 2295 :

262 2335 319 2388 et
346 2332 446 2403 qui
478 2330 835 2403 profundum
866 2335 1059 2403 pavet,
1093 2332 1165 2386 ad
1221 2329 1388 2385 littus
1416 2333 1627 2385 enatet.
1660 2326 1909 2384 Pulchre

262 2424 455 2476 autem
504 2421 742 2475 sanctus
790 2419 971 2475 David
1016 2419 1076 2474 in
1127 2418 1425 2492 superiore
1472 2418 1698 2490 psalmo
1730 2416 1905 2485 (Paul.

258 2508 424 2580 xxxv)
454 2508 657 2579 injusti
685 2507 863 2563 vitam
888 2505 1306 2576 describit,'hic
1319 2507 1468 2579 justi
1495 2525 1508 2574 ;
1540 2507 1620 2561 ibi
1647 2506 1907 2576 injustus

261 2595 586 2670 exponitur,
618 2596 714 2651 hic
738 2597 941 2668 justus
996 2596 1362 2664 instituitur;
1424 2595 1520 2651 ille
1551 2594 1665 2651 sibi
1718 2593 1905 2649 delin-

262 2684 531 2759 quit,.hic
562 2684 712 2741 tollit
743 2684 919 2742 etiam
969 2685 1159 2743 aliena
1205 2689 1461 2759 peccata.
1495 2685 1564 2740 Et
1590 2683 1719 2740 ideo
1751 2683 1905 2754 quod

261 2775 519 2848 primum
542 2774 1037 2831 medicamentum
1070 2776 1146 2830 sit
1166 2774 1412 2846 justitiae
1442 2773 1902 2829 consideremus.

861 2917 1289 2974 ENARRATIO.

324 3041 378 3096 Il.
414 3039 602 3107 (Vers.
639 3039 716 3109 1.)
743 3059 772 3088 »
796 3039 944 3108 Noli,
974 3039 1187 3112 inquit,
1220 3039 1529 3112 malignari
1555 3039 1706 3094 inter
1736 3037 1903 3093 mali-

254 3132 498 3204 gnantes
524 3146 536 3184 :
560 3143 750 3199 neque
781 3128 1088 3184 aemulatus
1116 3128 1292 3185 fueris
1322 3128 1601 3185 facientes
1622 3126 1902 3199 iniquita-

252 3223 389 3276 tem.
426 3241 454 3267 »
484 3217 746 3273 Primum
777 3218 1076 3274 discamus
1107 3218 1245 3290 quid
1270 3218 1347 3275 sit
1370 3240 1398 3268 «
1420 3217 1805 3288 aemulari(86)
1832 3234 1844 3284 ;
1871 3238 1900 3266 ››

2018 642 2067 698 si
2098 658 2416 715 possumus
2471 641 2825 713 aperiamus.
2879 641 3340 715 Intemperantes
3389 642 3668 701 mulieres

2018 732 2285 804 quaedam
2319 736 2479 797 sunt,
2522 747 2650 802 quae
2704 730 2949 786 aliorum
2984 732 3306 805 conjugum
3338 733 3515 788 corda
3548 732 3668 789 sol—

2018 819 2283 875 licitant:
2319 837 2467 892 quos
2515 836 2648 874 cum
2703 820 3116 876 consuetudini
3167 838 3283 876 suae
3340 822 3673 894 probroque

2017 909 2405 974 subdiderint,
2440 926 2554 964 non
2587 913 2869 965 contentae
2920 909 3132 965 erroris
3164 910 3256 965 sui
3317 909 3530 967 habere
3580 926 3673 967 se-

2016 1002 2259 1066 cretum,
2294 998 2534 1053 student
2562 1015 2761 1053 coram
2787 999 3092 1071 jugalibus
3144 1016 3346 1055 eorum
3378 1017 3553 1056 suum
3576 1001 3669 1071 ja-

2015 1089 2171 1143 ctare
2220 1088 2531 1159 flagitium,
2585 1092 2650 1143 ut
2678 1104 2776 1143 eas
2806 1088 2866 1143 in
2918 1088 3105 1145 zelum
3162 1089 3251 1145 sui
3302 1089 3555 1147 excitent
3614 1092 3671 1144 et

2013 1175 2403 1247 inflamment,
2434 1168 2805 1248 triumphum
2836 1179 3151 1249 quemdam
3197 1179 3269 1234 de
3301 1178 3499 1235 dolore
3528 1194 3669 1251 pro-

2014 1266 2224 1321 barnm
2276 1266 2561 1321 mentium
2610 1270 2666 1321 et
2710 1267 3101 1323 commotione
3151 1272 3493 1340 captantes;
3529 1267 3665 1332 Quae

2015 1354 2386 1412 aemulatione
2439 1356 2691 1412 feminea
2738 1355 2891 1411 thori
2967 1356 3187 1429 proprii
3245 1356 3660 1413 contumeliam

2017 1460 2130 1498 non
2155 1445 2423 1513 ferentes,
2448 1443 2683 1500 solvunt
2706 1444 3035 1517 complaciti
3053 1444 3247 1501 vincla
3266 1446 3547 1519 conjugii,
3566 1450 3668 1501 aut

2017 1532 2357 1604 quotidiana
2406 1533 2530 1588 rixa
2574 1534 2872 1590 decertant
2901 1534 3056 1607 (87);
3109 1535 3289 1607 ﬁtque
3319 1552 3388 1591 ex
3416 1535 3664 1592 aemula-

2015 1620 2172 1676 tione
2198 1621 2510 1688 discordia,
2558 1639 2627 1677 ex
2647 1623 3013 1680 dissensione
3046 1623 3378 1693 dissidium,
3412 1641 3527 1697 quo
3560 1626 3661 1680 do-

2017 1725 2149 1764 mus
2172 1712 2293 1765 tota
2313 1710 2603 1765 turbetur.
2629 1711 2901 1782 Exemplo
2946 1712 3127 1784 igitur
3147 1717 3424 1783 protervae
3455 1712 3663 1769 mulie-

2015 1797 2097 1852 ris
2119 1814 2422 1869 cognosce,
2447 1798 2545 1870 qui
2567 1797 2736 1871 legis,
2770 1804 2966 1870 partes
3009 1816 3137 1855 esse
3158 1802 3545 1872 nequissimae
3563 1803 3664 1856 de-

1943 1888 1988 1988 B‘
2016 1886 2420 1958 testabilisque
2440 1888 2728 1954 versutim,
2750 1887 3019 1959 improba
3042 1888 3413 1945 aemulatione
3424 1888 3665 1946 alterius

2022 1975 2280 2051 animam
2331 1992 2693 2032 commovere
2726 1994 2769 2055 :_
2800 1976 3075 2049 aliudque
3106 1994 3233 2035 esse
3261 1977 3472 2046 zelum,
3505 1978 3664 2035 aliud

2022 2063 2369 2134 parazelum.
2421 2064 2551 2120 Haec
2598 2069 2687 2121 est
2725 2065 2881 2122 enim
2934 2084 3110 2139 prava
3169 2067 3483 2134 aemulatio,
3535 2084 3663 2140 qua:

2015 2152 2305 2207 bonorum
2362 2154 2657 2209 subintrat
2682 2154 2972 2211 atfectum
3001 2173 3014 2211 :
3048 2172 3165 2227 qua
3210 2157 3386 2212 etiam
3417 2157 3659 2213 Judaus

2016 2241 2227 2296 erravit
2256 2241 2354 2312 qui
2386 2260 2420 2297 a
2449 2258 2581 2298 vero
2640 2246 2695 2297 et
2725 2243 2875 2299 bono
2934 2244 3277 2317 evangelicae
3335 2244 3661 2319 disciplinae

2014 2328 2241 2396 itinere,
2275 2330 2441 2386 devia
2486 2331 2634 2404 legis
2683 2331 3053 2388 aemulatione
3102 2332 3335 2389 deﬂexit
3387 2334 3524 2407 (88),
3580 2335 3661 2390 si-

2016 2422 2114 2473 cut
2163 2420 2233 2474 de
2264 2435 2324 2474 se
2353 2420 2666 2491 Apostolus
2717 2421 2799 2476 ait
2828 2422 3090 2494 (Philipp.
3126 2440 3212 2490 III,
3267 2425 3347 2494 6),
3378 2424 3536 2495 quod
3569 2440 3663 2481 se-

2014 2508 2273 2562 cundum
2305 2508 2737 2564 aemulationem
2794 2509 2938 2582 legis
2978 2512 3439 2583 persequebatur
3466 2512 3660 2570 Eccle-

2014 2596 2163 2652 siam
2193 2596 2431 2652 Christi.

2081 2688 2134 2740 6.
2170 2686 2315 2759 Ergo
2337 2687 2607 2759 quamvis
2651 2688 2804 2742 Deus
2828 2691 3027 2743 noster
3050 2687 3296 2761 ingratis
3321 2689 3682 2746 Judaorum~

2013 2776 2403 2831 offenderetur
2452 2775 2784 2847 frequenter
2811 2775 3115 2832 affectibus
3154 2781 3212 2833 et
3238 2776 3492 2849 querelis
3521 2796 3535 2846 ;
3567 2784 3661 2835 ta-

2014 2879 2147 2920 men
2192 2869 2563 2937 assumptum
2615 2865 2793 2921 semel
2849 2870 2906 2921 et
2935 2864 3182 2921 electum
3233 2867 3344 2922 sibi
3375 2867 3659 2940 populum

2013 2953 2259 3009 minime
2306 2954 2708 3026 relinquebat;
2744 2955 2846 3009 sed
2876 2954 3183 3027 Synagoga
3211 2959 3442 3011 tantum
3475 2973 3661 3014 mere-

2010 3041 2123 3097 trix
2144 3059 2357 3114 procax
2386 3042 2616 3099 irritare
2644 3060 2779 3099 eum
2804 3044 2977 3116 coepit
2996 3044 3055 3098 in
3079 3044 3467 3101 aemulationis
3494 3063 3661 3102 ama-

2010 3132 2348 3199 ritudinem,
2374 3133 2862 3205 praevaricationis
2892 3149 2954 3188 se
2984 3133 3282 3189 miscendo
3314 3133 3658 3208 sacrilegiis.

2013 3221 2271 3293 Denique
2320 3222 2468 3277 dixit
2518 3222 2591 3277 ad
2625 3222 2987 3277 sacerdotem
3016 3224 3207 3279 Aaron
3236 3240 3249 3277 :
3284 3245 3311 3273 ‹‹
3348 3224 3460 3280 Fac
3490 3224 3658 3281 nobis

251 3307 389 3365 licet
410 3306 602 3363 minor
628 3306 717 3363 vis
738 3307 1027 3363 sermonis
1047 3306 1225 3378 hujus
1246 3306 1324 3362 sit
1353 3307 1413 3360 in
1458 3306 1684 3373 Latino,
1717 3321 1896 3376 quam
1929 3295 1971 3361 (ἶ
2010 3310 2149 3365 deos
2197 3327 2345 3382 quos
2392 3310 2703 3366 adoremus
2751 3311 2941 3382 (Exod.
2996 3327 3173 3379 xxxn,
3210 3313 3301 3381 1);
3347 3334 3374 3361 »
3405 3316 3463 3369 et
3491 3312 3659 3369 vituli

250 3395 315 3453 in
344 3396 556 3453 Graeco.
588 3394 735 3452 Nam
765 3398 822 3451 et
849 3395 907 3450 in
940 3395 1092 3451 bono
1144 3394 1573 3451 aemulationem
1624 3392 1899 3465 legimus,

251 3488 309 3543 et
338 3485 399 3542 in
430 3484 603 3542 malo.
638 3484 898 3556 Denique
927 3483 1239 3556 Apostolus
1271 3483 1412 3539 dicit
1446 3501 1457 3537 :
1501 3504 1521 3532 ε
1554 3482 1781 3537 Bonum
1814 3484 1904 3536 est

250 3572 519 3630 emulari
548 3574 608 3628 in
669 3573 823 3628 bono
881 3588 1113 3644 semper
1142 3571 1340 3644 (Gatat.
1380 3588 1455 3642 1v,
1499 3571 1607 3641 18).
1644 3592 1671 3619 ››
1704 3571 1773 3624 Et
1803 3586 1903 3624 su-

249 3679 363 3737 pra
408 3661 533 3733 ipse
584 3660 763 3718 dixit:
800 3684 829 3712 «
887 3661 1257 3717 fEmulantur
1286 3677 1383 3716 vos
1412 3677 1527 3715 non
1557 3659 1743 3726 bene;
1800 3657 1902 3713 sed

248 3750 561 3809 excludere
581 3767 681 3807 vos
700 3750 995 3821 volunt,ut
1016 3748 1148 3806 illos
1164 3748 1524 3806 aemulemini
1546 3748 1702 3819 (Ibid.
1736 3748 1845 3818 17).
1878 3768 1902 3795 ι)

246 3842 323 3898 Et
349 3839 564 3896 iterum
594 3840 720 3912 ipse
751 3840 869 3896 ait:
910 3864 930 3890 α
987 3838 1366 3895 Emulamini
1398 3836 1640 3894 meliora
1671 3835 1901 3892 charis-

251 3932 416 3997 mata
463 3928 512 4000 (Ι
564 3928 683 3985 Cor.
742 3946 845 3996 xu,
903 3929 1013 4002 31).
1047 3951 1074 3979 ››
1135 3930 1203 3985 Et
1231 3929 1300 3984 ad
1364 3928 1656 3984 Romanos
1699 3925 1902 3981 habes.

256 4038 288 4068 «
318 4014 459 4071 Dico
481 4029 638 4088 ergo,
656 4015 944 4087 numquid
968 4015 1053 4071 sic
1076 4016 1466 4083 offenderunt,
1495 4019 1559 4070 ut
1585 4012 1906 4070 caderent?

246 4103 461 4161 Absit:
493 4104 593 4160 sed
625 4103 860 4160 illorum
895 4106 1042 4161 779
1074 4104 1353 4161 delictum
1405 4104 1566 4160 salus
1598 4106 1689 4160 est
1718 4102 1905 4175 genti-

249 4193 462 4263 bus,ut
491 4191 622 4248 illos
653 4192 1001 4249 aemulentur
1051 4194 1224 4264 (Rom.
1276 4211 1356 4261 x1,
1415 4194 1525 4265 11).
1557 4215 1585 4244 ››
1620 4193 1689 4248 Et
1717 4191 1906 4247 infra:

251 4304 280 4331 ‹‹
317 4280 502 4337 Vobis
558 4280 713 4336 enim
762 4281 891 4337 dico
940 4281 1215 4354 gentibus
1255 4298 1268 4336 :
1322 4281 1584 4353 quandiu
1637 4296 1742 4353 ego
1774 4296 1907 4335 sum

248 4367 524 4440 gentium
552 4368 887 4440 Apostolus,
922 4369 1318 4425 ministerium
1350 4384 1547 4424 meum
1576 4366 1908 4434 illustrabo,

251 4457 308 4514 si
342 4473 460 4528 quo
492 4456 665 4513 modo
712 4456 950 4514 aemuler
977 4474 1212 4514 carnem
1244 4474 1459 4524 meam,
1489 4461 1546 4512 et
1589 4454 1777 4512 salvos
1826 4456 1910 4509 fa-

250 4544 415 4601 ciam
446 4544 676 4617 aliquos
705 4561 774 4601 ex
794 4545 941 4618 ipsis
962 4546 1119 4616 (Ibid.
1155 4546 1280 4617 13);
1319 4567 1345 4595 »
1379 4544 1486 4600 hoc
1519 4549 1627 4613 est,
1658 4544 1911 4600 afﬁciam

2009 3402 2183 3469 caput
2224 3400 2465 3454 adorare
2512 3403 2829 3471 coeperunt.
2880 3400 3043 3455 Unde
3076 3417 3179 3473 per
3207 3400 3501 3458 canticum
3532 3418 3657 3458 ma-

2010 3501 2192 3557 gnum
2239 3488 2417 3557 Moysi
2449 3487 2734 3543 Dominus
2764 3488 2823 3543 in
2879 3504 2975 3544 ore
3014 3489 3204 3562 ipsius
3235 3490 3539 3548 resultavit
3569 3490 3656 3547 di-

2011 3589 2186 3628 cens:
2225 3594 2253 3624 ‹‹
2306 3573 2421 3645 Ipsi
2451 3575 2846 3631 excitaverunt
2896 3593 2988 3633 me
3026 3578 3098 3633 ein
3131 3577 3563 3637 aemulationem
3595 3579 3655 3635 in

2013 3678 2129 3717 non
2180 3662 2317 3729 Deo,
2376 3662 2750 3719 irritaverunt
2778 3681 2870 3719 me
2903 3665 2962 3719 in
2994 3665 3325 3723 simulacris
3353 3668 3519 3738 suis;
3552 3685 3659 3743 ego

2014 3753 2210 3805 autem
2232 3750 2490 3806 excitabo
2538 3768 2636 3806 eos
2687 3752 2746 3806 in
2778 3751 3210 3810 aemulationem
3231 3755 3293 3809 in
3319 3773 3433 3812 non
3466 3761 3660 3830 gente,

2013 3838 2074 3892 in
2123 3837 2358 3894 natione
2412 3837 2729 3909 insipiente
2787 3838 3030 3894 irritabo
3085 3856 3185 3896 eos
3240 3843 3419 3911 (Deut.
3478 3861 3658 3911 xxxu,

2013 3928 2125 3998 21).
2164 3948 2192 3976 »
2222 3928 2306 3982 En
2338 3927 2631 3998 quomodo
2694 3927 2982 3983 Dominus
3013 3929 3427 3985 condemnavit
3480 3931 3666 4002 Syna-

2016 4032 2175 4089 gogaa
2223 4016 2581 4071 meretricios
2633 4033 2847 4086 mores,
2879 4034 2991 4087 quo
3018 4018 3282 4089 ipsorum
3315 4018 3373 4074 in
3411 4035 3510 4075 eos
3538 4035 3665 4075 ver-

2017 4102 2235 4159 sutiam
2287 4107 2668 4175 retorqueret,
2719 4108 2776 4159 et
2825 4121 2930 4160 suo
2989 4106 3359 4161 allicerentur
3407 4105 3663 4180 ingenio,

2018 4190 2118 4263 qui
2151 4191 2465 4247 Dominum
2488 4192 2672 4248 Deum
2695 4210 2868 4248 suum
2897 4210 2932 4249 a
2956 4210 3072 4266 quo
3095 4195 3386 4267 assumpti
3412 4194 3667 4262 fuerant,

2018 4281 2297 4354 gravibus
2357 4281 2677 4354 sacrilegiis
2707 4282 3055 4349 refutarunt,
3080 4283 3218 4339 deos
3250 4282 3362 4339 sibi
3392 4301 3540 4356 quos
3572 4300 3668 4340 co-

2017 4368 2203 4425 lerent
2232 4369 2512 4442 eligentes
2555 4387 2567 4425 :
2605 4386 2916 4426 assumens
2945 4388 2975 4426 e
3014 4372 3302 4429 contrario
3333 4372 3445 4429 sibi
3477 4373 3669 4431 Eccle-

2021 4457 2169 4513 siam
2199 4459 2270 4513 de
2318 4458 2599 4529 profanis,
2644 4456 2822 4529 quam
2855 4460 3156 4531 praelatum
3186 4461 3298 4517 sibi
3364 4462 3491 4520 sine
3521 4462 3667 4538 lege,

2021 4546 2146 4603 sine
2177 4548 2365 4620 gratia
2404 4546 2739 4602 Judaeorum
2794 4549 3044 4620 pOpulus
3093 4550 3542 4623 ingemisceret;
3584 4558 3670 4610 at-

248 4649 500 4691 carnem
558 4651 768 4690 meam.
830 4634 1095 4706 Denique
1148 4644 1456 4706 παραζηπίσω
1509 4634 1744 4689 Graecus
1804 4632 1913 4688 ha-
1945 4665 1992 4729 Β
2023 4652 2135 4707 que
2166 4650 2232 4690 eo
2282 4634 2537 4707 amplius
2569 4635 2629 4689 in
2661 4635 3091 4694 aemulationem
3120 4638 3357 4697 illorum
3396 4641 3672 4697 excitare-

250 4724 380 4780 bet.
443 4722 588 4778 Nam
647 4726 704 4778 et
754 4722 895 4779 hic:
959 4736 1029 4794 μὴ
1056 4732 1389 4798 παραζηώσλυ
1430 4732 1480 4779 ἐν
1510 4731 1904 4795 πονηρευομένοιι

2026 4728 2123 4779 tur
2155 4724 2414 4791 aﬂ‘ectus,
2449 4740 2561 4794 quo
2591 4724 2861 4781 viliorum
2896 4726 3044 4784 facta
3074 4734 3229 4784 esset
3268 4729 3488 4784 electio.
3523 4728 3668 4783 Nam

253 4810 493 4878 habet;
553 4819 674 4883 μήδι
728 4820 879 4881 ζήλου
935 4825 1049 4879 τοὺς
1103 4825 1358 4881 ποιοῦντας
1385 4825 1477 4880 τὴν
1507 4820 1748 4883 ἀνομίαν;
1808 4811 1916 4867 hoc

250 4903 374 4966 est,
407 4897 525 4954 noli
556 4898 847 4973 malignos
877 4900 936 4957 in
969 4901 1401 4959 aemulationem
1450 4900 1737 4968 excitare;
1771 4916 1914 4971 quo-

252 4988 430 5045 niam
460 4986 547 5043 illi
580 5005 697 5045 non
730 4989 799 5046 de
831 4991 1003 5062 bono,
1036 4992 1138 5047 sed
1170 4992 1241 5047 de
1272 4991 1425 5047 malo
1457 4995 1700 5046 certant.

339 5104 453 5178 (85)
486 5103 625 5160 Mss.
655 5104 935 5178 quinque,
963 5106 1112 5174 bibit,
1145 5111 1194 5162 et
1224 5110 1319 5178 qui
1345 5106 1679 5178 profundum
1707 5108 1917 5177 putavit

251 5174 356 5231 ad
375 5174 563 5232 littora
588 5174 772 5232 natat.

341 5246 458 5315 (86)
500 5247 666 5303 Rom.
746 5248 885 5303 edit.
947 5247 1117 5314 sola.,
1190 5250 1315 5303 Noti
1364 5248 1723 5303 subwmutari
1777 5249 1922 5301 inter

253 5318 662 5401 επαζτργεᾳηιεδ.
720 5320 996 5401 Primum‘
1030 5319 1308 5401 diqcamus
1363 5319 1920 5401 quidlsitsubazmu-

255 5388 431 5445 lari?
472 5389 632 5445 Hanc
689 5389 926 5461 quidem
981 5388 1287 5446 lectionem
1338 5388 1610 5445 videntur
1680 5406 1749 5445 ea
1794 5406 1922 5460 quae

254 5465 626 5534 sequuntur,
659 5460 990 5532 pdstulare;
1040 5462 1142 5518 sed
1175 5478 1281 5518 nos
1313 5478 1397 5534 ex
1422 5462 1536 5516 ﬁde
1567 5462 1744 5534 verba
1772 5478 1918 5534 mss.

256 5536 328 5589 et
359 5531 476 5605 vet.
526 5531 677 5605 edit.
734 5536 1239 5605 repraesentamus.
1300 5532 1405 5589 Cui
1462 5548 1594 5587 vero
1643 5532 1925 5605 placuerit

251 5604 469 5686 lunias.
526 5600 705 5671 hujus
733 5600 1004 5686 versiculi
1053 5604 1325 5686 lectiones
1357 5600 1723 5686 cognoscere,
1747 5605 1925 5686 adeat

253 5671 602 5749 Nobilium,
635 5672 994 5749 apud_qu_em
1025 5676 1199 5749 etiam
1216 5693 1350 5749 cum
1381 5671 1631 5732 aliorum
1664 5676 1923 5749 Patrum,

252 5750 404 5805 tum
437 5742 750 5818 ipsiusmet
780 5742 1066 5804 Ambrosii
1101 5748 1491 5821 expositiones
1521 5749 1788 5823 reperiet.

2028 4817 2161 4869 ante
2211 4829 2327 4884 quo
2378 4813 2710 4868 afficeretur
2766 4815 2862 4871 ille
2929 4817 3183 4889 populus
3256 4834 3371 4872 non
3419 4816 3673 4873 habebat

2028 4918 2161 4957 cum
2194 4901 2381 4956 solum
2417 4918 2477 4957 se
2508 4920 2540 4958 a
2562 4902 2807 4959 Domino
2839 4904 3233 4961 consideraret
3260 4903 3530 4960 electum.
3562 4902 3673 4959 Ubi

2028 5007 2161 5048 vero
2187 4990 2433 5046 advertit
2462 4992 2706 5047 ascitam
2740 5009 2809 5048 ex
2839 4993 3174 5049 nationibus
3205 5007 3524 5049 convenam
3549 4991 3675 5065 ple-

2102 5106 2214 5176 (87)
2246 5105 2339 5161 Sic
2393 5107 2533 5162 edit.
2583 5114 2693 5163 vet.
2756 5124 2822 5163 ac
2879 5108 3045 5163 Rom.
3108 5107 3247 5163 Mss.
3295 5110 3489 5162 autem
3521 5104 3670 5164 Vict.

2032 5182 2089 5233 et
2118 5178 2275 5251 Colb.
2310 5194 2445 5233 cum
2494 5184 2629 5251 vet.
2655 5179 2793 5251 edit.
2828 5178 2887 5232 in
2919 5179 3201 5251 margine,
3232 5186 3330 5251 aut
3355 5179 3678 5249 quotidiana

2032 5252 2122 5303 via
2174 5250 2466 5305 decertant.
2526 5249 2635 5304 Alii
2695 5250 2939 5321 plures,
2986 5249 3080 5305 aut
3134 5250 3474 5322 quotidianae
3546 5252 3677 5309 vitae

2031 5321 2349 5375 decernunt.

2067 5336 2349 5376 acernam.

2103 5392 2214 5463 (88)
2243 5390 2392 5447 Edit.
2428 5394 2545 5445 ant.
2580 5394 2638 5445 et
2682 5391 2847 5446 Rom.
2897 5407 3031 5446 cum
3062 5408 3202 5449 mss.
3263 5392 3393 5447 Vat.
3425 5390 3586 5450 Colb.
3620 5394 3678 5448 et

2033 5464 2204 5537 Vict,
2237 5464 2333 5533 qui
2363 5478 2397 5537 ᾳ
2423 5476 2545 5537 vero
2599 5463 2735 5537 bona
2763 5464 3097 5537 evangelicae
3132 5464 3460 5537 discipline,
3519 5463 3678 5521 devia

2034 5536 2166 5609 tegis
2220 5534 2594 5609 (mutilatique
2629 5534 2877 5609 ¢_l_eﬂexit._
2953 5535 3134 5593 Paris.
3199 5534 3468 5609 quaedam
3539 5551 3675 5609 cum

2034 5604 2376 5678 Reg.....A.
2455 5604 2770 5675 disciplina:
2844 5605 3054 5678 devius,
3131 5604 3285 5678 legis,
3357 5611 3465 5663 etc.
3538 5606 3677 5662 Om-

2033 5675 2221 5753 niu'm,
2280 5675 2363 5730 uti
2423 5679 2722 5747 putamus,
2778 5677 2995 5749 optime
3042 5675 3298 5753 quatuor
3364 5679 3463 5737 alii
3529 5693 3676 5749 quos

2038 5746 2219 5805 secuti
2249 5746 2478 5805 sumus.
