4116 6188
367 327 524 421 ἔριῖξ
556 392 563 399 ι

1828 326 1897 393 s.
1940 323 2330 420 omnem.

3618 324 3837 401 1916⁵

361 462 496 543 bem
527 460 637 541 (89)
672 476 797 532 quae
834 459 985 536 180
1015 459 1128 516 sibi
1175 458 1362 534 legem
1413 458 1666 530 Domini,
1699 459 2011 535 propheta-
2042 463 2094 528 Α
2125 457 2482 534 praelationis
2512 458 2762 535 gratiam
2811 456 3065 535 scelesto.
3077 458 3402 541 parricidio
3433 466 3797 535 persecutus.

362 568 492 608 rum
523 548 778 615 oracula,
819 550 1260 625 Testamentum
1292 567 1505 606 novum
1553 550 1785 606 Domini
1816 548 2008 611 vindi-

359 645 534 708 caret,
567 644 711 695 tunc
742 639 981 695 demum
1012 639 1326 697 excruciari
1358 640 1538 695 nimio
1570 639 1741 711 coepit
1772 639 2003 708 affectu,

359 733 745 803 posteaquam
774 746 837 785 se
867 728 1239 803 repudiatum
1269 746 1398 785 esse
1423 729 1710 801 cognovit.
1744 727 2008 809 Denique

360 819 410 877 si
460 819 657 897 videat
707 817 1014 889 gentilium
1069 819 1466 884 caeremonias,
1526 835 1642 874 non
1703 819 2003 873 movetur:

361 908 412 966 si
444 908 647 966 audiat
674 908 995 982 profectum
1028 907 1314 975 Ecclesiae,
1347 907 1645 985 cruciatur
1673 906 2006 978 miseraque

361 1002 673 1071 torquetur
743 996 979 1052 invidia.
1022 996 1360 1069 Completur
1430 1013 1568 1069 ergo
1626 996 1684 1052 in
1743 996 2002 1052 Judaaa:

365 1086 495 1142 «Et
552 1102 658 1158 ego
717 1086 777 1141 in
808 1086 1239 1143 aemulationem
1296 1103 1394 1143 eos
1453 1085 1714 1142 excitabo
1771 1085 1832 1140 in
1890 1100 2007 1141 non

365 1179 536 1251 gente
568 1176 771 1248 (Ibid).
810 1198 836 1223 ››

433 1267 487 1320 7.
545 1264 783 1320 Accedit
836 1265 908 1320 ad
966 1264 1258 1330 cruciatus
1314 1265 1597 1337 gravioris
1663 1279 2006 1327 aerumnam,

362 1354 517 1427 quod
575 1371 643 1410 ex
700 1354 974 1426 gentibus
1029 1357 1364 1425 peccatores
1421 1353 1532 1409 sibi
1581 1352 1855 1408 videntur
1882 1368 2011 1408 esse

362 1443 604 1517 praelati,
635 1444 734 1514 qui
789 1460 862 1499 ne
905 1442 1096 1516 gentis
1118 1443 1378 1515 quidem,
1410 1442 1730 1515 alicujusve
1757 1440 2010 1499 nationis

362 1548 576 1609 nomen
606 1532 896 1588 attollant.
927 1526 1072 1603 Nam
1099 1533 1289 1588 omnis
1319 1531 1692 1604 congregatio
1720 1531 2011 1602 cujusque

361 1620 617 1695 regionis
649 1628 863 1677 nomen
916 1620 1028 1677 sibi
1057 1620 1352 1676 vindicare
1395 1620 1714 1687 consuevit,
1748 1623 1813 1674 ut
1840 1622 2011 1694 [Egy-
2038 1692 2041 1695 Α

365 1709 494 1783 ptii,
551 1710 873 1782 (Ethiopes,
929 1708 1076 1781 Syri,
1134 1708 1341 1777 Judaei,
1401 1709 1642 1778 Arabes,
1702 1707 2011 1780 provinciae

362 1790 483 1855 suae
512 1804 922 1869 terrarumque
971 1814 1215 1853 suarum
1258 1796 1609 1863 vocabulum
1657 1797 2006 1869 praeferunt:
2040 1830 2090 1895 Β

364 1905 473 1944 nos
501 1888 573 1943 de
592 1886 839 1942 diversis
870 1886 1101 1959 populis
1132 1885 1488 1959 congregati,
1520 1885 1870 1942 vocabulum
1903 1903 2011 1942 no-

363 1974 457 2034 bis
486 1976 665 2051 unius
720 1976 912 2049 gentis
942 1993 1057 2031 non
1091 1966 1408 2048 possumus
1440 1992 1763 2048 usurpare;
1795 1979 1851 2031 et
1879 1976 2011 2032 ideo

363 2065 504 2139 quia
531 2079 747 2121 nomen
778 2081 893 2119 non
926 2064 1289 2121 habebamus
1320 2064 1381 2119 in
1411 2064 1605 2130 terris,
1639 2065 1708 2120 de
1740 2062 1883 2121 coelo
1917 2081 2012 2121 ac-

362 2154 647 2228 cepimus,
682 2157 748 2209 ut
780 2153 993 2210 Christi
1033 2146 1286 2226 populus
1337 2153 1684 2210 diceremur.
1738 2154 1850 2210 Sed
1902 2153 2013 2209 hoc

362 2243 601 2317 gentilis
633 2242 945 2299 stultitiam
977 2246 1163 2314 putat,
1196 2243 1436 2299 Judaeus
1466 2243 1870 2315 opprobrium.
1902 2242 2013 2298 Ve-

366 2341 500 2388 rum
531 2336 621 2388 est
649 2348 784 2404 ergo
842 2332 997 2404 quod
1026 2330 1332 2404 scriptum
1373 2336 1481 2398 est,
1541 2332 1680 2405 quia
1731 2332 1895 2389 ultus
1925 2334 2015 2389 est

367 2422 522 2478 Deus
545 2420 843 2494 propriam
864 2419 1301 2488 contumeliam,
1332 2420 1650 2476 Ecclesiam
1674 2420 1786 2476 sibi
1804 2437 1873 2477 ex
1898 2438 2013 2476 non

367 2512 539 2584 gente
570 2510 879 2582 quaerendo
904 2527 918 2577 ;
950 2512 1007 2564 et
1027 2524 1156 2564 eam
1187 2525 1255 2564 ex
1283 2512 1453 2581 gente
1482 2507 1816 2581 insipiente,
1850 2515 2013 2565 vetu-

367 2603 457 2657 sto
513 2598 596 2654 illi
629 2602 803 2670 atque
856 2596 1037 2670 regali
1096 2597 1308 2670 papulo
1354 2597 1731 2671 praeferendo.
1767 2600 1902 2665 Quae
1934 2599 2015 2655 sit

366 2692 509 2761 gens
564 2678 857 2759 insipiens
909 2684 1056 2758 quae
1094 2685 1332 2758 praelata
1362 2687 1457 2754 sit,
1510 2687 1646 2744 audi
1681 2687 2012 2743 dicentem:

368 2800 397 2827 ‹‹
426 2775 716 2843 Quoniam
745 2774 925 2831 stulta
955 2772 1162 2830 mundi
1191 2774 1365 2849 elegit
1396 2776 1569 2845 Deus,
1601 2779 1667 2831 ut
1698 2774 2018 2851 confundat

368 2864 678 2938 sapientes
709 2868 760 2937 (Ι
813 2864 934 2920 Cor.
995 2881 1035 2931 ι,
1089 2863 1203 2936 27).
1238 2886 1266 2913 ››
1316 2862 1384 2919 Et
1438 2863 1690 2921 iterum:
1727 2887 1755 2914 «
1788 2865 1847 2919 Si
1881 2865 2015 2936 quis

365 2953 597 3010 videtur
614 2948 785 3009 inter'
814 2968 916 3008 vos
947 2952 1183 3024 sapiens
1215 2968 1342 3008 esse
1372 2943 1430 3007 in
1461 2952 1570 3008 hoc
1601 2942 1834 3020 saeculo,
1868 2950 2014 3008 stul-

368 3047 465 3099 tus
493 3042 618 3110 ﬁat,
653 3045 719 3097 ut
747 3028 824 3097 sit
869 3041 1107 3113 sapiens
1154 3042 1201 3112 (Ι
1228 3040 1349 3097 Cor.
1402 3059 1489 3107 ιιι,
1521 3041 1630 3112 18).
1683 3064 1710 3091 ››
1746 3041 2019 3098 Reddidit

370 3147 529 3204 ergo,
560 3147 677 3186 non
708 3128 906 3185 intulit
928 3128 1209 3185 Dominus
1237 3128 1626 3184 aemulationis
1657 3129 2018 3185 communio-

369 3236 545 3287 nem;
578 3222 643 3274 ut
671 3223 826 3274 esset
881 3217 1088 3274 nonin
1146 3217 1335 3274 forma
1386 3218 1751 3281 imitationis,
1811 3218 1912 3274 sed
1957 3218 2017 3273 in

371 3326 543 3382 poena
572 3298 921 3379 iniquitatis.

442 3398 496 3452 8.
527 3395 789 3466 Denique
808 3393 1352 3467 Latinusinterpres
1365 3394 1562 3451 volens
1583 3394 2020 3453 distinctionem

376 3485 562 3541 facere
584 3483 734 3540 inter
754 3482 1188 3539 aemulationem
1217 3478 1471 3551 virtutis,
1502 3488 1559 3540 et
1591 3484 2021 3544 aemulationem

377 3571 736 3639 offensionis,
785 3572 867 3627 ait
890 3588 903 3626 :
966 3594 995 3621 ‹‹

375 3664 423 3735 (1
440 3662 570 3719 Cor.
597 3679 652 3729 x,
683 3661 822 3732 22)?
856 3684 882 3710 ››
914 3660 1031 3717 Hoc
1053 3660 1466 3734 est,numquid
1484 3661 1730 3719 Domino
1757 3663 2023 3720 offensio—

374 3767 509 3807 nem
530 3750 919 3806 aemulationis
942 3749 1268 3818 inferimus,
1303 3755 1367 3805 ut
1395 3750 1467 3806 de
1489 3750 1561 3806 iis
1591 3752 1858 3820 edamus,
1891 3770 2016 3825 quae

372 3838 1019 3896 im'molatasimulacris
1041 3842 1212 3907 sunt;
1246 3842 1400 3895 sicut
1427 3839 1636 3909 Judaei,
1671 3858 1806 3896 cum
1837 3844 2016 3897 sacri-

370 3928 594 3986 ﬁcarido
625 3928 956 3985 simulacris
1007 3928 1542 4000 exasperaverunt?
1584 3929 1745 3993 Quod
1780 3930 1828 3986 si
1870 3914 2019 3988 inter

369 4017 638 4075 homines
684 4017 999 4074 excitanda:
1047 4005 1439 4073 aemulationis
1465 4016 1705 4074 offendit
1750 4020 2014 4090 intentio,

367 4112 424 4163 et
452 4107 787 4180 frequenter
807 4122 1056 4178 persona
1077 4106 1396 4177 eanperati
1423 4105 2012 4178 superiorinvenitur,

367 4196 523 4268 quod
579 4194 903 4251 incentoria
930 4191 1320 4249 aemulationis
1350 4193 1461 4267 (90)
1498 4194 1687 4251 fraudi
1719 4213 1846 4254 esse
1875 4215 2011 4254 con-

364 4284 570 4353 suevit,
604 4286 773 4355 cujus
821 4282 1083 4339 stultitiae
1128 4285 1215 4338 est
1263 4284 1629 4354 majestatem
1663 4284 1890 4342 irritare
1922 4287 2007 4343 di-

364 4372 583 4439 vinam,
618 4377 675 4429 et
720 4370 1068 4443 oli'endiculo
1116 4370 1507 4427 aemulationis
1556 4372 1863 4444 incessere,
1912 4376 2011 4432 ubi

367 4459 531 4515 nulla
559 4459 799 4515 ultionis
827 4463 916 4515 est
944 4459 1262 4515 difficultas
1283 4462 1311 4515 ?

1052 3571 1348 3645 Numquid
1397 3571 1749 3630 aemulantur
1782 3575 2021 3632 Domino
2096 3605 2106 3614 -

2119 544 2226 607 est.
2263 549 2575 617 Noneuim
2599 550 2698 607 ille
2736 547 3148 625 fratrislvoluit
3168 551 3795 629 obumbrareswiﬁ-

2119 639 2410 708 cium,sed
2432 656 2662 697 servare
2683 639 2961 697 sacrificii
2982 639 3457 714 disciplinarumt
3484 641 3804 714 primitias;

2121 726 2283 784 nulla
2312 727 2536 784 desidia
2564 732 2913 797 moraretur,
2962 745 3071 799 nec
3117 720 3317 801 aliqua
3356 728 3417 784 in
3447 718 3603 788 usus
3639 720 3803 804 pro?

2120 816 2280 889 prios
2327 817 2580 877 derivata
2628 818 3009 890 usurpatione
3055 818 3319 875 violaret.
3368 818 3513 877 Saul
3543 837 3795 894 quoque

2118 905 2610 978 triumphatorem
2640 905 3093 979 Palestinorum
3108 906 3293 975 David
3317 908 3695 983 prophetam,
3730 916 3796 967 et

2119 994 2365 1069 propriae
2396 999 2864 1052 conservatorem
2919 995 3157 1067 salutis,
3179 997 3639 1068 juvencularum
3670 1000 3813 1059 sibi.

2119 1099 2389 1140 sermone
2421 1083 2727 1156 praelatum
2755 1084 3002 1159 tentavit
3030 1084 3289 1157 insidiis,
3317 1084 3419 1152 teli
3441 1086 3648 1156 jacule
3678 1105 3791 1160 pa-

2118 1172 2267 1228 ravit
2296 1173 2579 1238 occidere,
2610 1189 2677 1229 ac
2737 1189 2884 1246 pene
2929 1175 3285 1247 sanguinem
3316 1173 3519 1246 generi
3549 1174 3811 1239 fuderat-

2119 1261 2447 1337 innocentis
2473 1262 2618 1319 781
2645 1260 2759 1317 nisi
2779 1260 2994 1331 vulnus
3016 1261 3114 1318 ille
3137 1260 3357 1319 sinuati
3377 1263 3646 1335 corporis
3668 1266 3786 1338 (9t)

2120 1350 2427 1407 inﬂexione
2457 1350 2751 1408 elusisset.
2797 1351 2931 1416 Quae
2952 1350 3044 1413 .ibi
3076 1349 3322 1421 malitia,
3372 1351 3425 1411 si
3445 1352 3815 1424 juvenem/an

2120 1439 2426 1496 dixerunt:
2465 1463 2494 1491 ‹‹
2527 1439 2665 1496 Saul
2695 1439 2755 1495 in
2787 1439 3046 1509 milibus,
3076 1439 3259 1497 David
3283 1439 3344 1496 in
3375 1441 3584 1503 decem
3611 1443 3815 1501 millir

2120 1528 2232 1601 bus
2262 1531 2307 1601 (I
2335 1530 2462 1599 Reg.
2495 1546 2650 1597 XXIX,
2680 1529 2786 1599 5)?
2818 1551 2846 1579 ››
2906 1528 3094 1603 Quam
3127 1533 3293 1586 atrox
3333 1534 3533 1595 autem
3564 1531 3813 1593 invidia.

2121 1618 2276 1690 regis
2314 1617 2474 1687 Saul,
2528 1617 2628 1691 qui
2682 1616 2973 1687 sermonis
3023 1634 3280 1676 errorem
3329 1618 3389 1677 in
3450 1618 3817 1679 innocentis.

2120 1705 2364 1762 exitium
2394 1706 2673 1763 derivavit
2686 1707 2708 1781 ,ι

2196 1796 2281 1850 10.
2319 1818 2349 1846 (ι
2395 1796 2597 1868 Neque
2656 1794 2991 1865 aemulatus,
3067 1795 3281 1869 inquit,
3337 1797 3537 1867 fueris,
3569 1798 3787 1875 facien-

2110 1886 2212 1941 tes
2241 1883 2632 1957 iniquitatem.
2668 1907 2694 1933 »
2726 1884 2851 1940 Non
2903 1883 3176 1956 repetivit
3216 1885 3372 1958 quod
3406 1886 3658 1958 dixerat,
3686 1890 3809 1961 sed.

2123 1972 2411 2031 mutavit:
2442 1972 2601 2029 aliud
2633 1976 2723 2029 est
2751 1971 2910 2045 enim
2958 1972 3363 2043 subaemulari,
3408 1975 3583 2045 aliud
3605 1993 3787 2041 aemu-

2120 2060 2271 2118 lari:
2307 2060 2727 2129 subwmulatio.
2770 2061 3049 2137 astutiam
3076 2062 3270 2131 habet,
3305 2051 3608 2131 aemulatio
3640 2065 3787 2129 sime.

2123 2149 2465 2223 plicitatem.
2498 2150 2611 2208 Sed
2644 2154 2841 2221 tamen
2874 2150 3054 2227 etiam
3086 2150 3225 2223 ipsa.
3246 2157 3427 2217 cauta
3455 2152 3635 2212 debet
3657 2171 3787 2221 esse
3814 2202 3823 2225 ε

2124 2238 2473 2315 simplicitas
2515 2243 2571 2295 et
2616 2239 2879 2312 provida,
2928 2243 2995 2295 ut
3024 2240 3250 2297 noverit
3270 2240 3425 2313 ,quid
3456 2243 3817 2300 cavendum.

2125 2327 2220 2391 sit.
2243 2328 2443 2401 Neque
2490 2328 2648 2384 enim
2671 2327 2869 2397 otiose.
2900 2328 3130 2399 dictum
3151 2334 3276 2391 est:
3311 2352 3339 2381 ‹‹
3375 2331 3576 2390 Estote
3605 2332 3794 2399 astuti

2125 2414 2279 2472 sicut
2299 2422 2621 2490 serpentes,
2653 2421 2709 2472 et
2738 2416 3041 2491 simplices.
3067 2417 3222 2474 sicut
3249 2417 3540 2487 columba:
3571 2421 3791 2492 (Matth.

2124 2522 2179 2572 x,
2216 2506 2321 2576 16).
2360 2528 2387 2555 ››
2418 2505 2710 2579 Spiritalis
2749 2522 2884 2579 ergo
2907 2506 3083 2563 debet
3102 2523 3232 2565 esse
3251 2508 3493 2581 astutia,
3515 2526 3649 2581 qua:
3670 2526 3791 2567 ser-

2124 2597 2217 2657 vet
2247 2593 2519 2660 salutem,
2546 2632 2547 2635 η
2574 2594 2777 2665 dolum
2834 2594 3080 2651 nesciat.
3113 2595 3789 2673 Spiritalispdebetiesse

2125 2682 2493 2757 simplicitas.
2512 2682 2756 2740 Videtur
2772 2687 2973 2740 autem
2993 2683 3172 2757 etiam
3194 2682 3308 2741 alio
3321 2683 3792 2745 locodistinctioe

2126 2787 2261 2828 nem
2292 2771 2798 2828 subaemulationis
2826 2771 3128 2844 Scriptura
3160 2773 3388 2839 iecisse,
3434 2790 3575 2831 cum
3606 2775 3799 2831 dicit:

2127 2882 2156 2911 ‹‹
2189 2861 2258 2917 Et
2285 2861 2582 2917 auferetur
2627 2860 2787 2917 zelus
2835 2860 3108 2934 Ephrem,
3141 2862 3455 2919 et.inimici
3488 2863 3658 2920 Judaa
3688 2880 3792 2936 pe-

2126 2950 2345 3006 ribunt.
2380 2950 2506 3009 Non
2538 2950 2647 3005 erit
2674 2948 2931 3009 aemulus.
2976 2949 3230 3023 Ephrem
3246 2951 3452 3025 ‘Judaa,
3513 2955 3574 3019 et
3598 2953 3792 3023 Iudas

2125 3055 2242 3095 non
2289 3038 2518 3095 vexabit
2566 3037 2833 3111 Ephrem.
2870 3038 2996 3110 (Isa.
3048 3040 3279 3108 111,13).
3334 3062 3363 3089 »
3393 3038 3795 3101 Alibi.autem

2128 3127 2350 3184 habes:
2391 3148 2414 3176 ι
2470 3127 2567 3183 Sic
2596 3132 2656 3184 et
2710 3144 2832 3196 vos,
2874 3127 3155 3200 quoniam
3216 3127 3605 3209 aemulatores;
3648 3132 3821 3203 estis,

2128 3215 2488 3291 spiritalium
2516 3217 2589 3271 ad
2616 3216 3419 3286 .mdiﬁcationemEcclesiai.
3450 3219 3701 3291 quaerite
3733 3225 3821 3281 ut»

2133 3305 2444 3361 abundetis
2474 3305 2522 3378 (1
2549 3304 2670 3365 Cor.
2702 3323 2816 3374 xxv,
2873 3306 2981 3378 12).
3018 3327 3046 3357 ››
3107 3305 3504 3369 Εωωαῐοτθβ
3555 3324 3661 3380 pro
3694 3308 3843 3387 boy.

2132 3394 2246 3464 nis,
2279 3398 2337 3451 et
2363 3395 2528 3455 bona
2558 3395 2641 3464 rei
2669 3392 3063 3469 imitatoribus
3100 3395 3322 3469 posuit,
3353 3396 3665 3474 amulum.
3691 3414 3807 3470 pm

2134 3484 2371 3559 obliquo
2402 3489 2459 3540 et
2488 3484 2704 3540 invido.
3154 3478 3161 3483 ’

2205 3572 2293 3629 ll.
2327 3572 2511 3645 (Vers.
2543 3573 2622 3645 2.)
2655 3573 2925 3630 Primum.
2943 3576 3033 3631 est
3059 3590 3220 3647 ergo,
3252 3574 3657 3649 nemalignos
3722 3577 3805 3635 ad

2134 3660 2524 3719 aemulationis
2544 3659 2985 3735 malignitatem
3011 3660 3268 3731 lacessas
3293 3680 3308 3729 ;
3342 3664 3703 3733 secundum,
3735 3670 3813 3722 ut

2134 3766 2250 3806 non
2299 3747 2593 3806 aemuleris
2636 3749 3006 3823 iniquitatem
3060 3749 3362 3823 facientes.
3436 3738 3825 3829 Plerumque;

2130 3838 2288 3895 enim
2319 3838 2581 3895 videntes
2602 3839 2683 3913 pii
2706 3839 2907 3897 fraude
2923 3838 3154 3917 aliquos
3168 3843 3225 3896 et
3254 3840 3477 3899 astutia
3502 3841 3827 3919 qupsisse.

2129 3928 2387 3997 divitias,
2419 3932 2477 3985 et
2503 3927 2837 4001 pervenisse
2866 3927 2940 3999 ad
2972 3927 3662 4005 honores,,amulatione
3693 3932 3794 3988 de-

2129 4015 2322 4093 formi,
2356 4018 2478 4075 vias
2508 4034 2708 4073 eorum
2741 4018 2905 4090 sequi
2940 4018 3210 4090 gestiunt
3238 4021 3333 4091 ut,
3357 4018 3447 4083 ad.
3466 4019 3707 4093 divitias
3735 4025 3799 4079 et.
3820 4054 3835 4077 .-

2126 4092 2378 4179 hojnorcs
2408 4104 2588 4183 simili
2619 4110 2741 4163 arte
2773 4098 3136 4179 perveniant,
3169 4104 3255 4165 vel
3288 4092 3792 4183 incontraheudo

2125 4195 2397 4269 conjugio
2419 4194 2907 4260 circumscribant
2937 4193 3433 4277 adolescentulas.
3459 4197 3787 4273 Quidenim
3822 4248 3829 4253 .

2124 4284 2384 4355 prodest,
2437 4299 2569 4339 cum
2601 4282 2743 4355 ipsae
2770 4282 2989 4339 divitiae
3019 4287 3076 4339 et
3103 4282 3296 4341 omnis
3319 4283 3789 4363 gloria~s§culag~

2122 4374 2205 4449 ris
2234 4377 2515 4446 tanquam
2544 4372 2738 4428 fenum
2789 4372 2903 4428 cito
2937 4376 3183 4445 arescat,
3209 4376 3266 4429 et
3302 4375 3817 4452 tanquanipleea,

2121 4460 2437 4519 herbarum
2461 4461 2519 4516 in
2543 4461 2668 4532 ipsa
2688 4460 2876 4541 specie
2898 4462 2992 4517 sui
3006 4462 3176 4519 .ﬂoris
3193 4461 3547 4537 intercidant
3566 4463 3594 4521 ?
3612 4486 3644 4518 «ί
3658 4466 3813 4539 Οῳμ,

433 4549 489 4603 9.
522 4547 648 4603 Non
670 4548 950 4603 debemus
977 4548 1155 4619 igitur
1176 4546 1449 4621 malignis
1466 4550 1777 4607 aemulandi
1811 4554 2009 4610 adver-
2041 4557 2090 4624 Ι)
2122 4550 2213 4607 nis
2244 4567 2376 4607 caro
2408 4550 2630 4617 fenum,
2680 4553 2738 4605 et
2786 4542 2993 4617 omnis
3029 4549 3545 4629 gloriahominis
3588 4557 3656 4611 ut
3679 4554 3833 4615 ﬂos.

364 4654 497 4693 sum
519 4654 627 4693 nos
644 4635 876 4693 aculeos
898 4636 1255 4704 ministrare,
1278 4636 1378 4709 qui
1403 4637 1574 4694 etiam
1592 4657 1707 4696 non
1732 4640 2008 4711 lacessiti,

363 4725 593 4781 invidia:
625 4724 881 4805 stimulis
921 4724 1266 4792 excitantur,
1302 4730 1365 4780 ut
1395 4732 1659 4795 noceant,
1690 4729 1841 4787 sicut
1870 4733 2008 4789 Cain

359 4814 598 4893 fratrem
629 4814 861 4883 occidit,
893 4815 1034 4886 quia
1083 4812 1271 4886 magis
1326 4812 1484 4870 illius
1523 4817 1877 4876 sacrificium
1912 4838 2006 4878 ac-

359 4908 594 4977 ceptum
626 4907 795 4972 esset,
847 4919 1027 4975 quam
1059 4902 1215 4973 quod
1263 4901 1387 4974 ipse
1430 4909 1733 4975 potaverat
1760 4910 2007 4967 oll'eren-

359 4994 521 5051 dum.
553 4994 615 5050 In
647 5009 762 5066 quo
796 5009 911 5046 non
941 4990 1251 5046 aemulatus
1270 4989 1409 5045 Abel
1436 5008 1448 5045 :
1483 4993 1583 5047 sed
1614 4992 1847 5051 invidus
1869 4996 2005 5053 Cain

431 5135 542 5207 (89)
573 5134 708 5191 Cod.
749 5133 1037 5207 nonnulli,
1071 5133 1302 5189 advertit
1331 5133 1401 5188 ad
1427 5136 1714 5192 scientiam
1743 5141 1848 5194 Dei
1875 5156 2008 5196 con-

360 5208 667 5279 venientem
682 5206 916 5279 plebem.
1204 5278 1207 5279 ν
1328 5234 1334 5242 ι

427 5278 542 5347 (90)
571 5278 721 5333 Edit.
776 5278 968 5345 Rom.,
1022 5278 1322 5344 invenitur,
1369 5278 1659 5345 incentori,
1698 5282 2005 5339 aemulatio-

356 5349 466 5420 nis,
527 5353 635 5404 etc.
690 5349 849 5420 Alite,
914 5351 1197 5405 invenitur
1242 5350 1549 5404 incentoria
1604 5352 2001 5410 aemulationis.

357 5418 499 5496 Mss.
533 5418 977 5496 omnes..._’quod
1008 5421 1333 5496 incentoria,
1389 5425 1496 5475 etc.
1529 5420 1599 5496 Et
1646 5428 1799 5479 certe
1830 5426 2005 5496 parti-

356 5486 510 5553 cula,
542 5490 702 5558 quod,
735 5486 958 5547 videtur
986 5493 1225 5547 omnino
1257 5491 1586 5548 necessaria
1615 5486 2001 5553 constructio-

357 5560 440 5641 n_i.
473 5558 684 5638 Vocem
715 5567 931 5629 autem,
994 5565 1332 5641 incentoria,
1372 5562 1573 5641 _l'uissc_
1608 5568 1748 5622 tunc
1780 5572 2001 5639 tempo-

357 5633 440 5689 ris
471 5646 574 5702 pro
630 5633 805 5689 eausa
837 5652 961 5706 qua:
1011 5636 1082 5691 ad
1115 5634 1337 5706 aliquid
1371 5633 1719 5709 incenderet,
1755 5633 2001 5713 usurpa-

2120 4638 2236 4695 feni
2268 4640 2392 4712 (Isa.
2423 4656 2514 4703 xc,
2543 4638 2620 4710 6).
2657 4660 2686 4687 »
2736 4637 2862 4694 Noli
2900 4655 3056 4712 ,ergo
3108 4656 3466 4717 magnopere

2118 4729 2272 4801 quod
2305 4731 2652 4801 perpetuum
2683 4742 2954 4797 essenon
2984 4716 3351 4807 possit,'noli
3371 4744 3507 4787 esse
3524 4716 3787 4807 amulos
3814 4792 3821 4797 ,

2118 4824 2177 4874 et
2205 4815 2517 4888 obliquus;
2551 4813 2669 4871 noli
2730 4833 2859 4872 esse
2915 4802 3322 4885 contentiosus
3360 4821 3429 4875 .et
3460 4802 3787 4885 decertatur

2118 4906 2178 4961 in
2208 4904 2348 4961 zelo.
2410 4904 2573 4960 Unde
2628 4906 2686 4959 et
2741 4903 2953 4978 Aquila
2978 4904 3130 4962 dixit
3160 4921 3173 4959 :
3205 4927 3233 4956 «
3286 4905 3415 4962 Noli
3446 4913 3784 4983 concertare
3814 4972 3825 4979 ,

2117 4993 2177 5050 in
2208 4992 2690 5065 malignantibus.
2730 5016 2759 5043 ››
2791 4994 3185 5073 Symmachus
3214 5011 3228 5048 :
3256 5017 3285 5045 ‹‹
3313 4993 3444 5051 Noli
3471 4998 3785 5069 contende-

2116 5142 2238 5194 tam
2272 5135 2702 5193 existimamus.

2185 5209 2296 5283 (91)
2328 5208 2489 5283 Edit.
2526 5208 2797 5283 quaedam
2840 5208 3051 5283 Paris,
3099 5211 3213 5265 nisi
3256 5210 3460 5283 vulnus
3487 5211 3585 5283 illi
3607 5230 3783 5283 ante;

2116 5277 2220 5335 lati
2273 5277 2561 5353 corporis.‘
2614 5277 2754 5353 Reg.
2817 5295 2884 5353 ac
2955 5280 3258 5353 Tbuan....
3336 5277 3595 5353 Simutaa'
3661 5277 3780 5342 ἐστὶ

2109 5354 2284 5433 poris,
2315 5350 2425 5433 etc.
2468 5352 2674 5433 “Forte
2700 5350 2856 5433 Quod
2889 5350 3261 5433 crediderint
3302 5350 3587 5433 sanctum
3633 5355 3777 5412 Doc-

2114 5416 2298 5502 torern
2329 5421 2585 5502 a_ll_ud_er_e
2604 5422 2678 5477 ad
2700 5416 2954 5502 ligneam
2976 5416 3141 5481 illam
3169 5423 3420 5502 elligiem
3442 5441 3638 5502 quam
3674 5444 3807 5502 pro,

2113 5492 2597 5570 Davide-Miebot
2628 5492 3016 5570 supposuisse
3054 5492 3441 5570 memoratur.
3471 5492 3594 5570 Sed
3623 5492 3779 5570 pisi";

2114 5570 2268 5640 stare
2289 5565 2423 5621 Gill.
2447 5570 2505 5622 et
2524 5564 2768 5621 aliorum
2818 5581 2961 5640 mss.
2997 5564 3301 5624 lectionem
3325 5565 3523 5640 palam
3548 5564 3775 5631 faciunt
3832 5576 3837 5579 λ

2112 5638 2306 5707 verba,
2337 5642 2463 5694 tum
2495 5654 2622 5711 quae
2670 5638 3026 5710 praecedunt,
3076 5644 3204 5696 tum
3253 5638 3378 5710 quis
3407 5646 3775 5721 sequuntur,
