4116 6188
431 382 590 450 1019

1891 373 1958 438 S.
2004 368 2392 440 AMBROSH

3698 367 3865 437 1020

427 524 651 579 cretum
671 515 700 575 ?
730 511 900 574 Latro
931 511 989 572 in
1045 511 1358 574 solitudine
1415 508 1682 570 subsidet
1725 509 1860 584 (95),
1891 510 2083 568 noctis
2111 511 2168 577 Α
2197 511 2354 567 enim
2376 510 2692 579 unum,sed
2706 525 2909 569 omnes
2930 509 3100 569 docet
3117 514 3184 568 ut
3196 505 3514 585 subjiciunt
3535 523 3638 567 cor
3655 521 3836 567 suum
3857 552 3870 578 ,

424 611 697 668 tenebras
729 606 1047 680 opperitur,
1071 609 1136 661 ut
1177 602 1369 671 ,celeri
1415 603 1582 660 cedat
1639 603 1900 658 effectus.
1964 601 2082 656 Ini-

425 699 622 772 quitas
654 713 790 771 ergo
819 696 1067 752 teneme
1100 697 1274 750 sunt:
1309 716 1338 743 «
1371 693 1526 748 Deus
1564 691 1663 748 lux
1693 695 1782 747 est
1831 691 1880 761 (Ι
1920 693 2078 747 Joan.

423 803 465 856 ι,
495 787 573 858 5).
610 809 637 837 ››
665 787 732 842 Et
763 785 809 842 si
844 788 907 839 tu
936 782 1078 838 velis
1098 786 1263 838 tuam
1290 779 2080 852 occultarejustitiam,Deus

424 891 555 933 eam
587 875 795 931 educet
826 873 885 928 in
918 871 1107 927 lucem
1134 889 1147 940 ;
1182 887 1286 926 nec
1318 870 1539 942 patitur
1568 869 1745 925 latere
1784 867 2077 940 judicium

426 981 540 1037 quo
562 980 630 1019 ea
660 979 794 1034 quae
823 961 978 1016 bona
1010 962 1147 1015 sunt
1178 957 1427 1031 elegisti,
1463 974 1590 1029 quae
1619 956 1889 1028 improba
1932 955 2082 1012 refu-

422 1052 583 1110 tasti.
612 1051 725 1107 Nec
757 1049 948 1106 solum
979 1049 1117 1104 facit
1156 1052 1283 1104 tum
1343 1047 1535 1102 lucere
1585 1045 1916 1117 judicium;
1975 1045 2076 1100 sed

422 1141 616 1198 lucere
646 1139 797 1195 sicut
827 1137 1148 1210 meripiem.
1185 1136 1426 1201 Quando
1449 1153 1510 1190 se
1543 1135 1626 1190 sol
1660 1134 1771 1189 iste
1806 1135 1864 1188 in
1888 1133 2081 1206 splen-

421 1231 620 1286 dorem
645 1233 803 1285 totus
833 1228 1103 1296 effundit,
1141 1225 1416 1281 meridies
1473 1228 1579 1280 est.
1631 1223 1898 1278 Meridies
1955 1227 2079 1277 erat

421 1318 653 1392 quando
681 1316 897 1388 Joseph
930 1333 1064 1370 cum
1095 1314 1375 1370 fratribus
1397 1312 1763 1385 epulabatur,
1783 1328 1898 1367 non
1916 1310 2078 1367 ultus

420 1407 719 1479 injuriam,
753 1406 855 1462 sed
886 1403 1122 1460 oblitus.

499 1497 579 1551 l6.
612 1495 797 1569 (Vera.
831 1496 912 1563 7.)
942 1517 969 1543 «
1008 1492 1293 1550 Subditus
1349 1496 1470 1548 esto
1531 1490 1797 1557 Domino,
1857 1493 1915 1544 et
1969 1489 2076 1544 ob—

418 1601 582 1643 secra
637 1599 832 1640 eum.»
905 1582 1030 1638 Non
1088 1582 1280 1638 solum
1331 1585 1397 1636 ut
1443 1580 1745 1651 subjectus
1803 1577 1884 1634 sis
1937 1577 2073 1645 Deo,

419 1673 702 1742 moneris,
733 1672 832 1729 sed
875 1671 1052 1727 etiam
1109 1674 1174 1725 ut
1229 1670 1498 1725 obsecres
1558 1667 1898 1735 Dominum,
1960 1683 2076 1738 quo

418 1762 610 1835 possis
637 1765 749 1816 tuae
781 1759 1043 1815 studium
1071 1757 1454 1828 subjectiouis
1486 1755 1750 1829 implere,
1813 1753 1964 1810 sicut
2021 1758 2077 1810 et

419 1867 599 1923 supra
629 1849 738 1905 ait:
770 1872 797 1897 ‹‹
845 1846 1062 1945 Revela
1107 1847 1220 1916 (94)
1242 1933 1255 1945 1
1276 1845 1544 1945 Ι)οωίηῆ
1579 1845 1748 1943 viam.
1773 1848 1959 1913 tuam,
2018 1847 2074 1899 et
2105 1880 2155 1945 Β

419 1953 592 2011 spera
643 1937 704 1992 in
763 1951 968 1991 eum.»
1015 1934 1140 1990 Non
1174 1933 1365 1991 solum
1397 1933 1650 1989 revelare
1699 1931 1848 1986 viam
1908 1936 2070 1988 tuam

415 2030 475 2083 te
495 2024 798 2094 convenit;
831 2025 932 2080 sed
965 2023 1142 2079 etiam
1175 2038 1409 2096 sperare
1440 2022 1500 2077 in
1541 2020 1879 2077 Dominum.
1912 2025 2073 2077 Bona

417 2118 614 2172 autem
633 2113 937 2186 subjectio,
971 2130 1087 2168 non
1119 2112 1364 2182 abjecta,
1397 2127 1514 2166 non
1572 2109 1726 2176 vilis,
1787 2110 1886 2166 sed
1946 2109 2069 2182 glo-

416 2204 574 2261 riosa
604 2207 779 2275 atque
809 2201 1116 2270 sublimis;
1149 2200 1246 2257 ille
1284 2199 1441 2256 enim
1473 2200 1588 2255 Deo
1628 2203 1716 2255 est
1774 2197 2069 2264 subditus,

418 2293 522 2367 qui
552 2291 689 2349 facit
719 2291 951 2348 Domini
982 2289 1366 2346 voluntatem.
1410 2289 1670 2360 Denique
1713 2287 1847 2360 quis
1907 2287 2072 2360 igno-

417 2384 508 2438 rat
536 2381 691 2453 quod
725 2379 1014 2452 sapientia
1045 2378 1258 2434 mentis
1272 2375 1847 2450 praestautior,quam
1879 2373 2070 2429 carnis

415 2468 707 2542 sapientia
738 2467 858 2523 sit?
886 2466 1185 2539 Sapientia
1213 2465 1404 2521 carnis
1433 2481 1547 2520 non
1578 2469 1667 2520 est
1714 2463 1970 2519 subdita.
2001 2463 2072 2518 Et

415 2557 642 2615 addidit
664 2555 1008 2628 Apostolus:
1052 2580 1072 2604 α
1107 2555 1220 2610 Nec
1261 2554 1416 2610 enim
1465 2557 1656 2626 potest
1713 2554 1886 2624 (Rom.
1945 2569 2068 2621 vm,

410 2647 490 2718 7).
509 2669 536 2695 »
576 2646 712 2701 Esto
742 2660 878 2718 ergo
911 2643 1208 2715 subditus,
1230 2644 1340 2699 hoc
1361 2647 1468 2711 est,
1502 2641 2070 2715 proximusChristo,

412 2740 480 2792 ut
497 2734 688 2808 legem
708 2733 977 2807 impleas.
1002 2732 1265 2804 Denique
1290 2731 1558 2790 Christus
1579 2731 1844 2787 faciendo
1863 2729 2067 2787 volun-

409 2827 594 2882 tatem
624 2821 833 2891 Patris,
857 2822 1044 2895 legem
1076 2819 1360 2894 implevit.
1384 2821 1450 2876 Et
1485 2819 1614 2876 ideo
1635 2818 1772 2874 finis
1793 2818 2064 2891 estlegis,

409 2916 468 2970 et
496 2911 798 2985 plenitudo
824 2914 912 2966 est
940 2909 1252 2966 Charitatis
1285 2927 1299 2977 ;
1351 2908 1491 2982 quia
1535 2907 1784 2982 diligens
1812 2909 2063 2975 Patrem,

409 3001 682 3059 affectum
740 3016 972 3057 omnem
1030 3000 1160 3071 ejus
1216 2997 1487 3054 adhibuit
1541 2997 1847 3053 voluntati.
1903 2996 2066 3054 Unde

410 3106 513 3165 pro
542 3089 726 3164 gloria
743 3088 1058 3162 Apostolus
1089 3087 1269 3156 dixit;
1315 3111 1342 3138 «
1397 3087 1540 3142 Cum
1575 3089 1766 3142 autem
1799 3085 2065 3157 subjecta

407 3179 494 3235 illi
525 3179 738 3236 fuerint
770 3177 987 3244 omnia,
1021 3181 1161 3233 tunc
1192 3181 1251 3233 et
1279 3176 1404 3250 ipse
1435 3175 1738 3247 subjectus
1794 3174 1906 3230 erit
1955 3174 2058 3242 illi,

2190 601 2504 674 subjiciant
2532 601 2792 658 animam
2815 617 3009 670 suam,
3043 600 3361 674 subjiciant
3382 616 3623 657 carnem
3663 615 3864 665 suam,

2191 708 2306 763 quo
2319 691 2396 746 sit
2409 691 2560 747 Deus
2572 689 2841 746 omniain
2856 691 3478 762 omnibus.Suhjectus
3492 705 3634 762 ergo
3652 693 3746 745 est
3762 689 3863 762 qui

2190 780 2398 854 plenus
2429 785 2517 836 est
2545 780 2769 854 gratias,
2788 784 2846 836 et
2865 779 3342 852 suspicitjugum
3364 778 3673 847 Christi,et
3691 795 3864 834 man-

2189 869 2324 925 data
2340 869 2569 926 Domini
2597 873 2872 925 strenuus
2901 869 3380 926 etincunctanter
3399 867 3752 940 exsequitur
3771 868 3869 934 ;si-

2190 976 2262 1014 ne
2283 958 2646 1030 subjectione
2677 962 2893 1024 autem,
2927 957 3027 1030 qui
3062 973 3127 1013 se
3157 957 3376 1012 frustra
3404 955 3654 1025 extollit,
3681 973 3867 1011 sensu

2188 1047 2435 1121 proprias
2467 1048 2662 1104 carnis
2687 1047 2946 1115 inflatus,
2971 1046 3235 1103 insolens
3267 1045 3596 1102 devotionis
3630 1052 3689 1100 et
3753 1045 3864 1117 pie

2188 1137 2491 1194 declinans
2519 1135 2945 1192 observantiam
2978 1135 3300 1202 servitutis,
3352 1150 3532 1208 quam
3562 1133 3694 1206 ipso
3720 1135 3864 1206 jure

2187 1231 2410 1284 naturas
2460 1225 2691 1281 Auctori
2751 1225 3031 1281 debemus
3090 1227 3324 1280 aeterno.
3384 1223 3690 1279 Postremo
3746 1223 3859 1295 qui

2187 1315 2313 1372 sine
2343 1319 2577 1388 peccato
2608 1318 2717 1382 est,
2753 1314 3050 1386 subjectus
3109 1317 3200 1369 est
3247 1312 3503 1379 Christo,
3566 1311 3858 1383 quoniam

2187 1405 2528 1476 redemptus
2558 1420 2592 1458 a
2621 1403 2867 1459 Domino
2898 1406 3023 1471 est;
3071 1402 3173 1474 qui
3230 1405 3425 1457 autem
3486 1399 3546 1455 in
3615 1405 3860 1471 peccato

2187 1495 2296 1561 est,
2329 1509 2446 1548 non
2477 1495 2668 1564 potest
2697 1491 2808 1547 dici
2847 1491 3015 1559 liber,
3049 1491 3150 1548 sed
3183 1505 3405 1556 servus,
3440 1503 3620 1560 quem
3655 1488 3859 1561 gravia

2185 1585 2386 1637 tenent
2415 1580 2647 1637 vincula
2675 1581 2915 1654 peccati.

2257 1672 2344 1725 17.
2378 1669 2562 1741 (Vers.
2593 1671 2650 1741 7)
2709 1669 3016 1741 Sequitur:
3071 1693 3099 1718 ‹‹
3159 1669 3240 1724 Ne
3296 1667 3619 1723 aemulatus
3668 1667 3854 1722 fueris

2185 1775 2322 1814 eum
2356 1759 2455 1830 qui
2513 1774 2788 1830 prospere
2835 1757 3112 1831 dirigitur
3164 1757 3225 1812 in
3281 1757 3376 1811 via
3433 1773 3566 1824 sua,
3630 1754 3854 1811 faciens

2186 1846 2579 1919 iniquitatem.
2613 1869 2640 1896 ››
2671 1846 2981 1903 Evidenter
3004 1846 3098 1902 hic
3129 1846 3268 1919 quid
3294 1843 3570 1918 superius
3593 1843 3851 1900 senserit

2186 1935 2518 1992 intimavit:
2554 1951 2670 1991 non
2691 1935 3027 1991 excitandos
3058 1933 3350 2008 malignos
3399 1932 3678 1989 facientes
3740 1933 3853 1988 ini-

2184 2025 2486 2098 quitatem.
2519 2024 2644 2080 Non
2676 2024 2831 2080 enim
2890 2022 3195 2096 iniquitas,
3245 2023 3346 2078 sed
3407 2038 3700 2094 prospera:
3753 2038 3850 2078 res

2184 2131 2312 2187 qua;
2334 2113 2683 2187 proveniunt
2718 2112 2920 2185 iniqua
2949 2113 3289 2188 gerentibus
3346 2129 3456 2167 nos
3505 2128 3660 2184 saepe
3727 2109 3850 2167 sol-

2180 2201 2428 2270 licitant,
2463 2205 2527 2257 ut
2555 2217 2655 2258 eos
2685 2205 2960 2273 putemus
2990 2201 3330 2267 imitandos,
3363 2215 3482 2272 quo
3534 2200 3608 2256 ad
3639 2216 3849 2256 eorum

2182 2290 2482 2364 possimus
2543 2290 2842 2362 pervenire
2897 2306 3209 2346 successus
3265 2288 3566 2344 dicentes:
3612 2311 3641 2337 ‹‹
3701 2288 3850 2344 Ecce

2182 2379 2295 2452 ipsi
2328 2383 2683 2451 peccatores,
2714 2383 2771 2435 et
2801 2379 3173 2434 abundantes
3204 2378 3262 2433 in
3293 2376 3532 2444 saeculo,
3573 2377 3848 2432 obtinue-

2182 2471 2322 2524 runt
2350 2467 2606 2524 divitias.
2642 2469 2710 2524 Et
2742 2467 2898 2524 dixi:
2931 2468 3080 2540 Ergo
3111 2467 3240 2523 sine
3287 2482 3470 2522 causa
3521 2466 3844 2536 justificavi

2181 2572 2282 2614 cor
2303 2572 2521 2626 meum,
2555 2561 2614 2613 et
2641 2555 2755 2612 lavi
2784 2557 2934 2612 inter
2963 2557 3304 2612 innocentes
3351 2570 3569 2610 manus
3639 2572 3843 2623 meas;

2179 2651 2240 2703 et
2268 2645 2350 2701 fui
2383 2645 2711 2719 flagellatus
2742 2650 2864 2702 tota
2918 2645 3012 2702 die
3069 2646 3240 2717 (Psal.
3302 2661 3480 2711 Lxxu,
3517 2645 3608 2712 t2,
3670 2646 3780 2716 14).
3817 2668 3842 2692 υ

2177 2736 2236 2791 Si
2267 2735 2449 2809 igitur
2479 2734 2806 2807 ﬂagellatus
2835 2739 2923 2791 est
2950 2734 3154 2806 David,
3190 2749 3390 2790 cavere
3423 2733 3719 2789 debemus
3772 2750 3844 2789 ne

2177 2829 2236 2882 et
2261 2841 2369 2881 nos
2399 2823 2784 2898 flagellemur,
2825 2827 2881 2880 et
2909 2823 3143 2879 dicatur
3179 2823 3348 2880 nobis
3407 2822 3550 2895 quia
3601 2821 3845 2891 divitias,

2175 2913 2448 2979 honores,
2481 2913 2774 2986 potentias,
2807 2913 3167 2986 generationi
3203 2912 3338 2968 huic
3368 2911 3690 2968 videantur
3718 2927 3846 2968 esse

2175 3002 2481 3076 disposita,
2515 3002 2684 3075 quasi
2722 3017 2868 3076 vaga
2923 3006 2980 3057 et
3035 3001 3260 3058 incerta
3314 3001 3584 3073 pecunias
3641 3017 3842 3074 Opera,

2174 3090 2621 3165 iniquitatisque
2650 3091 3019 3164 compendia,
3054 3106 3170 3146 non
3215 3091 3386 3163 quasi
3420 3090 3665 3163 pramia
3725 3089 3847 3144 ulla

2171 3179 2444 3248 virtutis;
2478 3179 2726 3252 ideoque
2755 3179 2915 3235 velut
2953 3180 3251 3236 somnium
3284 3178 3546 3245 veniant,
3589 3182 3646 3233 et
3704 3195 3842 3234 cum

409 3269 510 3341 qui
536 3268 647 3325 sibi
686 3267 938 3338 subjecit
965 3266 1185 3332 omnia,
1215 3244 1492 3322 ηιμ-784
1525 3244 1603 3320 siit
1657 3264 1813 3319 Deus
1862 3264 2062 3320 omnia
2093 3244 2136 3311 θ
2174 3267 2401 3325 somnio
2433 3244 2781 3340 resurgente
2835 3267 3131 3324 deficiant.
3171 3268 3339 3341 Ipsos
3387 3244 3644 3324 athletas
3702 3283 3840 3322 cum

407 3357 468 3414 in
499 3357 776 3414 omnibus
805 3356 852 3427 (ι
878 3353 998 3410 Cor.
1055 3371 1145 3421 xv,
1205 3355 1316 3426 28).
1377 3355 1447 3409 Et
1507 3353 1633 3424 ipse
1699 3354 1769 3408 de
1825 3369 1887 3408 se
1941 3352 2055 3407 ait:

409 3446 662 3501 «Nonne
684 3444 800 3500 Deo
831 3442 1070 3498 subdita
1089 3445 1177 3497 est
1215 3443 1412 3498 anima
1443 3457 1607 3507 mea;
1640 3441 1713 3497 ab
1745 3441 1872 3514 ipso
1903 3441 2059 3497 enim

407 3531 663 3590 salutare
688 3548 886 3587 meum
916 3531 1087 3607 (Psql.
1123 3549 1232 3601 LXI,
1264 3531 1370 3602 2)?
1397 3552 1426 3583 »
1473 3529 1734 3603 Denique
1781 3546 1886 3602 pro
1939 3531 2060 3602 pie-

405 3624 525 3678 tate
544 3625 811 3688 erat,non
843 3637 946 3692 pro
969 3619 1552 3692 inﬁrmitate,Joseph
1569 3623 1625 3676 et
1645 3619 1832 3675 Maria:
1853 3635 2060 3692 paren-

406 3709 565 3767 tibus
593 3709 884 3766 subditus.
927 3708 1121 3765 Gloria
1139 3712 1331 3765 autem
1365 3707 1579 3765 Christi
1604 3707 1880 3776 maxima,
1904 3709 1970 3763 ut
1998 3723 2061 3763 se

404 3799 810 3856 universorum
841 3798 1148 3854 hominum
1177 3797 1508 3871 pectoribus
1539 3797 1833 3863 infundat,
1858 3800 1915 3852 et
1942 3813 2064 3853 om-

400 3905 502 3946 nes
525 3891 750 3946 revocet
769 3888 842 3943 ab
869 3887 1168 3960 impietate
1192 3886 1465 3959 perfidiae,
1489 3890 1546 3942 et
1565 3885 2058 3958 gentilitatisail‘e-

404 3981 594 4044 ctu,ut
614 3976 726 4032 sibi
751 3976 1062 4032 faciatesse
1076 3975 1544 4047 subjectos.Cum
1567 3977 1762 4030 autem
1786 3973 1896 4029 sibi
1921 3974 2060 4030 sub-

399 4065 603 4138 jecerit
632 4065 850 4130 omnia,
874 4081 1009 4120 cum
1032 4063 1335 4119 intraverit
1350 4062 1655 4136 plenitudo
1687 4062 1974 4136 gentium,
2005 4066 2064 4118 et

402 4153 601 4210 salvus
635 4153 822 4209 factus
857 4153 1030 4208 fuerit
1059 4151 1253 4208 omnis
1286 4150 1551 4219 Israel,et
1579 4154 1698 4208 toto
1723 4151 2060 4207 orbeunum

401 4243 579 4299 fuerit
607 4258 820 4315 corpus
851 4241 908 4297 in
941 4241 1362 4309 Christo;tunc
1393 4239 1502 4296 erit
1521 4240 1714 4312 etipse
1735 4239 2058 4309 subiectus,

403 4347 625 4386 munus
657 4347 832 4386 suum
861 4331 978 4386 Deo
1001 4329 1155 4386 Patri
1185 4330 1455 4396 offerens,
1493 4332 1548 4384 et
1579 4327 1748 4400 quasi
1780 4328 2060 4402 Princeps

399 4418 664 4474 omnium
697 4420 1095 4484 sacerdotum,
1127 4423 1184 4476 et
1242 4417 1578 4474 caelestibus
1635 4434 1849 4490 corpus
1908 4419 2059 4475 alta-

403 4507 567 4562 ribus
599 4507 733 4578 (95),
765 4511 830 4562 ut
863 4507 938 4562 sit
968 4507 1322 4564 sacrificium
1338 4507 1483 4562 fides
1510 4505 1800 4562 omnium.
1824 4506 2060 4562 Pietatis

2169 3356 2434 3428 vicerint,
2467 3360 2694 3413 certum
2727 3360 2818 3412 est
2859 3356 3147 3425 coronari,
3181 3373 3298 3412 non
3329 3361 3659 3429 antequam
3717 3355 3843 3411 vin-

2172 3449 2326 3502 cant.
2359 3445 2541 3502 Nobis
2560 3444 2719 3501 lucta
2747 3461 2882 3501 cum
2913 3445 3125 3502 smeulo
3157 3450 3266 3502 est.
3299 3444 3481 3502 Vince
3530 3449 3674 3501 ante
3730 3462 3839 3500 sas-

2173 3535 2397 3605 culum,
2432 3538 2497 3590 ut
2551 3550 2826 3591 coronam
2867 3538 3052 3607 petas.
3083 3535 3268 3591 Nemo
3317 3539 3454 3591 ante
3495 3538 3837 3598 coronatur,

2173 3623 2286 3680 nisi
2317 3627 2610 3680 certamen
2668 3622 3017 3696 impleverit.
3077 3623 3187 3689 Qui
3245 3624 3506 3680 stadium
3565 3629 3837 3689 currunt,

2172 3712 2465 3785 numquid
2498 3715 2630 3769 ante
2660 3711 2928 3768 brevium
2960 3711 3276 3786 accipiunt,
3328 3728 3510 3784 quam
3575 3712 3842 3767 stadium

2171 3801 2607 3875 percurrerint?
2635 3801 2845 3868 Quanti
2875 3801 3098 3874 priores
3154 3802 3217 3857 in
3274 3802 3435 3858 exitu
3491 3802 3738 3868 cadunt,
3785 3805 3844 3855 et

2172 3907 2382 3946 cursus
2413 3889 2505 3948 sui
2536 3889 2831 3946 celeritate
2857 3890 3246 3947 fraudantur?
3273 3891 3578 3961 Numquid
3603 3894 3669 3945 tu
3705 3889 3844 3959 Deo,

2173 3995 2353 4052 quam
2385 3979 2601 4035 Paulus
2661 3978 2988 4052 acceptior?
3045 3979 3146 4037 Ille
3197 3996 3297 4034 vas
3350 3978 3683 4044 electionis,
3742 3977 3844 4031 ille

2173 4067 2440 4140 gentium
2473 4067 2684 4123 Doctor
2715 4067 2866 4124 785
2899 4085 3206 4141 nunquam
3238 4067 3350 4123 sibi
3383 4068 3444 4122 in
3475 4066 3594 4124 hoc
3627 4065 3845 4122 saeculo

2174 4171 2451 4213 coronam
2481 4172 2664 4212 ausus
2695 4160 2785 4212 est
2811 4155 3128 4229 postulare.
3162 4155 3424 4228 Denique
3455 4155 3600 4211 audi
3641 4155 3843 4210 dicen-

2172 4249 2328 4301 tem:
2368 4263 2389 4294 ι
2423 4245 2729 4301 Certamen
2760 4245 2980 4301 bonum
3012 4246 3244 4312 certavi,
3278 4260 3526 4300 cursum
3559 4260 3841 4300 consum-

2175 4333 2352 4402 mavi,
2387 4333 2560 4390 fidem
2594 4333 2836 4390 servavi.
2867 4333 3031 4397 Quod
3084 4333 3376 4407 reliquum
3429 4336 3545 4403 est,
3579 4331 3838 4405 reposita

2171 4426 2262 4479 est
2293 4421 2438 4478 mihi
2472 4439 2687 4478 corona
2706 4421 2978 4492 justitim,
3005 4438 3179 4495 quam
3214 4422 3420 4478 reddet
3452 4421 3602 4476 mihi
3632 4420 3842 4477 Domi-

2173 4528 2287 4568 nus
2319 4512 2377 4566 in
2417 4509 2521 4566 illa
2550 4511 2643 4567 die
2675 4511 2745 4580 (II
2775 4512 2908 4567 Tim.
2938 4528 3015 4578 1v,
3043 4513 3099 4577 7,
3132 4512 3206 4583 8).
3241 4509 3463 4567 Paulus
3495 4509 3598 4566 ille
3628 4515 3839 4582 raptus

403 4611 541 4668 ergo
577 4599 666 4650 est
698 4596 811 4651 ista
836 4597 1147 4668 subjectio,
1178 4597 1331 4669 quod
1364 4596 1472 4651 erit
1503 4596 1802 4666 subjectus
1833 4596 1891 4650 in
1935 4613 2060 4652 cor-
2089 4611 2137 4678 D
2169 4600 2228 4656 in
2258 4600 2497 4657 tertium
2528 4599 2760 4668 caelum,
2795 4600 2896 4672 qui
2929 4599 3150 4656 audivit
3177 4615 3390 4655 arcana
3421 4615 3553 4670 qua:
3595 4615 3714 4654 non
3773 4598 3841 4652 li-

406 4701 544 4758 pore
579 4684 865 4742 Dominus
895 4689 1089 4753 Jesus,
1124 4687 1296 4756 cujus
1349 4701 1456 4740 nos
1497 4701 1705 4741 sumus
1751 4701 1962 4758 corpus
2005 4689 2063 4741 et

405 4775 691 4831 membra.
724 4775 860 4831 Esto
891 4790 1028 4847 ergo
1057 4775 1232 4830 homo
1286 4773 1588 4845 subjectus
1643 4773 1892 4841 Christo,
1953 4774 2062 4829 hoc

403 4867 512 4934 est,
549 4863 825 4919 subditus
853 4864 1152 4936 sapientia:
1197 4862 1319 4928 Dei,
1353 4862 1628 4918 subditus
1665 4863 1859 4931 verbo,
1922 4863 2062 4919 sub-

405 4952 565 5008 ditus
587 4951 859 5024 justitias,
911 4951 1186 5008 subditus
1241 4951 1649 5024 virtuti;quia
1692 4951 1814 5007 haec
1865 4952 2062 5009 omnia

405 5041 673 5099 Christus
703 5045 809 5098 est.
843 5041 1049 5098 Omnis
1078 5041 1254 5098 homo
1280 5041 1397 5097 Deo
1448 5056 1512 5096 se
1571 5039 1884 5112 subjiciat;
1945 5057 2062 5097 non

493 5274 586 5344 93)
636 5275 784 5330 Edit.
819 5275 986 5332 Rom.
1020 5276 1081 5332 in
1131 5290 1289 5345 corp.
1342 5277 1399 5328 et
1445 5274 1558 5345 vet.
1590 5271 1650 5328 in
1681 5287 1866 5345 marg.
1927 5291 2062 5330 cum

403 5343 527 5401 cod.
564 5343 796 5418 Scriptis
829 5347 1070 5419 aliquot,
1124 5343 1285 5403 Latio
1313 5343 1640 5400 solitudines
1697 5343 1925 5412 obsidet;
1959 5363 2063 5401 eae-

405 5415 539 5469 dem
571 5419 683 5471 vet.
716 5419 853 5473 edit.
878 5419 936 5473 in
967 5435 1124 5473 coro.
1158 5423 1215 5473 et
1244 5432 1384 5472 mss.
1419 5415 1580 5470 Colb.
1606 5431 1671 5470 ac
1692 5416 1839 5470 Vict.
1872 5422 1934 5472 ut
1955 5434 2061 5473 nos

405 5435 539 5495 pem
571 5435 683 5471 νει.
716 5435 853 5473 θαιι.
878 5435 936 5473 1n
967 5435 1124 5490 COI‘p.
1158 5435 1215 5473 BI.
1244 5435 1384 5472 mss.
1419 5435 1580 5470 UOID.
1606 5435 1671 5470 ac
1703 5435 1839 5470 νισι.
1872 5435 1934 5472 UE
1955 5435 2061 5473 nos

404 5501 466 5538 in
498 5489 678 5559 textu.
713 5489 938 5544 Rursus
967 5492 1107 5545 edit.
1131 5495 1242 5544 vet.
1280 5489 1336 5542 in
1367 5503 1603 5559 corpore
1635 5503 1700 5542 ac
1725 5491 1890 5543 Rom.
1925 5505 2061 5544 cum

407 5571 553 5636 mss.
581 5555 663 5610 Th
677 5575 785 5612 uan
819 5577 885 5613 ac
915 5561 1062 5636 Va_t_.,
1107 5564 1305 5636 noctis“
1329 5555 1585 5636 metiris.
1616 5561 1878 5636 operitur.
1929 5559 2056 5615 Vet.

408 5629 467 5703 in
499 5640 686 5698 marg.
720 5644 784 5703 ac
816 5647 960 5686 mss.
994 5633 1157 5703 Reg,
1189 5632 1350 5688 Colb.
1383 5635 1439 5686 et
1466 5629 1638 5697 Vict.,
1684 5633 1854 5686 noctis
1910 5635 2059 5688 tene-

409 5698 534 5752 bras
567 5700 867 5767 opperitur.

2174 4693 2266 4745 cet
2293 4688 2518 4745 homini
2545 4689 2737 4761 loqui:
2772 4693 2973 4746 utrum
3004 4689 3063 4745 in
3093 4705 3331 4763 corpore
3392 4693 3554 4745 esset
3601 4693 3836 4761 raptus,

2174 4795 2248 4835 an
2297 4779 2425 4834 sine
2485 4793 2745 4852 corpore,
2803 4778 2992 4834 nescit
3051 4778 3204 4835 sicut
3245 4779 3372 4852 ipse
3426 4782 3687 4835 testatus
3745 4783 3836 4832 est

2171 4869 2248 4938 (II
2277 4867 2397 4923 Cor.
2429 4884 2533 4933 xu,
2576 4867 2714 4934 2,4).
2774 4866 2995 4922 Paulus
3033 4881 3170 4939 ergo
3217 4866 3380 4934 dicit,
3440 4866 3500 4920 in
3563 4864 3668 4920 illa
3742 4865 3843 4920 die

2174 4971 2450 5013 coronam
2482 4954 2591 5012 sibi
2623 4970 2754 5011 esse
2783 4955 3182 5023 reddendam;
3213 4959 3278 5011 tu
3317 4953 3414 5011 hic
3442 4953 3550 5010 tibi
3610 4957 3682 5009 ut
3715 4953 3842 5008 red-

2171 5047 2346 5102 datur
2374 5043 2598 5103 insistis
2623 5043 2652 5098 ?
2695 5043 2879 5117 Imple
2909 5059 3046 5118 ergo
3086 5043 3400 5101 ceraminis
3432 5042 3521 5099 tui
3574 5046 3840 5114 tempus.

2242 5274 2354 5358 (94)
2386 5274 2529 5358 Mss.
2561 5273 2783 5358 Yatzet
2812 5274 3304 5358 quinqueﬁallic.
3356 5275 3439 5330 ita
3469 5274 3835 5358 praeferunt;

2173 5343 2272 5402 alii
2320 5343 2516 5403 autem
2546 5350 2603 5401 et
2638 5345 2778 5402 edit.
2809 5343 3036 5418 omnes,
3069 5349 3219 5405 Sicut
3261 5363 3431 5419 supra
3470 5343 3602 5403 han
3660 5347 3838 5402 solum

2170 5419 2432 5484 revelare,
2465 5422 2574 5473 etc.

2242 5489 2599 5564 (95)__Qm_nes
2629 5487 2774 5544 edit.
2805 5506 2872 5545 ac
2903 5507 3046 5549 mss.
3079 5493 3320 5564 aliquot,
3349 5503 3572 5564 compa}
3630 5488 3836 5564 αιιᾳῄτ

2172 5557 2288 5632 bus,
2321 5557 2426 5632 alii
2451 5559 2671 5632 plures,
2701 5575 2894 5632 corpus
2932 5557 3223 5621 altaribus.
3263 5557 3619 5627 Commode;
3684 5557 3834 5614 nihil

2169 5631 2326 5705 enim
2357 5630 2517 5705 aliud
2547 5630 2640 5705 hic
2670 5630 3018 5705 declaratur,
3051 5637 3164 5692 nisi
3186 5633 3481 5692 Christum
3516 5635 3580 5686 et
3638 5645 3840 5688 sacer-

2170 5703 2322 5762 dotis
2353 5708 2411 5761 et
2437 5702 2642 5760 hostiae
2667 5703 2850 5762 vicem
2890 5702 3249 5768 functurum.
3837 5709 3840 5711 λ
