4078 6196
268 386 390 456 i021

1277 369 1740 455 ENARRA'I‘IO
1781 390 1862 454 IN
1895 339 2294 454 'PSALMUM
2337 385 2602 452 xxxv1.

3485 390 3508 451 1
3521 391 3640 454 022

263 528 367 587 Non
395 525 572 586 semel
597 525 820 586 athleta
853 515 1128 598 luctatur,
1152 561 1160 566 -
1187 543 1292 585 nec
1351 526 1528 585 semel
1579 525 1877 600 praeliatur
1903 526 1958 594 Α
1989 524 2346 598 compleatur
2366 525 2520 596 quod
2553 523 2835 594 scriptum
2868 521 2993 578 est:
3029 520 3174 577 «Ira
3216 522 3414 595 perdit
3464 524 3640 583 etiam

263 617 424 686 miles,
458 622 524 674 ut
562 617 853 691 stipendia
881 635 989 674 sua
1019 616 1202 690 possit
1231 615 1512 690 implere;
1546 621 1603 672 et
1632 616 1736 672 tibi
1760 632 1876 672 non

260 724 373 764 cum
402 724 517 762 una
545 707 816 779 passione
847 706 1141 762 luctamen
1164 710 1271 762 est.

319 796 393 849 18.
423 794 605 864 (Vers.
637 796 712 867 8).
745 795 1080 867 Superiores
1135 795 1185 850 si
1241 794 1492 850 evaseris
1551 794 1875 867 passiones,

257 885 330 940 ira
353 883 643 948 succedit;
675 887 731 939 et
758 884 886 939 ideo
917 884 1023 939 tibi
1057 884 1200 940 dicit
1229 884 1567 956 Scriptura:
1601 906 1628 933 «
1668 883 1878 939 Desine

257 975 317 1030 ab
344 973 423 1027 ira
449 977 505 1027 et
564 971 825 1044 relinque
880 972 1431 1045 indignationem.»
1492 971 1642 1027 Sunt
1693 971 1878 1026 multa

254 1062 373 1118 vitia
398 1078 522 1134 qua:
556 1062 845 1133 obrepunt
873 1061 1309 1134 insipientibus.
1343 1061 1435 1117 Ira
1465 1060 1658 1134 gravis
1682 1060 1877 1132 passio

254 1154 356 1208 est:
386 1149 728 1222 plerumque
752 1150 1018 1205 accendit
1047 1149 1290 1204 invitum
1320 1167 1332 1217 ;
1366 1154 1424 1204 et
1452 1149 1742 1205 volantem
1779 1148 1878 1203 mi-

251 1239 352 1296 tius
378 1238 686 1305 vindicare,
721 1237 778 1292 in
812 1239 1065 1293 furorem
1097 1237 1267 1310 rapit,
1301 1243 1366 1293 ut
1397 1239 1646 1309 perimat
1700 1253 1876 1308 quem

252 1328 515 1403 putaverit
563 1327 968 1383 coercendum.
1038 1328 1402 1392 Commotus,
1463 1327 1656 1400 gladio
1726 1342 1878 1400 saepe

249 1417 656 1475 transverberat
706 1417 1096 1472 innocentem.
1132 1417 1366 1471 Amicos
1397 1420 1453 1471 et
1508 1415 1719 1470 fratres
1777 1429 1879 1487 per

250 1505 687 1579 indignationem
737 1504 974 1576 plurimi
1009 1508 1398 1577 peremerunt.
1459 1505 1592 1559 Ideo
1642 1504 1877 1576 sapiens

251 1595 406 1651 dicit:
439 1596 564 1650 «Ira
601 1593 790 1667 perdit
846 1594 1018 1649 etiam
1082 1593 1377 1666 sapientes
1409 1594 1590 1664 (Prov.
1614 1611 1709 1658 xv,
1737 1594 1809 1663 4).
1845 1615 1872 1644 ››

249 1677 551 1740 SalOmonis
577 1681 799 1738 dictum
831 1686 937 1750 est,
973 1682 1110 1754 quia
1134 1699 1248 1738 non
1269 1681 1460 1737 solum
1493 1699 1877 1754 quoscunque

249 1773 311 1829 de
339 1771 521 1828 medio
549 1771 838 1836 homines,
872 1772 972 1826 sed
1005 1771 1181 1826 etiam
1213 1771 1371 1842 ipsos
1412 1772 1615 1844 perdat
1665 1771 1752 1827 ira
1783 1789 1875 1827 sa-

246 1862 469 1935 pientes.
501 1865 566 1916 Et
589 1861 770 1916 David
801 1860 1125 1933 sapientem
1158 1864 1354 1915 monet
1385 1861 1624 1916 dicens:
1687 1883 1713 1909 ‹‹
1773 1866 1873 1916 De-

246 1950 360 2007 sine
387 1951 455 2006 ab
485 1950 610 2018 ira;
649 1973 670 2002 ι
709 1967 780 2004 ne
818 1966 952 2004 cum
1006 1949 1343 2005 accenderis
1399 1965 1550 2017 eam,
1610 1948 1711 2004 illa
1763 1967 1878 2004 non

247 2039 455 2096 desinat
485 2039 831 2112 priusquam
864 2043 919 2094 te
937 2038 1067 2109 ejus
1097 2038 1337 2093 ﬂamma
1357 2043 1687 2094 consumat.
1719 2061 1738 2086 α
1769 2039 1876 2094 Re-

243 2127 446 2201 linque,
480 2127 690 2200 inquit,
722 2126 1188 2199 indignationem
1218 2145 1232 2195 ;
1294 2150 1322 2176 »
1362 2127 1472 2183 hoc
1530 2132 1636 2194 est,
1670 2131 1880 2183 natura

241 2220 292 2273 te
320 2217 483 2289 rapit,
514 2221 707 2272 movet
732 2216 993 2284 affectus,
1027 2216 1198 2288 culpa
1249 2220 1305 2271 te
1361 2215 1612 2286 alicujus
1671 2216 1878 2272 excitat

237 2306 321 2362 vel
351 2305 586 2374 offensa,
621 2309 685 2360 ut
715 2305 1058 2377 indigneris,
1101 2305 1203 2360 sed
1263 2321 1377 2360 non
1432 2320 1876 2378 usquequaque,

242 2397 305 2450 ut
331 2395 566 2450 modum
589 2394 843 2450 nescias:
879 2393 1141 2465 relinque
1179 2410 1329 2461 eam,
1384 2394 1558 2450 finem
1616 2395 1871 2467 impone,

239 2499 309 2540 ne
342 2486 396 2538 te
416 2482 474 2536 in
505 2486 809 2555 peccatum
841 2483 1052 2538 trahat.
1085 2482 1202 2538 Hoc
1231 2488 1338 2551 est,
1372 2485 1529 2556 quod
1579 2500 1757 2556 supra
1786 2485 1871 2540 di-

237 2573 350 2628 xit:
382 2593 409 2620 «
442 2569 787 2642 lrascimini,
818 2576 875 2627 et
933 2571 1109 2628 nolite
1138 2588 1375 2644 peccare
1405 2574 1574 2645 (Psal.
1609 2589 1684 2640 1v,
1716 2574 1794 2645 5).
1842 2596 1871 2622 ››

236 2660 354 2717 Non
385 2658 538 2715 enim
569 2659 837 2715 hortatur
863 2664 926 2715 ut
957 2660 1247 2729 irascaris,
1282 2662 1383 2717 sed
1415 2663 1487 2717 ad
1516 2666 1751 2734 tempus
1781 2678 1878 2717 ce-

239 2749 319 2804 dit
346 2748 603 2817 atl‘ectui;
637 2749 737 2803 dat
765 2752 964 2804 tamen
1002 2749 1518 2816 medicamentum,
1552 2767 1623 2806 ne
1655 2750 1878 2806 diutius

235 2837 318 2894 vis
353 2836 559 2893 ulceris
591 2841 805 2910 serpat.
840 2861 868 2888 ‹‹
921 2838 1267 2906 Irascimini,
1302 2862 1329 2890 »
1389 2839 1544 2912 quod
1600 2840 1705 2906 ait,
1763 2843 1874 2894 tua:

234 2930 320 2982 est
346 2925 655 3000 passionis.
702 2926 964 2983 Medicus
995 2927 1152 2983 enim
1210 2945 1327 2984 non
1385 2928 1583 2984 statim
1637 2927 1878 2984 adhibet

232 3015 650 3072 medicamenta
678 3015 988 3088 languori;
1031 3017 1079 3072 si
1140 3017 1306 3073 dolor
1358 3018 1558 3084 fervet,
1618 3017 1878 3073 fomenta

230 3105 482 3179 adhibet,
516 3108 582 3160 ut
612 3105 884 3161 mitescat
911 3104 1112 3174 dolor;
1149 3106 1196 3162 si
1238 3105 1416 3162 febris
1451 3111 1753 3171 exaestuat,
1787 3124 1874 3162 re-

231 3193 406 3249 medii
437 3197 672 3266 tempus
711 3198 1024 3266 exspectat,
1054 3194 1250 3266 ipsum
1309 3199 1510 3267 potum
1531 3195 1876 3251 sitientibus

1989 615 2306 688 sapientes.
2338 637 2363 662 ››

2067 708 2144 760 l9.
2181 705 2365 778 (Vers.
2402 707 2454 774 8,
2487 704 2565 774 9.)
2599 705 2747 777 Ergo
2780 706 2843 758 tu
2874 718 2944 758 ne
2975 701 3181 758 audias
3241 719 3413 760 eum:
3481 730 3501 759 ι
3569 722 3644 761 ne

1987 794 2279 852 amuleris
2311 799 2376 849 ut
2405 793 2672 866 nequiter
2704 791 2904 847 facias.
2940 792 3224 857 Quoniam
3247 794 3347 865 qui
3378 795 3646 866 nequiter

1987 888 2190 956 agunt,
2221 881 2786 939 exterminabuntur.
2826 904 2852 930 ››
2885 881 3362 938 Exterminantur
3405 884 3503 955 qui
3554 902 3644 941 ra-

1987 973 2145 1028 dices
2180 990 2292 1028 non
2328 972 2567 1040 habent,
2603 972 2756 1027 sicut
2788 970 2943 1028 olera
2973 970 3059 1026 vel
3093 971 3313 1028 fenum.
3346 973 3514 1029 Olera
3555 974 3642 1030 in-

1987 1063 2192 1117 firmus
2218 1062 2568 1118 manducet:
2597 1066 2658 1116 tu
2690 1064 2887 1116 autem
2927 1060 3104 1116 vitem
3135 1061 3328 1118 insere
3387 1063 3444 1118 in
3505 1080 3642 1137 agro

1984 1155 2106 1219 tuo,
2138 1152 2367 1207 vineam
2403 1149 2664 1206 institue.
2691 1151 2759 1204 Et
2789 1149 2837 1205 si
2864 1150 3090 1206 venerit
3117 1151 3337 1223 Achab,
3371 1151 3472 1224 qui
3539 1153 3643 1208 tibi

1985 1240 2176 1296 dicat:
2212 1263 2239 1289 «
2273 1241 2358 1295 Da
2389 1239 2533 1296 mihi
2566 1240 2795 1295 vineam
2820 1243 3007 1308 tuam,
3041 1244 3106 1295 ut
3135 1240 3293 1297 olera
3343 1241 3487 1296 mihi
3549 1258 3644 1298 se-

1987 1346 2109 1384 ram
2145 1330 2243 1402 (ΙΙΙ
2275 1331 2403 1399 Reg.
2437 1347 2554 1398 xxx,
2585 1332 2643 1400 2)
2677 1347 2688 1397 ;
2727 1351 2754 1380 ››
2786 1328 2904 1384 noli
2934 1329 2985 1384 ei
3031 1330 3422 1401 acquiescere,
3460 1347 3530 1388 ne
3558 1347 3627 1387 ex

1987 1434 2274 1475 consensu
2305 1424 2405 1474 tuo
2430 1420 2651 1474 caduca
2683 1422 2860 1487 serat,
2892 1419 3196 1474 abscindat
3227 1425 3459 1476 aeterna.
3516 1421 3646 1477 Ideo

1986 1508 2254 1564 Nabuthe
2314 1507 2469 1563 inter
2515 1512 2751 1564 sanctos
2811 1507 3083 1578 habetur,
3140 1509 3278 1581 quia
3358 1511 3646 1582 majorum

1986 1613 2232 1652 suorum
2264 1597 2682 1662 hereditatem,
2716 1614 2788 1652 ne
2819 1598 2939 1668 regi
2973 1598 3210 1669 quidem
3265 1600 3492 1670 putavit
3521 1615 3650 1656 esse

1986 1685 2344 1752 cedendam;
2381 1690 2436 1740 et
2465 1685 2714 1756 lapidari
2775 1685 3000 1752 maluit,
3067 1691 3130 1741 ut
3185 1688 3417 1743 vineam
3473 1706 3645 1744 suam

1987 1791 2104 1829 non
2135 1774 2299 1828 daret
2322 1773 2380 1828 in
2414 1774 3150 1845 direptionemﬂmrcditas
3184 1777 3652 1844 majorum,ﬁdes

1989 1879 2124 1919 vera
2153 1866 2259 1918 est.
2294 1861 2656 1918 Exstiterunt
2677 1861 2875 1917 Ariani
2899 1861 3078 1934 regali
3102 1864 3336 1918 subnixi
3370 1865 3651 1935 potentia,

1989 1952 2092 2023 qui
2121 1950 2409 2025 templum
2431 1951 2662 2007 Domini
2681 1955 2954 2023 putarent
2976 1951 3087 2006 sibi
3115 1968 3244 2008 esse
3277 1953 3652 2025 tradendum,

1988 2040 2278 2113 supplicia
2310 2041 2520 2096 acerba
2553 2039 2931 2106 minitantes;
2977 2042 3076 2095 sed
3139 2040 3312 2110 absit,
3375 2045 3440 2098 ut
3497 2045 3651 2115 apud

1989 2129 2247 2184 mentem
2279 2129 2529 2184 Domino
2553 2128 2902 2184 servientem
2937 2130 3406 2201 preponderaret
3461 2131 3652 2204 magis

1989 2235 2168 2289 pcena:
2202 2219 2474 2284 formido,
2509 2235 2688 2290 quam
2717 2219 2903 2274 forma
2939 2219 3195 2290 pietatis.
3256 2219 3380 2275 Non
3431 2237 3653 2292 praeva-

1991 2306 2098 2362 luit
2125 2308 2388 2379 perlidia,
2423 2307 2561 2378 quia
2594 2307 2738 2362 ﬁdes
2772 2306 3004 2362 restitit.
3039 2307 3142 2363 Est
3171 2308 3349 2364 etiam
3382 2309 3653 2382 quasdam

1988 2395 2157 2450 vinea
2186 2395 2244 2450 in
2275 2395 2608 2467 pectoribus
2640 2395 2925 2462 fidelium,
2958 2396 3028 2450 de
3064 2413 3180 2468 qua
3237 2396 3378 2453 dicit
3425 2398 3650 2475 Isaias:

1990 2483 2222 2539 «Vinea
2254 2486 2404 2540 facta
2458 2488 2547 2540 est
2595 2483 2808 2541 dilecto
2867 2488 2925 2539 in
2989 2502 3170 2540 cornu
3221 2486 3387 2541 uberi
3435 2509 3462 2536 ››
3522 2488 3650 2559 (Ιδα,

1987 2590 2041 2643 ν,
2076 2574 2143 2644 ι).
2173 2595 2198 2621 ››
2228 2573 2386 2628 Hanc
2408 2573 2641 2628 vincam
2671 2572 2957 2628 Dominus
2989 2572 3273 2645 plantavit
3296 2573 3355 2628 in
3380 2575 3655 2631 cordibus

1987 2661 2204 2718 nostris
2256 2666 2314 2716 et
2334 2661 2465 2717 ideo
2530 2661 2786 2734 legimus
2829 2660 3119 2716 dicentem
3171 2662 3386 2718 Deum:
3448 2686 3475 2712 α
3535 2665 3654 2735 Ego

1986 2755 2041 2806 te
2072 2750 2333 2823 plantavi
2390 2751 2567 2806 vitem
2624 2749 2988 2806 fructiferam
3045 2754 3228 2806 totam
3289 2767 3488 2806 veram
3551 2753 3654 2823 (Je-

1984 2855 2119 2896 rem.
2154 2857 2217 2906 ιι,
2248 2839 2360 2911 21),
2397 2861 2423 2888 ››
2455 2840 2637 2895 Nemo
2668 2855 2806 2912 ergo
2848 2840 2920 2895 de
2969 2847 3120 2911 agro
3178 2839 3390 2895 animae
3444 2845 3653 2897 nostra:

1985 2927 2135 2984 hanc
2165 2928 2395 2984 auferat
2422 2928 2601 2984 vitem
2640 2947 2652 2996 ;
2709 2928 2849 2999 quia
2884 2927 3192 2983 benedicta
3221 2933 3311 2984 est
3370 2945 3438 2984 ea
3495 2930 3652 2986 vitis.

1985 3018 2234 3090 Ideoque
2259 3018 2484 3074 dictum
2517 3018 2691 3074 estde
2714 3017 2971 3074 sanctis:
3013 3039 3039 3067 «
3063 3017 3322 3073 Afructu
3352 3018 3652 3089 frumenti,

1987 3107 2120 3176 vini,
2171 3111 2228 3162 et
2285 3106 2421 3177 olei,
2481 3105 2858 3178 multiplicati
2918 3111 3060 3162 sunt
3116 3107 3287 3178 (1³δαὶ.
3351 3124 3424 3176 1v,
3487 3108 3564 3180 8).
3626 3130 3656 3159 ››

1989 3197 2214 3252 Bonum
2247 3199 2336 3252 est
2364 3211 2500 3268 ergo
2547 3195 2762 3251 habere
2819 3195 2975 3249 intra
3030 3199 3086 3250 te
3145 3194 3463 3252 toreularia
3521 3196 3653 3253 vino

226 3298 438 3356 negare
477 3283 795 3339 consuevit.
854 3283 978 3338 Non
1028 3283 1204 3340 dicit:
1265 3283 1394 3339 Noli
1446 3284 1679 3354 febrire,
1738 3301 1871 3340 cum
1904 3271 1946 3337 C
1987 3285 2418 3352 redundantia;
2454 3286 2520 3338 ut
2553 3283 2698 3338 ﬂuat
2729 3282 2834 3338 tibi
2865 3282 3068 3338 vinum
3104 3283 3162 3338 in
3196 3300 3299 3338 vas
3355 3289 3525 3340 tuum
3583 3285 3655 3340 de

227 3388 406 3442 vapor
436 3371 614 3428 fervet
669 3371 889 3445 aegroti,
939 3372 1038 3428 sed
1089 3372 1260 3426 dicit:
1319 3372 1604 3444 Exspecta
1659 3370 1896 3427 desinat
1997 3373 2166 3429 vinea
2193 3373 2427 3441 Sorech,
2461 3371 2736 3444 poculum
2763 3370 2908 3427 illud
2941 3370 3239 3427 inebrians
3288 3388 3466 3444 quam
3506 3390 3654 3442 pree-

228 3461 430 3529 febris,
463 3461 764 3533 digeratur
793 3453 1128 3517 commotio.
1164 3461 1258 3516 Sic
1313 3464 1371 3516 et
1426 3461 1714 3532 PrOpbeta
1771 3477 1886 3516 non

231 3549 425 3623 potuit
454 3550 642 3605 dicere
671 3550 918 3617 homini,
950 3551 1121 3622 cujus
1163 3541 1392 3606 caro-ut
1439 3549 1616 3604 variis
1649 3550 1888 3605 morbo-

225 3654 390 3704 rum,
423 3637 505 3692 ita
525 3639 985 3695 commotionum
1009 3638 1387 3712 passionibus
1414 3638 1732 3694 excitatur:
1762 3639 1886 3697 Non

218 3726 514 3794 irascere;
549 3727 647 3782 sed
672 3727 846 3783 dicit:
877 3751 904 3776 «
940 3728 1150 3783 Desine
1186 3728 1256 3784 ab
1285 3727 1393 3796 ira,
1425 3731 1484 3783 et
1532 3726 1885 3800 indignatio-

219 3831 363 3872 nem
399 3813 680 3887 relinque,
715 3833 787 3872 ne
818 3833 1020 3889 pecces
1049 3835 1061 3884 ;
1093 3817 1182 3872 ira
1209 3816 1367 3872 enim
1398 3816 1590 3889 gravis
1620 3820 1706 3871 est
1767 3833 1886 3873 ma-

218 3905 414 3979 gistra
443 3905 684 3977 peccati.
716 3894 1144 3978 Alius'quoque
1174 3905 1436 3961 medicus
1483 3905 1660 3972 dicit;
1719 3929 1738 3954 α
1789 3906 1885 3961 Sol

216 4011 342 4051 non
413 3993 642 4049 occidat
697 4011 873 4066 super
912 3994 1277 4051 iracundiam
1356 3998 1607 4050 vestram
1671 3995 1882 4066 (Ephes.

214 4099 298 4152 ιν,
333 4082 425 4155 26)
452 4100 464 4138 :
504 4105 531 4132 »
563 4098 634 4138 ne
655 4083 797 4138 dum
828 4082 927 4140 diu
960 4083 1179 4149 differs,
1226 4082 1424 4139 veniat
1454 4083 1550 4140 ille
1603 4085 1702 4156 qui
1732 4086 1882 4140 cale-

211 4171 450 4228 factum
481 4172 745 4244 corporis
793 4189 998 4229 somno
1030 4174 1276 4229 exsitare
1306 4175 1626 4242 consuevit,
1664 4161 1721 4228 et
1775 4175 1882 4230 sti-

211 4260 414 4316 mulet
441 4265 518 4330 te,
550 4263 774 4318 inserat
812 4262 917 4317 tibi
974 4261 1375 4335 cogitationes,
1436 4265 1490 4316 et
1548 4262 1608 4318 in
1653 4269 1883 4320 sacreta

207 4365 277 4406 se
310 4349 402 4405 tui
436 4351 686 4423 pectoris
717 4351 1031 4424 immergat
1060 4351 1280 4407 dicens.
1314 4350 1562 4408 Vindica
1609 4351 1884 4421 injuriam

203 4442 411 4506 tuam,
436 4439 627 4496 virum
659 4444 715 4496 te
741 4456 870 4496 esse
900 4456 1217 4512 cognosce;
1237 4438 1886 4497 femineaainﬁrmitatis

202 4532 328 4597 est,
376 4545 495 4584 non
529 4545 733 4602 capere
789 4529 1131 4585 vindictam.
1190 4528 1340 4600 Ergo
1398 4532 1772 4585 contemnere
1830 4535 1884 4586 te

199 4617 434 4673 debuit
463 4634 687 4685 servus,
721 4619 898 4674 frater
927 4618 1211 4690 decipere,
1243 4617 1468 4673 amicus
1507 4616 1771 4689 illudere,
1827 4625 1885 4675 et
1914 4639 1959 4702 Β

196 4707 274 4758 tu
311 4703 524 4760 adhuc,
547 4709 712 4760 tuam
739 4722 854 4761 non
885 4704 1184 4761 ulcisceris
1225 4703 1638 4761 contumeliam
1661 4707 1689 4760 ?
1745 4707 1879 4763 Pro-

193 4792 454 4848 scribas
503 4809 743 4850 necesse
780 4799 888 4861 est,
931 4793 1123 4867 gladio
1184 4797 1412 4866 oportet
1467 4794 1763 4867 insurgas,
1823 4802 1882 4853 et

189 4880 488 4938 dolorem
517 4885 685 4938 tuum
736 4883 1052 4941 adversarii
1106 4887 1291 4938 morte
1348 4881 1559 4938 solvas.
1621 4884 1724 4940 Vir
1771 4885 1883 4941 fuit

183 4968 302 5026 ille
335 4969 448 5042 qui
481 4987 655 5028 suum
689 4973 901 5029 occidit
927 4972 1256 5042 inimicum,
1309 4972 1516 5028 merito
1551 4974 1701 5031 780
1731 4992 1882 5047 prae-

176 5057 452 5116 dicatur
485 5086 500 5130 ;
532 5061 672 5134 quia
693 5061 782 5129 ita
811 5079 872 5118 se
930 5061 1262 5130 vindicavit,
1296 5065 1359 5117 ut
1397 5061 1547 5118 alius
1606 5063 1883 5135 ignorans

170 5148 470 5218 audiret,
503 5151 672 5224 eique
700 5152 958 5225 irrogare
988 5167 1100 5207 non
1133 5151 1373 5206 auderet
1399 5150 1680 5222 injuriam
1734 5152 1876 5223 (96).

170 5236 303 5292 His
343 5237 618 5314 stimulis
663 5240 796 5314 plus
846 5239 1203 5307 accenditur,
1261 5237 1396 5311 plus
1454 5244 1756 5308 movetur;
1821 5245 1886 5296 ut

267 5361 407 5434 (96)
445 5364 539 5420 Sic
570 5383 713 5422 mss.
736 5366 867 5420 Vat.
901 5369 960 5421 et
1007 5362 1209 5437 Gallic.
1245 5363 1360 5418 fere
1389 5379 1594 5420 omnes
1627 5383 1639 5433 ;
1702 5364 1886 5437 aliqui

172 5437 450 5508 tamen,
481 5441 656 5508 atque
687 5438 850 5505 edit.,
883 5441 943 5491 ut
971 5436 1114 5490 alius
1144 5436 1391 5505 irrogare
1453 5437 1508 5491 ei
1559 5452 1669 5491 non
1715 5436 1883 5493 aude-

172 5509 284 5561 ret
324 5507 426 5562 ini
433 5507 633 5562 ariam.

263 5575 411 5648 (97)
451 5577 592 5649 Mss.
627 5578 860 5649 partim.
889 5593 1022 5632 cum
1057 5575 1232 5649 edit.,
1264 5580 1392 5633 novi
1418 5579 1693 5649 principii
1745 5596 1884 5635 nova

167 5647 284 5721 es;
309 5648 568 5721 aequith
590 5668 616 5721 ,-7
630 5647 849 5720 partim
883 5655 946 5704 ut
977 5665 1082 5721 nos
1112 5647 1172 5703 in
1203 5654 1381 5714 textu,
1409 5647 1519 5706 nisi
1551 5647 1705 5721 quod
1724 5651 1884 5707 solus

172 5718 465 5777 Thurin.
526 5718 702 5776 habet
787 5720 1257 5791 conjunctionem
1337 5718 1683 5779 eL-Iterum
1734 5739 1879 5780 mss.

1999 3460 2258 3516 clarum!
2292 3460 2506 3517 Sorech
2535 3461 2693 3516 enim
2724 3461 2894 3515 vinea
2922 3461 3053 3516 novi
3103 3460 3375 3532 principii
3433 3466 3544 3532 est,
3601 3465 3658 3517 et

1999 3566 2156 3604 novae
2188 3549 2478 3621 aequitatis
2508 3550 2640 3620 (97).
2680 3548 2842 3603 Unate
2873 3554 2930 3603 et
2962 3548 3178 3604 dicitur
3209 3551 3411 3606 nobis:
3448 3574 3475 3599 «
3509 3549 3654 3605 Can-

1995 3641 2112 3693 tate
2145 3637 2390 3692 Domino
2420 3640 2610 3692 vestro
2669 3637 2964 3691 canticum
3014 3653 3251 3704 novum,
3301 3638 3654 3711 principium

1996 3727 2148 3798 ejus,
2197 3725 2576 3797 magniﬁcate
2631 3741 2846 3779 nomen
2877 3725 3007 3794 ejus
3055 3726 3127 3780 ab
3185 3730 3441 3782 extremo
3491 3731 3654 3782 terra:

1995 3817 2123 3888 (lsa.
2151 3831 2284 3880 xui,
2322 3815 2432 3885 10).
2471 3836 2499 3862 ››
2533 3813 2662 3868 Haec
2695 3828 2834 3883 ergo
2874 3813 3043 3868 vinea
3092 3829 3232 3868 uvas
3291 3815 3485 3881 faciat,
3538 3831 3654 3870 non

1993 3903 2383 3976 iniquitatem.
2423 3902 2555 3958 Ideo
2588 3901 2789 3958 relicta
2810 3905 2899 3955 est
2929 3900 3096 3956 vinea
3115 3902 3454 3957 Judznorum
3480 3921 3492 3969 ;
3519 3903 3658 3973 quia

1995 3992 2368 4064 iniquitatem
2404 3991 2558 4058 fecit,
2597 3995 2662 4046 ut
2693 3990 2980 4064 scriptum
3037 3995 3126 4046 est
3180 3991 3307 4058 (lsa.
3355 4008 3408 4056 v,
3465 3992 3543 4061 7),
3600 3996 3658 4048 et

1995 4099 2109 4138 non
2133 4081 2448 4154 judicium.
2481 4079 2599 4136 Nos
2630 4097 2767 4152 ergo
2802 4080 3057 4134 fructum
3110 4080 3368 4136 feramus
3400 4079 3458 4134 in
3489 4079 3656 4136 Chri-

1995 4175 2107 4238 sto,
2139 4176 2204 4226 ut
2233 4169 2501 4243 perpetui
2529 4187 2657 4226 esse
2691 4184 3045 4224 mereamur.

2064 4260 2153 4315 20.
2198 4284 2224 4309 «
2257 4259 2626 4315 Sustinentes
2686 4257 2845 4312 enim
2898 4256 3216 4312 Dominum
3274 4255 3659 4329 possidebunt

1994 4352 2244 4415 terram;
2278 4347 2442 4402 illam
2475 4347 2680 4418 utique
2712 4345 3031 4401 viventium
3064 4348 3302 4402 terram.
3346 4347 3448 4400 Est
3505 4363 3657 4418 quaa-

1993 4438 2130 4492 dam
2160 4441 2315 4492 terra
2346 4435 2616 4504 caelestis,
2652 4451 2780 4507 quae
2814 4433 3070 4489 fructum
3128 4434 3462 4490 cmlestibus
3513 4435 3657 4491 ferat

1994 4528 2064 4582 de
2095 4543 2212 4599 qua
2240 4526 2357 4580 ait:
2393 4548 2420 4574 ‹‹
2454 4524 2638 4579 Credo
2670 4523 2864 4578 videre
2895 4523 3051 4579 bona
3101 4523 3328 4579 Domini
3388 4525 3447 4580 in
3505 4529 3680 4581 terra

1989 4615 2308 4671 viventium
2341 4613 2510 4681 (Psal.
2547 4629 2701 4680 xxw,
2737 4613 2847 4681 13).
2875 4635 2902 4663 ››
2946 4612 3074 4669 Hace
3125 4618 3278 4670 terra
3320 4613 3504 4669 multo
3555 4614 3658 4670 ho-

1992 4705 2216 4760 minum
2251 4703 2462 4758 sudore
2493 4701 2679 4756 ventri
2715 4701 3015 4758 ministrat
3038 4702 3347 4770 alimenta;
3382 4703 3481 4758 illa
3505 4705 3659 4756 terra

1989 4793 2144 4849 bona
2175 4789 2404 4846 Domini
2440 4789 2564 4845 sine
2595 4788 2713 4845 ullo
2748 4789 2946 4847 labore
2978 4792 3293 4847 fructiﬁcat
3324 4791 3381 4846 in
3423 4790 3658 4860 quaju-

1992 4886 2216 4939 storum
2242 4879 2522 4934 diuturna
2552 4880 2872 4951 possessio,
2907 4884 2965 4936 ct
3005 4880 3110 4952 piae
3145 4878 3358 4934 mentis
3417 4876 3657 4932 haeredi-

1990 4975 2081 5027 tas
2113 4976 2219 5025 est.
2254 4969 2323 5024 Et
2352 4969 2502 5024 bene
2533 4969 2644 5025 ait:
2681 4969 3086 5026 «Sustinentes
3119 4972 3314 5024 autem
3341 4965 3656 5022 Dominum

1990 5059 2327 5115 haereditate
2359 5057 2749 5131 possidebunt
2777 5063 3015 5114 terram.
3049 5057 3181 5114 Haec
3213 5058 3305 5110 est
3321 5054 3480 5110 enim
3509 5057 3662 5110 terra

1993 5165 2117 5220 quas
2147 5164 2261 5203 non
2294 5147 2586 5219 praeterit;
2645 5163 2781 5202 nam
2818 5145 3027 5200 coelum
3079 5149 3136 5200 et
3181 5147 3339 5200 terra
3398 5141 3657 5216 prateri-

1995 5239 2160 5305 bunt,
2193 5236 2377 5292 verba
2431 5240 2628 5291 autem
2679 5234 2913 5290 Domini
2964 5251 3079 5290 non
3130 5231 3530 5307 praeteribunt.
3590 5234 3662 5299 Et,

1995 5362 2170 5428 Vict.,
2203 5361 2363 5418 Colb.
2397 5377 2530 5415 cum
2565 5359 2780 5414 iisdem
2812 5359 3047 5414 edit.....
3099 5359 3378 5415 canticum
3436 5374 3654 5423 novum,

1994 5435 2351 5505 magniﬁcate
2380 5447 2601 5495 nomen,
2632 5433 2740 5486 etc.
2783 5430 2913 5505 Vat.
2949 5435 3147 5487 autem
3181 5447 3259 5505 ac
3278 5429 3476 5503 plures
3529 5429 3656 5505 Gal-

1995 5502 2489 5562 lic.'...'canticu-m
2525 5517 2748 5567 novum,
2808 5502 3155 5573 principium
3209 5502 3348 5569 eius,
3400 5503 3655 5573 magniﬁj

1993 5582 2110 5634 etde
2140 5591 2356 5637 nomen,
2394 5578 2529 5637 etc.,
2563 5574 2617 5626 in
2655 5591 2767 5644 quo
2802 5572 3178 5630 consentiunt
3209 5590 3342 5629 cum
3365 5572 3520 5641 LXX,
3555 5572 3652 5628 ubi

1994 5649 2154 5722 legas
2187 5663 2200 5700 ί
2227 5653 2476 5716 ὺμνήσατε
2506 5654 2573 5716 τῷ
2606 5654 2764 5718 Κυρίῳ
2810 5654 2962 5716 ὕμνον
2996 5656 3181 5714 καινὸν,
3231 5655 3264 5714 ή
3319 5652 3455 5720 ἀρχὴ
3504 5652 3654 5701 αὑτοῦ

1999 5730 2247 5790 δοξάσετε,
2279 5722 2387 5772 etc.
