4116 6188
413 346 569 413 1023

1875 336 1942 400 S.
1988 334 2365 406 AMBROSII

3668 339 3837 406 {OM

407 481 535 541 ideo
568 495 672 538 nec
702 474 801 535 illa
836 470 1226 549 intelligibills
1280 474 1437 532 terra
1493 469 1709 547 poteait
1762 471 2055 546 praeterire

2179 479 2368 552 itaque
2397 477 2676 553 abyssum
2705 480 2911 555 petunt
2942 476 3048 539 ubi
3076 476 3687 555 caligotenebrarum.

406 567 682 643 paradisi,
702 567 762 624 in
793 574 908 639 qna
938 569 1078 622 sunt
1108 564 1206 638 qui
1245 560 1476 621 Domini
1496 564 1675 619 verba
1691 566 2053 619 conservant.

406 660 470 716 In
500 659 609 716 hac
639 662 793 714 terra
822 654 1141 712 collocatus
1180 658 1289 711 est.
1323 654 1530 719 Adam,
1562 657 1628 709 ut
1664 653 1922 709 fructum
1982 669 2056 708 ze-

403 752 582 805 ternaa
613 749 842 818 caperet
870 745 1030 811 vitae;
1066 745 1165 800 sed
1201 744 1342 815 quia
1366 743 1545 799 verba
1573 741 1805 799 Domini
1830 758 2058 799 servare

403 856 522 895 non
551 838 733 894 voluit
762 835 893 907 (98),
928 835 1057 890 ideo
1114 832 1175 889 in
1235 832 1608 905 possessione
1662 849 1837 905 quam
1891 848 2059 888 acce-

336 916 339 919 ’
405 933 572 1001 perat
606 927 748 983 181
780 939 1020 980 manere
1045 940 1160 979 non
1211 922 1447 979 meruit.
1493 922 1601 987 Qui
1632 926 1829 977 autem
1884 921 2061 977 verba

404 1016 637 1077 Domini
668 1012 945 1081 custodit,
990 1013 1349 1068 confidenter
1404 1011 1582 1067 dicit:
1620 1033 1649 1061 ‹‹
1707 1011 2060 1082 Exspectans

403 1105 727 1178 exspectavi
758 1101 1096 1168 Dominum,
1145 1104 1199 1155 et
1240 1100 1503 1171 rexpexit
1533 1116 1626 1155 me
1657 1100 1828 1171 (Psal.
1861 1116 2056 1165 χχχιχ,

400 1194 477 1265 2).
503 1216 532 1243 ››
562 1193 748 1249 Adam
777 1195 973 1246 autem
1002 1188 1278 1262 quoniam
1307 1205 1423 1244 non
1455 1187 1814 1260 exspectavit
1864 1188 2057 1243 Domi-

402 1298 546 1340 num
592 1280 906 1354 (quomodo
954 1279 1111 1335 enim
1168 1278 1521 1349 exspectavit
1576 1276 1676 1348 qui
1735 1277 1949 1348 refugit
2002 1279 2060 1331 et

402 1373 576 1429 oﬂere
606 1385 666 1426 se
704 1368 936 1441 tenuit),
994 1369 1125 1424 ideo
1184 1384 1289 1423 nec
1340 1367 1623 1423 Dominus
1681 1382 1815 1421 eum
1848 1365 2061 1421 videre

399 1459 678 1535 dignatus
707 1463 842 1527 est;
892 1456 1044 1513 oculi
1110 1457 1268 1513 enim
1329 1452 1563 1512 Domini
1613 1471 1791 1526 super
1838 1455 2057 1526 justas.

402 1549 568 1607 Hunc
599 1552 795 1605 autem
828 1563 1085 1618 eousque
1115 1546 1310 1601 videre
1343 1544 1596 1610 nolebat,
1656 1547 1723 1599 ut
1781 1546 2063 1615 quaereret

401 1635 639 1695 dicens:
677 1659 705 1689 ‹‹
736 1637 947 1701 Adam,
978 1636 1077 1692 ubi
1110 1651 1171 1690 es
1195 1632 1357 1701 (Gen.
1391 1651 1477 1698 ιιι,
1509 1634 1567 1701 9)
1595 1633 1623 1687 ?
1656 1655 1683 1681 »
1744 1632 1851 1699 Qui
1908 1648 2061 1703 quae-

402 1728 570 1795 ritur,
604 1743 707 1799 pro
740 1727 981 1781 absente
1012 1724 1281 1779 habetur.
1315 1723 1483 1778 Fides
1514 1726 1605 1777 est
1646 1738 1773 1793 quae
1814 1737 1913 1777 eos
1971 1735 2057 1776 re-

402 1818 715 1888 praesentat
746 1815 884 1882 Deo,
912 1812 1158 1885 perfidia
1199 1829 1326 1883 quae
1362 1811 1501 1866 facit
1530 1810 1743 1881 implos
1772 1809 2055 1866 exsulare.
2091 1843 2155 1908 Β.

401 1904 612 1961 Nullus
642 1904 841 1974 itaque
867 1903 1078 1958 absens
1103 1906 1192 1957 est
1221 1902 1358 1966 Deo,
1391 1899 1504 1955 nisi
1538 1899 1638 1972 qui
1669 1914 1730 1954 se
1762 1899 2060 1954 absentem

401 1992 623 2050 fauerit.
657 1992 727 2048 Et
750 1991 879 2047 ideo
912 1990 1093 2046 dicit:
1128 2013 1156 2040 ‹‹
1189 1989 1313 2045 Fiat
1350 1988 1457 2045 tibi
1497 1988 1826 2044 secundum
1886 1984 2065 2042 ﬁdem

399 2084 565 2138 tuam
595 2080 810 2154 (Matth.
847 2098 925 2143 IX.
954 2080 1085 2152 29);
1123 2102 1152 2129 ››
1184 2078 1286 2151 qui
1345 2078 1501 2134 enim
1532 2077 1781 2149 ignorat,
1836 2075 2066 2148 ignora.

400 2164 579 2228 bitur.
640 2169 791 2243 Ergo
846 2169 1033 2225 Adam
1094 2167 1265 2239 quasi
1320 2170 1590 2238 peccator
1636 2164 1830 2220 locum
1884 2181 2061 2221 suum

404 2275 641 2316 servare
662 2276 779 2315 non
819 2258 1026 2331 potuit.
1090 2262 1167 2312 De
1220 2255 1493 2328 paradiso
1546 2256 1790 2326 ejectus,
1847 2254 1908 2309 in
1967 2271 2061 2310 ca-

402 2347 642 2406 stellum
669 2353 760 2405 est
790 2347 1081 2420 relegatus
1113 2345 1250 2417 (99),
1285 2350 1349 2400 ut
1395 2348 1592 2416 ageret
1652 2342 2059 2415 pcenitentiam

404 2436 639 2510 Accepit
668 2436 1029 2504 dilationem,
1061 2452 1133 2490 ne
1164 2434 1441 2491 continuo
1472 2432 1707 2505 penitus
1730 2432 2059 2499 interirent;

405 2531 472 2584 ut
501 2526 663 2583 salva
692 2527 857 2583 fieret
885 2524 1002 2582 Eva
1030 2541 1133 2597 per
1157 2522 1593 2596 generationem
1653 2519 1934 2584 filiorum.
1992 2521 2062 2577 ﬁ-

404 2618 538 2673 dem
586 2615 773 2673 sancti
801 2614 965 2684 Abel,
998 2613 1419 2687 prophetarum
1459 2610 1734 2685 gratiam,
1794 2602 2060 2667 Ecclesiae

406 2705 832 2779 posteritatem.

469 2794 565 2851 21.
602 2794 787 2866 (Vers.
848 2795 954 2862 19.)
1011 2792 1124 2850 Sed
1185 2792 1324 2863 quia
1374 2809 1476 2864 per
1522 2776 1646 2848 haec
1699 2789 1912 2847 redimi
1964 2805 2063 2845 no-

399 2883 593 2952 luerit,
628 2886 685 2939 et
712 2882 772 2938 in
808 2886 1047 2955 peccato
1098 2879 1827 2953 perseverandumsducit,
1869 2879 1942 2934 de
1996 2894 2063 2934 eo

407 2971 549 3029 dicit
572 2972 867 3044 Propheta
900 2990 912 3028 :
948 2993 976 3022 ‹‹
1011 2971 1078 3027 Et
1106 2969 1298 3026 adhuc
1332 2968 1637 3041 pusillum,
1671 2972 1728 3023 et
1783 2984 1900 3025 non
1957 2968 2067 3023 erit

408 3064 714 3134 peccator;
746 3065 805 3118 et
834 3076 1061 3133 quaeres
1092 3059 1286 3116 locum
1317 3060 1469 3131 ejus,
1494 3062 1557 3114 et
1576 3056 1999 3113 noninvenie‘s.
2033 3080 2063 3107 ››

401 3146 702 3215 Quomodo
733 3150 889 3207 enim
908 3165 1037 3207 esse
1064 3148 1278 3222 poterit
1302 3148 1362 3203 in
1393 3147 1678 3211 futurum,
1704 3162 1837 3202 cum
1862 3162 2072 3218 pecca-

402 3238 449 3296 ti
504 3240 669 3296 locus
728 3239 1046 3295 diuturnus
1102 3254 1231 3294 esse
1287 3253 1404 3293 non
1471 3234 1706 3308 possit?
1762 3235 1895 3292 Haec
1978 3239 2068 3292 est

402 3328 561 3386 enim
592 3333 747 3385 terra
778 3346 903 3401 quae
962 3326 1197 3400 aperuit
1247 3342 1312 3381 os
1343 3341 1541 3391 suum,
1587 3328 1653 3380 ut
1709 3324 2057 3398 sanguinem

405 3417 730 3489 susciperet
757 3414 1110 3473 innocentis.
1145 3414 1213 3469 Et
1256 3413 1384 3470 ideo
1415 3412 1475 3469 in
1531 3412 1641 3469 hac
1695 3416 1849 3469 terra
1895 3412 2060 3470 locus

407 3509 498 3562 est
554 3508 950 3577 peccatorum.
1005 3503 1265 3560 Praterit
1305 3506 1481 3571 terra,
1509 3502 1801 3575 quomodo
1857 3518 2059 3576 pecca-

406 3594 553 3651 toris
590 3594 756 3649 locus
814 3593 1027 3666 poterit
1072 3592 1380 3649 inveniri?
1418 3583 1539 3665 Ego
1605 3591 1854 3649 arbitror
1902 3594 2059 3665 quod
2092 3630 2093 3635 η

404 3682 535 3741 ideo
582 3684 1019 3741 ﬁrmamentum
1064 3682 1215 3738 inter
1270 3698 1484 3754 aquam
1533 3684 1590 3737 et
1645 3698 1861 3753 aquam
1905 3681 2060 3739 Deus

402 3789 532 3830 esse
562 3772 897 3846 praeceperit
931 3772 1083 3844 (Gen.
1116 3790 1157 3841 ι,
1203 3772 1280 3843 6),
1313 3773 1378 3826 ut
1426 3788 1461 3825 a
1497 3770 1813 3827 virtutibus
1857 3786 2065 3842 pecca«

402 3866 462 3919 ta
486 3861 849 3919 discerneret
876 3880 888 3930 ;
922 3866 981 3919 et
1009 3860 1279 3934 superior
1309 3876 1465 3932 aqua
1494 3859 1843 3932 qualaudat
1862 3850 2061 3917 DOmi-

400 3962 569 4021 num,
606 3949 801 4024 quieta
830 3954 1096 4007 maneret
1126 3948 1359 4018 erroris,
1393 3948 1633 4005 inferior
1654 3952 1886 4021 peccato
1908 3953 2065 4007 esset

400 4041 672 4099 obnoxia.
703 4040 969 4111 Denique
997 4039 1099 4096 illa
1126 4039 1310 4095 Deum
1331 4038 1509 4105 videt,
1537 4037 1660 4094 haec
1697 4054 1813 4095 non
1854 4038 2014 4096 videt
2043 4057 2059 4096 :

403 4147 533 4203 quas
565 4145 743 4201 super
770 4128 946 4185 caelos
977 4132 1087 4198 est,
1118 4128 1312 4195 videt;
1349 4143 1477 4199 quas
1536 4125 1597 4182 in
1653 4125 1886 4199 abysso,
1946 4145 2061 4185 non

399 4220 575 4276 videt.
596 4217 759 4275 Unde
790 4217 967 4274 etiam
1000 4217 1225 4273 dictum
1255 4220 1346 4273 est
1374 4233 1387 4270 :
1423 4237 1452 4264 «
1482 4215 1769 4271 Viderunt
1798 4220 1853 4272 te
1875 4233 2060 4289 aqua,

410 4310 587 4374 Deus,
617 4307 895 4363 viderunt
925 4310 979 4364 te
1006 4324 1192 4379 aqua),
1222 4305 1645 4362 ettimuerunt:
1670 4304 1911 4362 turbata:
1924 4310 2065 4362 sunt

403 4396 629 4466 abyssi,
671 4395 985 4452 multitudo
1030 4396 1260 4453 sonitus
1313 4410 1603 4467 aquarum
1642 4394 1815 4466 (Paul.
1875 4412 2061 4465 LXXVI,

409 4485 518 4554 17).
550 4506 577 4533 ››
610 4482 813 4539 Merito
835 4485 1149 4541 turbantur
1174 4483 1370 4556 abyssi
1402 4483 1604 4539 subter
1633 4499 1784 4555 quas
1811 4483 2062 4540 tenebrae
2086 4518 2087 4523 η

2239 570 2335 625 221
2364 568 2557 644 (Vera.
2590 567 2705 641 Η.)
2745 592 2775 620 ‹‹
2831 569 3125 628 Mansueti
3182 573 3377 627 autem
3440 566 3844 642 possidebunt

2168 662 2407 725 terram,
2441 663 2497 715 et
2527 657 2977 716 delectabuntur
3029 660 3089 717 in
3147 658 3528 717 multitudine
3585 657 3775 730 pacis.
3813 682 3843 708 »ι

2170 747 2376 805 Merito
2414 752 2635 804 terram
2664 748 2969 820 possident
3002 749 3062 805 in
3107 750 3323 821 quibus
3351 753 3508 804 Deus
3566 747 3699 818 ipse
3760 763 3848 803 re-

2171 837 2437 911 quiescit,
2470 836 2625 893 sicut
2655 837 2853 894 divine
2899 854 3006 911 per
3062 838 3271 896 Isaiam
3338 835 3655 893 resultavit
3712 852 3849 891 ora-

2169 926 2301 984 culo
2331 927 2569 983 dicens:
2603 948 2633 977 ‹‹
2663 924 2849 999 Super
2902 927 3503 1000 quemrequiescam,
3566 923 3688 981 nisi
3750 941 3851 980 suo

2170 1034 2274 1090 per
2292 1014 2580 1073 humilem
2610 1019 2668 1072 et
2696 1015 2985 1088 quietum,
3018 1021 3076 1073 et
3103 1020 3449 1073 trementem
3480 1014 3665 1071 verba
3709 1030 3850 1071 mea

2170 1108 2297 1179 (ιω.
2332 1122 2465 1163 ιχνι
2485 1096 2543 1174 2)
2569 1105 2597 1161 ?
2626 1127 2665 1157 »-
2689 1104 2796 1170 Qui
2827 1109 2967 1162 sunt
2995 1105 3309 1170 mansueti,
3339 1104 3455 1161 nisi
3487 1118 3653 1175 quos
3703 1102 3847 1158 nul-

2169 1195 2264 1253 lus
2293 1195 2571 1252 stimulus
2621 1192 3009 1252 dissensionis
3056 1196 3347 1265 exagitat,
3384 1210 3505 1250 non
3557 1192 3647 1247 ira
3701 1206 3857 1263 per:

2168 1286 2388 1353 turbat,
2424 1301 2539 1341 non
2560 1284 2791 1341 saevitia
2817 1288 3139 1357 exasperat,
3174 1301 3288 1341 non
3328 1282 3523 1339 rabies
3578 1279 3845 1336 crudeli~

2169 1375 2309 1432 tatis
2338 1374 2722 1430 inflammat?
2752 1374 2824 1429 Et
2846 1375 2979 1431 ideo
3009 1373 3150 1446 quia
3176 1389 3291 1429 non
3319 1371 3476 1439 vina,
3498 1386 3632 1425 non
3688 1385 3845 1441 epu—

2171 1466 2284 1532 las,
2314 1480 2431 1519 non
2462 1462 2716 1533 divitias,
2750 1463 2851 1520 sed
2883 1479 3085 1536 pacem
3118 1460 3350 1520 Domini
3380 1459 3729 1516 dilexerunt
3784 1457 3844 1513 in

2172 1569 2415 1626 corpore
2440 1551 2767 1619 constituti,
2800 1569 2905 1625 pro
2962 1552 3066 1609 illa
3119 1550 3503 1608 delectatione
3561 1564 3844 1620 corpora-

2170 1641 2319 1698 lium
2347 1641 2739 1714 voluptatum,
2762 1659 2879 1714 qua
2909 1658 2973 1698 se
2991 1644 3276 1714 putarunt
3293 1655 3423 1697 esse
3445 1637 3863 1703 fraudandus,

2169 1736 2236 1788 ut
2264 1730 2514 1805 gratiam
2536 1731 3011 1803 adipiscerentur
3047 1734 3342 1791 sternam,
3371 1749 3400 1778 «ι
3448 1726 3844 1783 delectabun—

2170 1824 2271 1877 tur
2297 1820 2358 1875 in
2390 1820 2771 1876 multitudine
2800 1820 2981 1893 pacis,
3001 1832 3253 1892 mquam
3297 1815 3588 1875 Dominus
3642 1818 3861 1870 noster-

2172 1910 2347 1966 Jesus
2376 1908 2443 1964 ina
2464 1909 2677 1965 diebus
2706 1910 2833 1966 suis
2858 1908 3061 1982 generi
3099 1906 3337 1965 donavit
3363 1906 3661 1969 humano,
3688 1903 3849 1959 sicut

2173 1998 2485 2071 prophetia
2507 2014 2638 2070 qua
2670 2015 2786 2055 non
2810 1998 3038 2055 mantia
3065 2001 3176 2065 est,
3240 1995 3405 2053 188:
3447 1991 3847 2066 comprehen-

2173 2087 2259 2144 dit
2281 2103 2586 2144 asserens:
2618 2110 2650 2137 «
2682 2087 3000 2144 Orieturrin
3020 2087 3240 2143 diebus
3281 2086 3425 2157 ejus
3458 2082 3724 2161 justitia,
3752 2116 3755 2123 η
3788 2086 3861 2137 et)

2174 2174 2490 2233 multitudo
2521 2175 2703 2248 pacis,
2735 2177 2921 2234 donec
2949 2174 3265 2233 extollatur
3294 2174 3436 2230 luna
3460 2172 3645 2243 (Paul.-
3681 2187 3841 2238 uxr,

2170 2266 2249 2338 7).
2302 2288 2331 2345 ›η›
2388 2267 2524 2331 Qua
2578 2264 2761 2339 igitur
2814 2270 2905 2321 est
2958 2282 3069 2337 pax
3124 2281 3243 2337 qua
3295 2266 3518 2320 cuncta
3567 2258 3867 2317 Eccleﬂa-

2172 2346 2603 2427 multipliCatus
2629 2358 2722 2411 est
2750 2354 3026 2427 populus,
3058 2353 3174 2411 nisi
3194 2352 3294 2409 illa
3312 2354 3387 2409 de
3402 2368 3525 2424 qua
3544 2348 3863 2406 Dominus:

2171 2443 2353 2500 dixit:
2385 2465 2413 2493 ‹‹
2446 2443 2653 2499 Pacem
2683 2458 2874 2499 meam
2902 2441 3176 2515 relinquo
3199 2441 3843 2512 vobis,'pacem«meam

2171 2532 2242 2590 de
2269 2531 2435 2589 vobis
2464 2533 2653 2603 (hanc.
2692 2548 2808 2600 xiv,
2830 2531 2926 2604 27)
2945 2532 2972 2588 ?
3001 2554 3031 2582 ››
3061 2531 3228 2589 Dedit
3257 2542 3485 2603 pacem,
3545 2527 3650 2601 qui
3716 2526 3847 2582 ani-

2172 2637 2402 2679 morum
2434 2620 2589 2679 bella
2607 2621 2872 2679 sedavit.-

2240 2712 2330 2769 23x
2360 2701 2551 2784 (Vera.
2582 2710 2685 2777 i2,
2708 2710 2835 2783 ‘13.)
2864 2711 3189 2783 Sequitur:
3227 2731 3256 2760 «
3299 2704 3649 2765 Observabit
3708 2719 3847 2777 pec-

2172 2803 2332 2858 cator
2351 2800 2714 2873 justum“),
2746 2803 2805 2857 et
2864 2801 3077 2857 fremet
3131 2814 3311 2872 super
3364 2812 3502 2853 eum
3560 2794 3871 2851 dentibus-

2172 2890 2318 2947 suia.
2352 2889 2638 2955 Dominus
2658 2893 2871 2946 autem
2893 2888 3357 2955 irridebit-eum;
3390 2883 3849 2958 quoniam-pro-

2173 2977 2347 3052 spicit
2370 2978 2531 3051 quod
2560 2978 2759 3035 veniat
2784 2976 3087 3050 diesejus.
3108 2999 3150 3030 η»
3172 2973 3573 3049 'Indignantis
3595 2972 3847 3045 quidem
3868 3002 3877 3008 ο

2174 3073 2235 3125 et
2267 3068 2699 3125 effervescentis
2738 3068 2799 3124 in
2853 3067 3253 3125 irracundiam
3310 3062 3685 3122 consuetudo
3730 3066 3845 3127 est,

2177 3157 2775 3215 dentibus'fremere:
2807 3156 3141 3213 sed:babet
3192 3154 3371 3211 etiam
3430 3168 3533 3209 cer
3590 3149 3847 3223 maligni

2148 3248 2380 3304 'dentes
2412 3262 2572 3315 suos,
2613 3246 2717 3318 qui
2765 3246 2842 3317 (2)
2899 3260 3017 3302 non
3071 3258 3365 3310 resonare,
3415 3241 3523 3299 sed
3578 3238 3847 3296 lacerare

2168 3338 2617 3395 consueverunt.
2648 3334 2925 3401 insidias,
2952 3336 3305 3398 commenta,
3336 3329 3637 3402 nequitia,
3700 3329 3849 3385 den-

2171 3430 2261 3483 tes
2289 3430 2435 3483 sunt-
2459 3424 2801 3498 peccatoris.
2833 3423 3157 3482 lnsidiatur
3183 3437 3320 3495 ergo
3350 3421 3624 3494 peccator
3645 3418 3846 3489 justi).

2168 3516 2309 3588 quia
2362 3513 2795 3586 invidet;justi
2828 3514 2993 3570 enim
3048 3512 3170 3568 vita
3226 3508 3535 3582 redarguit
3567 3509 3841 3580 peceato-

2168 3620 2314 3673 rem',
2343 3619 2527 3676 quem
2546 3601 2731 3659 tacita
2758 3603 2981 3675 majore
3008 3599 3360 3658 auctoritate
3380 3592 3859 3665 condemnauit}

2170 3710 2349 3767 quam
2379 3693 2430 3750 si
2451 3691 2779 3751 clara‘vooe
2802 3690 3161 3765 loqueretur.
3203 3689 3316 3747 Sed
3366 3682 3879 3759 justus‘timere'

2170 3801 2288 3841 non
2317 3783 2491 3841 debet
2516 3782 2831 3839 fremitum
2866 3779 3237 3854 peccatoris,
3295 3776 3435 3850 quia
3488 3772 3850 3845 improbitas

2171 3874 2515 3944 nowpotest
2539 3887 2673 3929 esse
2698 3873 3003 3943 perpetua.
3034 3868 3269 3926 Insidie
3297 3860 3659 3937 temporales
3680 3865 3848 3927 sunt,

2172 3960 2545 4019 munimenta
2566 3962 2773 4017 autem
2801 3957 3041 4016 virtutis
3066 3961 3303 4014 aeterna.
3337 3954 3496 4012 Mors
3509 3949 3881 4024 peccatoris-

2171 4066 2409 4107 omnem
2428 4049 2567 4121 ejus
2593 4046 2923 4120 potentiam
2950 4046 3342 4116 fraudemque
3356 4038 3663 4099 dissolvitt

2224 4138 2330 4194 24.
2363 4126 2551 4210 (vers.
2599 4136 2713 4207 14.)
2752 4133 2911 4193 Plus
2941 4156 2944 4159 λ
2978 4134 3240 4206 adjicit:
3302 4155 3331 4183 «
3390 4130 3558 4194 Ecce,
3620 4127 3852 4199 inquit,

2169 4226 2447 4302 gladium-
2489 4225 2947 4299 evaginaverunt
3001 4226 3358 4297 peccatores,
3441 4217 3843 4276 extenderunt

2172 4331 2606 4383 arcumisuum,
2638 4317 2707 4369 ut
2731 4312 3016 4386 dejiciant
3045 4326 3363 4386 pauperem
3400 4311 3460 4364 et
3515 4307 3771 4376 inopem.
3816 4326 3850 4351 ι»

2170 4404 2313 4473 Quis
2342 4407 2435 4461 est
2461 4402 2698 4476 gladius
2729 4402 3074 4475 peccatoris,
3105 4400 3221 4457 nisi
3255 4396 3589 4456 contrarius
3643 4392 3854 4466 gladio

2171 4493 2427 4566 Spiritus
2452 4491 2642 4550 sancti
2665 4496 2688 4549 Ρ
2709 4490 2919 4548 Docuit
2934 4490 3091 4548 hunc
3104 4488 3408 4561 Scriptura
3426 4502 3527 4541 me
3546 4481 3852 4556 gladium;

411 4576 553 4630 sunt
583 4572 893 4640 deformes,
927 4577 985 4629 et
1016 4573 1147 4630 ideo
1178 4588 1378 4647 pacem
1411 4571 1627 4629 habere
1645 4588 1761 4629 non
1793 4577 2060 4645 possunt.
2094 4581 2371 4654 "docuit
2397 4579 2713 4655 Apostolus
2744 4578 3161 4652 dicaamrquia'
3190 4577 3481 4635 habamus
3504 4596 3542 4624 «
3597 4571 3858 4628 loricam

405 4662 569 4720 Unde
618 4661 841 4735 rogavit
878 4661 1030 4736 legio
1088 4661 1508 4719 daemoniorum
1558 4664 1625 4717 ut
1670 4660 1731 4716 in
1782 4662 2063 4735 abyssum
2161 4670 2511 4745 justum,“
2573 4672 2809 4726 acutum
2838 4668 2997 4737 ﬁdei,
3027 4672 3088 4724 et
3113 4664 3344 4740 galeam
3361 4660 3615 4725 “iugis,
3646 4663 3709 4715 et
3730 4658 3866 4732 διε-

410 4752 758 4823 mitteretur,
792 4756 849 4808 et
875 4769 939 4809 se
960 4767 1340 4823 cum‘magno
1370 4750 1631 4807 tumultu
1684 4750 2065 4824 praecipitavit

406 4840 766 4907 inductus,
824 4844 889 4896 ut
946 4854 1257 4913 porcorum
1305 4850 1542 4910 gregem
1600 4853 1777 4910 quem
1834 4855 2061 4912 repere-

408 4935 518 4997 rat,
548 4929 945 5003 strangularet
972 4928 1181 4999 (Matth.
1226 4943 1351 4993 vm,
1408 4927 1511 4995 31,
1552 4925 1665 4998 32).
1726 4927 2061 4987 Peccatores

480 5046 597 5116 (98)
624 5045 751 5101 νει.
803 5044 940 5100 edit.
967 5045 1028 5100 in
1064 5058 1258 5116 ωδ.νεῖ
1283 5044 1341 5097 et
1398 5058 1553 5116 ms_s._
1604 5045 1831 5116 septem
1884 5043 2062 5116 Galli-

411 5112 585 5181 cani,’
596 5133 816 5173 servare
844 5133 954 5172 non
980 5112 1426 5188 potuit,?\’erum
1459 5113 1509 5167 si
1540 5112 1850 5188 lectionem
1895 5114 2060 5188 hanc

410 5188 769 5313 probaveris,
806 5184 1002 5261 accipe
1031 5203 1142 5243 non
1168 5187 1370 5268 potuit,
1401 5186 1519 5241 lato
1570 5184 1745 5241 modo
1775 5204 1788 5254 ;
1823 5185 1910 5241 uti
1968 5204 2063 5243 so-

437 5272 605 5313 emus
634 5260 835 5313 dicere
856 5260 1115 5313 aliouem
1164 5257 1221 5313 1d
1278 5272 1395 5313 non
1434 5255 1718 5313 potuisse.
1779 5258 1933 5313 uuod
1983 5275 2063 5313 re-

437 5255 605 5317 e‘mus
634 5255 835 5316 dicere
856 5255 1115 5332 aliquem
1164 5255 1221 5332 id
1278 5272 1395 5332 non
1432 5255 1718 5332 potuisse,
1779 5258 1933 5332 quod
1983 5275 2065 5314 re-

410 5346 547 5410 vera
576 5349 692 5410 non
724 5329 1383 5410 feceritfsivealioquin

414 5400 705 5481 habuerit,
737 5396 1002 5473 ejusdem
1038 5403 1122 5481 rei
1154 5396 1467 5481 faciendae,
1501 5403 1567 5456 ut
1610 5396 1746 5456 cum
1804 5396 2066 5459 Philoso-

416 5471 914 5547 ph‘iAsAloquainur,
946 5473 1419 5547 possibilitatem.

489 5541 612 5622 φῦ)Δ
652 5540 737 5599 Ita
781 5540 1047 5622 edit-ct
1096 5563 1195 5602 sex
1251 5561 1394 5601 mss.
1465 5542 1567 5622 qui
1614 5545 1818 5622 tamen
1841 5540 2067 5615 legunt,

418 5612 695 5682 religatus,
728 5632 992 5684 quattvox
1021 5618 1138 5673 fere
1176 5632 1410 5684 semper
1465 5612 1761 5671 invenitur
1802 5612 2064 5673 in'mss.

419 5700 524 5756 pro
555 5684 826 5755 relegatus
862 5728 874 5742 .
905 5690 976 5743 At
1003 5686 1181 5757 Vict,
1211 5684 1396 5757 Colh.,
1430 5691 1487 5742 et
1516 5690 1628 5741 vet.
1656 5685 1794 5744 edit.
1826 5686 1885 5744 in
1918 5703 2068 5747 mar-

1476 5327 1724 5399 abuerit,
1785 5327 1909 5399 sive
1946 5347 2063 5387 non
2100 5366 2105 5377 η-

2172 4761 2337 4818 dium
2367 4758 2646 4832 Spiritus,
2672 4751 2829 4831 quod
2856 4761 2952 4815 est
2990 4756 3259 4814 verbum
3312 4752 3419 4810 Dei
3442 4784 3449 4785 ί
3474 4749 3703 4822 (Ephcs.
3776 4764 3860 4813 τι.

2171 4848 2347 4919 4,έᾶ6,
2381 4847 2492 4919 17).
2527 4868 2555 4897 ››
2578 4846 3008 4920 Ergoverbum
3038 4845 3149 4903 Dei.
3169 4843 3404 4918 gladius
3432 4838 3866 4912 Sp'u-itussan-

2174 4938 2251 4995 eti
2266 4941 2376 4996 est.
2408 4935 2786 4994 Et'conirario
2798 4934 3012 5010 utique
3024 4934 3256 5009 gladius
3272 4930 3525 5006 spiritus
3541 4926 3860 4999 nequissi-

2173 5053 2317 5129 ginef
2336 5050 2693 5129 p_rzeferunt_.g
2708 5052 2769 5107 tn‘
2790 5053 3122 5129 cameratas!
3138 5048 3425 5129 religatus.

2247 5116 2741 5196 (t)"Rom.1edit.,
2797 5116 3462 5196 Inﬁdiabiturfeccuwr
3500 5117 3681 5196 justo,
3731 5116 3855 5196 eth.

2180 5186 2337 5252 Vat."
2354 5198 2551 5252 autem
2578 5198 2655 5259 et
2681 5186 2847 5253 mss.-
2886 5211 3113 5252 omnes.
3173 5186 3531 5259 θ’ὺκνὸαυὶιζί
3564 5191 3686 5245 etc.
3750 5186 3859 5257 Fa-

2174 5271 2313 5324 vent
2342 5265 2518 5323 etiam
2546 5256 2710 5337 LXX,
2741 5276 2996 5337 quarum
3050 5266 3228 5323 verba
3282 5266 3421 5323 sunt
3475 5258 3621 5316 illa:
3682 5262 3855 5321 Πειρι-

2170 5337 2494 5404 τηρήσιεαξὲ
2521 5337 2811 5402 istam»:
2834 5339 2937 5388 τὸνε
2994 5338 3211 5404 litasset;
3253 5402 3257 5404 _
3397 5398 3405 5404 .
3462 5396 3495 5404 -

2249 5389 2329 5529 Σὲ)
2362 5389 2569 5484 Ε’άίῂβ
2605 5389 2741 5485 ὖθμ
2772 5389 3291 5485 ὁιεωτῦοάρνὶοι.
3352 5398 3416 5480 et
3455 5391 3655 5460 Colb.,
3746 5389 3857 5447 Sed

2285 5477 2381 5529 ent
2406 5481 2576 5529 etiam
2600 5473 2837 5529 malwm
2864 5473 3049 5529 dente:
3068 5488 3213 5529 suos.
3265 5468 3485 5529 aurbus,
3518 5468 3637 5523 δια
3672 5463 3853 5525 Rom.

2176 5463 2381 5529 habent
2404 5474 2576 5545 etiam
2600 5472 3049 5545 maligm'dentes
3068 5488 3213 5539 suos,
3265 5468 3485 5543 quibus,
3518 5468 3637 5523 etc.
3672 5463 3853 5525 Rom.

2177 5543 3067 5619 cumanis:ut‘nosprra;___
3208 5598 3265 5619 ,η
3438 5618 3443 5619 ,
3533 5609 3544 5619 .

2252 5615 2585 5689 (3).Va_t.fet
2604 5615 2867 5688 quatuor
2908 5615 3151 5683 Gallia,
3192 5616 3357 5685 Quem
3426 5615 3602 5667 tacito
3667 5621 3853 5676 mea

2179 5704 2275 5746 ore
2298 5687 2690 5749 condemnat.
