4116 6188
308 324 314 329 ,
391 272 546 338 1027

1774 337 1776 339 ι
1845 269 1907 330 S.
1957 267 2325 339 AMBROSII

3643 263 3814 327 1028

390 406 899 471 examinabuntur,
931 401 1124 458 dicent
1154 407 1350 458 tamen
1384 422 1400 456 :
1439 420 1465 454 α
1496 401 1901 458 Transivimus
1934 419 2035 474 per
2063 404 2118 470 Α
2149 419 2317 458 mone
2349 401 2552 457 divites
2584 404 2740 467 sunt,
2777 398 2909 456 fidei
2966 398 3194 477 inopes,
3223 398 3485 455 veritatis
3516 404 3814 454 exsortes.

388 497 586 568 ignem
618 498 674 549 et
711 507 925 562 aquam
957 491 1131 562 (Psal.
1191 509 1313 546 va.
1379 491 1552 563 12).»
1607 489 1716 546 Alii
1775 492 1926 546 790
1983 491 2041 546 in

385 584 517 655 igne
551 581 938 637 remanebunt
973 597 985 635 :
1021 579 1141 636 illis
1169 580 1394 636 rorabit
1451 580 1626 653 ignis,
1665 583 1730 634 ut
1786 579 2041 635 Hebrzeis

382 669 604 743 pueris,
638 669 738 742 qui
779 668 1048 724 incendio
1073 669 1325 725 fornacis
1348 669 1610 725 ardentis
1636 667 1845 740 objecti
1872 671 2037 735 sunt;

383 759 688 816 ministros
717 763 911 815 autem
942 757 1262 830 impietatis
1295 757 1448 814 ultor
1478 757 1630 831 ignis
1661 762 1879 814 exuret.
1942 756 2039 812 Vae

382 847 530 904 mihi
563 848 612 905 si
644 865 790 920 opus
824 863 1020 902 meum
1055 847 1282 918 arserit,
1317 851 1374 904 et
1403 847 1620 903 laboris
1643 847 1823 918 hujus
1853 845 2041 918 patiar

382 937 800 994 detrimentum
836 936 847 991 ι
883 936 955 991 Et
985 937 1036 992 si
1069 935 1262 993 salvos
1295 935 1467 992 faciet
1496 936 1781 992 Dominus
1839 952 2037 991 servos

380 1043 539 1094 suos,
573 1025 719 1082 salvi
747 1024 970 1080 erimus
1003 1041 1104 1098 per
1135 1025 1333 1094 fidem,
1367 1025 1451 1081 sic
1480 1029 1678 1081 tamen
1713 1023 1858 1080 salvi
1894 1041 2036 1096 qua-

381 1116 428 1172 si
460 1132 563 1187 per
591 1114 788 1188 ignem
824 1132 836 1181 ;
871 1119 927 1169 et
957 1113 1006 1169 si
1040 1131 1155 1170 non
1189 1114 1511 1181 exurimur,
1542 1118 1739 1169 tamen
1773 1130 2033 1168 uremur.

379 1205 678 1269 Quomodo
719 1207 916 1259 tamen
948 1203 1045 1259 alii
1077 1208 1420 1259 remaneant
1456 1204 1516 1258 in
1547 1203 1700 1276 igne,
1749 1202 1847 1258 alii
1902 1189 2047 1276 per-~

378 1297 699 1360 transeant,
737 1291 850 1347 alio
881 1291 1007 1348 loco
1065 1309 1171 1348 nos
1230 1293 1396 1349 docet
1454 1293 1761 1364 Scriptura
1816 1291 2031 1347 divina.

377 1383 597 1454 Nempe
629 1381 689 1436 in
725 1398 886 1437 mare
942 1382 1206 1437 Rubrum
1266 1382 1574 1438 demersus
1632 1380 1886 1453 populus
1947 1387 2036 1437 est

382 1469 798 1545 ngyptiorum,
834 1471 1101 1526 transivit
1123 1475 1318 1526 autem
1344 1469 1599 1543 populus
1625 1470 2030 1537 Hebraeorum;

378 1559 604 1633 Moyses
637 1559 1030 1631 pertransivit,
1069 1560 1467 1630 praecipitatus
1500 1563 1590 1614 est
1618 1559 1840 1613 Pharao
1865 1557 2034 1627 (Exod

375 1665 490 1717 xw,
517 1650 704 1720 22-28)
740 1667 752 1702 :
787 1648 1070 1718 quoniam.
1098 1649 1366 1720 graviora
1394 1665 1528 1704 eum
1576 1652 1814 1720 peccata
1882 1664 2029 1702 mer-

375 1739 601 1794 serunt.
637 1742 709 1792 Eo
746 1737 916 1791 modo
948 1737 1474 1809 praecipitabuntnr
1503 1735 1772 1809 sacrilegi
1833 1735 1891 1790 in
1949 1735 2029 1790 la-

374 1839 506 1882 cum
539 1825 694 1898 ignis
725 1825 1002 1894 ardentis,
1039 1826 1139 1897 qui
1193 1827 1445 1897 superba
1498 1826 1557 1880 in
1585 1871 1588 1874 .
1612 1825 1795 1880 Deum
1847 1826 2029 1894 jacta-

374 1931 506 1972 vere
538 1914 820 1970 convicia.
870 1918 1201 1987 Sequemur
1257 1931 1394 1986 ergo
1452 1914 1546 1969 hic
1576 1913 1752 1986 positi
1809 1914 2027 1969 colum-

375 2021 512 2060 nam
547 2003 721 2078 ignis,
756 2020 882 2075 quaa
918 2020 1022 2058 nos
1053 2003 1114 2060 in
1145 2003 1254 2058 hoc
1283 2020 1524 2075 corpore
1554 2003 1778 2075 positos
1810 2003 2027 2058 illumi-

377 2099 495 2161 net,
531 2095 588 2148 et
617 2091 770 2148 viam
803 2095 1090 2147 monstret
1123 2110 1136 2160 ;
1170 2097 1235 2147 ut
1261 2092 1318 2146 in
1342 2092 1605 2154 futurum
1639 2092 1805 2149 nobis
1845 2093 2028 2147 nebu-

377 2180 436 2236 la
466 2181 766 2253 refrigeret
787 2181 1018 2237 noctis:
1073 2197 1187 2252 quo
1245 2197 1395 2236 saeva
1450 2181 1720 2236 incendia
1775 2179 2030 2236 relevare

378 2268 696 2342 possimus.

450 2360 536 2412 ‘27.
564 2356 708 2412 Vide
740 2361 937 2412 autem
986 2357 1291 2429 Scriptura
1343 2357 1484 2430 quid
1557 2357 1754 2412 dicat:
1815 2361 2029 2414 Arcum

377 2450 750 2518 peccatorum
804 2445 1088 2501 Dominus
1166 2445 1508 2517 confringet.
1566 2451 1786 2502 Arcum
1835 2451 2030 2503 autem

378 2551 554 2592 sunm
586 2534 781 2607 posuit
805 2534 864 2588 in
898 2534 1074 2600 nube,
1109 2551 1223 2605 quo
1256 2534 1476 2590 diluvia
1505 2541 1824 2604 cessarent,
1875 2541 2030 2592 trau-

376 2622 639 2696 quillitas
666 2623 1076 2678 refunderetur
1105 2624 1204 2694 (8).
1240 2622 1402 2679 Unde
1452 2624 1834 2693 credendum,
1893 2623 2032 2696 quia

376 2711 744 2770 adversarius
775 2715 831 2766 et
863 2710 1156 2784 malignus
1188 2729 1392 2767 arcum
1424 2713 1685 2768 extendit
1734 2730 1928 2778 suum,
1966 2717 2031 2768 ut

375 2800 590 2874 quietis
637 2799 851 2855 animis
910 2804 1141 2855 moveat
1207 2804 1608 2873 tempestates,
1653 2802 1866 2856 excitet
1935 2800 2032 2856 ila-

376 2897 494 2947 tus.
535 2890 780 2946 Oremus
821 2905 958 2961 ergo
1000 2893 1064 2943 ut
1103 2904 1306 2944 arcum
1373 2887 1760 2961 malignitatis
1827 2888 2032 2945 dissol~

377 2983 472 3036 vat
498 2977 783 3034 Dominus
813 2977 964 3032 Deus
993 2981 1238 3044 noster;
1300 2977 1453 3032 adsit
1510 2978 1751 3049 pauperi
1811 2995 1917 3032 suo
1974 2982 2031 3034 et

376 3067 560 3140 inopi,
595 3067 692 3140 qui
727 3071 960 3140 propter
989 3066 1090 3121 Dei
1120 3067 1388 3121 timorem
1423 3067 1590 3121 duxit
1624 3083 1737 3121 non
1758 3067 2028 3124 affectan-

2121 496 2123 498 ’
2155 492 2224 546 Et
2254 496 2391 546 sunt
2421 489 2684 563 plerique
2736 489 3034 562 simplices
3063 489 3297 546 Domini
3327 488 3716 555 sacerdotes,
3751 488 3815 544 in

2155 596 2423 637 sermone
2455 595 2760 652 pauperes,
2793 578 3150 634 abs’tinentia
3165 583 3223 634 et
3251 577 3463 633 virtute
3485 576 3816 633 sublimes.

2161 671 2302 728 791
2343 668 2429 724 Illi
2479 667 2681 724 multis
2737 667 3022 740 loquntur
3077 667 3416 741 perﬁdiam,
3437 667 3536 723 isti
3569 665 3822 739 paucis

2153 759 2329 814 ﬁdem
2354 761 2662 822 asserunt;
2692 755 2777 810 illi
2811 773 2950 812 suos
2971 756 3302 812 immittunt
3332 754 3598 828 quotidie
3621 771 3824 812 sacer-

2152 847 2337 915 dotes,
2371 845 2465 902 hic
2495 862 2718 918 pauper
2759 845 3009 918 populos
3068 844 3316 918 acquirit
3366 843 3667 910 Ecclesiae,
3706 860 3820 900 nu-

2151 951 2428 1009 meroque
2457 935 2840 992 credentium.
2876 934 2982 999 Qui
3015 951 3148 1007 ergo
3180 935 3284 990 hos
3315 932 3594 1004 audierit,
3638 937 3701 990 et
3731 933 3820 988 vi-

2149 1025 2299 1081 derit
2328 1040 2571 1097 operum
2602 1022 2969 1095 qualitatem,
2999 1023 3142 1078 dicit
3173 1040 3185 1077 :
3225 1048 3251 1074 «
3286 1022 3498 1079 Melius
3553 1026 3650 1078 est
3682 1039 3816 1078 mo-

2148 1112 2345 1169 dicum
2373 1115 2558 1184 justo,
2589 1128 2769 1184 super
2798 1111 3031 1176 divitias
3072 1117 3439 1184 peccatorum
3497 1110 3746 1168 multas.
3781 1134 3814 1161 υ

2150 1202 2294 1257 Hinc
2326 1200 2602 1257 Salomon
2627 1199 2904 1255 derivavit
2925 1200 3098 1269 illud,
3128 1201 3278 1272 quod
3314 1198 3490 1273 quasi
3523 1217 3696 1257 suum
3720 1200 3812 1272 ip-

2155 1307 2218 1346 se
2236 1291 2471 1363 posuit:
2503 1314 2523 1339 ι
2560 1290 2642 1345 Ex
2671 1288 3042 1360 multiloquio
3075 1305 3188 1345 non
3219 1289 3467 1362 effugies
3500 1293 3815 1361 peccatum

2146 1380 2328 1448 (Prov.
2362 1397 2418 1444 x,
2462 1379 2633 1450 19).»
2684 1377 2962 1434 Dialetica
3015 1393 3152 1450 ergo
3210 1377 3427 1434 divitiis
3488 1379 3813 1435 verborum

2146 1468 2295 1536 fluit,
2324 1467 2513 1540 pietas
2545 1467 2816 1523 timorem
2849 1459 2950 1523 Dei
2979 1470 3190 1524 servat.
3224 1467 3356 1523 Ideo
3387 1466 3484 1522 hic
3504 1483 3729 1540 parcus
3753 1466 3812 1520 in

2144 1557 2357 1623 verbis,
2392 1557 2552 1612 dives
2585 1557 2642 1611 in
2677 1556 2910 1629 spiritu,
2946 1555 3134 1629 magis
3166 1556 3286 1611 vult
3328 1556 3564 1623 timere,
3626 1572 3811 1628 quam

2143 1663 2293 1701 vana
2324 1646 2438 1701 veri
2471 1647 2645 1702 verba
2691 1647 2961 1717 jactare:
3025 1645 3200 1700 timor
3255 1645 3415 1700 enim
3477 1643 3803 1717 disciplina

2143 1735 2438 1807 sapientia:
2487 1741 2620 1790 est:
2684 1734 3005 1807 loquacitas
3059 1733 3403 1790 innocentia
3436 1733 3800 1804 virtutisque

2143 1825 2541 1898 naufragium,
2581 1828 2754 1897 atque
2781 1823 3138 1880 incentivum
3169 1822 3568 1896 prolapsionis
3593 1826 3650 1878 et
3680 1821 3806 1878 cul-

2145 1930 2250 1985 pze.

2213 2002 2301 2058 29.
2341 2003 2522 2074 (Vers.
2560 2003 2668 2075 17.)
2703 2026 2730 2052 ‹‹
2765 2002 3057 2067 Quoniam
3083 2001 3340 2072 brachia,
3403 2001 3618 2072 inquit,
3677 2019 3806 2075 pec-

2143 2095 2409 2147 catorum
2439 2095 2830 2147 conterentur.
2869 2114 2894 2140 ››
2927 2091 3000 2147 Ut
3029 2095 3200 2148 actus
3217 2106 3424 2147 eorum
3456 2091 3625 2162 justo
3685 2091 3807 2146 im-

2143 2181 2546 2253 pedimentum
2589 2181 2794 2236 afferre
2821 2197 2938 2235 non
2991 2179 3222 2252 possint
3253 2197 3265 2247 ;
3325 2196 3400 2236 ne
3431 2178 3808 2253 derelinqua-

2142 2274 2239 2324 tur
2267 2269 2429 2342 virga
2458 2274 2827 2340 peccatorum
2860 2286 3036 2341 super
3096 2272 3314 2324 sortem
3371 2269 3704 2340 justorum.
3734 2267 3812 2326 Et

2144 2357 2359 2413 Paulus
2390 2356 2498 2412 ait:
2529 2379 2556 2408 ‹‹
2592 2359 2859 2413 Conterat
2888 2358 3042 2413 Deus
3079 2359 3360 2413 Satanam
3390 2358 3502 2413 sub
3551 2357 3810 2430 pedibus

2141 2446 2352 2502 vestris
2382 2447 2556 2515 (Rom.
2590 2463 2708 2515 xvx,
2740 2447 2849 2518 20).
2904 2468 2924 2494 ιι
2962 2446 3023 2500 Si
3082 2445 3237 2503 enim
3295 2445 3609 2502 brachium
3672 2448 3808 2517 ejus

2142 2535 2461 2591 contritum
2493 2535 2688 2603 fuerit,
2726 2541 2881 2590 totus
2911 2535 3037 2607 ipse
3096 2539 3433 2591 conteretur
3467 2553 3479 2603 ;
3527 2539 3594 2592 ut
3651 2551 3802 2591 con-

2143 2623 2447 2680 culcentur
2477 2625 2604 2694 ejus
2634 2628 2986 2689 commenta,
3019 2623 3174 2679 sicut
3198 2639 3422 2681 venena
3479 2625 3798 2696 serpentis.

2211 2714 2301 2768 30.
2342 2738 2361 2763 ιι
2399 2714 2716 2769 Confirmat
2747 2718 2942 2768 autem
2983 2715 3181 2783 justos
3238 2712 3549 2781 Dominus,
3587 2737 3612 2760 ››
3665 2714 3802 2770 bra-

2143 2801 2273 2858 chio
2306 2801 2618 2857 adversarii
2652 2801 2958 2862 dissoluto.
2987 2802 3059 2857 Et
3088 2801 3215 2858 ideo
3236 2803 3444 2873 justus
3466 2802 3614 2858 dicit
3641 2821 3653 2858 :
3684 2825 3714 2853 α
3734 2794 3809 2859 Et

2143 2891 2502 2946 conﬁrmasti
2535 2908 2710 2962 super
2741 2909 2832 2946 me
2864 2907 3106 2946 manum
3147 2896 3310 2946 tuam
3370 2892 3544 2962 (Psal.
3578 2909 3807 2961 χχχιιι,

2142 2980 2217 3051 3).
2255 3003 2282 3029 ››
2315 2981 2380 3034 Et
2406 2979 2512 3034 Job
2545 2980 2627 3034 ait
2660 2997 2670 3032 :
2709 3004 2736 3030 ‹‹
2771 2980 2976 3035 Manus
3000 2980 3229 3035 Domini
3262 2980 3455 3053 tetigit
3501 2996 3599 3036 me
3659 2982 3803 3052 (Job.

2141 3086 2257 3138 xxx,
2290 3069 2399 3138 21).
2439 3091 2465 3116 ››
2499 3067 2658 3122 Misit
2687 3083 2822 3139 ergo
2854 3066 3140 3134 Dominus
3197 3083 3441 3122 manum
3498 3083 3680 3122 suam
3740 3068 3802 3122 in

378 3158 484 3213 das
513 3173 640 3212 esse
669 3155 922 3218 divitias,
957 3172 1072 3210 non
1101 3156 1442 3226 occupanda
1471 3155 1765 3210 minorum
1788 3155 2021 3227 praedia,
2057 3143 2100 3210 C
2141 3157 2373 3213 servum
2404 3173 2578 3213 suum
2614 3174 2627 3224 ;
2661 3161 2719 3212 et
2748 3173 2989 3211 manum
3021 3155 3341 3229 peccatoris
3371 3172 3554 3228 quam
3579 3157 3638 3211 in
3663 3172 3807 3212 eum

381 3261 496 3300 non
527 3244 733 3300 viduas
765 3243 981 3299 relictis
1010 3244 1298 3314 majorum
1331 3243 1769 3299 hzereditatibus
1818 3260 2028 3300 exuen-

381 3335 507 3388 das.

450 3423 538 3476 28.
575 3421 761 3491 (Vers.
801 3423 908 3488 16.)
943 3443 970 3469 ‹‹
1007 3418 1214 3475 Melius
1235 3424 1324 3475 est
1352 3437 1559 3492 parum
1608 3421 1792 3492 justo,
1856 3439 2033 3494 super

381 3509 616 3586 divitias
646 3513 1018 3581 peccatorum
1066 3508 1303 3566 multas.
1339 3532 1368 3558 »
1436 3510 1561 3565 Non
1622 3526 1758 3582 ergo
1819 3511 2030 3566 divitiae

383 3602 754 3660 accusantur,
803 3597 904 3652 sed
963 3596 1178 3652 divitia:
1235 3602 1659 3669 peccatorum;
1719 3598 1830 3655 nisi
1891 3600 2032 3654 forte

384 3686 524 3758 quia
566 3691 832 3758 peccator
861 3685 1043 3741 dixit:
1106 3710 1132 3735 ‹‹
1167 3685 1376 3742 Omnia
1433 3687 1553 3743 haec
1609 3687 1753 3743 mihi
1821 3689 2033 3743 tradita

384 3779 540 3842 sunt,
573 3780 628 3830 et
657 3773 750 3829 cui
781 3774 926 3842 volo,
962 3775 1034 3829 do
1068 3773 1336 3846 illa(Luc.
1371 3793 1445 3844 1v,
1473 3776 1548 3847 6).
1586 3799 1612 3825 »
1647 3776 1862 3832 Deinde
1898 3795 2036 3848 quo-

382 3865 541 3920 niam
599 3863 808 3920 divitia:
894 3863 1083 3936 magis
1155 3863 1340 3920 facem
1404 3865 1746 3937 cupiditatis
1807 3867 2034 3921 inflam-

382 3962 546 4010 mant
578 3972 592 4022 ;
625 3959 681 4009 et
711 3953 1122 4024 unusquisque
1154 3953 1294 4008 dum
1329 3954 1555 4024 majora
1586 3955 1894 4020 desiderat,
1921 3973 2034 4011 non

380 4042 634 4100 declinat
662 4041 1008 4098 diverticula
1038 4047 1434 4113 peccatorum.
1473 4043 1633 4098 Unde
1664 4048 1720 4098 et
1777 4044 2038 4101 Salvator

382 4131 526 4186 dixit
558 4147 571 4185 :
607 4153 635 4181 «
666 4131 855 4187 Facite
885 4130 1052 4185 vobis
1081 4129 1307 4185 amicos
1338 4131 1410 4186 de
1441 4148 1784 4187 mammona
1827 4133 2037 4205 iniqui-

385 4220 524 4275 tatis
547 4220 698 4291 (Luc.
731 4236 846 4275 xvr.
904 4219 982 4290 9).
1043 4219 1387 4291 Iniquitatis
1439 4220 1596 4274 enim
1659 4237 1868 4277 census
1927 4227 2035 4292 est,

384 4309 484 4381 qui
517 4308 576 4364 in
608 4306 825 4364 diaboli
874 4311 1160 4380 potestate
1227 4313 1336 4374 est,
1368 4313 1430 4363 ut
1463 4309 1555 4364 cui
1617 4307 1713 4364 ille
1768 4310 2033 4378 voluerit,

383 4397 730 4452 conferatur.
767 4395 962 4452 Potest
991 4400 1049 4452 et
1081 4396 1226 4451 illud
1261 4396 1507 4468 intelligi
1543 4414 1555 4451 :
1624 4421 1652 4448 «
1688 4399 1894 4454 Melius
1951 4405 2040 4456 est

384 4500 591 4557 parum
617 4485 802 4555 justo,
836 4500 1012 4578 super
1044 4485 1278 4541 divitias
1305 4492 1674 4573 peccatorum
1707 4488 1922 4546 multas
1957 4508 1968 4559 ;
2006 4513 2034 4540 »
2067 4514 2112 4578 D

385 4573 524 4645 quia
553 4575 641 4628 est
671 4573 771 4644 qui
803 4577 890 4629 est
918 4572 1074 4629 dives
1107 4575 1167 4629 in
1196 4574 1386 4630 verbis
1420 4576 1518 4647 (9),
1583 4564 1646 4630 iit.
1704 4582 1842 4632 sunt
1905 4578 2033 4650 phi-

386 4659 616 4733 1030phi
651 4660 825 4716 istius
852 4660 1081 4730 mundi,
1115 4663 1184 4717 de
1216 4661 1519 4733 sacrilegis
1551 4663 1945 4734 disputantes,
1967 4666 2038 4721 de
2099 4675 2106 4680 ‘

384 4754 544 4807 metu
577 4749 859 4819 siderum,
895 4751 967 4806 de
999 4750 1168 4805 stella
1195 4750 1356 4806 Jovis
1387 4767 1453 4806 ac
1483 4752 1739 4821 Saturni,
1774 4753 2038 4827 degene-

384 4839 712 4894 rationibus
765 4838 1095 4906 hominum,
1130 4839 1199 4893 de
1245 4837 1695 4895 simulacrorum
1752 4842 1933 4909 cultu,
1968 4843 2038 4900 de

383 4927 724 4999 geometria,
759 4927 830 4981 de
861 4925 1182 4980 dialectica.
1218 4926 1555 4998 Philosophi
1605 4946 1738 5001 ergo
1798 4930 1856 4986 in
1918 4950 2038 4988 ser-

455 5088 532 5213 (8)
560 5088 681 5143 Mss
739 5085 982 5160 aliquot,
1015 5087 1231 5160 quando
1254 5088 1464 5144 diluvia
1496 5099 1785 5159 cesserant,
1808 5097 1867 5148 ut
1886 5102 2038 5150 tran-

460 5160 500 5213 τί
529 5163 634 5213 itas
666 5160 1076 5213 refunderetur.

385 5160 640 5232 quillitas
666 5160 1076 5232 refunderetur.

457 5231 723 5309 (9)1Edit.
759 5248 985 5309 omnes,
1044 5249 1111 5309 ac
1170 5231 1337 5309 pauci
1394 5235 1728 5309 mss.._guz'a
1785 5241 1861 5309 est
1915 5240 2040 5309 qui-

387 5299 706 5380 dem(mss.
742 5304 989 5380 quidam)
1022 5299 1259 5380 dives-1'71
1298 5303 1494 5358 verbis.
1541 5299 1699 5380 liii—ss.
1755 5299 2037 5380 quinque,

391 5373 524 5447 quia
591 5381 678 5447 est
729 5373 826 5447 qui
877 5379 973 5447 est,
999 5379 1107 5432 etc.
1173 5376 1242 5430 Et
1308 5375 1575 5447 sequenti
1641 5373 1832 5433 versu.
1869 5373 2037 5435 Rom;

389 5441 816 5522 edit.,.subtilia
852 5441 1198 5522 disputantes
1230 5464 1243 5514 ;
1280 5441 1409 5522 sed"
1441 5451 1825 5522 praeterquam
1884 5452 2038 5522 quod

391 5516 584 5596 cuncti
619 5529 761 5596 mss.
797 5516 973 5596 atque
1022 5519 1158 5574 edit.
1193 5523 1338 5596 vet._
1365 5516 1601 5596 legunt,
1623 5516 1688 5596 de
1734 5516 2042 5596 sacrilegiis

390 5583 749 5659 disputantes,
781 5583 1008 5649 videtur
1037 5605 1150 5648 non
1183 5588 1339 5650 aliud
1365 5583 1460 5648 his
1489 5583 1678 5651 verbis
1700 5583 2042 5672 significari,

2140 3249 2376 3318 accepta
2433 3239 3031 3317 miserat'potestate,
3091 3244 3518 3317 brachiumque
3577 3246 3806 3300 conui-

2141 3335 2241 3391 vit.
2278 3335 2361 3390 Ita
2391 3333 2660 3389 diabolus
2715 3350 2820 3389 suo
2879 3349 3149 3390 sermone
3207 3332 3484 3405 deceptus
3543 3337 3659 3401 est,
3691 3334 3800 3405 qui

2142 3422 2287 3478 dixit
2321 3438 2333 3477 :
2372 3444 2400 3472 ί(
2433 3421 2598 3477 Mitte
2630 3438 2872 3478 manum
2906 3427 3069 3478 tuam
3102 3422 3159 3476 in
3195 3437 3352 3487 eum,
3384 3426 3442 3477 et
3483 3421 3793 3478 videamus

2144 3511 2276 3567 siin
2310 3510 2515 3567 faciem
2547 3514 2605 3567 te
2663 3527 2780 3566 non
2830 3510 3136 3567 benedicat
3167 3510 3306 3582 (Job.
3362 3527 3423 3578 Il,
3455 3509 3534 3582 5).
3582 3533 3607 3559 ι)
3668 3510 3804 3566 Non

2145 3601 2299 3656 enim
2333 3617 2515 3656 ausus
2545 3604 2635 3655 est
2663 3600 2872 3670 dicere,
2908 3599 3220 3656 maledicat
3254 3618 3268 3667 ;
3301 3598 3402 3655 sed
3434 3599 3544 3654 hoc
3578 3598 3810 3656 intelli-

2144 3690 2401 3759 gendum
2434 3687 2687 3760 reliquit.
2715 3687 2875 3746 Misit
2909 3689 3065 3745 Deus
3097 3705 3338 3744 manum
3371 3693 3642 3755 suam,et
3673 3705 3818 3745 con-

2148 3780 2416 3833 firmatus
2463 3783 2552 3832 est
2580 3776 2708 3833 Job.
2744 3777 2928 3850 Ccepit
2957 3777 3316 3842 benedicere,
3352 3777 3452 3850 qui
3481 3775 3807 3834 maledice—
3839 3814 3844 3816 ~

2149 3885 2208 3921 re
2237 3866 2580 3922 credebatur
2609 3885 2621 3934 ;
2659 3871 2830 3922 sanat
2859 3866 3013 3922 enim
3037 3866 3255 3936 justos,
3289 3883 3421 3921 cum
3453 3866 3646 3939 tangit
3688 3883 3816 3923 ma-

2148 3972 2260 4010 nus
2291 3954 2510 4023 divina,
2543 3972 2659 4010 non
2689 3954 2975 4011 vulnerat.
3001 3953 3159 4010 Misit
3218 3970 3458 4010 manum
3516 3971 3717 4024 suam,
3753 3961 3818 4011 et

2148 4043 2360 4116 leprosi
2386 4043 2618 4100 macula
2642 4044 2833 4100 omnis
2880 4043 3214 4111 abscessit;
3271 4043 3461 4116 tetigit
3515 4060 3816 4101 cecorum

2149 4131 2368 4201 oculos,
2403 4137 2457 4188 et
2487 4132 2742 4189 caecitate
2773 4131 3020 4206 depulsa
3060 4132 3262 4189 lumen
3319 4131 3551 4189 refulsit
3606 4134 3815 4190 oculo-

2149 4238 2302 4276 rum.
2333 4222 2467 4278 Pete
2497 4238 2632 4295 ergo
2658 4239 2893 4295 semper
2925 4227 2987 4278 ut
3018 4222 3405 4289 confirmeris,
3440 4223 3719 4294 quoniam
3743 4229 3809 4278 et

2149 4315 2210 4365 tu
2242 4310 2343 4382 qui
2375 4314 2515 4379 stas,
2548 4311 2680 4367 vide
2711 4329 2782 4367 ne
2814 4313 3009 4368 cadas.
3044 4312 3161 4367 Nos
3203 4316 3356 4366 stare
3388 4311 3692 4381 debemus,
3724 4315 3798 4366 ut

2147 4400 2566 4456 conﬁrmemur
2595 4418 2627 4454 a
2671 4400 2934 4456 Domino.
2993 4400 3308 4456 Lubricum
3351 4404 3443 4456 est
3490 4400 3806 4469 saeculum,

2148 4489 2260 4545 cito
2289 4488 2563 4545 labimur.
2602 4489 2731 4545 Ideo
2768 4506 3037 4562 rogemus
3065 4494 3128 4544 ut
3159 4507 3265 4545 nos
3292 4491 3574 4546 Dominus
3623 4489 3813 4545 stabi-
3848 4483 3852 4485 Α

2147 4577 2251 4634 lire
2283 4583 2338 4635 et
2368 4579 2714 4634 confirmare
2749 4580 3040 4651 dignetur.

2217 4668 2304 4722 31.
2340 4668 2520 4739 (Vers.
2559 4669 2642 4723 18.
2683 4669 2792 4740 19.)
2822 4667 2951 4724 Noli
2983 4673 3190 4741 putare
3240 4670 3379 4741 quia
3430 4670 3582 4726 viam
3640 4675 3814 4727 tuam

2149 4758 2370 4813 nesciat
2400 4760 2702 4812 Dominus.
2737 4757 2796 4813 Si
2817 4759 3021 4830 justus
3051 4775 3134 4830 es,
3171 4759 3347 4814 novit.
3379 4760 3556 4814 Crede
3585 4760 3814 4815 dicenti

2149 4846 2492 4918 Prophetas:
2557 4869 2584 4895 (ι
2641 4847 2809 4902 Novit
2865 4846 3150 4903 Dominus
3208 4848 3331 4903 vias
3401 4849 3818 4905 immaculato-

2148 4937 2418 5006 rum(10)
2453 4953 2464 4989 :
2498 4939 2555 4989 et
2605 4933 2914 4990 hereditas
2968 4952 3169 4992 eorum
3231 4935 3614 4992 immaculata
3675 4939 3816 4994 erit.

2148 5112 2327 5168 quam
2359 5093 2476 5171 illis
2508 5094 2725 5171 quibus
2751 5096 3031 5169 Origenes
3061 5097 3309 5171 gentiles
3343 5098 3592 5166 inducit,
3627 5099 3817 5155 diver-

2147 5185 2236 5223 sas
2267 5169 2454 5222 contra
2484 5183 2540 5221 se
2569 5169 2802 5224 invicem
2831 5169 3134 5241 impietatis
3163 5170 3461 5226 dialectice
3515 5173 3661 5226 artis
3695 5188 3818 5227 rer-

2148 5241 2308 5296 sutiis
2337 5242 2658 5298 astruentes.

2221 5309 2458 5384 (10)_Sic
2487 5310 2677 5384 versis
2707 5312 2883 5384 Arab,
2915 5317 2974 5368 et
3006 5313 3142 5369 LXX
3173 5314 3382 5384 interp.
3418 5328 3558 5368 cum
3592 5312 3819 5369 Psalte-

2150 5379 2504 5457 ri_is_a_liquot
2533 5379 2736 5457 Gallic.
2770 5383 2986 5457 :I‘extus
3018 5390 3211 5442 autem
3246 5379 3460 5457 ⁸Ηεῐὺικ,
3518 5384 3811 5457 Paraphr.

2149 5451 2348 5529 Chald.
2382 5451 2464 5508 iet
2518 5453 2705 5529 versio
2763 5454 2889 5529 Syr.
2959 5473 3093 5512 cum
3154 5454 3322 5527 Vulg.
3369 5455 3512 5529 _Lat.
3564 5451 3812 5529 legunt,

2148 5525 2262 5601 dies
2291 5525 2790 5601 immaculatorum.
2809 5525 2819 5527 ⁷
2841 5525 3206 5601 Quapropter
3235 5525 3385 5601 quod
3444 5525 3813 5601 Ambrosius

2148 5595 2302 5660 infra
2329 5599 2581 5662 testatur
2636 5613 2698 5658 se
2727 5597 2787 5663 in
2837 5595 3032 5661 Greco
3073 5595 3386 5676 exemplari
3444 5596 3634 5690 hanc.
3665 5599 3810 5660 ulti-
