4078 6196
232 303 380 366 1029

1256 305 1732 368 ENARRATIO'
1758 303 2255 366 IN'PSALMUM
2301 296 2574 366 XXXVI.

3462 305 3620 370 i030

230 437 347 512 Non
379 435 811 494 confundentur
840 437 899 492 in
952 441 1211 510 tempore
1241 437 1416 494 malo.
1451 459 1479 488 »
1537 440 1644 504 Qui
1699 435 1860 492 novit
1886 437 1940 502 Α
1969 451 2091 501 vm,
2121 436 2233 504 56).
2271 457 2291 482 ι»
2337 435 2561 490 Bonum
2617 433 2794 489 habet
2849 433 3026 504 diem,
3091 437 3193 507 qui
3251 439 3349 492 Dei
3407 440 3615 497 Filium

227 524 538 583 Dominum
567 526 750 582 scitur
785 543 820 581 a
873 526 1134 584 Domino.
1193 528 1362 584 Novit
1405 528 1622 597 justos,
1680 523 1866 582 nescit

226 613 504 686 injustas;
535 615 664 672 ideo
695 614 932 686 injustis
988 614 1174 672 dicet:
1234 639 1264 666 «
1321 616 1613 672 Discedite
1667 634 1702 672 a
1746 633 1859 682 me,

225 720 426 774 omnes
483 703 583 775 qui
641 701 962 775 operamini
1041 703 1450 776 iniquitatem:
1509 705 1705 762 nescio
1761 719 1864 761 vos

226 791 439 864 (Matth.
491 807 589 861 vn,
647 792 841 861 23);»
897 790 1006 848 hoc
1063 797 1171 862 est,
1231 793 1370 866 quia
1436 794 1578 851 estis
1634 793 1863 868 indigni

225 879 549 953 cognitione
578 879 797 937 divina.
836 881 1041 938 Nescio
1080 898 1221 950 vos;
1282 884 1422 954 quia
1477 898 1570 940 me
1600 883 1712 957 ipsi
1769 898 1866 940 ne-

227 969 370 1028 scire
397 967 683 1025 voluistis.
738 970 924 1042 Opera
979 973 1172 1026 vestra
1225 987 1319 1028 me
1366 972 1656 1037 nesciunt,
1714 973 1868 1030 facta

227 1066 409 1116 vestra
435 1074 528 1114 me
583 1059 892 1122 nesciunt;
923 1060 1031 1116 etsi
1062 1059 1286 1129 dicatis,
1337 1061 1477 1134 quia
1527 1078 1621 1118 me
1675 1062 1864 1130 scitis,

227 1149 583 1222 redarguunt
611 1163 712 1204 vos
741 1152 998 1220 peccata,
1029 1154 1243 1206 vestra.
1276 1150 1461 1207 Omne
1499 1155 1802 1223 peccatum
1834 1168 1869 1207 a

230 1235 378 1294 maio
409 1241 534 1292 est:
569 1235 670 1307 qui
702 1241 901 1292 autem
938 1253 1076 1294 non.
1110 1242 1329 1310 peccat,
1379 1240 1440 1294 in
1501 1256 1595 1296 me
1645 1244 1864 1307 manet,

229 1327 332 1382 hoc
390 1323 628 1397 scripsit
676 1324 932 1381 Joannes
982 1325 1031 1397 (ι
1081 1328 1238 1383 Joan.
1295 1343 1379 1396 ιιι,
1444 1329 1520 1400 6).
1581 1328 1729 1394 Quid
1796 1332 1868 1384 de

229 1414 466 1472 Domino
497 1413 711 1480 dicam,
743 1413 882 1486 quia
910 1414 1186 1486 dignatur
1217 1415 1466 1489 impium
1497 1416 1687 1474 scire?
1717 1418 1870 1473 Pau-

227 1508 316 1560 lus
357 1503 728 1576 dedignatur,
762 1502 861 1574 qui
890 1503 1071 1560 dixit:
1107 1528 1133 1554 ‹‹
1167 1503 1226 1559 Si
1257 1506 1390 1576 quis
1423 1506 1482 1562 in
1510 1506 1674 1562 vobis
1731 1523 1869 1579 pro-

229 1593 402 1666 pheta
445 1595 556 1660 est,
615 1595 714 1645 aut
768 1590 1070 1664 spiritalis,
1131 1598 1443 1665 cognoscat
1493 1611 1622 1666 quae
1678 1595 1870 1652 scribo

228 1682 420 1739 vobis:
454 1679 551 1753 qui
576 1683 772 1736 autem
803 1679 1052 1753 ignorat,
1087 1680 1452 1754 ignorabitur
1482 1685 1528 1753 (Ι
1577 1682 1696 1739 Cor.
1755 1701 1870 1750 xiv,

227 1772 312 1842 27,
344 1770 457 1841 38).
492 1791 520 1819 »
555 1770 704 1824 792
761 1769 832 1824 Et
878 1769 1016 1825 alibi
1073 1770 1357 1842 scriptum
1407 1776 1535 1827 est:
1573 1796 1600 1821 ((

1972 524 2193 579 bonum
2245 523 2427 579 Deum
2473 522 2651 590 novit,
2703 526 2761 578 et
2811 522 3127 580 Dominum
3175 527 3501 583 conﬁtetur.
3551 530 3622 586 Et

1971 628 2178 675 rursus
2232 611 2358 684 ipse
2387 628 2494 668 nos
2541 613 2816 668 admonet
2870 629 3069 669 cavere
3127 615 3358 682 debere,
3423 638 3452 668 ‹‹
3483 618 3623 689 quia

1973 701 2098 757 dies
2128 700 2267 756 mali
2297 705 2438 756 sunt
2475 701 2699 773 (Ephes.
2747 719 2802 768 v,
2861 703 2970 771 16).
3032 726 3060 753 ››
3121 703 3227 766 Qui
3286 703 3426 761 mali
3484 709 3624 762 sunt

1973 789 2096 847 dies
2115 790 2144 845 ?
2172 790 2238 846 in
2267 789 2482 862 quibus
2539 790 2740 862 utique
2789 789 3010 846 malum
3041 794 3442 865 cognoscitur,
3466 796 3622 868 quod

1971 883 2060 935 est
2089 897 2124 934 a
2153 877 2326 935 malo.
2359 881 2473 934 Aut
2501 877 2650 935 forte
2679 879 2803 934 dies
2861 881 3060 936 saeculi
3113 881 3250 937 mali
3285 889 3425 940 sunt
3483 884 3623 958 quia

1974 967 2256 1024 saeculum
2294 967 2354 1022 in
2406 967 2663 1040 maligno
2737 969 2991 1040 positum
3050 974 3156 1026 est.
3211 972 3323 1028 Sed
3370 972 3624 1046 legimus

1975 1055 2151 1112 etiam
2184 1060 2316 1128 post
2345 1055 2623 1112 smculum
2650 1057 2804 1112 diem
2838 1058 3090 1114 malum:
3126 1083 3154 1108 «
3201 1061 3264 1116 In
3321 1061 3415 1118 die
3471 1062 3628 1119 maia

1975 1145 2247 1201 liberabit
2273 1161 2406 1200 eum
2449 1145 2735 1201 Dominus
2767 1147 2933 1217 (Psai.
2967 1166 3056 1215 xc,
3091 1149 3170 1219 2),
3205 1171 3233 1199 »
3282 1150 3391 1207 hoc
3423 1156 3532 1222 est,
3564 1150 3625 1207 in

1977 1233 2468 1305 diejudicii,mala
2485 1234 2721 1307 quidem
2741 1241 2975 1307 propter
2987 1236 3305 1294 multorum
3321 1240 3628 1313 supplicia.

1978 1323 2223 1380 Necesse
2253 1329 2342 1379 est
2371 1323 2528 1379 enim
2561 1329 2626 1378 ut
2669 1329 3055 1395 torqueantur
3112 1325 3339 1398 injusti,
3391 1345 3626 1402 compa-

1978 1411 2202 1467 tiantur
2221 1411 2404 1482 justi;
2437 1412 2577 1482 quia
2607 1417 2662 1466 et
2689 1413 2894 1484 Angeli
2924 1415 3200 1486 gaudent,
3260 1433 3395 1473 cum
3425 1435 3631 1490 pecca-

1981 1505 2073 1556 tor
2103 1517 2137 1556 a
2167 1504 2352 1556 morte
2393 1504 2663 1556 servatur
2721 1517 2893 1556 unus.
2953 1503 3401 1575 Compatiuntur
3457 1505 3634 1579 igitur

1981 1604 2114 1643 cum
2146 1588 2566 1660 punitur(l2);
2623 1589 2732 1644 etsi
2762 1589 2899 1644 alibi
2961 1590 3309 1663 legerimus:
3365 1618 3393 1644 «
3455 1594 3636 1651 Laeta-

1982 1681 2078 1732 tur
2099 1677 2320 1747 justus,
2354 1693 2487 1732 cum
2519 1677 2726 1731 viderit
2756 1679 3068 1735 vindictam
3097 1681 3413 1754 impiorum
3459 1685 3644 1755 (Psat;

1652 1774 1872 1846 Cogno-
1904 1810 1948 1874 Β
1985 1782 2114 1831 Lvu,
2148 1765 2258 1874 11),
2294 1786 2321 1862 )3
2355 1765 2642 1874 quodlsuo
2693 1764 2818 1820 loco
2879 1783 3145 1874 reservo;
3193 1771 3302 1866 etsi
3358 1772 3631 1843 frequen-

230 1859 307 1915 vit
335 1858 623 1915 Dominus
655 1857 756 1930 qui
786 1861 924 1915 sunt
953 1858 1080 1930 ejus
1109 1857 1182 1927 (II
1213 1859 1348 1914 Tim.
1403 1876 1466 1930 ιι,
1525 1861 1632 1929 19).
1696 1884 1722 1910 ››
1781 1862 1868 1917 Si-
1904 1853 1948 1874 ”
1978 1859 2068 1909 ter
2094 1853 2352 1910 audieris
2377 1868 2483 1908 cur
2513 1853 2768 1920 laetetur;
2807 1857 2906 1910 sed
2941 1857 3362 1928 occupationes
3395 1875 3638 1932 occupa-

230 1965 360 2004 mus
390 1963 528 2022 ergo
559 1947 808 2019 Domini,
868 1951 934 2002 ut
981 1951 1292 2019 cogonscat
1319 1964 1427 2004 nos
1481 1949 1785 2019 Dominus,
1818 1956 1876 2007 et

230 2037 490 2094 discedat
519 2036 590 2093 ab
622 2035 931 2108 iniquitate
959 2035 1152 2092 omnis
1183 2035 1283 2108 qui
1341 2036 1607 2095 nominat
1659 2055 1873 2097 nomen

228 2125 478 2198 Domini.

300 2216 389 2270 32.
423 2213 657 2271 Graecus
687 2213 896 2270 habet:
965 2233 988 2262 ι
1040 2213 1208 2270 Novit
1245 2213 1534 2272 Dominus
1593 2217 1718 2273 dies
1763 2217 1875 2274 im-

231 2301 682 2359 maculatorum.
717 2324 740 2354 »
803 2304 952 2358 Sunt
978 2301 1136 2358 enim
1165 2301 1292 2359 dies
1346 2302 1504 2374 Elius,
1563 2311 1704 2362 sunt
1751 2307 1878 2363 dies

228 2390 804 2458 Nabuchodonosor;
859 2389 986 2445 ideo
1041 2389 1417 2462 Evangelium
1475 2391 1692 2450 habet:
1728 2418 1755 2445 «
1814 2395 1877 2451 In

230 2480 440 2537 diebus
469 2477 627 2548 Elite,
657 2479 891 2550 quando
929 2477 1195 2536 clausum
1227 2484 1315 2536 est
1352 2480 1562 2537 coelum
1595 2484 1741 2553 (Luc.
1802 2501 1876 2554 1v,

230 2569 348 2636 25).
387 2591 408 2616 ι
443 2567 566 2622 Nox
620 2571 744 2622 erat
799 2567 1058 2640 perﬁdis,
1111 2568 1213 2624 sed
1270 2567 1406 2625 Eliae
1451 2569 1653 2627 lumen
1709 2576 1873 2642 erat;

231 2657 498 2712 clausum
544 2660 669 2712 erat
717 2656 978 2728 perfidis,
1035 2655 1268 2724 emtum,
1300 2659 1402 2716 sed
1451 2659 1585 2716 Elite
1624 2662 1878 2733 patebat;

233 2747 418 2802 fames
470 2749 595 2800 erat
649 2745 910 2817 perﬁdis,
985 2746 1086 2802 sed
1144 2745 1279 2802 Elite
1350 2748 1634 2818 ubertas;
1695 2766 1882 2823 neque

233 2835 390 2891 enim
419 2832 640 2890 esurire
669 2837 912 2905 poterat,
947 2834 1041 2891 cui
1071 2834 1271 2891 cibum
1291 2835 1546 2894 coelestia
1570 2838 1684 2911 (i7)
1706 2839 1882 2895 mini-

234 2924 536 2992 strabant;
565 2937 669 2979 nec
724 2923 1037 2992 esuriebat,
1093 2923 1195 2995 qui
1227 2922 1374 2982 alios
1402 2925 1528 2998 ipse
1582 2928 1879 2999 pascebat.

231 3012 380 3085 Ergo
410 3011 522 3069 sibi
552 3011 675 3067 dies
707 3016 796 3068 est
817 3012 1019 3081 justus
1065 3011 1125 3067 in
1159 3012 1414 3069 tenebris
1479 3015 1619 3087 quia
1673 3021 1730 3073 et
1784 3017 1884 3074 lux

1981 1942 2245 1999 tionibus
2273 1958 2391 1998 non
2422 1941 2776 1998 inseramus.

2049 2031 2174 2086 33.«
2207 2029 2377 2086 Novit
2403 2029 2686 2086 Dominus
2713 2031 2840 2088 dies
2878 2032 3411 2106 immaculatorum,
3448 2059 3476 2087 »
3499 2037 3639 2109 quia

1982 2118 2373 2176 immaculata:
2403 2119 2747 2175 innocentia
2791 2121 2981 2192 gratia
3035 2123 3164 2193 ejus
3221 2128 3278 2180 et
3332 2125 3636 2197 plenitudo

1985 2209 2317 2277 miseretur,
2379 2225 2494 2264 non
2570 2211 2881 2265 miseretur
2929 2212 3284 2268 errantibus.
3349 2214 3449 2270 Isti
3519 2231 3636 2271 non

1986 2298 2202 2354 habent
2227 2297 2403 2366 diem,
2437 2297 2576 2369 quia
2605 2297 2797 2354 lucem
2831 2299 3084 2371 fugiunt,
3135 2300 3207 2357 de
3258 2303 3472 2374 quibus
3503 2302 3658 2376 pui-'

1986 2387 2122 2444 chre
2142 2386 2365 2442 dictum
2396 2391 2517 2443 est:
2555 2409 2584 2438 «
2614 2388 2747 2443 Dies
2776 2404 2981 2443 eorum
3009 2389 3164 2445 sicut
3225 2391 3452 2448 umbra
3490 2407 3636 2465 pre-

1986 2480 2218 2532 tereunt
2245 2477 2414 2546 (Psal.
2448 2492 2643 2544 cxuu,
2675 2477 2752 2546 4).
2787 2499 2815 2526 ››
2867 2477 3133 2550 Cognitio
3181 2496 3316 2552 ergo
3374 2481 3499 2550 Dei,
3536 2481 3638 2536 'di-

1987 2564 2281 2638 gnationis
2310 2568 2418 2633 est,
2453 2581 2568 2620 non
2595 2564 2858 2622 visionis.
2895 2566 3058 2622 Oculi
3089 2569 3237 2638 ejus,
3269 2569 3394 2626 dies
3443 2570 3638 2640 justo-

1989 2671 2118 2709 rum
2146 2658 2304 2709 sunt.
2526 2643 2530 2646 ’
3489 2656 3492 2658 ⁷

2057 2744 2146 2799 34.
2207 2742 2370 2798 Unde
2429 2764 2456 2792 «
2512 2747 2571 2798 et
2619 2743 2928 2800 hereditas
2980 2761 3181 2801 eorum
3238 2747 3297 2801 in
3355 2750 3638 2803 aeternum

1988 2833 2134 2889 erit:
2171 2854 2199 2882 »
2231 2832 2369 2904 quia
2397 2836 2613 2888 interna
2641 2833 2816 2900 bona,
2860 2850 2976 2889 non
3006 2835 3344 2907 temporalis
3396 2836 3638 2893 haeredi-

1990 2921 2128 2978 tatis
2160 2922 2508 2994 compendia
2559 2923 2709 2979 198
2741 2923 3121 2994 quaesierunt.
3172 2925 3240 2980 Et
3286 2941 3401 2981 non
3458 2925 3638 2982 habe-

1989 3012 2137 3066 bunt
2165 3011 2236 3066 de
2281 3027 2396 3082 quo
2429 3011 2796 3079 erubescant,
2825 3034 2852 3062 «
2887 3012 2947 3067 in
2979 3016 3236 3084 tempore
3283 3013 3460 3084 maio,
3512 3027 3542 3063 »‘
3579 3015 3639 3072 id

234 3103 296 3157 in
326 3101 580 3158 tenebris
610 3099 784 3157 lucet.
819 3101 887 3156 Et
939 3100 1156 3174 Joseph
1213 3101 1273 3156 in
1327 3106 1568 3175 Egypto
1625 3108 1768 3174 erat,
1825 3111 1883 3163 et
1993 3106 2101 3169 est,
2135 3099 2661 3172 judiciiccslestis:
2697 3101 2821 3156 «Et
2867 3101 2926 3156 in
2958 3101 3164 3158 diebus
3195 3103 3370 3158 famis
3419 3107 3641 3160 satura-

235 3189 468 3246 lucebat
495 3189 546 3245 ei
579 3188 872 3256 meridies,
905 3188 1058 3245 sicut
1104 3188 1257 3245 infra
1285 3189 1430 3246 dixit
1461 3208 1474 3246 :
1512 3213 1541 3242 «
1589 3193 1885 3252 Peccatori
1916 3178 1958 3246 C
1995 3192 2254 3258 buntur;
2297 3189 2434 3262 quia
2462 3205 2578 3244 non
2610 3189 2668 3244 in
2700 3188 2822 3245 solo
2848 3207 2997 3262 pane
3023 3191 3162 3246 vivit
3191 3191 3385 3260 homo,
3419 3194 3520 3249 sed
3578 3193 3640 3249 in

236 3283 434 3336 autem
473 3277 640 3334 dixit
705 3278 897 3334 Deus:
949 3294 1130 3350 quare
1185 3283 1250 3333 tu
1305 3294 1544 3336 enarras
1618 3282 1885 3352 justitias
1995 3277 2156 3335 omni
2185 3278 2358 3334 verbo
2384 3277 2481 3334 Dei
2516 3277 2727 3348 (Matth.
2769 3295 2845 3344 1v,
2878 3280 2952 3348 4).
3005 3302 3032 3329 ››
3083 3281 3190 3336 Sed
3241 3281 3374 3353 quis
3421 3281 3643 3338 homo?

237 3383 414 3424 meas.
456 3367 628 3438 (Psat.
661 3383 810 3433 χιιι,
843 3365 932 3436 46)
955 3364 982 3418 ?
1013 3387 1042 3416 ››
1071 3365 1312 3422 Justitia
1344 3365 1543 3424 lumen
1591 3374 1698 3441 est,
1748 3371 1889 3443 quia
1996 3391 2024 3418 «
2057 3367 2187 3423 Scio
2217 3367 2518 3423 hominem
2548 3366 2609 3422 in
2640 3367 3034 3425 Christo-ante
3059 3385 3242 3426 annos
3289 3372 3642 3442 quatuorde-

241 3472 425 3529 supra
451 3455 634 3512 habes
664 3455 831 3522 (Vera.
864 3454 957 3524 6):
994 3476 1021 3504 ‹‹
1048 3453 1117 3509 Et
1143 3454 1352 3510 educet
1378 3454 1531 3512 sicut
1560 3456 1757 3514 lumen
1788 3460 1886 3530 ju-
1997 3457 2110 3510 cim
2161 3457 2302 3526 (sive
2342 3457 2401 3510 in
2460 3471 2699 3527 corpore
2756 3456 2969 3513 nescio.
3024 3457 3143 3514 sive
3197 3463 3358 3515 extra
3409 3476 3640 3532 corpus,

239 3545 468 3602 stitiam
498 3549 681 3600 tuam.
710 3543 939 3598 nHabes
952 3557 1088 3614 ergo
1106 3542 1336 3614 quodin
1354 3543 1698 3612 teluceat,si
1712 3547 1890 3617 justi-
1998 3545 2213 3611 nescio,
2247 3544 2399 3599 Deus
2432 3545 2564 3614 scit)
2595 3549 2827 3616 raptum
2852 3547 3142 3616 ejusmodi
3187 3559 3374 3619 usque
3403 3551 3474 3604 ad
3531 3554 3646 3605 ter-

236 3634 387 3690 tiam
401 3633 686 3704 sequaris.
710 3631 986 3704 Splendet
1005 3630 1268 3701 tibidies,
1289 3630 1560 3689 lucettibi
1582 3651 1693 3690 nox
1717 3637 1889 3708 ;quia
1994 3633 2145 3688 tium
2177 3631 2388 3686 omium
2419 3631 2487 3703 (Il
2517 3631 2636 3686 Cor.
2670 3649 2769 3700 xu,
2800 3634 2878 3702 2).
2911 3655 2939 3682 ››
2986 3633 3086 3689 Ille
3116 3635 3268 3707 ergo
3309 3636 3484 3693 homo
3543 3638 3644 3710 qui

234 3720 401 3778 ﬁdeli
422 3720 896 3778 etnoxsicutdies
921 3718 1370 3776 iiluminabitur.
1388 3720 1521 3778 Dies
1542 3721 1722 3795 igitur
1748 3725 1890 3796 justi
1998 3723 2057 3777 in
2078 3721 2307 3777 Christo
2340 3723 2448 3787 est,
2481 3719 2581 3790 qui
2615 3735 2676 3775 se
2706 3719 2765 3774 in
2799 3737 2970 3776 carne
3000 3737 3130 3778 esse
3186 3741 3302 3779 non
3334 3727 3510 3795 novit,
3545 3726 3646 3798 qui

233 3810 400 3868 novit
451 3809 757 3877 Dominus,
812 3809 951 3882 quia
1022 3807 1148 3882 ipse
1205 3831 1233 3860 «
1301 3808 1598 3867 illuminat
1655 3828 1888 3870 omnem
1999 3809 2205 3867 nonin
2247 3824 2418 3865 carne
2469 3807 2752 3875 ambulat,
2807 3809 2908 3864 sed
2967 3809 3026 3864 in
3086 3811 3329 3882 spiritu;
3390 3814 3487 3869 ille
3545 3815 3646 3886 qui

235 3899 542 3957 hominem
592 3899 920 3956 venientem
953 3897 1012 3953 in
1046 3897 1204 3954 hunc
1270 3898 1560 3956 mundum
1607 3901 1780 3972 (Joan.
1844 3921 1885 3972 1,

229 3990 311 4061 9),
345 4011 373 4040 »
421 3989 530 4046 hoc
551 3992 660 4059 est,
692 3987 859 4044 illum
903 3986 1003 4059 qui
1062 3987 1134 4043 ad
1182 3986 1497 4060 imaginem
1528 3994 1587 4046 et
1615 3990 1888 4048 similitu-

235 4078 435 4133 dinem
467 4077 569 4133 Dei
599 4077 774 4145 vivit;
807 4075 975 4132 illum
1010 4075 1111 4148 qui
1141 4092 1202 4132 se
1253 4075 1553 4134 hominem
1609 4097 1738 4138 esse
1794 4098 1887 4139 co-

232 4165 487 4240 gnoscit,
547 4171 613 4221 ut
671 4165 920 4238 refugiat
973 4181 1259 4238 equorum
1315 4165 1621 4226 libidinem
1685 4171 1889 4228 adhin-

237 4257 520 4325 nientem,
573 4256 828 4311 ferarum
885 4254 1130 4322 rabiem,
1187 4253 1624 4326 lepusculorum
1685 4260 1886 4317 formi-

232 4345 460 4416 dinem,
480 4344 742 4417 vulpium
774 4343 1065 4410 fruudem,
1089 4343 1353 4416 rapinam
1375 4343 1649 4418 luporum
1677 4366 1690 4416 ;
1721 4349 1890 4406 illum

231 4433 538 4488 hominem
569 4433 669 4505 qui
711 4432 796 4487 sic
834 4432 974 4504 agit,
1034 4431 1205 4503 quasi
1262 4431 1323 4486 in
1380 4432 1534 4489 hunc
1592 4437 1882 4493 mundum

233 4523 642 4594 supervenerit
667 4547 680 4590 ;
712 4520 813 4592 qui
844 4537 962 4576 non
991 4536 1061 4576 ex
1090 4519 1395 4592 sanguine,
1455 4538 1642 4594 neque
1672 4540 1740 4580 ex
1796 4542 1888 4582 vo-

231 4611 466 4668 luntate
495 4611 710 4679 carnis,
743 4611 843 4666 sed
865 4625 935 4666 ex
985 4609 1099 4665 Deo
1130 4611 1303 4665 natus
1349 4608 1446 4665 sit.
1477 4609 1701 4668 Venisti
1724 4630 1885 4686 ergo,

233 4699 357 4756 noli
409 4717 727 4766 remanere,
788 4699 906 4756 noii
962 4697 1255 4756 adharere
1312 4698 1577 4756 terrenis.
1635 4699 1708 4758 Ut
1737 4704 1888 4760 scias

233 4793 438 4845 autem
468 4789 607 4860 quia
635 4789 760 4846 dies
790 4789 927 4845 boni
959 4792 1116 4855 sunt,
1150 4788 1286 4845 audi
1317 4787 1640 4846 dicentem:
1675 4814 1703 4842 ‹‹
1735 4794 1890 4850 Abra

232 4878 451 4935 ham...
492 4877 646 4935 diem
701 4895 898 4935 meum
945 4877 1112 4946 vidit,
1171 4882 1227 4934 et
1281 4878 1519 4951 gavisus
1566 4884 1655 4937 est
1707 4882 1886 4953 (Joan.

231 5010 400 5069 mam
449 4994 755 5051 lectionem
811 4996 1184 5069 observasse,
1212 5011 1366 5069 eum
1426 4996 1494 5050 ad
1556 4996 1888 5069 Symmachi

231 5066 568 5139 versionem
626 5067 951 5139 respexisse
1033 5066 1476 5139 crediderimus.
1534 5066 1694 5134 Quod
1755 5087 1888 5127 vero

233 5136 380 5194 edit.
437 5137 612 5194 Roma
662 5136 791 5211 pro,
838 5138 1192 5211 immaculata
1233 5140 1371 5205 erit,
1431 5145 1775 5211 correxerat,
1829 5145 1887 5197 in

229 5211 508 5280 aeternum
539 5209 754 5280 erit,‘in
780 5209 887 5264 hoc
920 5209 1157 5280 quidem
1189 5224 1391 5264 omnes
1421 5209 1650 5267 codices
1693 5229 1891 5268 sacros

230 5279 673 5353 patrocinantes
703 5281 899 5353 habet,
925 5279 1022 5335 sed
1056 5297 1086 5335 e
1116 5280 1402 5335 contrario
1455 5296 1660 5339 omnes
1687 5284 1886 5340 Ambr.

231 5351 382 5408 edit.
416 5367 480 5406 ac
511 5368 650 5407 mss.
679 5351 1081 5408 reciamantes.

313 5423 428 5495 (41)
463 5423 732 5491 σιεῑειςιὶα,
763 5423 820 5478 id
851 5426 960 5488 est,
991 5420 1236 5494 angelus
1265 5425 1321 5476 et
1372 5423 1547 5490 corvi,
1601 5428 1666 5479 ut
1709 5425 1889 5483 habes

231 5494 385 5562 Reg.
412 5494 556 5562 XVII,
577 5495 634 5562 6,
664 5498 722 5549 et
748 5510 862 5560 xux,
893 5497 946 5548 5.

373 5560 792 5654 etwa;
824 5580 860 5654 ρ
886 5565 1622 5654 uerterentur-“.198!”
1676 5585 1888 5654 ερνηρα·
1916 5607 1920 5611 -

231 5635 383 5701 titur
419 5636 624 5711 injuste
677 5635 848 5710 igitur
901 5652 1023 5694 cum
1071 5638 1322 5714 punitur.
1385 5635 1493 5694 Ubi
1550 5655 1658 5697 vox
1713 5635 1889 5714 igitur

2000 3899 2225 3973 rapitur
2255 3914 2371 3953 non
2399 3896 2592 3953 solum
2614 3897 2685 3952 ad
2717 3895 2953 3965 ccelum,
3003 3899 3105 3954 sed
3161 3900 3340 3955 etiam
3398 3903 3472 3956 ad
3531 3905 3645 3956 ter-

1998 3991 2147 4046 tium
2179 3986 2412 4055 omium,
2442 3989 2677 4059 raptum
2712 3986 2784 4042 ad
2824 3986 3181 4060 paradisum,
3215 3992 3272 4042 et
3331 3988 3492 4044 audit
3549 4005 3646 4043 ar-

2000 4095 2143 4135 cana
2169 4077 2346 4134 verba
2377 4093 2504 4149 quae
2535 4092 2650 4131 non
2681 4074 2819 4132 licet
2872 4075 3097 4132 homini
3148 4076 3306 4150 loqui
3361 4078 3463 4149 qui
3527 4094 3645 4134 non

1998 4169 2058 4223 in
2088 4167 2398 4222 virtutibus
2456 4165 2606 4234 suis,
2663 4166 2764 4221 sed
2814 4165 3254 4222 inﬁrmitatibus
3313 4167 3644 4239 gloriatur:

1999 4257 2124 4329 ipse
2155 4273 2268 4312 non
2327 4256 2387 4310 in
2441 4255 2562 4311 solo
2606 4271 2775 4326 pane,
2829 4255 2932 4310 sed
2981 4255 3040 4309 in
3101 4254 3261 4310 omni
3313 4257 3486 4311 verbo
3542 4257 3641 4312 Dei

1997 4346 2157 4412 vivit,
2186 4345 2440 4400 Verbum
2474 4344 2630 4398 enim
2666 4345 2762 4398 Dei
2792 4344 2912 4399 vita
2941 4348 3049 4409 est,
3101 4343 3240 4415 quia
3296 4367 3325 4394 «
3383 4345 3643 4402 Verbum

1999 4451 2130 4490 caro
2161 4434 2378 4489 factum
2409 4436 2497 4488 est
2519 4431 2691 4504 (Joan.
2727 4448 2765 4499 ι,
2802 4431 2908 4502 14).
2937 4454 2964 4480 ››
2996 4430 3158 4488 Unde
3189 4432 3462 4504 praeclare
3500 4433 3648 4490 dixit

1921 4544 1968 4608 Β
1998 4521 2368 4596 Evangelista
2398 4537 2411 4576 :
2447 4544 2474 4569 »
2507 4520 2670 4584 Quod
2707 4519 2926 4575 factum
2957 4528 3046 4576 est
3075 4520 3136 4576 in
3183 4521 3332 4594 ipso,
3390 4523 3509 4579 vita
3555 4527 3644 4580 est

1998 4612 2555 4756 (105g..:l)exandrini
2596 4697 2832 4770 quidem
2865 4704 2920 4754 et
2970 4700 3197 4775 Egypti
3243 4700 3445 4775 legunt
3490 4701 3640 4769 (i3):

2000 4813 2026 4839 ‹‹
2061 4787 2269 4844 Omnia
2286 4788 2604 4860 peripsum
2639 4788 2790 4844 facta
2817 4793 2974 4857 sunt,
3009 4796 3064 4845 et
3093 4790 3222 4846 sine
3272 4790 3636 4862 ipsofactum

2000 4883 2089 4936 est
2118 4877 2263 4933 nihil
2288 4877 2441 4950 quod
2475 4878 2692 4933 factum
2750 4886 2839 4935 est
2895 4880 3076 4950 (Ibid.,
3134 4881 3228 4950 3);
3292 4902 3321 4928 »
3369 4883 3426 4935 et
3473 4876 3646 4932 inter-

1999 4993 2230 5048 videtur
2266 4994 2638 5065 transposita,
2716 4997 2774 5047 et
2844 4993 3038 5048 inante
3085 4995 3413 5065 compatitur
3465 4997 3645 5048 retra-

1999 5065 2213 5120 henda.
2247 5064 2354 5118 Alii
2385 5070 2672 5135 quatuor:
2698 5065 2734 5119 A
2768 5069 2940 5120 morie
2965 5064 3230 5130 servatur,
3262 5068 3355 5119 cui
3380 5065 3644 5134 compati-

1998 5140 2195 5192 untur.
2227 5137 2402 5205 Igitur
2420 5152 2544 5190 cum
2560 5139 2795 5207 punitur
2818 5144 3064 5205 peccator
3083 5139 3418 5206 compatitur
3437 5137 3644 5205 justus,

1997 5209 2099 5264 etsi
2126 5208 2284 5275 alibi,
2316 5211 2448 5272 etc.,
2480 5205 2679 5261 Caéteri
2718 5210 2775 5260 et
2821 5211 3040 5260 cunctae.
3062 5205 3299 5261 editIut
3338 5207 3392 5260 in
3427 5212 3608 5262 textu.

2069 5281 2179 5352 (i3)
2207 5278 2386 5352 Grajci
2418 5293 2641 5352 omnes,
2676 5276 2890 5352 nedum
2922 5276 3318 5352 Alexandrini,
3375 5282 3431 5332 ct
3477 5278 3645 5352 zEgy-

1998 5351 2103 5423 ptii
2130 5346 2286 5405 hunc
2311 5349 2502 5403 locum
2557 5347 2758 5418 legunt
2811 5346 2871 5400 in
2922 5347 3078 5403 hunc
3142 5349 3428 5404 modum:
3481 5346 3646 5406 nivi-1

1997 5431 2054 5478 δι’
2109 5429 2262 5477 αὐτοῦ
2319 5423 2528 5492 ἐγένετο,
2602 5428 2684 5473 καὶ
2755 5428 2901 5492 χωρὶς
2955 5428 3113 5492 αὑτοῦ
3164 5427 3353 5490 ἐγένετο
3408 5428 3518 5477 οὐδὲ
3592 5428 3645 5477 ιν

1997 5493 2269 5572 ξγέγονιν.
2300 5491 2486 5572 Aliam
2525 5505 2690 5572 .vero
2746 5491 3318 5572 'interpunc_tionem_
3372 5493 3646 5550 exhibent

1996 5565 2200 5623 Latina
2228 5559 2598 5637 exemplaria,
2632 5565 2713 5620 et.
2746 5559 2936 5621 Latini
2984 5562 3182 5621 Patres
3225 5563 3397 5640 vulgo
3429 5580 3645 5640 sequn-

1998 5643 2114 5697 tur.
