4078 6196
438 269 599 332 1031

1918 263 1983 325 S.
2018 260 2394 326 AMBROSII

3725 255 3902 332 ἕως

440 404 635 474 posita
661 398 1078 457 disctinctione
1105 396 1464 470 subjiciunt:
1495 419 1523 448 ‹‹
1548 396 1620 452 ιΙη
1664 397 1790 468 ipso
1842 396 1959 452 vita
2012 402 2104 453 est
2131 401 2185 464 Α
2215 399 2262 452 si
2295 402 2494 454 autem
2527 402 2828 454 mortuum
2869 398 3067 470 ﬁderit,
3091 397 3358 459 multum
3393 400 3660 460 meum
3711 401 3905 463 sum

439 493 620 558 (Ιοαη.
679 491 759 556 ι).
815 511 845 537 ››
903 487 1074 543 Salva
1128 485 1204 542 sit
1249 485 1522 542 ﬁdelibus
1599 483 1706 542 illa
1760 484 2098 541 distinctio:

440 593 550 650 ego
570 593 690 632 non
725 592 930 632 vereor
953 576 1150 648 legere
1175 591 1188 629 :
1223 596 1250 624 «
1281 575 1442 640 Quod
1478 575 1699 630 factum
1729 576 1832 630 est
1860 573 1919 628 in
1949 573 2099 644 ipso,

438 666 562 722 vita
603 669 732 734 est;
766 687 795 715 η
828 669 884 720 et
936 663 1080 720 nihil
1139 664 1314 718 habet
1368 664 1522 735 quod
1572 665 1776 718 teneat
1823 661 2100 728 Arianus,

442 754 585 827 quia
634 771 752 812 non
799 752 960 810 illius
1016 767 1238 808 venena
1289 752 1626 818 considero,
1681 751 1790 808 sed
1838 749 2102 807 lectionis

445 857 625 907 sacris
658 840 1142 899 consuetudinem
1173 855 1545 911 recognosco.
1574 838 1705 894 Non
1737 838 1894 894 enim
1933 837 2098 893 dixit:

447 933 688 988 Factum
720 934 810 986 est
838 929 1098 984 Verbum
1142 933 1276 984 ante
1334 943 1508 983 omne
1551 926 1927 1000 principium.
1974 926 2100 982 Non

445 1019 627 1078 dixit:
662 1019 899 1075 Factum
931 1022 1022 1073 est
1063 1018 1360 1084 Verbum;
1409 1017 1512 1072 sed
1572 1016 1621 1072 si
1679 1017 1837 1088 quod
1893 1013 2103 1071 dixerit

443 1108 649 1168 audire
678 1107 1027 1163 desideras:
1067 1128 1095 1156 «
1150 1105 1432 1174 Verbum,
1487 1105 1700 1177 inquit,
1752 1108 1886 1160 erat
1937 1104 2100 1176 apud

444 1198 631 1254 Derm
689 1195 845 1267 (Ibid.
874 1195 954 1267 4).
1002 1219 1022 1245 ι
1086 1195 1222 1250 Erat
1271 1195 1426 1266 apud
1485 1198 1689 1260 Deum,
1749 1192 1905 1265 quod
1951 1209 2098 1248 cum

442 1287 572 1359 ipso
631 1285 1002 1357 operabatur,
1063 1299 1198 1339 cum
1272 1282 1401 1355 ipso
1456 1281 1892 1338 dominabatur.
1971 1281 2097 1336 Non

444 1376 626 1432 dixit:
657 1373 904 1430 Factum
923 1376 1021 1429 est
1042 1371 1287 1427 verbum
1315 1389 1328 1437 ;
1361 1371 1464 1427 sed
1494 1371 1676 1426 dixit:
1711 1393 1740 1421 ‹‹
1770 1369 1924 1426 Deus
1975 1373 2101 1424 erat

441 1464 700 1521 Verbum
753 1462 966 1534 (Ibid.);
1004 1485 1024 1513 ι
1064 1465 1215 1516 Deus
1269 1463 1466 1514 autem
1531 1475 1647 1515 non
1709 1459 1955 1523 factura,
1997 1458 2098 1513 sed

443 1554 626 1610 factor
654 1557 744 1608 est
781 1556 838 1608 et
865 1554 1110 1606 creator.
1146 1548 1318 1621 Aperi
1341 1564 1536 1615 aures,
1567 1549 1624 1602 et
1654 1547 1790 1604 audi
1822 1565 1834 1602 :
1868 1567 1896 1596 «
1957 1545 2098 1601 0m-

441 1643 542 1700 nia
571 1657 674 1714 per
687 1642 890 1712 ipsum
922 1639 1074 1694 facta
1103 1641 1266 1701 sunt,
1297 1641 1354 1691 et
1383 1635 1512 1691 sine
1555 1636 1684 1707 ipso
1735 1636 1962 1690 factum
2013 1639 2101 1690 est

441 1730 608 1788 nihil.
645 1752 674 1778 η
705 1728 892 1785 Discis
924 1743 1051 1783 esse
1102 1725 1334 1792 Filium,
1368 1724 1427 1778 in
1458 1739 1573 1796 quo
1633 1723 1957 1780 divinitatis
2007 1727 2098 1780 est

443 1817 795 1891 plenitudo?
851 1815 1022 1886 Aperi
1073 1830 1250 1869 aures
1282 1813 1475 1868 adhuc
1508 1811 1842 1883 paululum,
1873 1817 1932 1867 et
1953 1811 2099 1866 audi

355 1968 366 1972 ί
441 1907 764 1963 dicentem:
795 1927 816 1954 ι
846 1904 1014 1970 Quod
1047 1903 1266 1959 factum
1298 1905 1388 1956 est
1409 1902 1468 1956 in
1499 1901 1650 1972 ipso,
1678 1901 1798 1956 vita
1835 1906 1941 1956 est.
1977 1922 2006 1950 ››
2035 1900 2097 1956 In

440 1995 591 2068 ipso,
623 1993 834 2065 inquit,
867 1993 1084 2047 factum
1118 1995 1243 2047 est:
1277 2007 1392 2046 non
1444 1989 1542 2045 Dei
1573 1989 1830 2045 Verbum
1867 1987 2097 2044 factum

438 2084 670 2140 estmut
709 2081 758 2138 si
784 2080 894 2137 hoc
925 2084 1190 2136 movette
1220 2079 1291 2134 ad
1324 2077 1702 2143 calumniam,
1725 2078 1864 2149 quia
1902 2077 2048 2132 dixit
2079 2093 2092 2133 :

439 2174 500 2230 in
529 2172 658 2244 ipso
708 2169 928 2226 factum
974 2173 1063 2224 est
1091 2186 1107 2236 ;
1141 2167 1428 2239 numquid
1459 2171 1518 2222 et
1549 2172 1660 2222 Deo
1689 2166 1844 2222 Patri
1873 2165 2094 2222 calum-

437 2258 790 2331 niaris,quia
816 2257 917 2314 Dei
947 2256 1281 2313 Filiusdixit
1307 2272 1320 2309 :
1353 2278 1382 2304 ‹‹
1418 2255 1524 2320 Qui
1555 2259 1750 2310 autem
1782 2254 1918 2310 facit
1945 2255 2096 2309 ver-i-

436 2352 617 2406 tatem
627 2346 805 2415 ,venit
831 2347 904 2401 ad
920 2344 1111 2400 lucem
1141 2363 1153 2411 ;
1187 2348 1252 2399 ut
1273 2343 1720 2399 manifestentur
1739 2358 1924 2413 mpera
1943 2343 2094 2413 ejus,

437 2438 577 2510 quia
633 2436 694 2492 in
751 2439 866 2490 Deo
922 2437 1062 2489 sunt
1107 2434 1262 2488 facta
1320 2433 1496 2502 (Joan.
1557 2447 1644 2497 ιη,
1688 2429 1834 2500 21)?
1889 2445 1918 2480 θ»
1978 2433 2097 2486 'Aut

436 2527 575 2597 quia
635 2523 810 2581 David
857 2521 1038 2577 dixit:
1128 2544 1156 2571 ‹‹
1199 2520 1542 2576 ιϐοηὶἰῐθδοιν
1606 2519 1735 2584 tibi,
1823 2518 2092 2585 Domine,

434 2613 721 2686 quoniam
767 2609 1055 2667 exaudisti
1116 2625 1229 2676 me,
1315 2612 1372 2664 et
1414 2609 1603 2663 factus
1679 2623 1741 2662 es
1815 2607 1960 2662 mihi
2031 2608 2091 2662 in

433 2701 685 2761 salutem
772 2700 944 2771 (Ptol.
1002 2715 1174 2763 cxvn,
1255 2698 1398 2769 21);
1453 2719 1481 2748 ››
1538 2695 1652 2752 hoc
1681 2702 1792 2767 est,
1852 2711 2093 2752 conver—

433 2803 535 2849 sus
579 2806 648 2848 es
699 2789 853 2846 mihi
908 2787 968 2844 in
1021 2787 1296 2852 salutem,
1350 2789 1628 2858 operatus
1696 2801 1760 2841 es
1815 2784 1963 2839 mihi
2017 2786 2090 2841 ad

433 2880 733 2938 salutem?
763 2878 1001 2934 Possem
1058 2875 1192 2931 aliis
1247 2875 1357 2942 uti,
1390 2874 1490 2930 sed
1552 2874 1686 2930 nolo
1744 2872 1892 2928 ibi
1977 2889 2094 2930 cre~

433 2970 573 3036 das;
651 2983 725 3028 ne
811 2971 981 3039 putes
1038 2969 1386 3037 argumenta
1461 2979 1592 3020 esse
1667 2962 1887 3035 ingenii
1955 2964 2089 3034 (14),

433 3074 548 3114 non
572 3056 914 3115 testimonia
952 3052 1231 3111 veritatis.

469 3255 472 3258 ·
502 3236 591 3293 36.
627 3237 755 3307 Ipse
773 3231 1016 3290 tonitrui
1049 3229 1224 3296 ﬁlius,
1257 3229 1382 3301 ipse
1408 3227 1511 3300 qui
1535 3228 1594 3283 in
1619 3227 1830 3283 Christi
1859 3232 2091 3300 pectore

433 3324 829 3390 recumbebat,
870 3322 996 3390 ipse
1027 3318 1119 3373 cui
1149 3321 1374 3373 secreta
1410 3333 1518 3372 sua
1546 3317 1830 3374 Domi-nus
1860 3333 1977 3373 non
2008 3322 2090 3374 ta-

434 3413 618 3478 cebat,
652 3410 745 3466 cui
789 3409 992 3464 Petrus
1024 3405 1216 3461 innuit
1247 3409 1311 3460 ut
1339 3404 1654 3462 Dominum
1681 3406 2085 3479 interrogaret,

432 3503 489 3555 et
524 3498 621 3554 ille
664 3494 1066 3567 interrogavit,
1126 3497 1184 3551 et
1240 3494 1526 3550 Dominus
1584 3493 1902 3560 revelavit;
1961 3494 2088 3567 ipse

432 3592 682 3660 exponat
708 3586 850 3658 quid
875 3583 1124 3641 senserit
1153 3584 1224 3639 de
1253 3600 1322 3640 eo
1354 3584 1508 3656 quod
1541 3584 1622 3640 ait
1653 3602 1666 3641 :
1717 3607 1745 3635 «
1781 3584 1943 3650 Quod
1999 3584 2084 3639 fa-

434 3681 590 3734 ctum
613 3681 703 3734 est
740 3677 799 3732 in
829 3674 978 3747 ipso,
1010 3672 1128 3729 vita
1181 3677 1290 3730 est.
1328 3695 1357 3723 ››
1399 3673 1550 3728 Audi
1608 3683 1744 3747 ergo
1803 3673 2084 3744 interpre-

433 3771 676 3834 tantem,
710 3764 850 3838 quia
878 3769 1031 3831 tuas,
1065 3762 1296 3830 Ariane,
1358 3761 1686 3818 calumnias
1735 3763 1862 3833 jam
1913 3778 2084 3817 cave-

433 3855 570 3917 bat:
606 3877 633 3904 «
668 3854 828 3920 Quod
861 3856 985 3908 erat
1010 3851 1082 3910 ab
1115 3851 1301 3922 initio,
1332 3855 1392 3907 et
1429 3851 1584 3923 quod
1643 3850 1996 3918 audivimus,
2031 3855 2088 3906 et

431 3943 686 4002 vidimus
716 3940 901 3999 oculis
931 3940 1170 4007 nostris,
1215 3939 1370 4011 quod
1401 3940 1829 4012 perspeximus,
1862 3945 1919 3994 et
1962 3957 2082 3996 ma-

434 4049 547 4090 nus
576 4037 788 4088 nostrae
813 4033 1088 4086 scrutatis
1115 4032 1256 4085 sunt
1276 4028 1348 4083 de
1400 4027 1589 4084 Verbo
1645 4028 1798 4093 vitae,
1859 4033 1918 4082 et
1969 4029 2086 4084 vita

432 4120 722 4194 apparuit,
752 4119 798 4193 (Ι
824 4119 979 4175 Joan.
1015 4135 1052 4185 ι,
1088 4116 1164 4188 4).
1224 4138 1252 4164 ››
1303 4117 1446 4172 Caro
1505 4131 1643 4188 ergo
1705 4121 1796 4171 est
1845 4131 1970 4188 quae
2023 4117 2084 4173 in

434 4210 660 4266 Christo
689 4207 982 4282 apparuit,
1013 4205 1100 4262 vel
1131 4204 1400 4262 Christus
1430 4205 1489 4261 in
1512 4221 1685 4261 carne
1706 4204 1856 4277 :ipse
1887 4211 2086 4262 nostra

433 4299 490 4356 in
520 4298 797 4354 omnibus
824 4296 940 4352 vita
961 4301 1069 4353 est.
1142 4294 1334 4367 Ipsius
1365 4293 1660 4358 divinitas,
1695 4293 1816 4350 vita
1853 4299 1962 4362 est,
1995 4295 2086 4367 ip-

436 4387 561 4442 sius
609 4386 922 4454 aeternitas,
955 4387 1073 4442 vita
1102 4389 1209 4452 est,
1244 4382 1431 4456 ipsius
1488 4399 1645 4449 caro,
1677 4383 1794 4439 vita
1844 4389 1954 4450 est,
2009 4386 2086 4457 ip-

436 4473 564 4530 sius
593 4474 809 4544 passio,
842 4473 958 4529 vita
985 4478 1092 4530 est.
1126 4473 1289 4529 Unde
1319 4477 1376 4529 et
1421 4472 1708 4528 Jeremias
1763 4472 1879 4528 ait:
1932 4497 1959 4523 ‹‹
2019 4474 2082 4530 In

436 4561 646 4617 umbra
675 4560 804 4630 ejus
831 4559 1093 4616 vivemus
1134 4560 1448 4631 (Thren.1v,
1499 4562 1611 4633 20).
1648 4584 1668 4612 ι
1709 4561 1926 4617 Umbra
1967 4561 2086 4618 ala-

433 4665 589 4717 rum,
626 4651 776 4708 71M
824 4649 1034 4704 umbra
1093 4649 1306 4714 crucis,
1357 4649 1570 4704 umbra
1623 4654 1713 4706 est
1771 4651 2081 4722 passionis.

431 4741 629 4815 Ipsius
653 4754 833 4806 mors,
858 4736 973 4793 vita
1002 4741 1092 4793 est
1126 4753 1137 4792 :
1174 4737 1362 4808 ipsius
1419 4737 1655 4805 vulnus,
1685 4737 1802 4796 vita
1833 4744 1955 4796 est:
1997 4741 2083 4813 ip-

433 4831 559 4888 sius
590 4828 854 4903 sanguis,
887 4826 1005 4882 vita
1035 4830 1161 4882 est:
1193 4825 1379 4896 ipsius
1410 4825 1732 4898 sepultura,
1791 4829 1911 4886 vita
1956 4834 2082 4887 est:

431 4920 618 4994 ipsius
646 4921 1011 4984 resurrectio,
1043 4915 1162 4971 vita
1191 4919 1282 4971 est
1311 4915 1736 4971 universorum.
1789 4918 1887 4973 Vis
1939 4918 2086 4974 scire

434 5009 711 5082 quoniam
743 5023 902 5064 mors
936 5005 1122 5079 ipsius
1147 5004 1262 5060 vita
1293 5003 1426 5060 est?
1458 5027 1484 5054 ‹‹
1520 5009 1582 5059 in
1615 5010 1820 5073 morte,
1873 5007 2084 5079 inquit,

432 5099 620 5172 ipsius
650 5097 927 5170 baptizati
959 5111 1235 5152 sumus...
1267 5099 1334 5150 ut
1373 5111 1507 5150 cum
1538 5094 1666 5168 ipso
1714 5096 1775 5151 in
1831 5097 2085 5152 novitate

433 5189 560 5244 vitae
591 5186 964 5244 ambulemus
994 5187 1163 5258 (Rom.
1207 5200 1283 5251 vr,
1336 5183 1390 5251 3,
1449 5184 1524 5254 4).
1588 5205 1617 5233 ››
1676 5185 1744 5239 Et
1789 5184 1913 5258 ipse
1971 5186 2080 5242 ait:

437 5299 463 5325 «
495 5279 700 5348 Amen,
732 5292 901 5332 amen
932 5276 1060 5331 dico
1089 5273 1273 5342 vobis,
1334 5272 1448 5329 nisi
1523 5288 1776 5346 granum
1809 5274 2084 5330 frumenti

436 5365 648 5424 cadens
678 5365 737 5420 in
769 5369 982 5422 terram
1017 5361 1319 5430 moriatur,
1351 5359 1546 5434 ipsum
1603 5361 1796 5418 solum
1847 5367 2084 5434 manet;

507 5470 622 5543 (lli)
653 5469 737 5526 lta
762 5471 899 5528 edit.
923 5485 1148 5543 omnes,
1190 5485 1334 5543 mss.
1366 5483 1501 5543 vero
1559 5467 1678 5543 fere
1737 5469 1808 5524 ad
1872 5485 2083 5542 unum,

436 5538 748 5615 argumenti
775 5553 886 5598 esse
915 5541 1158 5614 inge-nia.
1191 5541 1324 5596 Non
1361 5538 1534 5608 male,
1575 5539 1636 5615 si
1655 5555 1856 5615 voces,
1897 5538 2086 5615 erga;

436 5610 609 5673 menti
634 5613 858 5693 ingenia
903 5610 1112 5670 sumas
1143 5628 1248 5688 pro
1278 5610 1805 5687 argumentationis
1837 5610 2000 5675 tricis
2030 5615 2088 5675 et

2114 4523 2162 4588 D

2213 486 2386 557 (locu.
2420 489 2638 555 inn-24,
2665 487 2783 560 25).
2818 480 3013 561 Wipse
3058 504 3311 564 granum
3365 497 3473 566 'pro
3513 491 3704 550 "nubis
3755 505 3899 553 cur-

2210 590 2348 647 pore
2378 574 2606 631 solutus
2634 580 2693 632 et
2721 581 2998 634 mortuus
3019 575 3148 648 est;
3182 585 3248 636 ut
3283 582 3557 638 fructum
3605 575 3892 641 multum

2210 664 2442 719 aﬁ‘srmt
2469 664 2528 719 in
2547 665 2919 722 .nobis.Mors
2949 667 3151 740 itaque
3164 670 3302 740 ejus
3332 671 3566 728 fructus
3611 673 3708 730 est
3723 671 3898 730 vita.

2211 773 2240 801 (ι
2270 753 2434 816 Quod
2469 752 2685 808 factum
2717 758 2806 810 est
2830 769 2974 828 ergo
3005 757 3064 811 in
3111 757 3273 830 'ipso,
3323 759 3452 815 ‘vita
3492 764 3604 817 est.
3658 781 3691 811 ›ι
3727 761 3898 818 Caro

2211 840 2479 898 facta-est
2517 843 2576 896 in
2620 843 2770 915 ipso,
2819 843 2942 900 vita
2987 849 3110 914 est;
3168 847 3419 904 infantia
3473 847 3631 905 facta
3681 853 3778 906 est
3823 849 3897 906 in

2209 928 2357 1001 ipso,
2392 930 2513 986 vita
2541 931 2986 1002 estdudidium
3021 935 3239 991 factum
3299 941 3390 992 est
3441 937 3498 992 in
3555 938 3712 1009 ipso,
3757 937 3899 996 Vita

2209 1020 2334 1086 est;
2368 1035 2528 1074 mors
2551 1020 2703 1075 facta
2721 1022 2902 1076 'est‘in
2923 1022 3075 1093 ipso,
3099 1024 3228 1080 vita
3258 1031 3384 1094 est;
3438 1027 3715 1084 remissio
3747 1043 3896 1100 pec-

2209 1111 2472 1162 natorum
2499 1108 2654 1163 facta
2671 1107 2851 1164 estin
2871 1109 3033 1183 ipso,
3054 1111 3186 1168 vita
3213 1121 3342 1176 est;
3381 1113 3594 1171 vulnus
3637 1113 3890 1172 factum

2207 1199 2297 1251 est
2321 1195 2383 1250 in
2413 1196 2562 1268 ipso,
2597 1197 2717 1252 vita
2745 1202 2871 1266 est;
2903 1197 3102 1256 illusio
3125 1201 3284 1256 facta
3311 1206 3402 1258 est
3429 1202 3491 1258 in
3543 1201 3686 1275 ipso,
3741 1203 3894 1260 ‘vita

2207 1288 2332 1352 es’t;
2366 1283 2576 1340 divisio
2598 1285 2758 1340 facta
2785 1293 2880 1343 'est
2911 1288 2972 1342 in
2990 1288 3151 1360 ipso,
3207 1291 3328 1346 vita
3383 1296 3510 1360 est;
3567 1293 3892 1365 sepultura

2211 1373 2365 1428 facta
2392 1377 2482 1428 est
2511 1372 2570 1426 in
2593 1374 2744 1444 ipso,
2775 1375 2892 1431 vita
2911 1381 3013 1432 'est
3035 1394 3048 1444 ;
3073 1377 3437 1436 resurrectio
3485 1380 3640 1436 facta
3667 1386 3760 1437 est
3813 1383 3885 1438 in

2207 1461 2358 1532 ipso,
2391 1460 2642 1517 vitaeet.
2690 1462 2836 1519 Vide
2869 1469 3090 1536 quanta
3119 1466 3177 1520 in
3203 1467 3333 1539 ipso
3366 1468 3519 1523 facta
3537 1468 3708 1536 sunt,
3740 1470 3884 1542 qui-

2209 1551 2320 1605 bus
2349 1550 2477 1604 vits:
2507 1554 2724 1606 nostra
2757 1551 2910 1608 facta
2941 1554 3245 1610 conversio
3277 1561 3388 1624 est,
3419 1561 3486 1612 ut
3517 1574 3652 1630 qua:
3691 1557 3883 1630 perie-

2209 1643 2320 1704 rat,
2354 1639 2712 1695 redd‘eretur.
2738 1641 2822 1694 Ad
2855 1645 3224 1714 postremum
3255 1645 3514 1700 venditio
3577 1645 3733 1703 facta
3783 1653 3879 1704 est

2207 1727 2266 1781 in
2292 1728 2438 1799 ipso,
2472 1727 2589 1782 vita
2611 1733 2705 1783 est
2729 1746 2740 1782 2
2766 1729 3100 1801 redemptio
3131 1732 3285 1788 facta
3321 1738 3410 1789 est
3439 1735 3498 1789 in
3545 1726 3704 1806 ipso,
3750 1737 3874 1793 vita

2210 1819 2316 1872 est.
2340 1817 2426 1870 Ad
2461 1820 2707 1872 mortem
2739 1817 3012 1874 venditus
3037 1823 3184 1875 est'a
3211 1821 3393 1890 Juda,
3421 1825 3662 1896 emptus
3693 1831 3726 1881 ι
3751 1825 3877 1881 Ju-

2209 1904 2352 1959 daiis
2387 1905 2460 1959 ad
2491 1909 2764 1970 mortem,
2815 1910 2880 1960 ut
2925 1907 3190 1979 pretioso
3219 1911 3360 1980 'ejus
3413 1911 3711 1986 sanguine

2208 1991 2633 2048 redimeremur
2661 1993 2733 2049 ad
2762 1994 2965 2050 vitam.
2989 1987 3239 2052 'Hiec'e'st
3266 1999 3384 2054 vita
3409 2005 3546 2072 qua!
3569 1999 3731 2057 iacta
3756 2007 3878 2067 est,

2211 2080 2333 2136 hac
2362 2085 2452 2136 est
2479 2081 2598 2136 vita
2625 2097 2753 2152 qua:
2785 2083 3078 2156 apparuit,
3102 2083 3224 2140 haec
3245 2089 3336 2142 est
3363 2087 3481 2142 vita
3534 2105 3711 2160 quam
3761 2091 3873 2147 an:

2206 2170 2483 2239 divimus,
2513 2169 2748 2225 hac-est
2769 2169 2890 2226 vita
2921 2183 3048 2242 qua!
3080 2177 3206 2229 erat
3232 2176 3392 2247 apud
3412 2176 3656 2245 Pati-em,
3713 2181 3876 2250 quia

2204 2258 2331 2330 ipse
2361 2258 2461 2330 qui
2494 2263 2619 2314 erat
2645 2258 2706 2312 in
2739 2257 3046 2332 principio,
3075 2261 3201 2334 ipse
3232 2267 3438 2337 postea
3474 2266 3558 2321 εει

2203 2347 2461 2421 Virgine,
2494 2347 2561 2402 ut
2588 2351 2741 2403 esset
2769 2343 2888 2405 vita
2931 2350 3257 2408 morituris.

2275 2525 2366 2579 37..
2402 2523 2601 2596 Ipsum
2633 2523 2791 2581 hunc
2820 2528 3185 2599 propositum
3219 2531 3389 2587 nobis
3420 2530 3620 2589 locum
3685 2534 3866 2592 inter-

2205 2629 2480 2685 rogemus
2501 2612 2530 2668 ?
2561 2613 2708 2678 Quid
2741 2619 2852 2680 est,
2886 2637 2914 2665 ‹‹
2941 2616 3237 2673 hominem
3271 2620 3330 2674 in
3359 2620 3596 2678 Christo
3622 2623 3703 2694 (II
3735 2624 3860 2681 sor.

2203 2718 2344 2770 nu,
2376 2703 2431 2773 2)
2458 2702 2487 2758 ?
2520 2724 2548 2752 η
2579 2703 2696 2758 Hoc
2725 2707 2835 2770 est,
2888 2705 3105 2761 factum
3153 2707 3214 2762 in
3278 2705 3531 2778 Christo,
3590 2733 3621 2763 κ
3651 2712 3712 2768 in
3745 2713 3861 2786 quo

2205 2793 2359 2847 facta
2389 2794 2530 2848 sunt
2597 2793 2814 2859 omnia,
2858 2793 2978 2848 sive
3009 2794 3210 2867 Sedes,
3241 2797 3362 2853 sive
3392 2800 3860 2870 Dominat’ion'es,

2200 2882 2319 2938 sive
2343 2881 2736 2953 Principatus,
2770 2881 2889 2939 sive
2920 2875 3261 2952 Potestates,
3295 2889 3496 2943 omnia
3528 2906 3636 2963 per
3664 2887 3858 2965 ipsum

2200 2974 2257 3026 et
2287 2970 2347 3025 in
2379 2969 2507 3042 ipso
2535 2975 2909 3039 creatusaut,
2939 2977 3002 3027 et
3029 2973 3154 3045 ipse
3195 2978 3288 3031 est
3317 2982 3452 3032 ante
3508 2993 3740 3047 omnes,
3795 2988 3858 3038 et

2200 3059 2399 3114 omnia
2428 3057 2487 3112 in
2515 3057 2641 3129 ipso
2681 3065 2954 3115 constant
2996 3060 3219 3134 (Galeas.
3251 3079 3290 3131 ι,
3325 3065 3396 3119 16
3445 3067 3502 3120 et
3532 3067 3621 3136 17,
3659 3091 3689 3118 ν
3745 3067 3855 3126 hab

2117 3149 2160 3216 C
2199 3151 2306 3213 est,
2327 3147 2390 3201 in
2421 3146 2634 3202 virtute
2655 3147 2803 3218 ejus.
2838 3149 3023 3205 Homo
3052 3152 3189 3224 ergo
3219 3151 3276 3207 in
3305 3143 3559 3222 Christo,
3617 3159 3722 3230 ‘q'ui
3775 3157 3858 3215 fat-

2198 3240 2329 3291 ctus
2360 3239 2450 3290 est
2477 3235 2550 3291 ad
2581 3235 2899 3309 imaginem
2914 3239 2969 3310 ej
2981 3247 3046 3294 u‘s
3065 3244 3124 3295 et
3151 3240 3605 3300 "similitudinem
3634 3262 3647 3299 :
3682 3245 3857 3303 homo

2199 3324 2257 3378 in
2289 3324 2540 3390 Christo,
2584 3325 2687 3397 qui
2744 3325 2902 3382 totus
2952 3328 3013 3382 in
3063 3328 3288 3386 Christo
3320 3331 3417 3387 sit.
3477 3331 3638 3389 Sicut
3695 3337 3854 3393 enim

2197 3412 2356 3468 Deus
2384 3427 2488 3484 per
2515 3414 2799 3469 unitatem
2825 3418 2888 3470 et
2915 3413 3338 3488 plenitudinem
3371 3420 3686 3478 divinitatis
3738 3423 3850 3480 Pn-

2196 3506 2284 3557 ter
2303 3501 2460 3557 Deus
2489 3504 2648 3558 totus
2677 3502 2737 3557 in
2769 3498 2912 3559 Filio
2937 3509 3051 3572 est,
3083 3510 3143 3561 et
3173 3506 3355 3565 Filius
3383 3508 3446 3564 in
3504 3511 3704 3567 Patre:
3767 3511 3853 3570 ita

2196 3606 2300 3662 per
2330 3590 2712 3646 intentionem
2745 3595 2803 3648 et
2852 3591 3090 3665 pietatis
3148 3596 3420 3653 affectum
3453 3598 3542 3671 (ut
3597 3585 3850 3675 exempli

2207 3679 2350 3744 vice,
2383 3695 2497 3734 non
2551 3681 3002 3752 comparationis
3065 3687 3323 3757 utamur)
3382 3687 3560 3744 homo
3601 3690 3763 3747 totus
3791 3693 3848 3747 in

2193 3769 2424 3823 Christo
2452 3771 2564 3833 est,
2597 3769 2696 3840 qui
2729 3763 2884 3825 enim
2917 3771 3171 3828 adheret
3219 3775 3484 3844 Domino,
3523 3781 3678 3835 unus
3733 3778 3850 3852 spi-

2195 3858 2343 3911 ritus
2368 3860 2474 3912 est.
2510 3857 2694 3914 Homo
2724 3869 2860 3932 ergo
2893 3859 2953 3915 in
2983 3860 3235 3930 Christo,
3284 3880 3401 3919 non
3434 3865 3530 3922 ille
3559 3869 3845 3937 terrenus,

2197 3963 2310 4000 non
2343 3945 2438 4002 ille
2468 3947 2711 4018 peccati,
2741 3948 2844 4005 sed
2875 3948 3052 4006 homo
3082 3950 3316 4009 Christi.
3364 3954 3514 4020 Quid
3561 3970 3702 4031 ergo
3730 3967 3847 4015 mo-

2193 4039 2322 4089 vet:
2357 4055 2386 4084 ‹‹
2419 4035 2584 4100 Quod
2611 4035 2834 4092 factum
2865 4041 2955 4093 est
2984 4039 3042 4093 in
3074 4039 3224 4111 ipso,
3281 4043 3400 4098 vita
3455 4048 3565 4109 est,
3601 4067 3633 4094 »
3691 4046 3740 4103 si
3796 4051 3851 4103 et

2198 4123 2372 4179 homo
2394 4123 2685 4196 praecipue
2714 4124 2972 4195 interior,
3006 4126 3064 4182 in
3097 4128 3225 4201 ipso
3256 4130 3445 4189 iactus
3476 4137 3586 4199 est,
3626 4135 3685 4190 in
3726 4136 3850 4208 ipso

2197 4212 2530 4284 cruciﬁxus,
2563 4212 2624 4267 in
2647 4212 2774 4284 ipso
2803 4219 3134 4283 renbvatus,
3168 4217 3226 4274 in
3257 4219 3386 4292 ipso
3443 4223 3730 4295 Sepultus,
3790 4229 3849 4281 et

2196 4300 2484 4374 cum'ipso
2513 4300 2914 4374 consepultus,
2947 4304 3005 4360 in
3037 4305 3166 4378 ipso
3208 4309 3641 4368 resuscitatus?
3693 4311 3843 4379 Quid

2196 4394 2406 4459 movet,
2429 4393 2496 4445 ut
2524 4390 2664 4457 dixi,
2698 4391 2839 4463 quia
2866 4389 3150 4466 scriptum
3181 4401 3271 4452 est
3302 4415 3314 4450 :
3351 4421 3380 4448 ς(
3429 4399 3591 4462 Quod
3625 4400 3839 4458 tactam

2195 4478 2358 4534 estin
2392 4479 2544 4551 ipso,
2573 4479 2695 4535 vita
2724 4483 2832 4548 est,
2867 4501 2895 4529 υ
2927 4493 3060 4537 cum
3093 4482 3270 4540 homo
3301 4484 3551 4544 diuker-it:
3582 4495 3612 4538 ά
3645 4489 3704 4544 in
3735 4489 3844 4546 Deo

2194 4568 2478 4624 faciemus
2507 4567 2783 4624 virtutem
2813 4570 2985 4641 (Paul.
3009 4586 3120 4640 nx,
3166 4566 3306 4642 l4)?
3338 4596 3360 4623 ι
3397 4575 3457 4631 Si
3489 4577 3708 4648 quer-is
3725 4577 3845 4651 qua

2192 4658 2314 4714 vita
2345 4659 2442 4725 sit,
2473 4658 2524 4714 si
2557 4656 2787 4714 moveat
2817 4660 2969 4732 quod
2992 4655 3214 4718 factum
3235 4664 3315 4719 sit
3343 4665 3405 4720 in
3433 4665 3585 4738 ipso,
3621 4667 3838 4741 adcipe.

2195 4749 2414 4820 Nempe
2445 4749 2581 4813 vita,
2613 4747 2868 4804 Ecclesia
2898 4753 3005 4805 est.
3047 4750 3109 4805 In
3133 4751 3261 4825 ipso
3301 4749 3454 4810 facta
3481 4758 3594 4821 est,
3628 4757 3686 4812 in
3719 4755 3839 4828 ejus

2195 4840 2374 4906 costa,
2407 4836 2468 4891 in
2499 4837 2627 4908 ipso
2658 4836 3005 4893 resuscitata
3032 4835 3167 4895 Eva.
3201 4841 3316 4898 Eva
3344 4847 3541 4900 autem
3571 4845 3710 4913 vita,-
3738 4845 3840 4901 hoc

2194 4929 2302 4994 est,
2335 4926 2492 4997 quod
2524 4926 2743 4981 factum
2772 4929 2882 4992 est,
2915 4927 3056 4999 quia
3085 4927 3199 4985 Eva
3219 4946 3344 5002 qua:
3376 4932 3650 5004 perierat,
3689 4932 3840 4990 salva

2195 5017 2346 5071 facta
2371 5019 2460 5070 est
2489 5029 2592 5086 per
2621 5014 2962 5083 Ecclesium,
2989 5015 3099 5073 hoc
3137 5023 3248 5087 est,
3279 5037 3382 5092 per
3429 5020 3686 5079 ﬁliorum
3713 5021 3838 5080 suo;

2194 5121 2326 5161 rum
2355 5103 2810 5177 generationem,
2843 5104 2998 5161 sicut
3026 5106 3312 5182 scriptum
3342 5115 3435 5166 est
3479 5112 3530 5182 (Ι
3585 5111 3717 5168 Tim.
3777 5110 3832 5178 ri,

2201 5196 2306 5267 15),
2340 5193 2480 5266 quia
2528 5193 2810 5250 delictum
2843 5195 3162 5268 superioris
3219 5201 3698 5272 przsvaricatricis
3744 5217 3833 5257 so-

2196 5284 2323 5340 bria
2375 5282 2703 5339 emendavit
2739 5283 3067 5341 hereditas.
3110 5285 3273 5344 Unde
3324 5293 3383 5345 et
3435 5289 3562 5362 ipse
3628 5290 3832 5347 Paulus

2196 5463 2438 5544 cavillis,
2461 5461 3013 5544 sive_s0pb_ismatis.
3046 5464 3190 5525 Vide
3246 5467 3611 5527 Glossarium
3641 5465 3837 5544 (ἔπεῖί

2197 5537 2269 5595 ad
2301 5541 2534 5609 nomen,
2568 5536 2876 5611 ingenium.
