4078 6196
287 314 316 380 Ι
327 311 446 376 033

1335 313 1792 378 ENARRATIO
1835 309 1916 373 IN
1955 307 2341 384 PSALMUM
2388 311 2662 376 XXXVI.

3548 311 3575 372 1
3587 306 3708 378 034

287 449 492 518 raptus
523 447 614 502 est
653 446 723 501 ad
772 443 973 515 vitam,
1006 446 1105 520 qui
1140 450 1272 506 ante
1320 452 1444 504 erat
1485 448 1820 520 persecutor
1868 444 1938 498 ad
1970 442 2022 524 ᾼ
2044 443 2309 513 jusmodi
2359 443 2652 516 gloriabor
2684 459 2696 499 :
2732 459 2836 516 pro
2867 458 2962 499 me
3007 445 3201 500 autem
3252 457 3368 496 non
3415 439 3708 519 gloriabor

285 537 534 589 mortem
546 575 558 588 .

358 622 514 686 .705
545 623 633 678 38.
667 622 953 683 Prolixius
1003 625 1232 698 evagati
1282 641 1512 691 sumus,
1547 627 1612 678 ut
1642 624 1713 677 de
1743 637 1810 676 eo
1844 621 1946 676 ho-

296 710 456 766 mine
487 710 586 781 qui
622 727 734 765 non
763 711 821 766 in
854 711 978 768 solo
1026 729 1196 783 pane,
1227 713 1328 768 sed
1359 713 1418 767 in
1452 711 1612 768 omni
1641 710 1814 765 verbo
1845 708 1946 765 Dei

278 798 522 868 viveret,
557 798 906 855 diceremus.
941 802 1323 860 Revertamur
1352 801 1423 856 ad
1455 799 1748 872 psalmum
1783 800 1944 870 (vers,

283 888 411 955 19):
447 887 516 941 Et
546 886 674 942 ideo
706 887 1070 944 immaculati
1098 906 1214 945 non
1260 889 1700 946 confundantur
1745 886 1804 940 in
1855 886 1948 941 die

274 974 512 1046 judicii,
543 978 600 1029 et
626 974 686 1028 in
718 975 926 1032 diebus
949 976 1134 1034 famis
1165 977 1614 1032 saturabuntur.
1644 997 1671 1024 »

355 1063 446 1118 39.
492 1061 680 1134 (Vers.
715 1065 832 1133 20.)
866 1087 894 1114 «
943 1065 1289 1121 Deﬁcientes
1347 1064 1500 1120 sicut
1557 1064 1760 1124 fumus
1808 1062 1947 1118 deﬁ-

283 1152 458 1207 cient.
491 1173 517 1200 »
540 1150 776 1206 Graecus
809 1159 1026 1220 ἐξέλιπον
1058 1152 1254 1220 habet,
1296 1153 1404 1208 hoc
1456 1156 1546 1207 est
1592 1152 1945 1207 defecerunt.

287 1239 470 1295 Vides
500 1240 694 1295 subito
725 1239 978 1311 aliquem
1013 1241 1082 1296 ad
1117 1246 1463 1313 potestatem
1495 1241 1723 1295 venisse
1755 1245 1811 1294 et
1840 1239 1948 1294 bo-

284 1328 448 1385 neris
499 1327 754 1400 insignia
796 1345 808 1383 :
855 1329 1168 1384 sublimem
1211 1329 1444 1400 judicas
1477 1330 1609 1400 (15).
1643 1328 1817 1383 Vides
1859 1328 1946 1383 illi

284 1417 471 1472 alium
505 1430 633 1472 esse
665 1432 1040 1484 successum;
1076 1433 1266 1481 nonne
1292 1417 1440 1472 dicis
1473 1418 1545 1471 de
1575 1431 1641 1471 eo
1670 1433 1683 1470 :
1719 1415 1821 1471 Ubi
1844 1416 1949 1470 ho-

282 1509 528 1561 noratus
577 1507 634 1559 et
683 1504 972 1568 exaltatus
1019 1510 1107 1560 est
1155 1504 1308 1560 iste?
1356 1505 1592 1560 Defecit.
1629 1504 1761 1559 Ideo
1810 1503 1944 1576 plus

283 1593 431 1648 dixit
460 1592 715 1661 Graecus,
749 1593 889 1664 quia
936 1594 1036 1648 ubi
1085 1592 1359 1648 honorari
1411 1597 1467 1648 et
1517 1592 1758 1648 exaltari
1808 1593 1942 1664 quis

281 1682 558 1747 creditur,
585 1680 666 1735 ibi
697 1681 927 1737 defectu
959 1682 1193 1754 preprio
1225 1682 1596 1754 praevenitur,
1621 1685 1686 1736 ut
1711 1687 1940 1737 meatus

280 1771 593 1826 ﬂuminum
636 1771 960 1841 praeterisse
992 1769 1164 1826 citius
1201 1786 1378 1841 quam
1411 1769 1638 1825 venisse
1670 1786 1932 1840 compre-
1972 1806 2018 1884 Β

280 1858 503 1884 ιιι-Δ-..
558 1863 608 1884 ,ιι
645 1859 780 1884 ,ιη-ρ...
809 1864 1047 1884 ..Α..ι.-....
1087 1859 1370 1884 ...ι-..-ε-ε-
1405 1859 1617 1884 Πηιηκι..
1668 1863 1721 1884 ιιι
1755 1858 1942 1884 -AL..-
1968 1871 1976 1882 :

278 1858 526 1927 hendas,
556 1863 612 1914 et
643 1859 782 1913 dum
809 1864 1054 1914 ventura
1084 1859 1373 1930 opperiris
1405 1859 1642 1925 ﬂuenta,
1668 1863 1723 1912 te
1755 1858 1943 1913 adhuc
1968 1863 1976 1882 "

279 1951 672 2019 exspectante,
696 1947 1009 2002 ﬂuxerunt.
1035 1947 1253 2002 Contra
1280 1947 1536 2002 humiles
1566 1953 1740 2018 atque
1771 1963 1936 2002 man-

281 2035 431 2091 sueti
461 2035 603 2091 dum
635 2035 1034 2106 subjiciuntur
1054 2033 1388 2090 adivitibus
1417 2039 1474 2089 et
1499 2034 1934 2106 opprimuntur,

279 2123 514 2179 exaltati
573 2127 713 2179 sunt
758 2140 792 2178 a
839 2141 947 2178 sua
996 2122 1350 2193 humilitate,
1391 2127 1448 2178 et
1495 2123 1690 2179 subito
1746 2121 1934 2178 reful-

279 2217 502 2267 serunt.
538 2212 788 2283 Ideoque
833 2211 1049 2268 Paulus
1080 2212 1141 2266 in
1172 2211 1616 2267 inﬁrmitatibus
1667 2211 1778 2267 sibi
1813 2211 1936 2283 pla-

287 2300 436 2378 cuit,
471 2316 585 2354 non
619 2299 677 2353 in
707 2298 1044 2354 virtutibus.

353 2388 443 2441 «10.
480 2387 588 2442 Sed
622 2387 1086 2458 consideremus,
1115 2403 1184 2442 ne
1216 2387 1349 2459 quis
1396 2392 1564 2460 putet
1592 2404 1724 2443 eum
1757 2388 1817 2442 in
1852 2405 1943 2444 re-

281 2475 604 2531 lationibus
652 2475 997 2548 gloriatum;
1029 2481 1086 2531 et
1117 2482 1455 2548 repetamus
1495 2493 1582 2543 ea,
1620 2481 1680 2531 ut
1727 2476 1944 2549 seipse

283 2563 560 2619 defendat
590 2563 947 2619 humilitatis
979 2565 1352 2637 magistrum.
1383 2587 1409 2616 τε
1431 2565 1582 2631 Scio,
1607 2565 1822 2637 inquit,
1846 2565 1944 2623 ho-

280 2651 498 2728 minem
534 2652 592 2706 in
623 2650 855 2707 Christo
904 2657 1037 2708 ante
1088 2670 1274 2708 annos
1325 2653 1793 2725 quatuordecim,
1825 2653 1944 2709 sive

286 2741 619 2813 incorpore
667 2740 886 2807 nescio,
918 2740 1038 2796 sive
1077 2746 1237 2798 extra
1267 2758 1481 2813 corpus
1530 2742 1750 2809 nescio,
1785 2743 1939 2798 Deus

286 2830 415 2897 scit,
465 2832 699 2901 raptum
748 2829 1037 2900 ejusmodi
1082 2845 1271 2902 usque
1317 2830 1389 2885 ad
1438 2829 1681 2884 tertium
1732 2829 1943 2885 coelum

286 2920 358 2989 (II
396 2918 519 2973 Cor.
554 2921 768 2986 xn,-2).
799 2940 824 2966 υ
854 2919 1001 2975 Ante
1050 2934 1234 2973 annos
1285 2918 1728 2990 quatuordecim
1781 2934 1942 2973 reve-

282 3007 475 3064 latum
531 3007 647 3063 sibi
704 3005 865 3072 dicit,
900 3011 958 3062 et
1008 3011 1205 3062 tamen
1264 3006 1676 3063 revelationem
1717 3006 1944 3062 .tandiu

285 3097 443 3169 apud
475 3111 538 3152 se
567 3096 760 3151 tenuit
787 3099 846 3150 et
874 3095 1152 3168 repressit
1176 3114 1189 3151 :
1224 3112 1330 3151 nec
1359 3095 1625 3163 dixisset,
1650 3096 1764 3151 nisi
1800 3094 1940 3150 utile

283 3185 454 3242 nobis
499 3184 828 3257 judicasset
877 3188 942 3238 ut
997 3184 1243 3251 diceret;
1294 3201 1366 3239 ne
1415 3201 1524 3240 nos
1573 3183 1939 3240 revelationi-

290 3275 405 3330 bus
432 3272 862 3330 extolleremur.
894 3272 954 3326 Si
985 3272 1142 3327 enim
1187 3273 1246 3326 in
1296 3277 1462 3328 tanta
1491 3273 1680 3345 gratia
1707 3289 1824 3327 non
1855 3277 1946 3328 est

289 3362 576 3436 gloriatus
609 3360 848 3428 Paulus,
871 3377 977 3416 nec
1009 3377 1113 3416 nos
1145 3359 1382 3432 gloriari
1428 3366 1672 3432 oportet.
1703 3361 1946 3416 Juvenis

283 3453 410 3524 ipse
440 3467 556 3506 non
589 3449 886 3524 gloriatus
933 3453 1042 3519 est,
1064 3465 1252 3504 senex
1299 3448 1678 3520 gloriaretur!
1731 3448 1946 3504 Deinde

291 3543 532 3611 raptum
563 3555 625 3594 se
659 3554 844 3610 usque
869 3537 1210 3593 ad-tertium
1233 3537 1442 3592 caelum
1466 3553 1678 3608 negare
1707 3553 1822 3593 non
1853 3555 1949 3609 po-

283 3628 429 3695 tuit,
461 3631 518 3682 et
546 3631 741 3682 tamen
774 3631 973 3682 utrum
1017 3627 1077 3682 in
1109 3642 1369 3699 corpore,
1405 3643 1476 3681 an
1524 3630 1687 3682 extra
1734 3642 1947 3697 corpus

287 3720 497 3788 raptus
528 3720 702 3785 esset,
735 3733 798 3772 se
828 3716 1097 3788 ignorare
1130 3720 1379 3772 testatus
1410 3721 1518 3771 est.
1552 3715 1677 3770 Non
1709 3730 1848 3787 ergo
1875 3715 1947 3771 de

283 3804 554 3871 scientia,
589 3806 688 3860 sed
728 3805 802 3860 de
846 3804 1180 3876 ignorantia
1209 3803 1514 3877 gloriatur,
1545 3809 1602 3858 et
1644 3804 1743 3860 Dei
1791 3803 1947 3860 circa

286 3911 352 3950 se
400 3892 650 3966 gratiam
709 3892 1004 3966 pradicet.
1055 3892 1218 3956 Quod
1280 3892 1536 3948 scientiae
1593 3898 1705 3962 est,
1736 3899 1942 3965 negat;

292 3983 447 4055 quod
491 3981 794 4037 oharitatis
843 3985 950 4047 est,
983 3981 1319 4049 conﬁtetur,
1355 3981 1604 4036 scientia
1648 3982 1808 4036 enim
1857 3982 1946 4036 in-

287 4072 413 4137 ﬂat,
471 4069 728 4126 charitas
781 4085 915 4125 vero
972 4069 1242 4125 aediﬁcat.
1298 4069 1366 4124 Et
1423 4069 1659 4135 iterum,
1713 4074 1944 4141 raptum

291 4157 583 4230 ejusmodi
625 4157 926 4213 hominem
957 4158 1104 4212 dixit
1150 4175 1162 4212 :
1215 4158 1713 4230 quemadmodum
1746 4162 1947 4229 raptus

287 4252 466 4314 esset,
493 4250 691 4301 utrum
726 4246 786 4300 in
818 4261 1175 4317 eorpore,-an
1200 4251 1360 4301 extra
1391 4263 1623 4318 corpus,
1658 4247 1946 4303 incertum

292 4335 404 4391 sibi
464 4351 594 4391 esse
650 4333 1015 4390 memoravit.
1077 4334 1220 4388 Vide
1278 4337 1555 4390 stateram
1626 4334 1944 4405 sapientiae.

290 4423 615 4480 Constituit
671 4439 858 4478 unum
905 4421 964 4476 in
1013 4421 1264 4491 Christo,
1320 4427 1377 4478 et
1431 4439 1494 4478 se
1542 4421 1812 4488 alterum,
1844 4423 1945 4494 qui

2055 531 2213 602 (Ibid.
2247 533 2324 603 5).
2351 555 2379 582 ››
2427 545 2430 549 ι

2130 621 2214 674 II.
2245 619 2393 684 Quid
2435 625 2524 680 est
2567 626 2760 677 autem
2792 621 2948 692 quod
2983 620 3332 681 aitaudisse
3381 618 3707 697 hominem,

2056 711 2112 765 et
2132 707 2430 764 hominem
2459 708 2626 764 illum
2658 710 2717 764 in
2739 708 2991 774 Christo,
3016 725 3143 780 quae
3177 725 3291 764 non
3321 707 3457 768 licet
3486 706 3712 784 homini

2057 796 2252 868 loqui?
2281 799 2580 862 Quomodo
2634 799 2741 854 hoc
2786 797 3075 867 convenit,
3107 802 3172 853 ut
3201 813 3318 853 non
3348 795 3576 862 licuerit
3600 795 3714 862 bo-

2059 886 2202 940 mini
2233 885 2418 958 loqui,
2445 903 2572 958 quae
2602 885 2830 942 licuerit
2858 885 3081 942 homini
3110 886 3355 946 audire?
3383 884 3443 943 Si
3469 884 3580 964 ipsi
3613 885 3712 941 ho-

2058 973 2200 1029 mini
2235 976 2332 1046 qui
2365 975 2606 1042 audivit,
2642 993 2753 1032 non
2800 975 2936 1030 licet
2963 974 3146 1048 loqui,
3181 975 3475 1052 quomodo
3504 973 3555 1030 ei
3586 989 3709 1038 cre-

2057 1063 2245 1118 ditum
2278 1069 2367 1119 est
2395 1063 2619 1130 audire,
2645 1064 2800 1135 quod
2834 1079 2949 1118 non
2981 1062 3340 1135 permissum
3385 1059 3711 1134 est'loqui?

2058 1169 2187 1224 quae
2217 1151 2330 1207 ista
2371 1151 2652 1208 distantia
2682 1156 2771 1208 est
2786 1153 2822 1220 ‘I,
2841 1150 2903 1207 Si
2936 1149 3099 1207 alteri
3133 1150 3360 1206 homini
3409 1150 3510 1222 qui
3557 1154 3712 1207 esset

2055 1241 2324 1306 exterior,
2359 1241 2654 1312 quomodo
2703 1240 2896 1312 potuit
2945 1239 3121 1303 homo
3170 1253 3521 1311 cognoscere
3552 1240 3706 1316 quod

2057 1329 2278 1384 homini
2310 1345 2426 1384 non
2461 1327 2670 1384 licebat
2713 1327 2956 1383 audire?
2986 1327 3148 1383 Unde
3178 1327 3411 1383 videtur
3439 1341 3713 1405 non‘gra-

2051 1418 2136 1472 tia
2183 1417 2457 1488 loquendi
2490 1417 2572 1472 illi
2605 1415 2833 1473 homini
2889 1415 3146 1472 defuisse
3199 1416 3350 1472 196
3404 1415 3504 1490 qui
3555 1419 3712 1471 esset

2055 1506 2115 1559 in
2147 1505 2402 1571 Christo,
2437 1505 2528 1560 cui
2581 1522 2694 1559 non
2727 1503 2946 1572 defuit;
2980 1504 3079 1560 sed
3129 1503 3214 1559 eis
3262 1504 3362 1576 qui
3414 1503 3706 1570 audirent,

2051 1593 2268 1658 locum,
2319 1598 2576 1663 tempus,
2627 1593 2905 1648 meritum
2963 1592 3244 1649 defuisse.
3280 1591 3381 1648 Ille
3431 1591 3590 1660 enim
3648 1592 3708 1646 in

2051 1680 2191 1735 coelo
2223 1680 2472 1746 audivit;
2510 1685 2567 1736 ct
2595 1680 2723 1736 ideo
2751 1697 2866 1734 non
2891 1685 3218 1750 competere
3239 1680 3567 1752 judicatum
3599 1683 3707 1746 est,

2049 1775 2113 1824 ut
2146 1770 2202 1824 id
2242 1765 2577 1840 loqueretur
2607 1769 2662 1822 in
2697 1770 2887 1836 terris,
2931 1767 3089 1840 quod
3138 1768 3404 1824 audisset
3434 1769 3493 1823 in
3525 1767 3707 1844 coelo;

2053 1875 2186 1913 cum
2222 1859 2278 1912 in
2312 1858 2440 1930 ipsa
2482 1862 2636 1913 terra
2669 1857 2745 1911 sit
2775 1857 2891 1912 ista
2919 1854 3212 1924 discretio,
3246 1862 3312 1910 ut
3349 1856 3502 1926 quod
3533 1853 3707 1923 inal-

2060 1952 2184 2002 tera
2213 1947 2450 2020 regione
2479 1946 2727 2012 canitur,
2749 1947 2807 2001 in
2841 1946 3025 2002 altera
3053 1961 3168 2000 non
3201 1947 3468 2012 canatur,
3501 1960 3709 2000 secun-

2053 2037 2195 2090 dum
2227 2035 2384 2106 quod
2431 2035 2716 2106 scriptum
2761 2039 2849 2090 est
2882 2052 2894 2089 :
2923 2056 2949 2083 ‹‹
2985 2033 3286 2098 Quomodo
3335 2033 3709 2089 cantabimus

2053 2125 2348 2181 canticum
2380 2123 2608 2178 Domini
2644 2123 2699 2178 in
2730 2128 2886 2179 terra
2916 2122 3108 2178 aliena
3137 2123 3308 2195 (Psal.
3333 2138 3556 2194 cxxxw,
3580 2121 3706 2189 II)?»

2053 2213 2312 2284 Denique
2345 2211 2560 2267 Hebraei
2589 2229 2704 2266 non
2736 2211 3026 2267 canebant
3049 2210 3112 2266 in
3147 2215 3302 2266 terra
3330 2207 3705 2282 captivitatis,

2054 2301 2208 2372 quod
2268 2301 2328 2355 in
2386 2317 2496 2356 sua
2561 2300 2755 2372 patria
2811 2316 3020 2355 canere
3076 2302 3518 2355 consueverant.
3569 2297 3708 2354 Hec

2053 2393 2206 2444 terra
2236 2389 2588 2460 captivitatis
2633 2396 2738 2456 est,
2772 2387 2885 2444 alia
2922 2393 3080 2444 terra
3109 2387 3399 2459 libertatis
3427 2391 3545 2456 est;
3595 2386 3710 2462 ista

2054 2477 2293 2550 peccati,
2340 2477 2440 2532 illa
2497 2477 2711 2548 quietis
2766 2481 3022 2545 aeternae;
3072 2475 3363 2547 vallestris
3421 2477 3556 2544 ista,
3603 2474 3710 2532 illa

2053 2565 2324 2622 caelestis.
2349 2567 2498 2637 Ergo
2533 2567 2590 2619 in
2613 2564 2755 2619 coelo
2779 2565 2875 2620 illa
2906 2581 3064 2620 nunc
3085 2564 3439 2636 praedicabat
3467 2563 3707 2638 Paulus,

2054 2671 2179 2725 quae
2212 2654 2381 2709 terris
2412 2658 2546 2708 ante
2577 2653 2890 2724 praedicare
2939 2669 3054 2708 non
3094 2655 3349 2724 poterat;
3400 2651 3555 2708 inter
3584 2669 3710 2724 per-

2051 2743 2234 2798 fectos
2265 2742 2421 2798 enim
2454 2746 2674 2797 secreta
2704 2741 2999 2813 sapientiae
3030 2746 3173 2797 sunt
3201 2741 3516 2813 loquenda.

2125 2833 2210 2885 42.
2243 2833 2513 2886 Attamen
2546 2830 2687 2902 quid
2738 2829 3217 2886 commemoratio
3265 2828 3437 2885 istius
3486 2828 3709 2902 revela-

2053 2920 2228 2975 tionis
2246 2924 2538 2992 operatur,
2556 2919 2751 2974 nisiut
2771 2919 2973 2975 doceat
2989 2919 3142 2990 quod
3166 2919 3229 2973 in
3252 2916 3707 2992 revelationibus

2054 3009 2297 3064 minime
2326 3007 2696 3079 gloriandum
2721 3008 2816 3074 sit,
2841 3009 2940 3064 sed
2971 3007 3032 3063 in
3061 3006 3534 3075 inﬁrmitatibus;
3569 3006 3710 3078 quia

2051 3097 2386 3162 inﬁrmitas,
2435 3100 2492 3152 et
2538 3097 2865 3152 remedium
2924 3095 3315 3163 revelationis,
3361 3101 3416 3151 et
3473 3094 3707 3170 virtutis

2053 3185 2389 3242 exercitium
2420 3185 2550 3241 est?
2590 3188 2803 3241 Contra
2846 3189 3042 3240 autem
3091 3184 3386 3250 revelatio,
3437 3183 3707 3240 elationis

2053 3274 2346 3331 lubricum
2379 3278 2501 3340 est;
2543 3291 2798 3346 namque
2829 3291 2900 3329 ne
2943 3273 3315 3330 revelationis
3346 3271 3708 3329 sublimitate

2053 3363 2426 3418 extolleretur
2476 3363 2603 3434 ipse
2653 3362 2903 3429 Paulus,
2934 3363 3035 3434 qui
3091 3365 3298 3434 raptus
3349 3361 3410 3416 in
3463 3361 3706 3440 tertium

2043 3451 2265 3506 coelum
2297 3451 2728 3518 est,stimulum
2761 3452 2957 3507 carnis
2987 3449 3540 3524 accepit.-Subvenit
3571 3465 3707 3522 ergo

2054 3539 2386 3605 inﬁrmitas,
2421 3555 2493 3594 ne
2537 3541 2728 3610 gratia
2769 3541 2828 3594 in
2862 3540 3187 3612 periculum
3219 3543 3554 3613 verteretur.
3577 3537 3708 3594 Uti-

2056 3627 2164 3683 lior
2193 3643 2330 3698 ergo
2373 3627 2708 3696 inﬁrmitas,
2741 3643 2921 3700 quam
2970 3627 3176 3699 gratia.
3203 3628 3426 3684 Eadem
3474 3643 3708 3702 quoque

2054 3714 2369 3770 infirmitas
2399 3715 2634 3771 ofﬁcina
2679 3714 2912 3770 virtutis
2943 3719 3060 3783 est;
3095 3716 3246 3771 sicut
3289 3717 3402 3787 ipsi
3431 3716 3708 3792 Apostolo

2056 3804 2402 3860 testiﬁcatus
2431 3808 2521 3858 est
2550 3802 2858 3869 Dominus,
2891 3803 3029 3873 quia
3054 3825 3081 3850 «
3114 3803 3299 3858 virtus
3349 3805 3411 3859 in
3457 3803 3708 3859 inﬁrmi-

2045 3893 2277 3948 tatibus
2329 3896 2776 3947 consummatur
2824 3892 2896 3962 (II
2942 3890 3063 3945 Cor.
3111 3906 3215 3958 xu,
3262 3891 3339 3960 9).
3369 3912 3396 3938 »
3428 3890 3711 3964 Denique

2052 3983 2325 4052 iste-post
2353 3978 2761 4035 revelationem
2785 3979 3017 4050 erogavit
3048 3976 3375 4032 remedium
3419 3976 3712 4058 sanitatis,

2047 4075 2112 4128 et
2140 4087 2253 4125 non
2286 4067 2653 4140 impetravit;
2690 4067 2749 4122 in
2782 4065 3126 4123 inﬁrmitate
3157 4070 3354 4122 autem
3384 4064 3710 4122 remedium

2055 4176 2170 4215 non
2202 4157 2487 4230 quaesivit,
2521 4157 2622 4213 sed
2673 4172 2910 4212 cursum
2959 4155 3412 4223 consummavit,
3442 4157 3502 4211 et
3547 4169 3709 4210 coro-

2055 4263 2192 4303 nam
2222 4246 2464 4302 invenit.

2123 4335 2215 4390 43.
2247 4335 2436 4404 (Vers.
2483 4335 2647 4404 21.)‹‹
2681 4334 3004 4398 Mutuatur,
3053 4331 3267 4403 inquit,
3319 4333 3606 4404 peccator,
3653 4334 3713 4386 et

2056 4439 2171 4479 non
2203 4422 2377 4479 solvit
2407 4440 2419 4478 :
2445 4423 2648 4492 justus
2697 4426 2893 4476 autem
2934 4420 3269 4486 miseretur,
3321 4424 3378 4476 et
3424 4419 3650 4476 tribuit.
3675 4441 3704 4472 ι)

291 4512 372 4566 ait
404 4529 416 4567 :
445 4533 474 4561 ‹‹
501 4511 728 4567 Nescio.
760 4532 788 4561 »
821 4511 985 4576 Quod
1035 4508 1292 4565 alienum
1343 4514 1453 4577 est,
1505 4508 1740 4580 attollit,
1789 4511 1944 4582 quod
1977 4531 2023 4595 Β
2056 4512 2172 4568 Hoc
2200 4527 2435 4582 quoque
2461 4510 2731 4566 convenit
2760 4525 3022 4581 personas
3069 4507 3258 4577 Pauli,
3283 4509 3422 4580 quia
3453 4532 3480 4559 «
3506 4511 3710 4581 justus

289 4616 467 4656 suum
500 4598 793 4654 humiliat.
827 4621 854 4648 «
887 4599 958 4654 Et
987 4598 1227 4667 audivit,
1273 4597 1485 4669 inquit,
1540 4598 1716 4653 verba
1745 4597 1944 4654 inetia-

289 4687 434 4744 bilia
463 4689 537 4760 (II
564 4689 686 4742 Car.
729 4705 833 4754 χιι,
865 4687 940 4760 4).
975 4687 1101 4743 Non
1145 4687 1292 4742 dixit
1327 4704 1339 4742 :
1374 4686 1604 4757 Audivi,
1635 4687 1735 4742 sed
1789 4687 1944 4758 quod

289 4776 437 4832 alter
464 4777 733 4843 audierit,
767 4793 883 4832 non
937 4776 1189 4850 negavit.
1225 4776 1565 4832 Verecunde
1601 4775 1801 4848 itaque
1829 4780 1944 4832 tes-

289 4869 409 4921 tem
441 4881 503 4920 se
529 4864 740 4920 maluit
779 4865 1109 4937 signiﬁcare
1158 4880 1338 4937 quam
1387 4868 1598 4928 vatem,
1630 4868 1688 4920 et
1735 4863 1948 4936 refugit

289 4951 473 5008 videri
502 4953 828 5009 caelestium
859 4954 1079 5009 arbiter
1109 4957 1483 5009 secretorum.
1519 4954 1946 5014 Testimonium

291 5042 451 5098 enim
497 5041 712 5109 dicere,
749 5043 1011 5098 veritatis
1060 5046 1148 5097 est
1181 5057 1192 5095 :
1229 5041 1504 5098 meritum
1537 5042 1804 5098 elationis
1834 5043 1948 5113 (16)

294 5147 410 5186 non
455 5129 740 5204 refugere,
771 5129 1101 5204 gloriantis.
1153 5129 1403 5202 Ideoque
1453 5130 1533 5186 ait
1565 5148 1577 5185 :
1613 5155 1639 5182 «
1675 5131 1782 5186 Pro
1831 5130 1948 5194 hu—

365 5256 480 5326 (15)
511 5254 660 5312 Edit.
687 5271 892 5312 omnes
922 5273 988 5311 ac
1018 5271 1162 5310 mss.
1189 5253 1340 5309 Vict.
1365 5258 1425 5309 et
1453 5254 1637 5324 Colb.,
1657 5256 1951 5312 sublimem

285 5327 526 5399 judicas.
547 5328 726 5384 Vides
771 5329 864 5382 illi
890 5341 1364 5399 esse-successum.
1397 5326 1507 5399 Alii
1540 5342 1681 5383 mss.
1714 5343 1780 5382 eo
1831 5327 1949 5383 dis-

289 5396 771 5469 sentiunt,-quod
812 5414 926 5470 pro
963 5396 1178 5453 vides...
1202 5397 1457 5470 judicas,‘
1495 5396 1719 5470 legunt,
1755 5399 1948 5454 Vide...

286 5470 514 5545 judico;
544 5485 573 5523 e
607 5467 831 5545 quibus
856 5468 1032 5524 etiam
1071 5467 1328 5545 quatuor
1367 5467 1605 5536 habent,
1636 5470 1816 5545 alium
1837 5485 1953 5525 esse

293 5539 728 5666 sucofslmtm.Et
756 5554 898 5596 sane
923 5539 1122 5596 vocem
1153 5539 1350 5608 alium,
1377 5540 1708 5600 necessario
1738 5556 1950 5599 sensus

294 5629 410 5666 nos
440 5627 476 5666 u
505 5627 540 5666 a
571 5652 583 5666 .

294 5616 583 5694 postulat.

620 5736 888 5805 Panos.
933 5737 1096 5806 XIV.

2053 4600 2366 4658 miseretur
2394 4603 2450 4653 et
2483 4597 2707 4652 tribuit.
2736 4619 2762 4643 ι)
2795 4597 2939 4652 Vide
2989 4596 3162 4653 illum
3209 4597 3445 4654 Domini
3477 4597 3711 4669 eloquia

2053 4689 2431 4752 dividentem,
2477 4685 2608 4741 vide
2667 4690 2973 4758 argentum
3033 4687 3267 4744 Domini
3303 4687 3706 4764 fenerantem.

2056 4776 2243 4832 Unam
2274 4790 2474 4830 mnam
2505 4774 2746 4845 accepit,
2777 4775 2928 4831 duas
2956 4775 3250 4832 reddidit:
3282 4777 3430 4831 duas
3461 4770 3708 4842 accepit,

2056 4867 2306 4935 quatuor
2353 4862 2607 4918 reddidit
2640 4881 2652 4919 :
2688 4862 2946 4934 quinque
2977 4865 3220 4937 accepit,
3253 4865 3454 4919 decem
3512 4859 3711 4915 reddi.-

2053 4952 2158 5008 dit.
2178 4952 2302 5006 Non
2324 4949 2524 5024 ligavit
2546 4951 2604 5005 in
2631 4953 2872 5008 sudario
2893 4954 3050 5023 quod
3077 4955 3399 5022 acceperat,
3419 4949 3520 5005 sed
3545 4963 3714 5003 num-

2057 5039 2324 5096 mulariis
2366 5040 2652 5113 erogavit;
2685 5046 2743 5097 et
2791 5041 2946 5114 quod
2996 5042 3352 5112 erogaverat,
3386 5053 3521 5094 cum
3548 5031 3709 5092 .usu-

2057 5131 2136 5185 ris
2181 5129 2415 5201 recepit.
2453 5129 2538 5186 Ita
2585 5133 2643 5186 et
2689 5129 3069 5197 accipientem
3101 5144 3135 5182 a
3165 5129 3400 5198 peccato
3453 5125 3709 5194 maxime

2129 5255 2243 5327 (16)
2273 5255 2411 5310 Cod.
2463 5254 2747 5326 quinque,
2790 5252 3060 5327 meritum
3103 5251 3402 5327 electionis.
3451 5251 3578 5327 Sed
3609 5265 3708 5306 vo-

2056 5321 2544 5404 cemu'electionis,
2573 5321 2694 5404 .pro
2752 5323 3025 5404 elationis,
3077 5321 3405 5404 abhaliquo
3454 5323 3706 5404 positam

2055 5398 2437 5465 arbitramur,
2487 5393 2610 5467 qui?
2644 5409 2759 5448 non
2823 5393 3213 5467 consideravit
3268 5393 3708 5467 hic__elatiqnsm

2055 5469 2196 5538 dici,
2224 5483 2340 5523 non
2371 5459 2732 5538 superbiam,
2766 5465 2868 5521 sed
2899 5464 3115 5538 ipsum
3157 5464 3417 5538 Apostoli
3448 5459 3704 5538 raptum,

2059 5535 2494 5673 auog'ti‘ilgquead
2524 5536 2766 5595 tertium
2811 5535 3024 5610 ccelum
3068 5535 3254 5595 elatus
3303 5536 3420 5598 sive
3450 5535 3710 5600 elevatus

2103 5611 2300 5672 icitur.

3309 5737 3388 5805 33
