4116 6188
424 296 596 408 ἰοειδ
1889 343 1959 408 s.
2000 346 2049 407 Α

2234 342 2379 408 OSII
3685 340 3859 406 1036

437 475 720 544 liberavit,
752 490 824 531 ne
852 475 1007 548 apud
1040 492 1175 532 eum
1220 478 1471 550 pecunia
1512 477 1742 535 Domini
1773 479 2079 551 deperiret,
2107 478 2166 546 Α
2192 479 2341 534 bunt
2390 481 2635 543 terram;
2677 474 3092 531 maledicentes
3140 476 3341 531 autem
3387 492 3544 547 eum,
3593 475 3861 549 disperi-

436 568 495 621 et
523 564 651 637 ipse
680 567 747 620 ut
772 563 972 621 decem
1006 564 1337 622 civitatibus
1368 568 1778 640 praeﬁceretur,
1810 567 2079 624 emeruit.
2192 568 2408 624 bunt.»
2433 566 2731 631 Quomodo
2757 565 2955 635 justus
2986 564 3250 636 possidet
3274 569 3506 633 terram,
3533 570 3640 622 aut
3668 583 3863 639 quam

418 644 570 721 ’Que:
602 651 722 710 sint
767 653 967 710 decem
1000 654 1285 723 civitates,
1316 655 1376 712 in
1428 656 1690 729 epistolis
1736 674 2084 730 recognosce
2192 660 2429 724 terram,
2461 672 2595 711 cum
2623 652 2926 726 Scriptura
2956 652 3113 708 dicat
3135 671 3185 708 ;‹‹
3209 652 3507 726 Numquid
3542 654 3655 711 soli
3685 655 3865 711 habi-

435 757 587 815 quas
615 741 873 816 scripsit,
896 742 1006 800 etsi
1037 744 1284 817 apostoli
1324 746 1661 818 praescripto
1692 764 1935 802 numero
1968 762 2083 801 non
2194 744 2393 800 tabitis
2448 760 2624 816 super
2678 747 2894 798 terram
2944 742 3070 812 (lsa.
3105 759 3159 812 v,
3190 741 3284 812 8)?
3305 766 3333 791 ››
3366 744 3434 797 Et
3478 742 3619 798 alibi
3656 760 3669 799 :
3699 767 3732 795 «
3760 744 3865 800 Va

435 834 766 901 teneantur,
789 832 1007 904 quibus
1036 833 1260 889 dictum
1291 838 1380 890 est
1402 853 1450 890 εκ
1478 835 1562 891 Ite
1591 852 1694 909 per
1723 836 1923 892 orbem
1955 833 2084 889 uni-
2195 832 2599 888 habitantibus
2648 848 2825 904 super
2875 834 3093 887 terram
3125 830 3307 903 (Apoc.
3339 849 3461 899 vm,
3498 832 3609 901 13),
3634 855 3664 882 »
3697 834 3869 906 quod

436 924 763 988 versum,et
782 920 1482 995 pradicateEvangelium
1506 924 1785 981 universae
1805 927 2086 980 creatura:
2196 921 2615 993 increpationis
2662 924 2751 977 est
2792 920 3037 976 verbum
3086 923 3259 992 atque
3310 919 3633 976 maledicti.
3669 921 3868 994 Cujus

440 1010 638 1080 (Marc.
661 1026 777 1079 xvr,
805 1010 914 1079 15).
940 1033 968 1060 ››
992 1010 1094 1067 Hic
1124 1028 1260 1085 ergo
1292 1014 1363 1068 ab
1392 1012 1720 1069 Jerusalem
1754 1030 1855 1085 per
1884 1012 2087 1068 Orien-
2194 1026 2331 1081 ergo
2361 1014 2523 1064 terrae
2552 1008 2857 1065 benedicta
2884 1009 3175 1081 possessio
3206 1009 3329 1064 est?
3361 1009 3485 1065 Non
3518 1010 3694 1066 istius
3723 1028 3863 1084 quas

439 1103 558 1155 tem
583 1101 643 1154 et
671 1097 967 1171 Illyricum
998 1104 1055 1155 et
1087 1099 1314 1157 Italiam
1351 1102 1583 1158 Domini
1624 1101 1933 1175 pecuniam
1965 1101 2086 1156 dis—
2195 1097 2451 1153 tenebris
2482 1096 2861 1153 absconditur
2890 1101 2945 1152 et
2981 1096 3474 1154 amaritudinibus
3522 1098 3813 1171 impletur
3845 1120 3861 1157 :

441 1187 727 1260 pensavit.
760 1189 829 1244 Et
858 1205 929 1245 ne
955 1189 1091 1261 quis
1130 1195 1364 1262 putaret
1392 1192 1545 1263 quod
1577 1208 1745 1247 suam
1780 1192 2085 1256 fenerarct,
2197 1187 2295 1242 sed
2328 1186 2489 1242 illius
2520 1202 2647 1257 quae
2681 1184 2808 1240 fluit
2838 1184 2951 1240 mel
2995 1190 3051 1240 et
3096 1185 3203 1253 lac,
3238 1185 3292 1240 id
3345 1189 3453 1253 est,
3490 1186 3665 1242 habet
3713 1205 3868 1262 gra-

437 1274 673 1333 Domini
730 1293 860 1333 esse
915 1275 1227 1349 pecuniam
1276 1280 1600 1336 testabatur
1644 1280 1845 1335 dicens
1880 1295 1891 1332 :
1923 1302 1949 1329 ‹‹
1985 1278 2088 1334 His
2196 1277 2338 1331 tiam
2373 1274 2699 1340 suavitatis,
2731 1278 2787 1328 et
2830 1274 3112 1346 fulgorem
3163 1272 3311 1329 lucis
3358 1278 3607 1330 aeterne.
3637 1278 3863 1351 Accipe

436 1368 632 1421 autem
669 1366 769 1439 qui
802 1367 1175 1424 matrimonio
1211 1368 1405 1439 juncti
1452 1373 1608 1437 sunt,
1641 1367 1920 1424 denuntio
1971 1384 2086 1423 non
2198 1363 2390 1420 mellis
2430 1364 2563 1419 boni
2612 1363 2989 1431 suavitatem;
3040 1363 3156 1418 imo
3204 1380 3381 1436 supra
3432 1363 3549 1419 mel
3584 1382 3650 1419 :u
3682 1366 3869 1439 Fugit

434 1470 561 1528 ego,
594 1455 696 1511 sed
745 1456 1053 1523 Dominus,
1093 1474 1329 1514 uxorem
1380 1475 1413 1513 a
1458 1458 1580 1513 viro
1631 1476 1745 1513 non
1792 1458 2088 1513 discedere
2204 1454 2369 1508 dolor
2397 1457 2452 1508 et
2482 1451 2734 1524 gemitus
2778 1457 2832 1507 et
2873 1451 3111 1507 tristitia
3142 1454 3263 1523 (13a.
3295 1469 3465 1519 xxxv,
3502 1454 3628 1523 10);
3658 1477 3684 1501 ››
3719 1456 3868 1526 qui;

435 1544 482 1616 (1
510 1544 629 1600 Cor.
664 1562 761 1612 vn,
815 1546 975 1624 10).»
1010 1547 1080 1601 Et
1126 1546 1263 1602 alibi
1314 1564 1379 1602 :u
1422 1548 1569 1613 Quid
1625 1548 2086 1620 experimentum
2199 1543 2458 1598 suavitas
2514 1542 2714 1613 gratiae
2788 1539 3236 1596 amaritudinem
3296 1539 3573 1597 humanm
3633 1543 3865 1617 fragili-

432 1632 693 1705 quteritis
724 1634 852 1705 ejus
883 1634 984 1705 qui
1026 1635 1086 1688 in
1135 1651 1229 1691 me
1276 1635 1536 1706 loquitur
1566 1635 1830 1691 Christus
1864 1635 1933 1706 (II
1964 1634 2083 1691 Cor.
2204 1631 2338 1686 tatis
2370 1630 2658 1686 excludet.
2693 1631 2756 1685 Et
2787 1630 2923 1686 alibi
2959 1647 2971 1685 :
3005 1653 3030 1679 ‹‹
3064 1630 3131 1685 Et
3160 1629 3374 1686 delebit
3402 1648 3647 1688 omnem
3680 1633 3866 1707 lacry-

430 1739 557 1791 ιιιι,
586 1722 664 1793 3).
690 1744 717 1771 ν
744 1721 1009 1793 Denique
1040 1723 1166 1795 ipse
1196 1739 1296 1779 rex
1344 1725 1427 1779 ita
1464 1724 1630 1790 dixit,
1663 1724 1720 1777 in
1754 1741 1868 1794 quo
1898 1722 2089 1795 ﬁgura
2200 1737 2357 1775 mam
2393 1721 2461 1775 de
2493 1719 2679 1775 oculis
2725 1736 2956 1786 eorum;
2989 1724 3046 1774 et
3094 1735 3249 1774 mors
3280 1736 3395 1775 non
3427 1720 3544 1776 erit
3573 1721 3863 1795 amplius,

430 1813 521 1865 est
547 1808 783 1865 Domini
817 1827 830 1865 ;
862 1829 884 1858 ι
917 1811 1190 1883 Oportuit
1216 1815 1270 1866 te
1318 1813 1627 1883 pecuniam
1679 1828 1870 1867 meam
1921 1828 2084 1866 com—
2117 1848 2165 1883 η
2202 1825 2389 1881 neque
2446 1809 2639 1864 luctus
2684 1810 2861 1879 (Apoc.
2893 1826 3008 1876 xxr,
3044 1807 3118 1878 4).
3142 1831 3168 1857 ››
3196 1807 3403 1881 Accipe
3454 1810 3640 1867 etiam
3692 1810 3866 1869 lactis

432 1897 669 1955 mittere
705 1898 1122 1955 nummulariis
1170 1900 1377 1973 (Matth.
1428 1919 1558 1971 xxv,
1590 1902 1701 1972 27).
1750 1901 1959 1969 Meam,
1992 1901 2085 1956 in-
2117 1897 2167 1914 "
2199 1899 2471 1953 nitorem.
2502 1920 2528 1948 ‹‹
2561 1898 2626 1952 Et
2675 1914 2789 1953 non
2842 1897 3186 1969 indigebunt
3232 1897 3495 1967 lucerna,
3529 1905 3588 1955 et
3634 1899 3867 1957 lumine

435 1986 584 2061 quit,
608 2004 726 2044 non
749 1991 969 2044 tuam.«
994 1989 1202 2046 Justus
1223 2006 1360 2063 ergo
1393 1991 1706 2046 miseretur
1735 1994 1792 2046 et
1823 1989 2083 2045 tribuit.»
2199 1987 2374 2055 solis;
2408 1988 2531 2059 ipse
2562 1985 2719 2041 enim
2768 1986 3051 2041 Dominus
3082 1985 3441 2043 illuminabit
3491 2005 3674 2060 super
3704 1990 3865 2059 illos,

436 2075 740 2142 Quomodo
770 2077 1011 2148 tribuat,
1042 2078 1179 2135 audi
1211 2079 1500 2152 dicentem
1528 2096 1540 2134 :
1565 2103 1593 2129 ‹‹
1629 2084 1736 2136 Per
1762 2095 1965 2135 omnes
1986 2080 2087 2135 Ec-
2198 2082 2256 2132 et
2305 2077 2631 2149 regnabunt
2682 2075 2740 2130 in
2790 2074 3003 2132 saecula
3049 2074 3416 2132 saeculorum.
3447 2079 3640 2135 Amen
3671 2080 3866 2151 (Apoc.

435 2163 647 2222 clesias
675 2166 852 2223 doceo
883 2167 928 2240 (Ι
958 2166 1079 2223 Cor.
1112 2185 1211 2234 νιι,
1244 2169 1352 2240 17).
1382 2192 1411 2218 ››
1434 2201 1500 2209 -
1523 2194 1549 2217 ‹‹
1574 2172 1847 2225 Peccator
1887 2174 2060 2224 auten

896 2167 928 2240 ξΙ
958 2166 1079 2223 Cor.
1112 2185 1211 2234 νιι,
1244 2169 1352 2240 17).
1382 2192 1411 2218 ››
1434 2201 1500 2209 -
1523 2194 1549 2217 ‹‹
1574 2172 1847 2225 Peccator
1887 2174 2085 2224 autem
2198 2183 2335 2231 xxn,
2394 2166 2473 2235 5).
2498 2188 2521 2211 ››

436 2257 766 2327 mutuatur,
793 2259 851 2311 et
879 2272 995 2310 non
1042 2254 1234 2311 solvit.
1260 2279 1289 2305 »
1324 2257 1465 2313 Vide
1516 2258 1752 2314 divitem
1802 2264 2083 2313 mutuan-
2270 2255 2356 2308 46.
2392 2254 2492 2309 Est
2520 2253 2694 2309 etiam
2742 2253 3020 2326 mysticus
3041 2254 3266 2324 justus,
3300 2253 3404 2325 qui
3457 2256 3773 2312 miseretur
3802 2264 3870 2315 et

437 2347 582 2413 tem,
634 2348 693 2400 et
715 2360 832 2400 non
887 2344 1236 2400 reddentem
1263 2360 1277 2399 :
1312 2362 1629 2418 pauperem
1678 2346 2087 2418 accipientem,
2196 2341 2422 2411 tribuit,
2444 2342 2541 2414 qui
2572 2343 2773 2398 omnia
2802 2344 2974 2397 verba
3011 2358 3140 2413 quae
3180 2341 3403 2415 accepit
3433 2360 3470 2399 a
3499 2344 3669 2401 Patre
3699 2346 3870 2404 dedit

440 2432 587 2489 191
621 2436 681 2488 et
706 2432 984 2489 continuo
1015 2438 1512 2503 remunerantem,
1536 2452 1606 2491 ne
1633 2435 1853 2491 diutius
1885 2436 1946 2491 in
1977 2452 2087 2491 (ere
2198 2431 2457 2501 nobis,et
2486 2436 2857 2503 peccatorum
2888 2434 3223 2486 nostrorum
3254 2431 3428 2488 nobis
3456 2449 3574 2488 aera
3604 2434 3863 2505 dimisit,

436 2521 628 2580 alieno
658 2521 755 2577 sit.
784 2521 915 2577 Haec
944 2522 1209 2579 moralia.
2197 2526 2253 2576 et
2282 2520 2630 2593 sanguinem
2663 2537 2838 2575 suum
2881 2536 2985 2592 pro
3036 2519 3254 2575 nostris
3302 2520 3522 2577 debitis
3555 2523 3763 2591 solvit;
3799 2531 3866 2581 ut

450 2682 455 2685 _
506 2610 597 2667 44.
628 2609 773 2667 Vide
801 2627 958 2666 nunc
986 2628 1305 2684 pauperem
1335 2613 1671 2686 mysticum,
1703 2614 1762 2670 id
1793 2619 1903 2684 est,
1938 2615 2085 2671 sim-
2198 2626 2314 2665 non
2347 2610 2405 2663 in
2439 2609 2632 2664 fenore
2660 2625 2924 2665 essemus
2965 2608 3178 2677 alieno,
3209 2610 3312 2665 sed
3358 2609 3420 2665 in
3472 2627 3584 2667 suo
3616 2630 3732 2669 mre
3760 2615 3867 2670 bo-

434 2698 649 2773 plicem
700 2703 758 2755 et
800 2699 1107 2757 timentem
1153 2701 1256 2757 Dei
1303 2718 1538 2770 nomen,
1578 2703 1914 2760 audientem
1959 2722 2087 2761 ver-
2198 2716 2311 2756 nus
2341 2699 2589 2754 creditor
2626 2715 2733 2753 nos
2778 2698 3034 2753 haberet.
3069 2698 3170 2753 Est
3216 2702 3273 2753 et
3321 2705 3603 2771 peccator
3632 2701 3732 2759 ille
3759 2704 3867 2776 qui

437 2789 581 2846 bum
612 2788 683 2844 de
711 2788 998 2859 castitate,
1029 2795 1086 2845 et
1122 2789 1476 2860 solventem;
1508 2792 1843 2850 audientem
1874 2794 1946 2850 de
1976 2795 2085 2850 mi-
2198 2788 2568 2861 congregavit
2597 2804 2723 2859 quae
2757 2804 2869 2841 non
2901 2787 3147 2858 peperit,
3170 2792 3223 2843 et
3254 2792 3572 2847 mutuatus
3595 2797 3689 2847 est
3708 2792 3868 2865 quod

440 2875 778 2943 sericordia,
801 2880 859 2933 et
884 2877 1237 2945 solventem;
1270 2877 1604 2935 audientem
1631 2880 1702 2936 dc
1730 2880 2085 2951 placiditate,
2200 2896 2314 2934 non
2374 2876 2625 2943 tenebat,
2687 2892 2791 2930 nec
2847 2873 2968 2929 vult
3024 2875 3335 2932 restituere
3394 2880 3559 2949 quod
3617 2883 3867 2954 accepit.

440 2970 501 3021 et
539 2981 656 3021 non
702 2965 1091 3023 irascentem:
1125 2966 1365 3022 divitem
1411 2983 1544 3023 vero
1592 2967 1759 3023 illum
1811 2986 2087 3042 arrogan-
2198 2967 2347 3022 Audi
2379 2965 2517 3037 quia
2555 2968 2860 3020 mutuatus
2908 2968 2996 3019 est
3046 2964 3316 3020 diabolus
3351 2983 3418 3021 :«
3455 2968 3615 3035 Tibi,
3650 2970 3870 3042 inquit,

439 3057 676 3128 gentem
708 3059 765 3112 et
792 3055 1133 3127 superbum,
1165 3054 1500 3113 audientem
1532 3058 1790 3129 quidem,
1827 3060 1926 3114 sed
1959 3064 2090 3130 post
2200 3057 2349 3113 dabo
2387 3058 2734 3128 potestatem
2783 3053 2932 3108 hanc
2981 3052 3317 3109 universam
3349 3054 3488 3127 (17),
3520 3063 3583 3112 et
3612 3057 3867 3130 gloriam

437 3159 502 3202 se
531 3142 890 3216 rejicientem
934 3160 1234 3200 sermones
1280 3144 1411 3212 Dei;
1445 3144 1778 3200 audientem
1830 3146 1900 3201 de
1951 3163 2087 3202 con-
2132 3213 2159 3217 ι
2198 3145 2434 3201 illorum
2466 3144 2626 3217 (quia
2658 3143 2828 3209 ,mihi
2887 3142 3099 3197 tradita
3153 3146 3313 3209 sunt,
3344 3147 3401 3199 et
3454 3146 3553 3199 cui
3605 3147 3758 3214 volo,
3791 3148 3868 3203 do

437 3213 811 3290 demnatione
847 3230 1111 3301 luxuriae,
1145 3235 1201 3286 et
1230 3232 1419 3303 magis
1465 3231 1884 3289 luxuriantem.
1916 3235 2088 3292 Deni-
2119 3213 2162 3282 (ἶ
2200 3233 2346 3303 illa),
2378 3233 2426 3288 si
2456 3213 2765 3305 procidens
2796 3230 3128 3286 adoraveris
3159 3247 3252 3286 me
3280 3233 3432 3300 (Luc.
3468 3250 3547 3302 ιν,
3582 3236 3663 3305 6).
3698 3259 3723 3285 ››
3746 3213 3866 3293 Ne-

437 3337 552 3396 que
600 3320 857 3378 Ecclesia
903 3318 1077 3375 solvit
1118 3320 1274 3390 quod
1325 3320 1566 3392 accepit,
1614 3326 1918 3396 Synagoga
1969 3343 2086 3383 non
2196 3321 2502 3394 quissime,
2535 3320 2811 3392 accepisti
2861 3319 2929 3374 ad
2964 3319 3368 3388 tentationem,
3403 3337 3525 3378 non
3579 3325 3655 3379 ad
3708 3341 3866 3380 mor-

436 3408 631 3465 solvit.
663 3408 960 3481 Cognosce
998 3406 1314 3463 Ecclesiam
1357 3408 1575 3466 solvere
1606 3429 1619 3466 :
1646 3434 1673 3460 ‹‹
1707 3412 1838 3483 Tui,
1874 3414 2084 3486 inquit,
2196 3416 2345 3479 tem;
2378 3411 2486 3466 hoc
2518 3413 2606 3466 est
2634 3407 2907 3480 accepisti
2949 3412 3010 3461 ut
3051 3408 3445 3478 probarentur
3473 3410 3583 3467 Dei
3616 3412 3864 3482 seruili,

436 3500 621 3553 erant.
654 3500 712 3552 et
736 3495 884 3551 mihi
922 3511 1023 3552 eos
1070 3496 1302 3565 dedisti,
1335 3502 1392 3553 et
1420 3500 1660 3555 verbum
1692 3505 1858 3557 tuum
1892 3521 2087 3561 serva-
2199 3502 2350 3558 798
2381 3518 2496 3556 non
2525 3503 2590 3554 ut
2637 3498 3176 3569 exstinguerentur;
3237 3498 3519 3569 accepisti
3580 3505 3641 3554 ut
3696 3500 3864 3557 Deus

434 3588 645 3641 verunt
672 3585 850 3657 (Joan.
891 3602 1033 3654 xvn,
1065 3584 1140 3656 6).
1170 3607 1198 3634 »
1230 3586 1301 3642 Et
1347 3586 1486 3643 alibi
1522 3606 1534 3642 :
1566 3608 1587 3637 ι
1624 3590 1752 3661 Ipse
1798 3592 1954 3647 enim
1985 3593 2087 3650 Pa-
2194 3593 2556 3657 adoreretur,
2589 3605 2706 3643 non
2767 3591 2831 3641 ut
2888 3589 3226 3657 negaretur;
3280 3586 3565 3658 accepisti
3613 3588 3869 3645 saecula-

435 3679 525 3732 ter
551 3673 743 3748 diligit
770 3691 896 3744 vos,
924 3674 1065 3748 quia
1089 3691 1189 3731 vos
1211 3692 1303 3732 me
1333 3675 1576 3749 diligitis
1598 3678 1775 3749 (Joan.
1798 3698 1911 3748 xw,
1935 3685 2084 3750 27).»
2196 3682 2302 3749 ria,
2334 3697 2438 3736 cur
2486 3676 2663 3749 eripis
2722 3693 2845 3746 quae
2905 3677 3120 3729 aeterna
3176 3673 3351 3729 sunt?
3408 3676 3699 3749 accepisti
3731 3694 3865 3749 qua:

436 3762 713 3821 Reddidit
739 3779 878 3837 ergo
927 3761 1189 3821 Ecclesia
1240 3780 1419 3836 quam
1475 3766 1698 3838 accepit
1753 3778 1795 3824 a‘
1840 3771 2085 3827 Domino
2196 3770 2399 3826 mundi
2430 3772 2587 3833 sunt,
2624 3782 2728 3820 cur
2760 3763 2845 3819 vis
2878 3764 3104 3819 auferre
3150 3780 3276 3835 quae
3306 3762 3527 3818 Christi
3559 3766 3745 3820 sunt?
3777 3767 3866 3823 Da

433 3851 746 3925 pecuniam
792 3852 1119 3921 cbaritatis,
1152 3854 1253 3908 sed
1292 3857 1597 3926 Synagoga
1644 3873 1761 3911 non
1811 3858 2081 3915 reddidit.
2194 3859 2294 3913 illa
2322 3858 2415 3913 cui
2471 3855 2579 3922 vis,
2613 3870 2730 3908 non
2786 3851 3127 3907 invidimus.
3162 3852 3279 3907 Cur
3336 3852 3508 3909 nobis
3540 3871 3575 3908 a
3608 3858 3669 3909 te
3727 3872 3863 3926 quae

434 3940 688 4013 Ideoque
716 3942 790 3998 de
813 3940 1033 3998 Judmis
1081 3941 1300 3998 dicitur
1331 3958 1395 3998 ;‹‹
1430 3942 1490 3998 Si
1525 3961 1640 3999 non
1686 3946 1998 4015 venissem,
2030 3957 2084 4004 et
2194 3966 2299 4003 nos
2328 3947 2622 4011 volumus,
2656 3941 3030 3997 invidentur?
3061 3941 3147 3994 Tu
3182 3940 3412 3996 adorari
3444 3941 3556 4010 vis,
3591 3944 3700 4014 qui
3730 3961 3863 4000 om-

430 4028 665 4087 locutus
691 4046 808 4088 non
838 4029 1083 4086 fuissem
1122 4029 1236 4099 his,
1267 4034 1574 4102 peccatum
1607 4050 1720 4088 non
1754 4034 2037 4092 haberent
2067 4052 2081 4091 :
2193 4036 2367 4092 nibus
2397 4032 2662 4105 nequior,
2704 4030 2833 4103 ipsa
2861 4045 3097 4103 quoque
3138 4028 3421 4101 indignus
3449 4047 3514 4087 es
3546 4031 3864 4090 servitute.

432 4134 590 4176 nunc
621 4121 820 4176 autem
867 4118 1302 4175 excusationem
1337 4136 1454 4175 non
1486 4119 1701 4176 habent
1731 4123 1801 4179 de
1849 4130 2083 4196 peccato
2264 4123 2568 4194 117.(Vers.
2616 4122 2735 4189 23.)
2761 4141 2788 4171 α
2832 4121 2879 4174 Α
2930 4117 3172 4174 Domino
3216 4133 3456 4190 gressus
3505 4120 3619 4174 viri
3670 4123 3863 4178 corri-

430 4223 539 4265 suo
567 4208 744 4280 (Joan.
777 4225 872 4275 xv,
901 4208 1081 4278 22);»
1112 4206 1252 4279 quia
1282 4207 1595 4264 audierunt
1623 4212 1847 4282 utique,
1878 4218 2081 4271 etnon
2190 4216 2402 4286 gentur
2457 4210 2591 4281 (18).
2641 4234 2666 4259 ››
2727 4209 2962 4264 Graecus
3019 4216 3297 4278 διαδήματα
3352 4206 3523 4275 dixit,
3582 4208 3697 4265 hoc
3768 4214 3867 4267 est

431 4295 826 4353 crediderunt.
859 4297 1178 4353 Probatum
1207 4301 1296 4353 est
1324 4313 1461 4369 ergo
1492 4298 1632 4370 quia
1660 4303 1910 4357 mutuati
1941 4308 2081 4359 sunt
2189 4301 2493 4358 transitus.
2536 4299 2603 4353 Et
2647 4298 2777 4353 ideo
2826 4296 3040 4353 dicitur
3083 4296 3191 4350 tibi
3223 4314 3286 4351 ;‹‹
3312 4294 3372 4351 Si
3425 4299 3695 4354 transeas
3742 4313 3864 4368 per

429 4388 784 4455 peccatores,
814 4389 872 4441 et
900 4402 1019 4441 non
1056 4384 1370 4442 solverunt.
1404 4387 1675 4444 Peccator
1726 4390 1905 4461 igitur
1951 4398 2080 4464 eget
2187 4407 2425 4463 aquam,
2449 4386 2696 4443 ﬂumina
2725 4391 2781 4442 te
2821 4402 2935 4441 non
2979 4384 3330 4441 concludent
3358 4386 3488 4456 (lsa.
3523 4403 3685 4456 xuii,
3708 4388 3799 4457 2).
3830 4411 3860 4436 ι)

431 4487 665 4545 semper
695 4488 709 4527 :
742 4474 946 4544 justus
988 4479 1185 4531 autem
1238 4475 1499 4531 abundat
1544 4481 1601 4531 et
1649 4477 1874 4546 tribuit,
1908 4482 2077 4551 cujus
2187 4478 2393 4535 Transi
2420 4492 2578 4549 ergo,
2607 4473 2723 4530 noli
2766 4489 2994 4529 cessare
3027 4492 3040 4529 :
3075 4473 3228 4530 sicut
3256 4474 3451 4529 bonus
3494 4474 3686 4531 viator
3715 4492 3861 4533 cum

431 4560 593 4616 dives
621 4563 714 4617 est
753 4561 1127 4618 conscientia.
1160 4563 1410 4636 Ideoque
1454 4564 1644 4620 Judaei
1672 4565 1731 4620 in
1762 4566 1885 4623 suis
1936 4567 2080 4623 divi-
2110 4580 2159 4646 υ
2192 4568 2416 4627 venerit
2446 4566 2517 4622 ad
2549 4563 2786 4635 aliquod
2816 4563 2915 4617 viae
2950 4562 3184 4635 signum
3215 4563 3350 4634 (19),
3382 4579 3501 4618 non
3552 4566 3701 4630 stat,
3750 4565 3861 4620 sed

431 4649 531 4706 tiis
588 4654 876 4723 eguerunt
923 4668 987 4706 :u
1020 4650 1237 4709 Divites
1292 4658 1581 4725 eguerunt
1638 4659 1696 4709 et
1749 4657 2083 4714 esurierunt
2189 4655 2531 4732 pertransit;
2564 4658 2620 4709 et
2650 4658 2713 4708 tu
2760 4651 2820 4706 in
2851 4651 2943 4707 via
2969 4668 3052 4721 es,
3085 4651 3346 4722 quandiu
3397 4651 3458 4707 in
3506 4650 3623 4708 hoc
3673 4669 3860 4710 cursu

430 4739 605 4811 (Psal.
627 4756 829 4812 χχχιιι,
853 4739 963 4813 11),
994 4762 1020 4791 υ
1041 4740 1355 4797 Christiani
1386 4745 1582 4799 autem
1614 4743 1674 4799 in
1695 4744 1911 4801 divitiis
1942 4746 2081 4803 sim-
2188 4764 2250 4804 es
2281 4745 2659 4801 constitutus.
2695 4739 2907 4796 Paulus
2956 4741 3007 4795 si
3055 4739 3336 4809 stetisset,
3370 4757 3621 4797 cursum
3674 4758 3862 4798 suum

428 4827 710 4901 plicitatis
741 4845 861 4886 sua?
891 4845 1008 4885 non
1037 4829 1391 4885 defecerunt.
2189 4853 2304 4892 non
2355 4833 2846 4890 consummasset.
2881 4828 3026 4884 Vide
3074 4846 3145 4884 ne
3195 4829 3327 4885 ideo
3376 4830 3538 4886 dicat
3570 4848 3584 4886 :
3612 4854 3640 4879 (ι
3672 4831 3746 4886 Et
3797 4838 3861 4887 tu

500 4918 589 4973 45.
612 4916 801 4991 (Vers.
831 4919 948 4990 22.)
969 4917 1167 4974 Bonus
1216 4934 1351 4991 ergo
1373 4919 1611 4990 justus;
1641 4926 1699 4976 et
1742 4922 1871 4979 ideo
1917 4926 2081 4982 addit
2188 4925 2288 4997 qui
2319 4927 2462 4989 stas,
2496 4919 2625 4974 vide
2676 4935 2747 4973 ne
2795 4917 2971 4972 cadas
2992 4918 3039 4987 (ι
3069 4917 3189 4973 Cor.
3222 4934 3277 4985 x,
3314 4918 3423 4989 12).
3454 4940 3475 4966 -
3508 4918 3638 4973 Non
3688 4920 3859 4976 enim

428 5007 733 5081 Scriptura
763 5025 811 5063 :«
844 5006 1128 5074 Quoniam
1174 5006 1581 5065 benedicentes
1627 5027 1783 5079 eum,
1816 5015 2078 5084 posside-
2187 5013 2288 5087 qui
2332 5010 2619 5077 transivit,
2670 5011 2860 5081 potest
2906 5005 3109 5062 timere
3155 5023 3227 5062 ne
3275 5007 3465 5063 cadat.
3492 5032 3523 5057 ‹‹
3554 5006 3715 5077 Vidi,
3764 5009 3858 5063 in-

498 5151 611 5229 (17)
640 5150 725 5229 Ita
748 5150 886 5229 edit.
911 5167 1136 5229 omnes,
1163 5154 1381 5229 et_mss_.
1407 5152 1918 5229 quatuor,__quib_us
1948 5159 2076 5229 tum
2188 5168 2372 5229 μάτων,
2400 5170 2530 5229 quae
2561 5150 2831 5229 videlicet
2858 5149 3050 5229 ιιιᾶίοβ
3080 5150 3305 5207 daemon
3337 5149 3714 5229 ostendebat.

426 5221 662 5298 divinus
692 5227 908 5298 textus,
941 5227 1067 5279 tum
1104 5221 1451 5298 Ambrosius
1483 5222 1619 5298 _i_ps_e
1650 5221 1803 5298 lib,_1
1834 5226 1909 5280 De
1940 5227 2075 5283 Cain
2188 5221 2197 5229 ’
2256 5221 2367 5298 (18)
2400 5221 2565 5281 Rom.
2601 5222 2765 5298 edit.,
2795 5222 3094 5298 {Domino
3133 5238 3363 5298 gressus,
3384 5224 3499 5278 viri
3525 5222 3857 5298 dirigentur

425 5300 477 5369 et
528 5295 679 5369 Abel,
710 5310 838 5367 cap.
868 5296 924 5369 5,
963 5311 1136 5369 _num.
1190 5296 1277 5369 1A7,
1334 5298 1412 5369 et_
1444 5292 1606 5369 _alibi,
1656 5295 2073 5369 suffragantur,
2184 5306 2237 5357 et
2265 5292 2414 5356 ciam
2439 5297 2555 5368 ejus
2593 5296 2790 5365 cupiet.
2825 5292 3047 5369 Crassus
3093 5292 3204 5348 viri
3250 5293 3589 5362 dirigentur.
3628 5292 3854 5350 Cressa:

427 5361 622 5419 locum
653 5336 817 5420 hunc,
856 5337 1077 5422 eisdem
1107 5336 1300 5421 verbis
1330 5336 1686 5421 exhibentes:
1716 5336 2075 5438 Aliibtalm‘e‘ri
2434 5336 2725 5437 ξίαῗήμαζα,
2757 5368 2868 5421 etc.
2899 5364 3043 5420 Alias
3091 5382 3157 5422 ac
3204 5336 3621 5438 mssfomnes,
3648 5371 3714 5421 ut
3747 5382 3854 5423 nos

430 5437 680 5508 quatuor
713 5452 868 5508 _mss.
918 5442 1052 5508 post
1095 5454 1293 5494 vocem
1340 5438 1663 5508 potestatem
1708 5436 1869 5506 hanc,
1920 5440 2073 5497 inse-
2185 5445 2244 5499 in
2277 5447 2458 5499 textu.

431 5507 588 5584 runt,
618 5506 875 5587 anfyersa
913 5506 1031 5587 hac
1058 5524 1257 5577 regna;
1297 5506 1411 5587 non
1444 5507 1558 5564 alia
1586 5525 1726 5587 sane
1754 5509 1825 5587 de
1873 5526 2070 5587 causa,
2257 5515 2367 5587 (19)
2402 5512 2460 5568 Id
2491 5514 2618 5587 es_t,_
2631 5507 2967 5587 columnam
3006 5509 3079 5565 ad
3115 5507 3474 5587 indicandas
3502 5508 3638 5587 vias
3664 5508 3727 5564 in
3759 5509 3849 5565 bi-

430 5571 544 5628 nisi
575 5575 744 5657 ut.sit
772 5594 887 5704 (Luc
936 5571 1218 5660 referatur
1243 5590 1300 5638 τὸ
1347 5581 1591 5637 illorum.
1622 5581 1797 5654 Atqui
1850 5571 2075 5655 ellipsis
2182 5571 2291 5643 viis
2336 5571 2438 5642 aut
2490 5571 2677 5639 triviis
2723 5586 2995 5651 erectam,
3044 5578 3133 5640 vel
3162 5588 3359 5655 ἑρμαῖον
3391 5587 3567 5655 λόφον,
3604 5581 3679 5639 de
3728 5596 3851 5656 quo

430 5647 521 5704 est
566 5644 667 5704 ubi
713 5661 782 5704 ει
830 5648 1176 5704 Intelluzitur
1219 5661 1277 5704 τὸ
1321 5653 1686 5704 meliorum.
1726 5650 1917 5704 Grmce
1945 5680 2073 5704 νοτι-
2185 5658 2350 5704 Dmv-
2383 5671 2536 5704 xm-
2563 5654 2618 5704 8.

427 5647 521 5727 pst
566 5644 667 5704 ubi
713 5644 1176 5726 subintelligitur
1219 5661 1277 5712 τὸ
1321 5653 1687 5726 negotiorum,
1711 5644 1917 5712 'Graece
1945 5644 2073 5732 9,911-
2184 5658 2352 5719 Prov.
2383 5671 2536 5723 xm,
2563 5654 2618 5711 8.
