4078 6196
313 378 469 441 1037

1350 369 1808 436 ENARRATIO
1853 375 1932 436 IN
1977 370 2356 439 PSALMUM
2398 373 2661 440 XXXVI.

3511 360 3516 368 ”
3560 377 3716 442 1038

314 513 460 583 quit,
493 510 742 581 impium
769 507 1286 580 superexaltatum,
1349 513 1405 563 et
1461 509 1746 563 elevatum
1783 509 2039 579 superA
2072 509 2249 564 Effusi
2275 515 2413 565 sunt
2442 527 2681 580 gressus
2737 525 2963 577 eorum,
3022 522 3170 580 quos
3227 507 3373 564 bene
3431 509 3712 569 direxisse

314 600 516 655 cedros
547 598 749 654 Libani
784 616 796 666 ;
830 601 886 652 et
913 595 1180 665 transivi,
1228 600 1284 651 et
1309 612 1439 651 ecce
1498 614 1611 652 non
1669 601 1793 652 erat
1849 599 1958 667 (In-

312 697 422 760 [ra,
448 705 598 742 vers.
629 689 737 755 35).
775 709 802 735 »
833 685 1051 740 Videns
1091 701 1226 758 ergo
1259 684 1506 757 impium
1565 686 1958 757 supercxalta-

313 783 457 837 tum,
493 775 593 847 qui
625 792 739 831 non
771 773 950 841 stetit,
985 791 1099 829 non
1131 775 1375 830 oll‘endit
1405 790 1417 828 :
1480 774 1528 828 si
1588 773 1865 839 stetisset,
1906 779 1962 829 et

309 865 558 920 miratus
591 863 758 918 illum
785 863 1014 931 fuisset,
1047 867 1103 918 et
1133 869 1376 918 secutus
1407 867 1584 928 esset,
1617 863 1956 931 offenderat,

311 959 366 1010 et
396 953 686 1008 ceciderat
716 951 868 1007 sicut
899 951 1138 1022 impius,
1174 951 1308 1006 Ideo
1338 952 1566 1023 Moyses
1597 951 1801 1007 videns
1859 969 1960 1006 ru-

310 1045 450 1098 bum
485 1040 740 1096 relucere
765 1045 821 1095 et
850 1057 965 1095 non
997 1041 1221 1106 ardere,
1260 1041 1341 1095 ait
1373 1058 1386 1094 :
1438 1063 1463 1089 ‹‹
1500 1040 1819 1095 Transiens
1875 1040 1958 1093 vi-

312 1131 456 1187 debo
489 1131 596 1185 hoc
628 1130 814 1186 visum
848 1145 1128 1202 magnum
1162 1128 1353 1201 (Exod.
1384 1147 1470 1195 ιιι,
1501 1129 1574 1193 3).
1603 1151 1630 1176 ››
1662 1129 1767 1194 Qui
1800 1133 1958 1183 tran-

312 1221 386 1276 sit
415 1220 486 1276 de
519 1219 627 1274 hoc
659 1217 888 1283 smeulo,
921 1234 1204 1290 magnum
1234 1218 1426 1273 visum
1459 1217 1614 1272 videt
1647 1235 1660 1271 :
1695 1217 1794 1288 qui
1849 1216 1960 1272 sol-

309 1310 384 1364 vit
415 1307 645 1364 vincula
676 1307 850 1363 istius
885 1323 1063 1363 nexus
1095 1323 1210 1378 quo
1243 1305 1498 1378 ligamur
1541 1305 1678 1360 huic
1709 1305 1956 1377 corpori,

310 1413 590 1469 magnum
619 1397 810 1452 visum
837 1395 1012 1451 videt.
1046 1395 1273 1466 Moyses
1297 1395 1356 1449 in
1389 1394 1605 1461 Exodo,
1631 1397 1696 1447 ut
1723 1392 1955 1466 legitur,

309 1485 494 1542 multa
524 1485 680 1541 videt
711 1484 994 1540 miracula
1028 1502 1039 1538 :
1072 1501 1186 1539 non
1235 1487 1400 1538 tanta
1431 1481 1584 1537 alius
1641 1483 1798 1537 videt
1857 1484 1958 1554 qui

306 1593 417 1632 non
445 1578 535 1630 est
569 1575 626 1629 in
660 1574 873 1629 Exodo.
908 1573 1066 1628 Idem
1099 1572 1326 1641 Moyses
1373 1570 1643 1626 transivit
1673 1587 1686 1625 :
1750 1571 1961 1626 transi-

304 1666 382 1719 vit
412 1669 469 1720 et
499 1663 751 1736 populus
787 1667 1038 1735 patrum,
1074 1660 1213 1732 quia
1261 1661 1332 1715 de
1395 1666 1548 1715 terra
1608 1658 1960 1731 captivitatis

303 1754 510 1810 exibat.
544 1751 961 1823 Dirigebautur
990 1750 1187 1821 itaque
1221 1767 1254 1804 a
1284 1749 1532 1804 Domino
1565 1764 1804 1820 gressus
1863 1764 1955 1803 eo-

305 1860 456 1907 rum,
484 1841 702 1912 quibus
733 1857 834 1910 per
864 1844 1092 1894 noctem
1151 1839 1305 1910 ignis
1365 1837 1643 1893 columna
1701 1837 1956 1905 lucebat,

307 1949 408 2003 per
435 1930 587 1985 diem
621 1929 795 1984 nubis
829 1947 841 1994 ;
871 1933 934 1983 ut
965 1943 1070 1983 nec
1101 1928 1215 1982 diei
1249 1927 1425 1982 ardor
1481 1926 1738 1981 afﬁceret
1796 1943 1952 1981 com-

310 2026 594 2082 meantes,
637 2033 741 2074 nec
802 2017 1290 2089 impedimentum
1344 2017 1640 2072 viantibus
1700 2017 1950 2071 tenebrae

305 2109 492 2163 noctis
521 2107 810 2163 afferrent.
1861 2115 1864 2118 ί

375 2198 462 2252 48.
495 2198 564 2251 Et
610 2200 674 2250 tu
732 2212 958 2251 merere
1014 2195 1202 2265 factis,
1266 2195 1534 2266 votisque
1593 2196 1843 2265 deposce
1892 2199 1956 2248 ut

305 2302 547 2358 gressus
579 2286 660 2340 tui
706 2302 738 2339 a
772 2286 1015 2340 Domino
1076 2286 1424 2356 dirigantur,
1483 2301 1555 2338 ne
1613 2288 1957 2338 moveantur

307 2375 486 2446 pedes
520 2374 640 2440 tui;
675 2374 813 2445 quia
845 2374 1128 2444 scriptum
1161 2379 1247 2429 est
1281 2390 1291 2427 :
1329 2397 1354 2422 ‹‹
1391 2374 1500 2428 Mei
1556 2379 1749 2429 autem
1811 2390 1956 2444 pene

305 2463 448 2517 moti
482 2467 620 2517 sunt
651 2462 824 2533 pedes
860 2479 872 2526 ;
909 2461 1081 2533 paulo
1114 2463 1311 2518 minus
1343 2462 1510 2517 effusi
1544 2466 1684 2517 sunt
1715 2478 1955 2532 gressus

307 2551 422 2606 mei
454 2551 625 2621 (Psal.
661 2568 832 2618 Lxxn,
865 2551 942 2622 2).
976 2573 1004 2600 ››
1061 2552 1394 2607 Cavendum
1454 2560 1543 2605 est
1591 2568 1825 2623 quoque
1885 2568 1956 2606 ne

309 2644 528 2696 rectam
641 2639 912 2694 semitam
1001 2640 1398 2712 derelinquas,
1480 2645 1537 2695 et
1616 2639 1960 2695 diverticula

307 2735 363 2784 te
442 2727 673 2784 viarum
733 2732 1132 2784 tortuosarum
1215 2729 1559 2800 decipiant;
1625 2729 1753 2782 ideo
1811 2729 1960 2783 dici-

308 2824 406 2873 tur
439 2835 452 2871 :
488 2841 514 2866 ‹‹
551 2817 751 2872 Parate
782 2818 935 2871 viam
992 2817 1238 2872 Domino
1273 2835 1285 2871 :
1346 2821 1535 2872 rectas
1567 2817 1736 2886 facite
1793 2817 1962 2871 semi-

298 2910 391 2963 tas
421 2907 549 2977 ejus
581 2908 704 2976 (Isa.
735 2924 822 2970 xL,
850 2905 927 2977 3).
966 2929 993 2954 ››
1027 2906 1303 2962 Paremus
1334 2906 1492 2978 ergio
1526 2905 1678 2961 viam
1711 2905 1959 2961 Domino

306 3002 418 3052 Deo
449 3000 649 3051 nostro
682 2994 739 3049 in
771 2993 1068 3050 mentibus
1100 2995 1316 3050 nostris
1354 3013 1366 3061 ;
1429 2999 1616 3050 rectas
1676 2995 1962 3050 faciamus

307 3086 640 3142 animorum
664 3081 930 3149 semitas,
965 3099 1038 3138 ne
1084 3083 1400 3149 labamur;
1465 3101 1580 3139 non
1652 3083 1960 3139 effundan-

312 3181 411 3230 tur
440 3189 678 3247 gressus
712 3173 898 3227 nostri
927 3173 1080 3227 sicut
1113 3172 1308 3228 uxoris
1342 3174 1464 3242 Lot,
1525 3190 1650 3245 qua:
1715 3176 1846 3244 post
1901 3189 1962 3228 se

2073 598 2344 669 pcenituit
2368 598 2395 653 ?
2425 599 2682 671 Egerunt
2725 599 2921 669 itaque
2959 598 3090 653 novi
3144 598 3376 670 generis
3433 598 3718 671 pamiten-

2070 686 2211 742 tiam
2245 704 2347 759 pro
2385 687 2722 754 virtutibus,
2784 692 2840 742 et
2895 705 3006 743 non
3068 692 3252 759 agunt
3307 705 3410 760 pro
3469 687 3725 751 delictis.

2079 793 2101 823 ι
2133 775 2243 829 Sed
2275 775 2335 829 hi
2367 793 2434 830 ex
2464 776 2632 831 nobis
2664 776 2948 843 exierunt,
2983 775 3124 832 dicit
3153 777 3432 845 Joannes,
3465 778 3567 833 sed
3601 794 3715 834 non

2071 868 2236 918 erant
2267 881 2335 918 ex
2366 864 2536 918 nobis
2572 883 2584 931 ;
2637 863 2684 919 si
2718 865 2870 919 enim
2907 881 2973 920 ex
3024 865 3194 920 nobis
3223 865 3491 934 fuissent,
3524 863 3720 923 nobis-

2071 969 2203 1007 curn
2239 957 2710 1025 perseverassent
2737 956 2785 1021 (1
2811 956 2980 1009 Joan.‘
3003 972 3066 1021 ιι,
3103 954 3211 1024 19).
3251 977 3278 1003 ››
3309 954 3378 1009 Hi
3410 971 3543 1026 ergo
3563 955 3716 1012 viam

2070 1057 2236 1095 suam
2321 1042 2875 1110 condemnaverunt,
2964 1042 3180 1114 quibus
3238 1044 3507 1099 convenit
3550 1044 3712 1100 dici:

2071 1151 2099 1179 ‹‹
2133 1129 2303 1200 Oqui
2336 1129 2731 1202 dereliquistis
2790 1131 3030 1187 semitas
3085 1135 3273 1188 rectas
3333 1133 3600 1189 abeundo
3656 1133 3717 1189 in

2071 1218 2196 1273 vias
2227 1219 2600 1274 tenebrarum
2630 1239 2654 1284 ;
2701 1225 2756 1275 et
2813 1220 2913 1292 qui
2968 1220 3250 1276 laetamini
3306 1220 3366 1275 in
3401 1220 3594 1291 malis,
3655 1226 3714 1277 et

2068 1307 2339 1378 gaudetis
2371 1307 2428 1362 in
2462 1310 2760 1364 eversione
2791 1308 2967 1377 mala,
3001 1326 3249 1382 quorum
3311 1310 3532 1366 semita;
3591 1327 3719 1383 pra-

2067 1412 2172 1462 vae,
2202 1401 2257 1450 et
2288 1396 2524 1452 flexuosi
2579 1414 2788 1453 cursus
2836 1415 3038 1454 eorum
3098 1400 3279 1469 (Prov.
3314 1417 3377 1467 ιι,
3438 1400 3652 1472 13η15),
3693 1422 3714 1450 ιι

2069 1484 2221 1538 sicut
2252 1483 2511 1540 lubricus
2541 1492 2598 1541 et
2627 1487 2922 1542 ﬂexuosus
2983 1492 3186 1543 auctor
3241 1488 3505 1560 ipsorum
3539 1507 3556 1557 ς
3616 1505 3722 1544 cur

2069 1572 2263 1627 odisse
2295 1574 2551 1644 ccepistis
2583 1575 2734 1629 viam
2768 1579 3007 1642 rectam,
3041 1581 3097 1631 et
3118 1577 3350 1648 justum
3411 1577 3722 1634 consilium

2070 1661 2411 1716 deseruistis
2441 1662 2467 1715 ?
2496 1663 2620 1717 Non
2653 1681 2752 1720 vos
2786 1664 2995 1719 direxit
3025 1665 3308 1721 Dominus
3342 1683 3354 1721 :
3417 1684 3592 1738 quem
3625 1683 3722 1723 au-

2069 1753 2187 1803 tem
2247 1750 2449 1822 dirigit
2491 1753 2793 1808 Dominus.
2857 1775 2885 1803 «
2918 1752 3070 1808 viam
3114 1754 3243 1824 ejus
3296 1754 3492 1824 cupiet
3544 1756 3714 1826 (vers.

2065 1839 2179 1905 23).
2217 1861 2243 1887 n
2277 1839 2429 1894 sicut
2458 1840 2740 1912 scriptum
2773 1845 2878 1909 cst,
2911 1845 2969 1896 et
2998 1841 3187 1914 ipsius
3212 1842 3438 1899 semitis
3468 1843 3717 1900 delecta-

2070 1927 2247 1981 bitur.

2131 2018 2222 2070 50.
2260 2016 2583 2088 Utrumque
2616 2023 2809 2074 tamen
2843 2018 3085 2091 intelligi
3119 2023 3324 2091 potest,
3361 2019 3442 2076 ita
3471 2025 3560 2077 est
3592 2038 3712 2077 me-

2063 2105 2248 2171 dium,
2283 2106 2435 2177 quod
2468 2111 2524 2161 et
2554 2107 2677 2178 ipse
2711 2108 2812 2178 qui
2843 2124 2876 2163 a
2908 2107 3154 2163 Domino
3203 2108 3501 2181 dirigitur,
3559 2110 3712 2165 viam

2068 2193 2294 2248 Domini
2327 2195 2525 2266 cupiet
2559 2213 2570 2260 ;
2606 2195 2744 2266 quia
2775 2195 2920 2250 duce
2953 2195 3101 2268 ipso,
3136 2196 3330 2251 omnis
3362 2195 3589 2252 levatur
3632 2196 3720 2253 la-

2067 2284 2191 2348 bor,
2253 2283 2451 2338 omnia
2505 2283 2926 2354 impedimenta
2983 2289 3375 2351 removentur,
3429 2284 3721 2342 incentiva

2065 2372 2589 2427 subministrantur
2621 2390 2634 2428 :
2668 2378 2723 2428 et
2768 2373 2892 2445 ipse
2925 2373 3213 2430 Dominus
3271 2391 3388 2430 non
3438 2392 3723 2448 asperna-

2069 2465 2184 2528 tur,
2229 2461 2328 2515 sed
2364 2460 2610 2516 libenter
2639 2463 2852 2533 accipit
2881 2464 3036 2518 viam
3067 2463 3174 2518 viri
3207 2481 3383 2535 quem
3416 2465 3486 2518 ad
3542 2465 3722 2521 virtu-

2064 2554 2181 2605 tem
2215 2549 2338 2620 ipse
2367 2548 2660 2605 direxerit.
2695 2551 2951 2605 Pulchre
2986 2556 3183 2607 autem
3215 2551 3322 2606 viri
3353 2567 3593 2624 gressus
3623 2552 3718 2607 di-

2070 2637 2179 2709 rigi
2214 2637 2491 2691 dicuntur
2520 2655 2553 2693 a
2584 2637 2850 2702 Domino,
2879 2639 3020 2709 quia
3049 2655 3165 2693 non
3225 2637 3471 2695 volentis
3531 2656 3718 2711 neque

2068 2726 2378 2792 currentis,
2413 2727 2514 2780 sed
2548 2725 2878 2782 miserentis
2910 2732 3000 2782 est
3033 2727 3153 2792 Dei,
3215 2727 3339 2783 sine
3396 2728 3716 2785 offensione

2068 2831 2294 2870 servare
2322 2816 2654 2886 vestigium.
2679 2816 2787 2880 Qui
2853 2814 3008 2871 enim
3039 2816 3265 2888 plantat
3303 2821 3361 2872 et
3419 2818 3593 2890 rigat,
3627 2817 3717 2872 ni-

2071 2903 2151 2957 hil
2186 2909 2324 2959 sunt
2357 2921 2370 2970 ;
2406 2904 2502 2958 sed
2539 2905 2638 2976 qui
2671 2905 2771 2960 dat
2804 2904 3229 2961 incrementum
3265 2910 3451 2962 Deus:
3487 2906 3600 2978 ipsi
3624 2923 3717 2962 so-

2069 2991 2108 3045 li
2143 2991 2329 3062 gloria
2362 2991 2639 3048 virtutum
2667 2993 2801 3063 jure
2832 2995 3112 3049 defertur.

2141 3082 2230 3135 51.
2265 3080 2452 3152 (Vers,
2484 3082 2600 3152 24.)
2634 3082 2889 3154 Denique
2918 3083 3315 3154 etiamjustus
3345 3084 3501 3140 cadit
3538 3084 3720 3141 inter-

2074 3172 2215 3225 dum
2245 3188 2258 3236 ;
2293 3171 2392 3226 sed
2425 3170 2473 3224 si
2499 3171 2701 3241 justus
2734 3175 2842 3236 est,
2884 3193 2908 3224 α
2940 3188 3072 3226 cum
3109 3172 3402 3240 acciderit,
3435 3189 3550 3228 non
3585 3189 3722 3229 con—

316 3246 586 3334 respexit,
614 3265 672 3316 et
701 3277 941 3333 gressus
970 3265 1164 3316 tenere
1196 3278 1310 3315 non
1364 3260 1572 3331 potuit,
1630 3261 1730 3315 sed
1793 3261 1960 3316 effusi
1994 3246 2035 3312 C
2074 3260 2363 3314 turbatur.
2401 3280 2428 3307 »
2461 3260 2622 3324 Quod
2655 3259 3008 3315 conditionis
3037 3265 3146 3326 est,
3178 3260 3333 3317 cadit
3366 3279 3380 3330 ;
3415 3261 3569 3333 quod
3593 3262 3726 3334 jus-

316 3356 475 3418 sunt,
509 3366 642 3405 cum
676 3350 732 3404 in
765 3348 947 3404 salem
980 3354 1133 3404 esset
1179 3353 1414 3420 repente
1468 3365 1744 3404 conversa
1776 3367 1789 3415 ;
1849 3366 1964 3404 non

317 3439 698 3496 effundantur
727 3437 882 3493 sicut
912 3436 1332 3508 Egyptiorum,
1394 3453 1642 3509 quorum
1695 3453 1964 3508 gressum

319 3527 501 3583 maris
534 3528 746 3582 ﬂuctus
775 3524 998 3580 effudit.
1033 3524 1183 3595 Ipsis
1215 3524 1471 3581 Hzebreis
1502 3525 1600 3596 qui
1629 3541 1764 3580 cum
1814 3525 1967 3598 Moy-

326 3633 391 3672 se
438 3618 624 3682 erant,
658 3613 798 3687 quia
845 3618 1232 3685 peccaverunt
1261 3613 1320 3668 in
1351 3613 1600 3683 deserto,
1634 3613 1970 3670 ceciderunt

315 3702 563 3776 vestigia
585 3705 818 3776 pedum,
854 3719 923 3758 ne
954 3704 1014 3758 in
1071 3707 1288 3759 terram
1348 3704 1788 3759 resurrectionis
1845 3705 1964 3776 (20)

316 3794 629 3850 intrarent.

385 3884 477 3948 49,
510 3881 713 3936 Nonne
746 3881 919 3936 etiam
956 3882 1026 3936 de
1058 3881 1150 3936 his
1182 3880 1426 3953 pulchre
1455 3880 1668 3936 dicitur
1701 3879 1842 3951 quia
1885 3880 1966 3934 ef-

313 3972 428 4028 fusi
460 3975 601 4028 sunt
632 3986 941 4042 processus
973 3986 1197 4036 eorum,
1231 3987 1481 4042 quorum
1510 3987 1644 4040 spes
1675 3968 1875 4040 lapses,
1906 3969 1964 4023 in

312 4076 526 4116 vanum
559 4058 778 4114 elfusus
804 4057 989 4125 labor,
1023 4063 1156 4114 vota
1188 4063 1328 4114 sunt
1359 4059 1657 4114 destituta.
1689 4056 1964 4112 Conside-

310 4168 377 4206 ra
408 4148 564 4204 enim
595 4147 853 4218 aliquem
887 4163 989 4218 per
1018 4147 1242 4219 aliquot
1275 4165 1459 4203 annos
1492 4148 1772 4202 habuisse
1833 4151 1963 4201 stu-

314 4240 477 4294 dium
505 4235 832 4310 probitatis,
857 4233 1147 4291 castitatis
1179 4237 1527 4300 custodiam,
1552 4237 1680 4290 vitae
1703 4234 1967 4289 attentio-

315 4329 397 4384 ris
420 4328 711 4394 affectum,
737 4325 844 4396 piae
868 4324 1231 4396 propositum
1255 4323 1792 4392 servitutis,sedula3
1815 4323 1964 4379 799

315 4415 737 4472 observationis
771 4413 1031 4469 ofﬁcium
1067 4431 1078 4478 ;
1114 4413 1423 4484 subitoque
1454 4428 1588 4468 eum
1621 4428 1750 4468 esse
1783 4415 1966 4466 muta-

315 4510 465 4568 tum,
497 4501 842 4558 discessisse
874 4500 1250 4564 monasterio,
1306 4500 1653 4556 valedixisse
1695 4499 1960 4570 jejuniis,

2075 3347 2234 3414 titiae,
2272 3348 2527 3420 resurgit
2558 3366 2571 3404 :
2600 3350 2878 3419 quoniam
2902 3350 3134 3419 justum
3165 3350 3319 3406 Deus
3375 3367 3491 3406 non
3553 3351 3724 3407 dere-

2075 3434 2308 3506 linquit,
2343 3437 2443 3490 sed
2474 3459 2500 3484 «
2533 3438 2842 3491 confirmat
2871 3452 3113 3492 manum
3143 3438 3292 3510 ejus.
3333 3461 3354 3488 ι
3399 3439 3526 3504 Qua
3554 3437 3726 3494 ratio-

2076 3541 2148 3578 ne
2179 3540 2293 3578 non
2327 3524 2556 3595 pedem,
2591 3526 2690 3579 sed
2726 3541 2966 3580 manum
3011 3526 3156 3580 dixit
3186 3527 3214 3580 ?
3245 3528 3368 3583 Nisi
3427 3528 3574 3582 forte
3633 3542 3721 3591 ea,

2077 3611 2355 3684 quoniam
2388 3612 2488 3684 qui
2521 3613 2698 3682 cadit,
2732 3629 2846 3668 non
2900 3613 3091 3683 magis
3149 3616 3294 3686 pede
3349 3615 3591 3683 labitur,
3623 3616 3726 3672 sed

2077 3701 2348 3756 infirmus
2381 3699 2605 3756 lubrico
2638 3717 2789 3772 saepe
2820 3701 3130 3772 decipitur,
3161 3702 3248 3758 vel
3282 3704 3522 3760 offendit
3541 3704 3601 3758 in
3625 3721 3727 3776 pe-

2076 3796 2167 3846 tra
2201 3808 2213 3857 ;
2252 3788 2344 3844 hic
2374 3793 2570 3843 autem
2593 3787 2741 3859 justi
2775 3805 2978 3842 casum
3003 3787 3281 3860 intelligo,
3316 3791 3372 3845 id
3405 3795 3494 3847 est
3523 3791 3728 3847 fortio-

2077 3879 2176 3933 ris.
2213 3877 2474 3949 Denique
2502 3878 2572 3931 de
2602 3876 2816 3948 populo
2849 3875 2949 3947 qui
2980 3875 3258 3942 luctatur,
3293 3877 3342 3931 si
3392 3892 3547 3949 genu
3588 3878 3727 3933 fixe-

2078 3967 2171 4032 rit,
2205 3966 2289 4021 vel
2323 3967 2466 4038 pede
2495 3966 2696 4038 lapsus
2745 3965 2938 4031 fuerit,
2973 3981 3076 4036 pro
3123 3964 3272 4020 victo
3331 3964 3582 4020 habetur
3614 3982 3627 4032 ;
3659 3981 3727 4019 a-

2075 4055 2259 4111 thleta
2290 4055 2389 4127 qui
2441 4055 2700 4110 luctandi
2760 4053 3027 4126 peritiam
3084 4052 3280 4120 habet,
3314 4057 3372 4108 et
3438 4053 3510 4108 ad
3561 4068 3728 4107 coro-

2077 4162 2212 4201 nam
2244 4143 2521 4209 luctatur,
2555 4144 2731 4199 etiam
2763 4143 2963 4199 volens
2994 4159 3147 4215 genu
3193 4141 3338 4215 figit,
3371 4147 3434 4198 ut
3489 4141 3681 4196 vincat
3711 4159 3724 4208 ;

2076 4239 2132 4289 et
2162 4234 2207 4290 si
2240 4233 2440 4306 lapsus
2470 4233 2661 4293 fuerit,
2699 4249 2811 4287 non
2843 4231 3168 4288 excluditur
3202 4249 3215 4298 ;
3249 4235 3306 4286 et
3335 4232 3384 4286 si
3417 4231 3489 4287 ab
3527 4247 3594 4286 eo
3625 4228 3726 4301 qui

2076 4323 2344 4394 superior
2383 4323 2480 4388 sit,
2511 4324 2830 4394 prematur,
2865 4319 3138 4376 manibus
3170 4323 3366 4375 tamen
3419 4336 3482 4375 se
3541 4319 3727 4375 susti-

2076 4413 2397 4482 nens,jure
2447 4412 2747 4475 decertat;
2784 4426 2887 4464 nec
2943 4407 3206 4464 aufertur
3261 4409 3550 4477 bravium,
3609 4407 3725 4464 nisi

2077 4501 2251 4556 fuerit
2283 4501 2452 4554 fusus
2485 4499 2542 4552 in
2570 4502 2852 4561 ventrem,
2897 4501 2998 4552 aut
3036 4497 3328 4553 distentus
3385 4497 3616 4556 vinculo
3647 4497 3726 4554 la-

314 4591 686 4647 continentite
733 4589 1124 4660 renuntiasse,
1181 4588 1486 4661 indulgere
1547 4588 1770 4644 deliciis
1828 4591 1960 4659 (21),
1996 4607 2039 4671 Ι)
2074 4592 2385 4645 certorum.
2422 4588 2559 4642 Inde
2600 4587 2870 4642 oriuntur
2899 4586 3101 4642 crebra
3161 4587 3527 4655 certamina;
3583 4586 3723 4658 quia

311 4681 550 4737 studere
579 4679 842 4735 luxuriae.
876 4679 1108 4734 Dudum
1144 4679 1216 4734 de
1267 4679 1641 4733 monasteriis
1699 4676 1962 4732 exierunt

309 4771 448 4841 (2'2),
482 4775 538 4825 et
567 4786 721 4825 nunc
770 4769 1010 4825 luxuriae
1069 4774 1210 4824 sunt
1259 4767 1547 4841 magistri,
1611 4767 1959 4822 dissemina-

313 4867 473 4915 tores
531 4858 984 4926 incontinentiae,
1018 4859 1348 4914 incentores
1383 4855 1738 4929 petulantiae,
1772 4855 1961 4911 obtre-

314 4951 573 5004 ctatores
605 4948 864 5020 pudoris.
898 4949 1099 5002 Nonne
1129 4948 1200 5002 de
1251 4947 1340 5002 his
1401 4945 1642 5018 pulchre
1701 4945 1915 4999 dixeris
1950 4963 1961 4998 :

389 5089 502 5160 (20)
536 5090 636 5146 Vel
667 5091 806 5145 edit.
842 5091 898 5146 in
933 5090 1215 5161 margine,
1263 5107 1327 5144 ac
1360 5090 1526 5144 Rom.
1591 5103 1852 5159 corpore,
1901 5103 1970 5142 ne

315 5165 383 5217 in
406 5168 612 5234 terram
641 5164 1081 5234 repromissionis
1111 5179 1131 5221 ;
1161 5162 1262 5216 sed
1296 5162 1487 5215 cuncti
1525 5177 1664 5216 mss.
1700 5161 1970 5234 constan-

316 5240 411 5288 ter
440 5233 661 5304 legunt,
687 5229 759 5289 ne
792 5236 853 5288 in
909 5242 1111 5288 terram
1140 5233 1578 5304 resurrectionis
1608 5249 1626 5293 ,°
1687 5229 1970 5285 translato

318 5302 548 5361 scilicet
581 5305 663 5360 rei
699 5307 959 5374 figurata
993 5303 1228 5358 nomine
1258 5303 1317 5357 in
1349 5305 1478 5372 ejus
1523 5302 1793 5374 figuram.

395 5322 548 5359 meet
581 5322 663 5360 rei
699 5322 731 5359 ιι
782 5322 959 5360 uram
993 5322 1228 5358 nomine
1258 5322 1317 5357 ιιι
1349 5322 1478 5372 ejus
1523 5322 1793 5374 nguram.

395 5377 508 5448 ('21,)
541 5376 680 5431 Mss.
716 5322 961 5448 aiiiquot,
993 5375 1277 5445 indulgere
1306 5374 1620 5430 delictis....
1672 5376 1973 5428 incentores

312 5447 676 5521 ρθδιίιβηέξκ·

397 5518 514 5588 (22)
543 5516 646 5572 His
673 5518 992 5573 admodum
1027 5516 1228 5573 affinia
1257 5517 1314 5571 in
1343 5517 1514 5588 epist.
1547 5516 1618 5570 ad
1650 5513 1976 5588 Verc.Ecc_l.

320 5586 612 5662 leguntur
642 5588 1122 5662 desermatione
1153 5605 1217 5643 ac
1269 5586 1616 5662 Barbatiano
1676 5586 1979 5662 monachis

323 5657 635 5733 ap'ostalis.
671 5659 738 5715 Hi
772 5659 1060 5733 siquidem
1101 5675 1253 5733 cum
1295 5659 1616 5733 disciplinae
1675 5657 1982 5733 severioris

323 5728 707 5807 impatientes
738 5728 1077 5807 asceteri‘um
1108 5728 1537 5807 Mediolanense
1562 5731 1980 5807 deseruissent,

329 5821 399 5870 ac
417 5802 633 5880 postea
661 5805 825 5882 petiti
857 5803 1080 5865 reditus
1110 5820 1144 5865 ει
1166 5810 1366 5864 sancto
1393 5803 1654 5865 antistite
1685 5802 1983 5879 repulsam

2071 4678 2258 4734 multa
2287 4682 2341 4732 et
2373 4676 2669 4747 incognita
2702 4675 2998 4747 plerisque
3055 4683 3197 4731 sunt
3253 4693 3466 4747 genera
3523 4675 3721 4728 ruina-

2074 4784 2224 4823 rum.
2258 4765 2404 4820 Nam
2440 4782 2614 4820 casus
2669 4781 2870 4818 eorum
2911 4765 3144 4836 proprie
3175 4763 3547 4835 appellantur
3598 4761 3720 4816 rui-

2073 4872 2149 4910 na
2177 4855 2310 4925 (23),
2335 4857 2528 4908 Graece
2575 4853 2730 4907 enim
2791 4851 3029 4914 πτώματα
3078 4854 3516 4923 nuncupantur.
3577 4850 3724 4922 Ergo

2075 4959 2204 4999 cum
2239 4941 2547 5015 stringitur
2578 4949 2629 4996 et
2683 4947 2947 5014 urgetur,
2982 4956 3132 5012 saepe
3189 4957 3250 4995 se
3295 4938 3490 5006 volvit,
3549 4943 3606 4995 et
3663 4937 3728 4992 fit

2079 5083 2238 5156 passi
2272 5082 2661 5156 fuissent,ita
2693 5083 2843 5156 hanc
2874 5079 3351 5156 obignominiam
3371 5082 3729 5156 exarsere,ut

2079 5150 2520 5221 continentiam,
2546 5154 2796 5224 jejunia,
2837 5156 2895 5224 et
2923 5150 3036 5224 alia
3086 5151 3143 5205 id
3170 5167 3356 5224 genus
3417 5150 3728 5224 monastici

2083 5227 2334 5282 instituti
2364 5222 2708 5282 ornamenta
2737 5223 3006 5279 bacchari
3053 5227 3227 5292 atque
3281 5222 3543 5279 insanire
3594 5239 3729 5278 nus-

2082 5316 2260 5372 quam
2292 5299 2650 5372 desinerent.
2679 5296 3040 5372 Quapropter
3090 5294 3544 5372 utrumquehoc
3603 5294 3728 5350 loco

2083 5364 2376 5440 designari
2409 5364 3071 5440 prudenteradmodum
3103 5364 3427 5420 observavit
3446 5366 3729 5440 Herman-

2087 5435 2371 5498 nusV’itze
2401 5435 2586 5494 sancti
2619 5436 2911 5492 Ambrosii
2958 5435 3060 5508 lib.
3092 5453 3222 5508 vn;
3251 5451 3379 5508 cap.
3442 5438 3494 5502 4,
3552 5442 3609 5492 et
3663 5452 3734 5491 ex

2087 5512 2302 5568 nostris
2335 5512 2434 5582 qui
2466 5509 2792 5582 Historiam
2811 5505 3173 5582 Benedictini
3195 5505 3429 5582 Ordinis
3449 5523 3733 5582 vernacu-

2089 5583 2150 5668 lo.
2175 5577 2660 5668 sermone‘pu‘per
2691 5578 2748 5634 in
2779 5578 2970 5635 lucem
3007 5577 3221 5634 emisit.
3283 5578 3457 5636 Illum
3527 5579 3732 5644 adisis,

2089 5655 2195 5711 lib.
2229 5673 2270 5720 1,
2302 5671 2429 5724 cap.
2461 5655 2515 5721 3,
2549 5653 2579 5724 §
2606 5653 2662 5707 5.

2551 5710 2566 5724 ι

2165 5725 2278 5797 (23)
2310 5722 2456 5780 Edit.
2490 5722 2601 5780 vet.
2632 5728 2689 5778 et
2719 5740 2862 5778 mss.
2897 5722 3120 5852 aliquot
3149 5723 3286 5778 Nam
3314 5739 3474 5779 casus
3497 5737 3584 5777 eos
3603 5735 3738 5802 pro-

2167 5799 2219 5852 ie
2275 5797 2557 5852 novellam
2624 5796 2812 5852 Latini
2839 5811 2858 5852 :
2916 5811 2976 5852 se
3102 5793 3241 5852 edit.
3299 5810 3330 5852 e
3387 5794 3621 5852 regione
3675 5800 3738 5852 ιι

2090 5793 2219 5878 prie
2263 5793 2557 5876 appellant
2624 5796 2858 5865 Latini;
2916 5793 3016 5856 sed
3102 5793 3241 5856 edit.
3299 5810 3330 5854 e
3387 5794 3621 5867 regione
3675 5793 3740 5868 ig
