4116 6188
381 345 582 427 .1039

1878 342 1945 406 S.
1986 337 2361 407 AMBROSII

3666 332 3839 401 1040

421 496 604 555 supra
630 477 733 551 qui
760 474 1002 532 inferior
1026 474 1373 544 habebatur,
1409 475 1891 549 superioremque
1921 478 2064 533 dum
2094 482 2151 548 Α
2178 476 2484 532 virtutum.
2518 475 2599 530 Ex
2628 472 2729 530 illo
2759 489 2938 546 puero
2968 472 3067 529 isti
3098 476 3240 529 sunt
3280 473 3467 544 pueri,
3497 473 3601 545 qui
3663 474 3839 545 prius

418 566 629 645 surgit,
661 563 844 621 edidit
875 583 889 622 :
921 565 1077 636 quod
1108 565 1335 622 videtur
1363 565 1664 637 Scriptura
1712 566 2064 639 signiﬁcare,

420 670 559 710 cum
590 652 730 711 dicit
758 672 773 711 :
808 676 829 704 α
863 652 1211 711 Universum
1244 656 1399 711 (ὶῡο
1428 658 1677 712 stratum
1707 655 1952 713 versasti
2007 655 2068 710 in

363 727 380 742 ’
402 732 761 801 inﬁrmitate
792 744 919 815 ejus
962 743 1136 816 (Psal.
1168 762 1257 814 XL,
1291 745 1366 816 4).
1400 767 1428 796 ››
1462 746 1661 817 Itaque
1689 745 1761 800 de
1817 761 1882 801 eo
1935 743 2070 799 dici-

420 837 520 911 tur
554 849 568 890 :
603 856 631 883 ‹‹
663 834 808 890 Cum
838 832 1108 888 ceciderit
1132 833 1322 889 bonus
1365 832 1607 900 athleta,
1667 850 1783 889 non
1806 833 2067 888 turbabi-

414 909 519 978 tur
548 939 561 977 :
601 943 622 974 ι
656 921 922 994 plerique
951 922 1341 979 enimavolunt
1369 923 1576 989 teneri,
1606 940 1721 994 quo
1779 921 2071 978 maturius

423 1010 682 1079 vincant,
712 1009 813 1081 qui
843 1010 914 1065 de
944 1013 1067 1066 arte
1095 1016 1479 1082 praesumunt.
1516 1012 1627 1067 Sed
1660 1011 1891 1067 etiamsi
1923 1009 2071 1065 assi-

466 1103 662 1166 natus,
696 1104 758 1154 ut
786 1098 914 1171 ipso
943 1099 1118 1155 verbo
1158 1104 1311 1170 utar,
1345 1104 1403 1155 et
1456 1100 1646 1171 primo
1706 1104 1764 1156 et
1816 1099 2073 1155 secundo

466 1116 662 1166 natus,
696 1116 758 1154 ut
786 1116 914 1171 ipso
943 1116 1118 1155 verno
1158 1116 1311 1170 utar,
1345 1116 1403 1155 BI.
1456 1117 1646 1171 primo
1706 1116 1764 1156 et
1816 1116 2071 1155 secundo

422 1116 602 1245 ﬁerit
631 1188 765 1263 (24),
799 1205 915 1244 non
940 1187 1287 1257 excluditur,
1312 1188 1446 1245 licet
1474 1190 1523 1244 ei
1554 1189 1848 1245 interdum
1907 1204 2071 1259 repa-

426 1295 555 1335 rare
583 1277 898 1346 luctamen,
930 1281 987 1333 et
1014 1276 1241 1333 vincere
1270 1294 1422 1350 saepe
1451 1278 1754 1350 contingit,
1788 1282 1845 1332 et
1874 1278 2075 1332 cedere

427 1383 563 1424 eum
590 1367 692 1439 qui
721 1367 979 1424 secunda
1036 1366 1401 1423 contentione
1455 1368 1771 1438 superavit.
1808 1368 1891 1421 Ita
1940 1381 2075 1437 ergo

428 1457 603 1519 etiam
628 1458 832 1531 justus
863 1455 971 1512 etsi
993 1455 1406 1512 olfendiculum
1438 1456 1748 1512 incurrerit
1770 1459 1827 1511 et
1856 1454 2076 1511 cecide-

428 1546 524 1616 rit,
561 1563 678 1602 non
709 1545 1004 1618 relinquat
1022 1549 1218 1601 tamen
1250 1545 1513 1601 studium
1548 1544 1871 1600 devotionis
1929 1547 1985 1598 et
2016 1542 2077 1596 fi-

432 1635 545 1706 dei,
578 1635 956 1693 sobrietatem
988 1638 1203 1703 teneat,
1250 1633 1651 1706 poenitentiam
1682 1638 1865 1705 gerat,
1925 1647 2076 1702 saepe

431 1740 494 1781 se
524 1727 769 1796 reparet.
806 1723 936 1777 Ideo
964 1722 1287 1794 interrogat
1319 1722 1524 1778 Petrus
1558 1739 1571 1777 :
1606 1744 1634 1771 ‹‹
1667 1721 1725 1777 Si
1759 1718 2080 1794 peccaverit

2179 581 2356 639 quam
2388 564 2565 621 sciret
2594 579 2796 619 vocare
2836 566 3084 635 patrem,
3115 566 3218 619 aut
3272 566 3539 628 matrem,
3602 563 3845 635 accepit

2177 654 2453 711 virtutem
2484 652 2775 721 Damasci,
2808 656 2865 708 et
2893 652 3082 724 spolia
3108 652 3404 709 Samaria.
3436 652 3569 725 Ipse
3598 656 3701 709 est
3734 668 3847 725 pu-

2178 759 2241 798 er
2271 743 2370 813 qui
2404 746 2575 796 natus
2605 745 2693 796 est
2725 740 2915 809 nobis,
2948 740 3109 796 ﬁlius
3138 741 3239 813 qui
3270 740 3441 796 datus
3486 745 3578 797 est
3636 740 3846 807 nobis,

2181 833 2351 902 cujus
2382 830 2749 902 principatus
2780 846 2959 902 super
2995 830 3273 886 humeros
3329 830 3476 901 ejus.
3537 830 3677 902 Ipse
3733 847 3849 886 nos

2183 920 2381 976 docuit
2410 920 2725 991 pueritiam
2766 936 2893 975 esse
2922 920 3197 975 virtutem
3248 920 3444 975 dicens
3483 935 3498 975 :
3559 941 3591 969 ‹‹
3653 919 3851 976 Sinite

2182 1026 2414 1081 pueros,
2449 1013 2507 1064 et
2539 1007 2715 1063 nolite
2745 1024 2844 1064 eos
2874 1008 3183 1080 prohibere
3214 1010 3283 1063 ad
3314 1024 3407 1064 me
3433 1009 3634 1064 venire
3682 1010 3848 1079 (Luc.

2182 1116 2339 1165 xvm,
2376 1098 2485 1169 16).
2515 1120 2534 1145 ι
2586 1098 2654 1153 Et
2685 1096 2825 1152 alibi
2858 1116 2871 1154 :
2931 1122 2956 1147 ‹‹
2996 1100 3201 1166 Amen,
3236 1114 3404 1154 amen
3454 1097 3586 1153 dico
3646 1098 3848 1166 vobis,

2185 1187 2298 1244 nisi
2330 1185 2591 1241 conversi
2624 1186 2872 1254 fueritis,
2908 1191 2964 1241 et
2993 1187 3329 1243 efﬁciamini
3365 1186 3523 1243 sicut
3547 1203 3692 1260 puer
3723 1186 3847 1244 iste

2185 1293 2301 1331 non
2334 1275 2628 1331 intrabitis
2654 1275 2713 1330 in
2754 1292 3001 1347 regnum
3059 1275 3337 1332 ccelorum
3395 1276 3605 1347 (Matth.
3668 1293 3843 1343 xviii,

2184 1365 2260 1435 3).
2298 1386 2320 1414 ιθ
2354 1366 2486 1436 Ipsa
2517 1380 2751 1437 quoque
2779 1365 3039 1437 corporis
3096 1364 3437 1421 fortitudine
3490 1366 3659 1437 pueri
3718 1365 3854 1437 ple-

2187 1469 2446 1525 rumque
2467 1453 2621 1508 viros
2651 1453 2909 1509 vincunt.
2947 1455 3013 1510 Et
3042 1454 3245 1527 utique
3275 1455 3327 1510 si
3365 1458 3599 1510 atatem
3637 1455 3856 1526 pueri-

2187 1542 2277 1597 tice
2306 1541 2767 1609 consideremus,
2799 1559 2914 1598 non
2964 1546 3155 1615 potest
3187 1559 3330 1615 puer
3359 1547 3463 1599 aut
3493 1559 3678 1599 usum
3723 1559 3855 1599 om~

2188 1647 2323 1686 nem
2355 1629 2521 1698 scire,
2555 1635 2656 1686 aut
2681 1631 2795 1687 vim
2844 1632 3042 1688 subire
3102 1630 3379 1688 luctandi.
3437 1631 3733 1689 Novimus
3767 1637 3852 1687 ta-

2190 1737 2327 1774 men
2357 1721 2508 1791 quod
2544 1720 2875 1792 frequenter
2904 1722 3069 1792 pueri
3092 1738 3239 1793 quos
3269 1738 3385 1777 non
3418 1726 3698 1793 poterant
3725 1738 3860 1794 por-

430 1812 491 1867 in
518 1828 611 1869 me
639 1812 821 1867 frater
850 1828 1037 1879 meus,
1071 1812 1303 1883 quoties
1326 1811 1622 1867 remittam
1644 1810 1715 1879 ei,
1746 1826 1932 1881 usque
1955 1825 2077 1881 sep-
2111 1852 2159 1917 B
2191 1814 2336 1875 tare,
2370 1809 2513 1865 80l
2558 1810 2841 1865 vicerunt.
2871 1811 3027 1866 Adeo
3064 1812 3229 1884 vigor
3285 1810 3468 1868 animi
3522 1810 3855 1868 infirmita-

435 1902 472 1917 ..
578 1901 647 1917 ,..
1006 1901 1095 1917 η..
1128 1900 1156 1917 η
1261 1902 1322 1917 τη,
1746 1900 1787 1917 π
1956 1904 2075 1917 .-1-
2192 1902 2297 1917 .-μ
2346 1897 2455 1917 MU.
2652 1903 2691 1917 ,.

430 1902 544 1958 ties
575 1900 783 1973 (Matth.
816 1917 972 1967 xvm,
1006 1901 1097 1971 21)
1128 1900 1156 1954 ?
1188 1923 1216 1949 »
1261 1902 1331 1955 Et
1385 1900 1687 1973 respondit
1745 1899 2031 1955 Dominus
2064 1914 2076 1951 :

436 1990 612 2048 «Non
642 1989 836 2061 solum
869 1988 1108 2061 septies,
1136 1989 1238 2046 sed
1269 1989 1446 2045 etiam
1497 1988 1833 2061 septuagies
1864 1987 2080 2060 septies

433 2078 593 2154 (Ibid.
618 2080 739 2149 22).
776 2100 797 2128 ιι
833 2077 907 2133 Ut
937 2078 1092 2135 scias
1122 2081 1321 2135 autem
1353 2078 1493 2151 quia
1521 2077 1753 2134 athletas
1785 2093 1994 2132 sumus
2024 2080 2083 2131 et

384 2228 389 2231 _
432 2165 815 2244 impellimur,
847 2170 905 2223 et
933 2166 1032 2223 alii
1088 2173 1289 2235 ruunt,
1322 2171 1377 2223 et
1434 2166 1699 2239 plerique
1758 2166 2079 2231 eliduntur,

436 2255 575 2314 audi
603 2256 942 2312 dicentem:
999 2277 1020 2308 ι
1056 2256 1327 2313 Suﬂ‘ulsit
1381 2256 1665 2312 Dominus
1720 2272 1922 2311 omnes
1980 2253 2082 2325 qui

437 2349 642 2414 ruunt,
670 2347 730 2401 et
757 2344 997 2417 corrigit
1025 2361 1228 2400 omnes
1260 2343 1436 2401 elisos
1466 2345 1636 2417 (Psal.
1672 2360 1854 2412 avmv,
1907 2343 2016 2413 14).
2052 2366 2074 2393 ι

440 2434 604 2491 Unde
633 2438 691 2491 et
710 2432 835 2507 ipse
864 2434 935 2489 de
958 2450 1020 2490 se
1048 2434 1191 2490 dicit
1218 2434 1417 2503 David,
1449 2434 1537 2490 vel
1572 2434 1668 2489 ille
1700 2433 1801 2506 qui
1850 2432 2083 2487 locutus

439 2523 612 2582 estin
644 2523 974 2596 Propheta:
1041 2545 1067 2573 «
1102 2522 1399 2595 Impulsus
1453 2524 1771 2580 subversas
1826 2538 1959 2578 sum
2019 2525 2084 2575 ut

438 2613 748 2682 caderem;
789 2616 847 2669 et
877 2613 1160 2668 Dominus
1218 2613 1477 2685 suscepit
1533 2630 1624 2667 me
1684 2613 1855 2682 (Psal.
1906 2627 2082 2680 cxxn,

430 2696 528 2777 13)
562 2720 575 2772 ;
611 2723 639 2751 ››
668 2701 842 2759 Jesus
872 2701 1027 2757 enim
1058 2718 1174 2756 non
1206 2701 1434 2769 cecidit,
1466 2702 1568 2757 sed
1621 2701 1914 2773 impulsus
1973 2702 2081 2755 est.

437 2791 666 2848 Etenim
696 2808 833 2848 cum
864 2791 989 2863 ipse
1018 2795 1316 2847 convertat
1345 2790 1542 2858 elisos,
1605 2790 1901 2862 quomodo
1959 2790 2084 2860 ipse

439 2880 626 2953 potuit
654 2880 844 2936 elidi?
871 2880 1111 2936 Justum
1143 2884 1360 2945 autem,
1393 2896 1531 2935 cum
1563 2879 1856 2948 ceciderit,
1915 2893 2086 2949 posse

438 2984 743 3042 resurgere
771 2972 1023 3025 testatur
1049 2968 1369 3041 Scriptura,
1405 2986 1531 3041 quae
1590 2968 1731 3024 dicit
1764 2987 1779 3021 :
1841 2990 1868 3016 «
1903 2966 2083 3021 Num-

394 3112 399 3116 .
439 3056 580 3132 quid
606 3056 708 3130 qui
738 3058 913 3127 cadit,
950 3073 1066 3113 non
1089 3057 1324 3129 adjiciet
1342 3062 1409 3112 ut
1455 3061 1722 3129 resurgat
1756 3074 1769 3124 ;
1830 3059 1933 3110 aut
1985 3053 2084 3125 qui

440 3162 678 3204 aversus
708 3145 902 3214 fuerit,
936 3162 1052 3202 non
1084 3150 1404 3201 revertetur
1429 3146 1457 3199 ‘I
1504 3145 1599 3199 Vae
1633 3144 1705 3199 iis
1766 3144 1862 3215 qui
1924 3156 2083 3197 aver-

2191 1902 2308 1953 tem
2338 1897 2594 1953 excludit
2624 1898 2830 1954 astatis.

2261 1987 2349 2041 53.
2386 1986 2596 2051 Quales
2631 1991 2824 2044 autem
2856 1989 3044 2060 pueri,
3077 1989 3221 2045 tales
3252 1993 3309 2046 et
3332 1989 3567 2062 ephebi,
3592 1990 3709 2047 hoc
3741 1998 3856 2059 est,

2192 2075 2505 2147 spiritales.
2542 2076 2712 2132 Novit
2741 2077 3041 2150 Scriptura
3094 2077 3527 2135 adolescentem
3585 2079 3850 2136 Paulum

2186 2165 2310 2235 jam
2345 2164 2673 2235 proximum
2705 2165 3068 2222 conversioni
3100 2167 3233 2239 (Act.
3265 2184 3368 2235 vn,
3398 2168 3495 2238 57)
3526 2185 3541 2235 ;
3601 2168 3765 2225 novit
3793 2175 3863 2226 et

2193 2252 2521 2325 Eutychum
2541 2254 2991 2324 adolescentem,
3013 2255 3117 2327 qui
3138 2273 3271 2312 cum
3302 2256 3681 2313 sermonibus
3699 2257 3864 2314 Pan-

2193 2342 2234 2397 li
2263 2342 2523 2399 intentus
2553 2343 2815 2412 biBI‘GI‘Ct,
2850 2360 3058 2400 somno
3088 2346 3274 2402 victus
3303 2346 3375 2402 de
3401 2347 3639 2403 tritecto
3699 2347 3862 2403 ceci-

2193 2430 2279 2486 dit
2302 2435 2357 2486 et
2388 2432 2701 2487 resurrexit
2731 2432 2862 2503 (Act.
2894 2451 2990 2502 xx,
3019 2433 3056 2487 9
3088 2434 3175 2505 12)
3209 2453 3220 2503 ;
3256 2434 3419 2491 novit
3470 2440 3528 2490 et
3556 2435 3862 2492 Joannem

2195 2519 2620 2577 adolescentem
2652 2522 2945 2579 in-Christi
2975 2527 3208 2595 pectore
3232 2524 3685 2580 recumbentem
3746 2526 3860 2595 (Jo-

2192 2626 2286 2678 an,
2320 2627 2444 2678 xm,
2476 2611 2587 2682 23),
2620 2611 2721 2682 qui
2746 2615 2867 2667 tam
2900 2611 3068 2668 fortis
3094 2612 3222 2682 fuit,
3264 2617 3330 2668 ut
3376 2614 3862 2686 persecutionem

2195 2715 2309 2754 non
2336 2699 2586 2765 timeret,
2613 2699 2833 2755 malum
2866 2700 3140 2758 vinceret.
3174 2702 3278 2757 Hic
3311 2707 3400 2758 est
3430 2717 3585 2775 puer
3615 2704 3721 2776 qui
3752 2720 3866 2776 pa—

2194 2790 2341 2842 trem
2374 2787 2687 2858 genitalem
2720 2789 2955 2860 reliquit
2983 2790 3295 2860 (Matth.1v,
3329 2791 3444 2862 20),
3477 2797 3732 2849 secutus
3752 2792 3868 2849 Pa-

2194 2879 2343 2931 trem
2391 2893 2522 2931 eum
2557 2894 2733 2949 quem
2793 2879 3059 2950 cognovit
3116 2884 3449 2948 aeternum;
3501 2880 3869 2939 adolescens

2195 2964 2446 3020 amictus
2504 2965 2769 3033 sindone,
2805 2967 3119 3023 Dominum
3176 2969 3543 3040 sequebatur
3592 2975 3870 3044 tempore

2195 3055 2487 3125 passionis
2521 3056 2702 3127 (Marc.
2731 3074 2847 3122 XIV,
2877 3059 2991 3126 51),
3026 3059 3126 3130 qui
3158 3075 3267 3115 sua
3296 3060 3499 3115 omnia
3529 3060 3872 3132 derelique-

2196 3152 2332 3212 rat;
2366 3145 2673 3213 maturior,
2708 3152 2888 3202 Deum
2937 3147 3195 3204 Verbum
3252 3148 3311 3203 in
3369 3149 3675 3222 principio
3733 3150 3871 3223 ipso

441 3238 645 3291 tuntur
668 3235 967 3292 aversione
996 3234 1348 3305 impudenti,
1382 3233 1522 3289 dicit
1555 3233 1836 3288 Dominus
1867 3230 2085 3303 (λεν-ειη.
2118 3218 2161 3287 C
2201 3247 2433 3306 semper
2462 3234 2643 3291 fuisse
2674 3240 2848 3307 atque
2879 3252 3007 3293 esse
3046 3237 3316 3310 cognovit
3369 3218 3633 3308 (leam-1,
3702 3218 3776 3308 1),
3812 3244 3873 3296 et

445 3341 565 3394 vni,
596 3326 628 3380 4
659 3328 711 3381 et
737 3325 816 3396 5).
853 3348 876 3376 ι

516 3415 605 3468 52.
638 3412 875 3469 Utinam
906 3411 1147 3483 quidem
1197 3410 1589 3469 ineluctabilis
1619 3416 1675 3467 et
1722 3410 2087 3483 insuperabi-

448 3499 523 3557 lis
553 3502 631 3557 sit
659 3500 874 3557 Christi
904 3499 1143 3567 athleta,
1173 3504 1230 3556 et
1258 3500 1318 3555 in
1374 3501 1533 3556 omni
1592 3505 1777 3569 aetate,
1812 3500 1870 3555 in
1928 3500 2089 3556 omni

447 3589 730 3649 virtutum
761 3606 971 3663 genere
1000 3588 1311 3661 gloriosus,
1346 3590 1497 3645 sicut
1521 3589 1616 3645 ille
1640 3590 1757 3645 ait:
1817 3611 1844 3642 α
1891 3589 2001 3644 Sed
2028 3590 2085 3643 in

396 3730 403 3735 .
447 3679 722 3736 omnibus
742 3695 1090 3752 superamus
1128 3683 1364 3751 propter
1408 3694 1543 3733 eum
1589 3678 1689 3751 qui
1734 3695 1841 3734 nos
1886 3677 2087 3734 dilexit

394 3816 403 3822 .
443 3769 755 3841 (Rom.vm,
778 3769 897 3841 37).
930 3791 958 3819 »
983 3768 1131 3834 Quid
1149 3772 1239 3824 est
1257 3769 1315 3823 in
1340 3768 1612 3824 omnibus
1634 3773 1656 3825 Ξ)
1677 3768 1828 3823 Sunt
1857 3766 2084 3824 athleta:

394 3906 405 3912 -
441 3858 541 3932 qui
562 3862 842 3917 vocentur
871 3858 1060 3931 pueri,
1088 3857 1319 3930 ephebi,
1377 3857 1485 3914 viri
1521 3876 1532 3923 ;
1592 3858 1702 3913 hoc
1762 3862 1870 3924 est,
1903 3856 2111 3917 παῖδες.-

438 3948 627 4013 ἔφηϐοι,
684 3948 879 3997 πύκται.
942 3947 1129 4002 Etiam
1188 3948 1493 4018 Scriptura
1541 3947 1648 4003 has
1715 3947 1773 4001 in
1833 3946 2084 4002 luctato-

394 4036 602 4093 .ribus
657 4036 817 4092 novit
872 4038 1091 4101 aetates,
1152 4036 1379 4091 dicente
1436 4035 1661 4092 David:
1727 4055 1748 4083 ι
1806 4035 1887 4091 Ne
1928 4052 2084 4090 aver~

435 4129 525 4182 tas
578 4122 790 4182 'faciem
850 4130 1015 4180 tuam
1101 4141 1135 4179 a
1216 4141 1395 4196 puero
1481 4129 1580 4179 tuo
1640 4125 1810 4196 (Psal.
1882 4141 2076 4193 vam,

436 4215 545 4284 18).
580 4237 609 4265 ››
639 4218 707 4273 Et
742 4235 765 4263 ι
802 4233 815 4271 :
846 4214 1086 4270 Juvenis
1118 4214 1220 4282 fui,
1254 4218 1310 4269 et
1340 4213 1506 4269 senui
1540 4214 1718 4285 (Infra
1738 4230 1889 4280 vers,
1915 4213 2026 4283 25).
2052 4237 2073 4266 ι

434 4303 596 4360 Unde
615 4309 672 4359 et
699 4304 955 4360 Joannes
986 4303 1067 4358 ait
1096 4321 1109 4359 :
1135 4326 1162 4353 ‹‹
1193 4303 1393 4360 Scribe
1431 4302 1616 4371 vobis,
1678 4302 1841 4376 pueri
1869 4321 1881 4371 ;
1941 4302 2080 4374 quia

433 4393 788 4464 cognovistis
817 4397 1043 4465 patrem
1076 4410 1092 4446 :
1126 4393 1317 4449 scribo
1367 4391 1552 4459 vobis,
1586 4393 1833 4463 juvenes
1868 4411 1880 4461 ;
1940 4392 2079 4463 quia

432 4480 654 4536 vicistis
684 4480 907 4537 malum
942 4500 955 4536 :
991 4482 1179 4537 scribo
1209 4481 1393 4551 vobis,
1428 4486 1621 4553 patres
1656 4500 1667 4549 ;
1705 4482 1843 4554 quia
1868 4497 2078 4552 cogno-

2200 3338 2437 3378 manere
2467 3322 2527 3378 in
2559 3339 2621 3380 se
2642 3324 2924 3395 probavit.

2268 3412 2358 3467 55.
2390 3411 2559 3468 Viros
2588 3430 2823 3486 quoque
2855 3414 3155 3486 Scriptura
3177 3431 3286 3471 nos
3308 3415 3516 3471 docuit
3537 3414 3870 3488 Spir-itales,

2196 3502 2393 3573 Agabo
2428 3502 2715 3574 propheta
2770 3502 3033 3559 dicente:
3071 3526 3099 3554 ‹‹
3132 3502 3337 3560 Virum
3371 3504 3539 3561 hunc
3569 3505 3737 3576 cujus
3764 3509 3876 3560 est

2195 3607 2342 3647 zona
2372 3590 2515 3659 haec,
2543 3592 2627 3646 sic
2659 3590 2984 3664 alligabunt
3010 3592 3194 3648 Judaei
3225 3593 3283 3648 in
3315 3592 3655 3649 Jerusalem
3717 3595 3870 3661 (Act.

2195 3697 2310 3745 xxx,
2345 3680 2456 3751 1|).
2494 3703 2513 3728 ι
2551 3681 2619 3735 Et
2649 3682 2856 3737 Festus
2886 3682 2967 3737 ait
3001 3700 3012 3737 :
3079 3704 3099 3731 α
3136 3681 3237 3736 Vir
3282 3681 3532 3753 quidam
3564 3687 3657 3739 est
3686 3682 3871 3738 relic-

2196 3772 2292 3824 tus
2324 3787 2357 3823 a
2389 3768 2569 3825 Felice
2594 3769 2653 3824 in
2687 3770 2953 3826 custodia
2982 3772 3115 3841 (Act.
3151 3788 3279 3837 xxv,
3314 3772 3426 3841 14).
3463 3792 3491 3821 ››
3521 3774 3674 3827 Ante
3716 3788 3869 3844 pas-

2194 3857 2416 3914 sionem
2451 3874 2618 3923 suam
2649 3858 2865 3915 Paulus
2898 3859 3238 3916 adolescens
3265 3860 3506 3928 dicitur,
3540 3861 3602 3915 in
3632 3860 3871 3933 passio-

2194 3963 2264 4002 ne
2295 3962 2405 4002 sua
2432 3948 2518 4002 vir
2547 3947 2932 4019 significatur,
2994 3949 3119 4021 qui,
3182 3965 3358 4005 cursu
3412 3954 3865 4018 consummato,

2192 4041 2347 4092 esset
2368 4038 2489 4107 jam
2521 4037 2823 4109 proximus
2853 4038 2923 4093 ad
2959 4055 3255 4095 coronam.

2259 4127 2347 4180 55.
2409 4127 2799 4199 Cognovimus
2854 4130 3049 4184 aetates
3097 4145 3202 4200 pro
3254 4128 3371 4184 fide
3428 4133 3485 4183 et
3539 4128 3867 4184 devotione

2188 4219 2500 4283 certantes,
2533 4232 2957 4287 cognoscamus
2986 4216 3160 4273 etiam
3192 4233 3409 4290 genera
3451 4216 3863 4273 certaminum

2187 4303 2553 4376 singulorum
2588 4307 2719 4378 (25).
2752 4306 2879 4361 Haec
2913 4322 3144 4379 quoque
3168 4307 3484 4378 Scriptura;
3533 4322 3636 4362 nos
3663 4305 3857 4361 doce-

2186 4397 2246 4448 at
2267 4398 2450 4449 tenor.
2472 4394 2533 4449 In
2558 4394 2665 4450 hoc
2686 4396 2882 4467 itaque
2905 4395 3167 4451 saeculari
3198 4411 3385 4468 agone
3416 4395 3523 4451 alii
3550 4399 3715 4461 sunt,
3738 4394 3859 4468 qui

2185 4481 2434 4554 simplici
2467 4484 2720 4555 quodam
2751 4488 2809 4540 et
2836 4484 3101 4558 legitimo
3154 4499 3368 4557 genere
3429 4484 3760 4549 luctantur,
3796 4488 3859 4541 et

432 4568 599 4625 vistis
629 4586 762 4626 eum
793 4569 894 4642 qui
923 4574 1014 4626 est
1041 4571 1112 4626 ab
1144 4571 1309 4627 initio
1336 4572 1382 4641 (I
1408 4572 1562 4627 Joan.
1607 4588 1668 4639 ιι,
1730 4572 1797 4625 12
1824 4600 1853 4612 -
1888 4570 1993 4640 14).
2044 4594 2066 4621 ι
2107 4597 2153 4661 D
2183 4570 2451 4644 ligaturis
2504 4576 2735 4628 tantum
2764 4573 3024 4645 corporis
3053 4577 3300 4642 certant,
3354 4575 3667 4629 verberare
3722 4590 3856 4629 non

406 4657 712 4715 .Maturior
738 4658 934 4731 itaque
963 4659 1034 4714 ad
1060 4662 1252 4730 patres
1274 4658 1557 4727 scribens,
1608 4663 1871 4715 maturos
1916 4658 2069 4714 desi-

2181 4665 2415 4731 norunt,
2450 4661 2548 4733 qui
2578 4660 2905 4733 palmstritae
2939 4667 3219 4718 vocantur
3252 4681 3265 4730 ;
3318 4662 3417 4718 alii
3450 4663 3552 4735 qui
3614 4662 3853 4719 caedem

404 4750 569 4820 -gnat
596 4748 731 4806 ﬁdei
781 4748 1223 4819 devotionisque
1267 4764 1563 4820 processu.
1610 4748 1902 4805 Virtutum
1933 4764 2070 4821 ergo
2179 4752 2235 4804 et
2268 4751 2521 4822 pulveris
2538 4752 2765 4823 jactum
2814 4752 3214 4807 membrorum
3275 4752 3525 4809 nexibus
3583 4752 3853 4808 miscent

424 4837 575 4912 istae,
606 4854 723 4897 non
754 4837 1117 4893 inﬁrmitatis
1175 4840 1370 4892 aztates
1424 4841 1606 4904 sunt;
1668 4854 1855 4909 neque
1913 4836 2068 4893 enim
2176 4838 2310 4910 (26),
2344 4839 2503 4894 omni
2532 4840 2641 4896 sibi
2696 4841 3039 4897 verberandi
3078 4841 3219 4911 jure
3276 4840 3621 4913 permisso;
3684 4857 3852 4913 quos

424 4926 551 4982 sine
578 4928 793 4987 virtute
818 4943 962 5000 puer
991 4929 1098 4995 est,
1133 4925 1234 4996 qui
1267 4926 1538 4999 cognovit
1593 4926 1822 4982 Patrem
1882 4926 2065 4982 Deum
2175 4928 2645 4998 pammacharios
2674 4933 2881 4985 vocant
2911 4930 3046 5001 (27),
3068 4945 3134 4985 eo
3183 4931 3338 5002 quod
3371 4930 3565 4987 omnis
3624 4928 3758 4986 litis
3790 4935 3849 4986 et

417 5145 682 5217 margine
712 5142 931 5217 habent
957 5143 1207 5217 ruinam,
1241 5156 1419 5211 quam
1450 5140 1762 5217 dictionem
1784 5159 2061 5217 suppres-

396 5232 481 5273 .sa
509 5212 646 5273 voce
667 5217 855 5272 Latini
886 5215 1054 5280 Rom,
1088 5212 1146 5267 in
1174 5216 1397 5267 textum
1429 5212 1748 5267 transtulit.
1784 5212 1920 5279 Mss,
1969 5232 2061 5271 ve-

417 5292 764 5358 rofquatuor
801 5287 1110 5342 nobiscum
1146 5284 1382 5338 faciunt.

488 5353 599 5427 (2'4)
631 5359 717 5414 Ita
770 5358 909 5414 edit.
970 5373 1104 5412 cum
1157 5360 1318 5427 parte
1376 5370 1520 5409 mss.
1582 5353 1923 5427 Aliaﬂpars,
1958 5356 2061 5413 Sed
2170 5353 2302 5410 eum

2165 5141 2313 5215 jecti
2335 5145 2780 5215 tanquammox
2807 5142 3076 5199 vincendi
3110 5147 3510 5215 spectatorum
3542 5142 3744 5200 oculis
3775 5160 3841 5201 ac

2172 5214 2414 5268 nutibus
2447 5212 2852 5268 signabantur.

2554 5300 2669 5339 om.
2702 5284 2842 5339 edit.
2879 5302 3013 5341 cum
3070 5301 3171 5342 sex
3230 5302 3376 5342 mss.
3434 5286 3564 5343 Vet.
3629 5290 3837 5342 autem

2265 5286 2297 5322 ο)

2243 5285 2472 5408 (ρδῶιω
2504 5285 2669 5339 Rom.
2702 5285 2842 5339 edit.
2879 5302 3013 5370 cum
3070 5301 3179 5363 sex.
3230 5302 3376 5369 mss.
3434 5286 3564 5343 Vet.
3629 5290 3832 5342 autem

2247 5373 2302 5410 m
2384 5359 2479 5411 ιρι.
2510 5358 2568 5410 et
2598 5354 2786 5421 Colb.,
2815 5356 3094 5413 devotzone
3121 5361 3457 5414 certantium
3484 5377 3503 5413 :
3534 5373 3832 5429 regimen-

394 5425 634 5500 etiamsi
660 5432 1066 5499 assignatum...
1098 5425 1405 5483 etsecunda
1435 5428 1658 5500 Ingerit.
1694 5425 1834 5500 Utra
1891 5425 2059 5485 lectio
2167 5443 2287 5481 mus
2306 5430 2476 5483 etiam
2505 5430 2805 5500 certamina
2837 5429 3209 5500 singulorum.

416 5496 931 5571 _sit_prteponénda,
965 5499 1308 5571 ambiguum
1337 5502 1445 5554 est.
1480 5497 1817 5571 Obscuritas
1862 5504 2057 5571 autem

414 5567 550 5643 inde
579 5567 897 5643 suboritur,
930 5570 1085 5641 quod
1115 5567 1315 5643 verum
1363 5585 1604 5643 sensum
1645 5570 1952 5643 agonistici
1982 5571 2055 5626 il-

2243 5500 2352 5570 (26)
2385 5500 2523 5571 lteg.
2558 5499 2710 5571 cod.,
2740 5499 3107 5557 membrorum
3140 5502 3352 5557 nisibus
3379 5504 3637 5557 miscent.

2238 5571 2352 5641 (27)
2384 5569 2598 5626 Omnes
2623 5570 2785 5637 edit,
2818 5587 2949 5642 quos
2991 5573 3289 5639 παμμάχους
3318 5578 3613 5644 nam",ng
3674 5575 3827 5644 θηρί’

414 5637 1154 5714 lius_verbi,\asigridtus_est
1184 5641 1301 5696 sive
1356 5637 1715 5714 assignatur:
1753 5642 2052 5714 cognitum
2162 5637 2306 5696 tibus
2334 5645 2693 5701 cruentantur
2725 5659 2738 5699 :
2772 5637 2976 5702 omnes
3007 5660 3148 5704 mss.
3172 5637 3389 5704 ἐαιιεω
3417 5637 3633 5714 Gallic,
3666 5637 3831 5703 ut'in

411 5724 531 5768 non
547 5708 1277 5780 habeamus,Suspicamur
1296 5714 1494 5766 tamen
1516 5726 1585 5767 ex
1605 5711 1753 5769 serie
1774 5708 2053 5775 orationis
2164 5715 2344 5773 textu.

404 5790 513 5859 pos
548 5777 663 5838 dici
691 5780 952 5854 potuisse
980 5777 1303 5855 disignum,
1335 5781 1436 5857 qui
1456 5781 1585 5857 jam
1613 5783 1675 5844 in
1703 5786 1920 5851 terram
1949 5787 2053 5851 de.-
