4116 6188
339 345 494 414 1044

1410 343 1867 413 ENARRATIO
1911 344 1996 410 IN
2042 341 2424 418 PSALMUM
2470 354 2741 425 XXXVI.

3626 355 3787 437 1049

331 495 550 558 pugna
582 472 910 536 adversum
959 489 1023 534 se
1073 472 1328 569 habeant
1371 484 1748 552 potestatem;
1783 482 1882 538 alii
1914 479 2016 553 qui
2049 480 2104 546 A
2135 497 2250 552 gna
2277 502 2410 542 voce
2441 489 2729 558 clamavit,
2770 495 2835 549 ut
2879 494 2952 552 ad
2983 494 3108 569 ejus
3152 513 3362 556 sonum
3410 501 3633 558 secreta
3662 513 3777 566 cce-

332 571 600 631 cestibus
633 568 957 624 adversum
991 583 1054 622 se
1085 566 1432 636 decernunt,
1464 574 1521 626 et
1551 571 1883 629 dilaceratis
1918 587 2014 626 ca-

330 663 579 736 pitibus,
616 658 966 714 cruciantur
1000 675 1011 712 :
1049 656 1109 711 hi
1140 665 1319 712 πύκται
1353 659 1637 717 feruntur.

401 754 492 807 56.
531 752 659 806 Ilaec
719 747 924 804 omnia
985 745 1310 801 certamina
1366 748 1548 803 subiit
1607 750 1823 806 Paulus
1872 766 2016 821 apo-

331 841 546 906 stolus,
579 839 738 893 sicut
780 837 908 908 ipse
940 835 1330 889 demonstrat.
1368 835 1573 908 Itaque
1605 839 1743 894 dicit
1776 859 1823 896 ;‹‹
1859 841 2011 903 0υο-

333 933 492 992 niam
526 945 642 984 non
675 931 765 982 est
811 925 984 980 nobis
1019 921 1151 995 pale
1185 924 1472 980 adversus
1518 944 1754 985 carnem
1789 933 1844 984 et
1874 945 2012 984 san-

331 1020 596 1094 guinem,
639 1016 741 1072 sed
788 1015 1076 1070 adversus
1127 1010 1425 1083 principes
1477 1021 1535 1070 et
1584 1022 1921 1087 potestates,
1955 1020 2012 1071 et

330 1112 421 1182 (ut
449 1104 801 1177 compendio
854 1103 1009 1172 utar)
1043 1101 1332 1155 adversus
1382 1105 1683 1174 nequitias
1715 1105 2010 1177 spiritales

329 1197 548 1268 (Ep/tes.
599 1211 676 1259 vr,
729 1194 897 1262 12).»
932 1191 994 1244 In
1048 1187 1276 1243 Latinis
1326 1189 1629 1264 plerisque
1678 1193 2010 1249 colluctatio

329 1285 645 1358 reperitur,
723 1282 780 1336 in
849 1279 1068 1336 Graecis
1142 1277 1421 1332 omnibus
1492 1290 1630 1348 πάλη
1697 1283 2006 1348 scribitur;

329 1374 470 1433 πάλη
500 1372 659 1428 enim
693 1372 1052 1433 Graecorum,
1089 1365 1248 1420 lucta
1279 1370 1368 1420 est
1401 1367 1766 1426 Latinorum.
1791 1373 1855 1426 Et
1881 1387 2009 1426 vere

333 1464 496 1538 pale;
531 1462 671 1534 quia
721 1476 854 1514 caro
900 1462 956 1512 et
1005 1456 1277 1526 sanguis,
1312 1460 1362 1510 et
1399 1459 1679 1528 nequitiae
1712 1459 2008 1530 spiritales

333 1551 616 1625 patientia
646 1553 703 1605 et
733 1544 1100 1602 continentia
1134 1544 1416 1615 corporis,
1443 1549 1499 1600 et
1533 1547 1714 1602 animi
1748 1549 2008 1603 modera-

330 1643 490 1698 tione
522 1641 897 1711 superantur.
936 1635 1046 1700 Ira,
1084 1633 1274 1698 furor,
1306 1633 1493 1688 caades
1526 1652 1688 1690 arma
1721 1641 1858 1691 sunt
1891 1636 2008 1690 dia-

331 1729 472 1786 boli.
509 1727 662 1784 Alibi
697 1740 930 1797 quoque
970 1719 1166 1794 plagis
1207 1738 1388 1793 supra
1422 1724 1663 1778 modum
1698 1742 1910 1780 censum
1945 1742 2006 1780 se

333 1837 465 1882 esse
498 1816 797 1890 signiﬁcat
841 1813 1042 1867 dicens
1079 1827 1090 1865 :
1125 1833 1153 1859 «
1190 1811 1253 1864 In
1288 1809 1478 1882 plagis
1511 1830 1690 1884 supra
1737 1815 2000 1884 modum,

335 1910 398 1964 in
433 1906 724 1964 mortibus
774 1904 1110 1973 frequenter
1160 1899 1234 1968 (Il
1263 1900 1383 1954 Cor.
1419 1918 1496 1965 x1,
1531 1904 1639 1972 23).
1673 1925 1698 1950 ››
1731 1904 1998 1960 IIieroso-

339 1997 516 2071 lymis
550 1999 745 2050 autem
780 1990 996 2064 pugnis
1043 2006 1108 2044 se
1158 2005 1289 2044 esse
1321 2005 1697 2060 percussum;
1734 1991 1830 2045 ubi
1863 2010 1995 2048 cum

335 2082 865 2142 intervenientibus
924 2077 1236 2142 militibas,
1291 2077 1607 2149 aliquando
1669 2087 2000 2137 cessassent

333 2175 524 2232 Judaei
579 2174 884 2245 percutere
934 2166 1204 2232 Paulum,
1256 2165 1382 2238 ipse
1431 2169 1691 2238 pontifex
1740 2171 1998 2226 Ananias

337 2260 863 2320 circumstantibus
886 2255 1070 2328 jussit
1119 2261 1417 2327 percutere
1465 2273 1530 2312 os
1579 2258 1731 2327 ejus,
1764 2259 1855 2312 cui
1907 2276 1995 2314 re-

340 2350 575 2425 spondit
620 2346 939 2420 Apostolus
976 2362 986 2399 :
1019 2367 1039 2393 α
1075 2343 1380 2398 Percutere
1431 2348 1485 2398 te
1532 2344 1770 2417 incipiet
1819 2350 1992 2415 Deus,

341 2440 533 2513 paries
558 2437 845 2493 dealbate.
862 2435 944 2516 _Et
965 2438 1026 2487 tu
1058 2432 1266 2486 sedens
1289 2432 1524 2502 judicas
1548 2450 1638 2488 me
1665 2435 1992 2490 secundum

341 2529 568 2600 Legem,
602 2529 659 2582 et
714 2529 878 2579 extra
937 2521 1146 2592 Legem
1199 2520 1374 2590 jubes
1432 2537 1525 2576 me
1583 2521 1804 2592 percuti
1857 2525 1990 2593 (Act.

342 2634 500 2683 χχιιι,
541 2614 635 2684 3)?
673 2636 700 2662 »
735 2610 916 2668 Scivit
966 2609 1222 2681 profecto
1273 2607 1526 2675 referire,
1579 2610 1674 2681 qui
1731 2611 1994 2682 graviore

339 2721 534 2778 pugno
573 2700 911 2774 pontiﬁcem
954 2695 1331 2768 repercussit;
1368 2695 1493 2767 ipse
1525 2698 1681 2752 enim
1715 2715 1992 2770 corpora-

337 2793 469 2849 liter
499 2807 688 2847 cazsus
719 2792 837 2853 est;
870 2785 954 2841 illi
988 2783 1186 2840 retulit
1217 2786 1370 2855 quod
1403 2785 1461 2839 in
1495 2785 1753 2841 animam
1789 2803 1994 2858 percu-

337 2885 559 2938 teretur
620 2896 654 2933 a
701 2876 953 2931 Christo.
990 2874 1049 2928 In
1106 2872 1297 2943 prima
1347 2891 1579 2945 quoque
1625 2875 1873 2946 epistola
1922 2877 1992 2932 ad

340 2967 674 3024 Corinthios
733 2963 997 3020 scribens
1046 2960 1126 3016 ait
1172 2977 1238 3013 ;‹‹
1276 2961 1388 3033 Ego
1440 2962 1619 3033 igitur
1668 2963 1751 3018 sic
1801 2981 1994 3032 curro,

342 3075 458 3114 non
489 3062 555 3112 ut
587 3055 646 3111 in
677 3054 963 3109 incertum
993 3068 1003 3104 :
1031 3050 1114 3105 sic
1141 3049 1346 3118 enitor,
1381 3067 1493 3104 non
1527 3055 1590 3106 ut
1611 3068 1744 3107 aera
1771 3054 1995 3110 candens

347 3149 392 3218 (Ι
420 3149 546 3203 Cor.
601 3162 676 3211 1x,
725 3143 839 3213 26).
882 3163 908 3188 »
953 3139 1116 3202 Quod
1180 3138 1379 3193 Latine
1435 3139 1598 3206 dixit,
1643 3167 1661 3188 α
1711 3141 1918 3196 enitor.
1965 3167 1993 3193 »

2125 570 2295 629 Iestia
2325 577 2698 636 resultarent.
2729 583 2873 650 Quid
2908 585 3136 644 multa?
3166 589 3407 652 Terram
3439 589 3641 656 movit,
3674 603 3780 644 cae-

2125 660 2248 718 lum
2281 664 2560 738 implevit.
2597 671 2845 743 Ideoque
2891 676 3048 730 vocis
3097 693 3306 734 nomen
3363 678 3606 750 accepit,
3639 673 3782 748 quia

2123 750 2376 810 Verbum
2412 757 2507 811 Dei
2531 776 2634 814 vox
2665 766 2897 816 sacrata
2929 765 3244 834 praecessit,
3271 765 3780 838 quemadmodum

2124 840 2248 911 ipse
2279 860 2384 899 nos
2415 846 2612 902 docuit
2641 850 2838 905 dicens
2874 869 2884 905 :
2915 875 2942 902 ι(
2963 854 3080 924 Ego
3112 871 3219 910 vox
3250 854 3566 912 clamantis
3590 855 3649 908 in
3673 853 3781 909 de-

2123 935 2274 986 serto
2308 934 2483 1003 (Joan.
2519 954 2556 1006 1,
2587 940 2697 1007 23).
2731 964 2752 990 ››
2791 939 2944 996 Dixit
2974 941 3083 997 hoc
3117 943 3298 999 Isaias
3330 944 3620 1016 propheta
3648 944 3778 1010 (Isa.

2121 1036 2210 1087 XL,
2243 1021 2298 1086 3)
2325 1039 2336 1076 :
2362 1023 2431 1078 de
2463 1041 2522 1079 se
2554 1026 2776 1081 dictum
2807 1027 2916 1083 iste
2949 1030 3218 1086 ﬁrmavit.
3249 1033 3600 1088 Audivimus
3633 1017 3790 1102 quid

2122 1109 2267 1163 dixit
2307 1128 2491 1182 praeco
2527 1131 2538 1168 :
2568 1137 2594 1163 «
2628 1116 2832 1171 Parate
2863 1117 3017 1173 viam
3069 1119 3323 1187 Domini,
3359 1124 3554 1178 rectas
3607 1119 3798 1185 facite;

2120 1199 2360 1254 semitas
2406 1202 2534 1271 ejus
2565 1204 2744 1272 (Joan.
2769 1222 2808 1270 ι,
2831 1206 2941 1276 23).
2970 1228 2998 1255 »
3020 1207 3149 1262 Haec
3192 1215 3281 1264 est
3308 1226 3417 1264 vox
3450 1208 3782 1280 singularis

2120 1291 2175 1341 et
2206 1288 2349 1355 sola,
2382 1293 2498 1344 tam
2531 1308 2761 1360 sonora,
2793 1298 2854 1347 ut
2885 1295 2954 1349 ab
2983 1297 3258 1353 omnibus
3288 1298 3628 1362 audiretur;
3654 1301 3778 1356 tam

2119 1377 2330 1442 dulcis,
2362 1385 2424 1432 ut
2455 1381 2859 1438 universorum
2901 1385 3074 1439 corda
3116 1385 3417 1443 mulceret.
3452 1388 3608 1442 Istos
3640 1403 3779 1461 ergo

2119 1464 2368 1520 athletas
2413 1485 2550 1523 suos
2600 1469 2883 1526 Dominus
2933 1474 3298 1531 conﬁrmavit
3336 1480 3402 1531 ut
3432 1475 3774 1547 vincerent;

2119 1571 2422 1624 nunquam
2455 1557 2610 1611 enim
2643 1576 2781 1614 suos
2813 1561 3048 1628 deserit,
3080 1567 3136 1618 et
3167 1563 3465 1636 relinquit.

2189 1643 2277 1696 58.
2314 1643 2500 1713 (Vcrs.
2532 1647 2643 1715 25).
2675 1648 2739 1701 Et
2785 1648 2913 1704 ideo
2962 1651 3188 1707 addidit
3237 1653 3532 1724 Propheta
3569 1668 3636 1706 ;‹‹
3669 1655 3776 1724 ,Ιοτ

2117 1730 2278 1785 venis
2336 1732 2439 1797 fui,
2491 1739 2548 1788 et
2603 1736 2870 1790 senuizn
2906 1739 2991 1791 sic
3050 1740 3266 1806 Latini;
3329 1740 3515 1812 aliqui
3576 1747 3774 1802 autem

2111 1816 2280 1886 juxta
2312 1817 2538 1874 GI‘IBCOS
2570 1820 2787 1877 habent
2819 1839 2831 1875 :
2858 1846 2883 1870 ‹‹
2917 1825 3154 1878 Iuvenis
3189 1825 3292 1892 fui,
3327 1827 3548 1882 etenim
3581 1832 3771 1896 senui,

2113 1908 2314 1958 etnon
2363 1906 2478 1961 vidi
2519 1908 2751 1977 justum
2805 1910 3172 1979 derelictum,
3222 1929 3326 1968 nec
3381 1930 3588 1970 semen
3641 1918 3773 1988 ejus

2110 2009 2375 2063 quaerens
2407 2011 2637 2065 panem.
2666 2020 2684 2044 ι)
2723 1997 3083 2069 Simpliciter
3130 2001 3230 2072 qui
3261 2001 3384 2056 vult
3421 2001 3770 2077 intelligere,

2109 2086 2265 2152 patet
2295 2099 2526 2150 sensus,
2559 2087 2713 2156 quod
2763 2087 2888 2141 vitae
2941 2104 3060 2142 suae
3106 2093 3367 2159 tempore
3411 2090 3596 2146 David
3653 2111 3769 2150 non

2107 2169 2314 2226 viderit
2336 2173 2568 2242 justum
2603 2174 2966 2230 derelictum.
3001 2177 3111 2231 Sed
3147 2176 3253 2232 hoc
3293 2181 3350 2232 et
3391 2178 3588 2235 brevis
3622 2182 3771 2238 tem-

2108 2260 2270 2330 poris
2316 2265 2421 2325 est,
2476 2266 2530 2315 et
2579 2262 2950 2331 incredibile;
2986 2264 3281 2335 siquidem
3334 2266 3560 2324 multos
3606 2270 3771 2328 vide-

2107 2363 2240 2401 mus
2290 2349 2346 2402 in
2399 2349 2610 2404 sat-cqu
2656 2352 2852 2421 justos
2905 2353 2976 2406 ab
3025 2352 3367 2410 hominibus
3412 2345 3769 2430 derelinq'ui,

2105 2437 2337 2506 quando
2360 2454 2458 2492 eos
2479 2438 2660 2509 aliqui
2694 2439 3018 2510 potentium
3048 2447 3487 2513 persequuntur
3513 2463 3525 2500 :
3550 2451 3609 2502 et
3639 2447 3769 2502 nul-

2103 2523 2196 2579 lus
2228 2525 2298 2579 ad
2340 2541 2438 2579 eos
2482 2527 2658 2580 audet
2706 2528 3000 2593 accedere,
3035 2546 3170 2584 cum
3220 2530 3276 2584 in
3328 2530 3541 2588 timore
3573 2539 3678 2591 aut
3710 2537 3768 2592 in

2104 2611 2320 2682 injuria
2348 2613 2557 2668 viderit
2595 2615 2964 2670 constitutos.
3005 2616 3166 2672 Unde
3201 2618 3312 2673 Job
3345 2619 3488 2674 dicit
3523 2638 3535 2677 :
3571 2644 3602 2671 ‹‹
3634 2624 3770 2678 Fra-

2102 2705 2221 2756 tres
2256 2700 2364 2756 mei
2393 2701 2814 2767 discesserunt,
2848 2709 3210 2775 agnoverunt
3237 2710 3542 2764 extraneos
3575 2711 3768 2783 magis

2105 2805 2280 2860 quam
2314 2805 2433 2854 me;
2470 2791 2640 2844 amici
2676 2790 2784 2844 mei
2819 2791 3312 2848 immisericordes
3345 2795 3478 2849 facti
3511 2801 3678 2866 sunt,
3711 2803 3771 2854 et

2105 2878 2204 2948 qui
2254 2894 2345 2931 me
2395 2883 2696 2946 noverant,
2744 2878 2908 2933 obliti
2959 2885 3098 2934 sunt
3147 2897 3358 2936 nomen
3410 2899 3614 2940 meum
3646 2887 3766 2955 (Job

2103 2984 2218 3034 x1x,
2248 2967 2354 3037 13).
2385 2989 2404 3012 ι
2437 2967 2611 3022 David
2645 2983 2877 3038 quoque
2909 2985 3023 3022 non
3053 2969 3245 3024 solum
3270 2971 3649 3040 destitutum,
3664 2975 3767 3031 sed

2105 3055 2279 3110 etiam
2313 3055 2722 3126 impugnatum
2755 3073 2816 3111 se
2847 3057 2918 3112 ab
2968 3057 3176 3114 amicis
3223 3062 3280 3114 et
3325 3059 3618 3129 proximis
3647 3061 3764 3119 ola-

2106 3148 2270 3200 mat:
2301 3167 2328 3191 ‹‹
2363 3143 2569 3211 Amici,
2604 3145 2815 3215 inquit,
2849 3145 2964 3201 mei
3009 3150 3066 3201 et
3110 3147 3359 3218 proximi
3401 3148 3516 3206 mei
3557 3150 3764 3206 adver-

349 3210 502 3292 ὲοπ
535 3210 724 3288 Graece
755 3210 838 3286 ait
865 3237 1111 3284 πυκτεύω.
1143 3226 1213 3280 Et
1244 3243 1372 3281 vere
1405 3229 1572 3298 quasi
1605 3230 1795 3284 bonus
1826 3235 1996 3302 pycta
2025 3210 2072 3300 (ἒ
2106 3249 2240 3288 sum
2291 3210 2902 3304 appropinquaverunt
2946 3210 3130 3304 (Psal:
3157 3252 3368 3302 xxxvn,
3403 3236 3512 3304 12).
3549 3258 3580 3286 ››
3612 3238 3762 3310 Ergo

345 3341 463 3380 non
497 3337 710 3386 aerem,
744 3319 842 3376 sed
877 3317 1066 3373 aerias
1096 3319 1412 3387 potestates
1445 3321 1498 3371 ct
1524 3318 1861 3372 Judaeorum
1895 3337 1994 3375 ca-

345 3412 470 3485 pita
513 3409 879 3474 verberabat;
915 3406 1053 3478 quia
1091 3409 1266 3476 caput
1315 3405 1579 3460 omnium
1627 3407 1827 3461 Jcsum
1881 3408 1991 3462 Do-

346 3501 574 3556 minum
616 3515 729 3553 non
780 3495 1096 3551 habebant.
1130 3493 1193 3546 In
1226 3493 1384 3547 omni
1434 3494 1631 3564 itaque
1681 3497 1995 3551 certamine

343 3587 656 3660 Apostolus
686 3588 776 3640 est
804 3584 1110 3656 probatus,
1141 3580 1238 3652 qui
1271 3582 1445 3636 etiam
1478 3598 1753 3636 caronam
1787 3599 1995 3639 cursus

343 3671 738 3733 consummati
792 3671 1032 3742 accepit.
1086 3668 1249 3724 Unde
1296 3673 1353 3723 et
1398 3669 1522 3739 ipse
1572 3670 1653 3723 ait
1687 3688 1698 3724 :
1727 3694 1753 3717 ‹‹
1788 3670 1998 3746 omnia

341 3781 582 3837 possum
615 3762 675 3817 in
706 3777 772 3817 eo
806 3759 905 3831 qui
959 3774 1052 3813 me
1102 3757 1389 3813 confortat
1417 3758 1682 3828 (Philipp.
1721 3776 1795 3828 ιν,
1833 3761 1940 3830 13).
1971 3785 1996 3810 ››

409 3855 498 3909 57.
531 3849 718 3905 Habet
757 3853 813 3902 et
857 3846 1147 3911 Christus,
1181 3846 1280 3917 qui
1329 3845 1387 3899 in
1439 3846 1690 3917 pueritia
1740 3864 1846 3901 sua
1896 3849 1998 3903 aevi

343 3945 604 3996 maturos
633 3936 910 4003 vicerint;
947 3940 1013 3990 ut
1045 3933 1244 3989 Daniel
1278 3951 1421 4006 puer
1449 3934 1659 4007 spiritu
1692 3935 1881 3992 valido
1917 3955 2000 3993 se-

342 4030 539 4085 niores
569 4025 704 4081 illos
728 4023 1027 4097 redarguit
1046 4024 1403 4087 Iudaeorum,
1428 4024 1572 4078 etde
1597 4022 1846 4080 victoriae
1866 4026 2001 4097 jure

344 4115 556 4188 dejecit
585 4115 644 4167 in
676 4116 946 4167 mortem.
982 4111 1166 4166 Habet
1195 4115 1252 4166 et
1293 4111 1459 4178 alios,
1494 4111 1594 4183 qui
1646 4112 1999 4186 priusquam

346 4207 750 4268 nascerentur,
777 4201 834 4255 in
870 4200 1076 4256 matris
1098 4204 1294 4254 ventre
1324 4200 1526 4255 luctati
1561 4205 1720 4255 sunt.
1748 4203 2004 4274 Denique

299 4343 304 4346 .
345 4293 525 4349 Jacob
560 4291 797 4345 fratrem
839 4288 1235 4360 supplantavit
1264 4289 1438 4353 Esau,
1471 4293 1527 4342 et
1570 4289 1792 4344 malum
1826 4291 1997 4359 vicit;

347 4388 521 4451 atque
553 4378 634 4432 ita
664 4379 736 4432 de
767 4382 932 4432 utero
965 4376 1172 4431 matris
1218 4377 1417 4441 exivit,
1450 4380 1512 4430 ut
1567 4377 1818 4432 victoriae
1868 4379 2006 4434 insi-

345 4485 455 4541 gne
488 4469 858 4534 monstraret,
882 4470 938 4521 et
968 4465 1173 4536 pedem
1201 4463 1447 4519 senioris
1480 4465 1783 4536 degeneris
1815 4466 2002 4523 victor

2104 3321 2153 3375 si
2184 3322 2242 3376 in
2275 3320 2383 3375 hoc
2425 3320 2632 3376 saaculo
2682 3322 3052 3393 reperiuntur
3091 3323 3242 3394 justi
3293 3323 3578 3393 derelicti,
3613 3341 3762 3398 quo-

2105 3410 2277 3465 modo
2330 3408 2441 3463 sibi
2501 3411 2791 3464 contraria
2838 3410 2982 3464 dixit
3031 3411 3236 3480 David;
3293 3413 3406 3467 nisi
3463 3413 3758 3488 intelligas

2104 3497 2258 3567 quod
2283 3497 2484 3565 justus
2505 3499 2613 3552 etsi
2646 3499 2702 3551 in
2736 3498 2947 3552 saeculo
2975 3499 3420 3572 derelinquitur,
3447 3518 3481 3556 a
3511 3503 3758 3560 Domino

2105 3589 2299 3639 tamen
2345 3598 2460 3637 non
2510 3584 2975 3655 derelinquitur?
3005 3587 3203 3658 Neque
3251 3588 3409 3644 enim
3458 3591 3565 3646 Job
3623 3609 3760 3649 cum

2107 3675 2260 3727 esset
2305 3671 2363 3724 in
2413 3675 2664 3726 stercore
2695 3673 2818 3741 (Job
2849 3689 2912 3736 ιι,
2951 3673 3029 3743 3),
3063 3690 3096 3728 a
3144 3675 3390 3731 Domino
3444 3678 3760 3737 derelictus

2106 3764 2213 3827 est,
2240 3773 2413 3830 quem
2446 3757 2502 3811 in
2532 3757 2884 3830 Angelorum
2918 3759 3161 3816 concilio
3183 3761 3468 3820 Dominus
3500 3765 3625 3837 ipse
3653 3784 3762 3824 sua

2105 3864 2242 3904 voce
2269 3845 2568 3910 laudabat,
2600 3863 2771 3915 quem
2802 3847 3011 3901 tentari
3044 3863 3255 3918 passus
3285 3855 3393 3918 est,
3427 3855 3494 3907 ut
3523 3869 3763 3912 corona-

2109 3941 2216 4000 ret,
2239 3935 2617 3990 tentationem
2651 3940 2847 3990 autem
2879 3935 2936 3990 in
2971 3952 3182 4008 corpus
3214 3936 3391 4005 dedit,
3416 3937 3474 3996 in
3498 3939 3758 3997 animam

2110 4023 2430 4095 denegavit.
2493 4024 2646 4079 803
2710 4023 2825 4079 Nec
2891 4024 3203 4080 derelictus
3270 4025 3451 4080 David
3511 4027 3605 4082 cui
3671 4045 3760 4085 re-

2111 4129 2289 4185 gnum
2346 4112 2522 4179 dedit,
2556 4116 2621 4166 ut
2675 4112 2890 4184 populo
2949 4113 3262 4185 imperaret
3317 4113 3524 4183 electo;
3583 4132 3760 4188 quem

2113 4199 2561 4273 parricidalibus
2593 4200 2806 4272 prazliis
2852 4201 3198 4273 appetitum,
3232 4202 3393 4274 regni
3427 4204 3516 4258 sui
3555 4204 3761 4276 depul-
3821 4200 3828 4205 ’

2113 4307 2245 4344 sum
2295 4288 2530 4354 ﬁnibus,
2562 4289 2816 4343 victoriae
2853 4291 2988 4359 jure
3043 4289 3318 4346 restituit.
3362 4290 3479 4362 Ipsi
3527 4309 3762 4364 quoque

2111 4379 2310 4443 Jacob,
2365 4377 2518 4431 Elias
2567 4381 2623 4431 et
2670 4377 2932 4446 Eliszeus,
2983 4381 3040 4432 et
3085 4378 3340 4434 Joannes
3390 4379 3671 4453 Baptista,
3704 4386 3764 4438 et

2117 4465 2305 4522 caeteri
2339 4466 2438 4537 qui
2472 4466 2527 4519 in
2561 4465 2814 4536 caprinis
2847 4465 3096 4537 pellibus
3144 4467 3575 4527 circumeuntes
3605 4487 3762 4528 erra-

341 4557 674 4611 inverterct.
704 4552 992 4610 Jeremias
1035 4552 1094 4606 in
1125 4551 1296 4606 vulva
1345 4553 1550 4607 matris
1602 4554 2001 4612 sanctiﬁcatus
2031 4556 2255 4637 [hbent
2299 4555 2357 4608 in
2407 4553 2845 4619 solitudinibus,
2880 4558 2936 4610 et
2967 4555 3285 4622 montibus,
3336 4561 3394 4611 et
3441 4558 3759 4631 speluncis,

2073 4634 2106 4661 ι,

341 4649 432 4701 est
462 4647 518 4698 et
547 4642 1128 4714 probatus.Joannes
1152 4639 1413 4712 Baptista
1433 4641 1762 4712 Principem
1796 4644 2001 4716 agonis

344 4731 610 4796 humani,
641 4730 1186 4804 praemiatoremque
1216 4729 1590 4796 luctantium,
1619 4732 1866 4787 necdum
1903 4750 1997 4787 na-

345 4825 444 4876 tus
464 4819 692 4875 venisse
713 4817 1000 4890 cognovit,
1023 4821 1197 4889 atque
1219 4819 1277 4872 in
1310 4821 1474 4872 utero
1499 4819 1704 4873 matris
1727 4821 1999 4877 exsiliens

345 4908 454 4980 piae
486 4907 748 4961 brevium
781 4905 1166 4960 confessionis
1201 4905 1468 4960 emeruit.
1504 4906 1677 4960 Recte
1701 4908 1826 4976 jam
1860 4913 1999 4963 tunc

350 4993 691 5067 designatus
737 4997 824 5050 est
871 4993 943 5047 ad
985 5009 1280 5060 coronam,
1315 4993 1415 5063 qui
1474 4998 1604 5049 ante
1665 5012 1865 5050 omnes
1925 4998 1995 5052 ad

350 5081 565 5139 Christi
595 5098 839 5154 agonem
873 5080 1006 5135 ﬁdei
1041 5080 1210 5136 testis
1241 5085 1297 5135 et
1342 5098 1524 5150 praeco
1556 5082 1788 5137 virtutis
1822 5079 1993 5139 suum

350 5187 559 5226 nomen
608 5169 920 5224 obtulerat.
955 5169 1142 5222 Bonas
1194 5185 1397 5238 praeco,
1431 5169 1530 5239 qui
1583 5171 1652 5224 ad
1703 5175 1994 5226 certamen

348 5257 496 5315 alios
525 5259 828 5314 excitabat.
864 5258 932 5312 Et
961 5273 1090 5312 vere
1135 5257 1323 5325 bonus
1354 5273 1560 5326 praeco,
1587 5260 1686 5324 qui
1719 5264 1837 5312 tam
1873 5275 1992 5314 ma-

419 5435 530 5505 (28)
563 5433 728 5505 Hunc
758 5431 952 5505 locu_m
997 5427 1335 5505 memoriter
1370 5428 1568 5505 citavit
1613 5431 1991 5505 Ambrosius;

348 5499 827 5579 quandoquidem
878 5502 1055 5579 Jacob
1087 5499 1330 5579 fugienti
1364 5500 1601 5579 fratrem
1655 5518 1721 5557 ea
1769 5499 1992 5574 tribuit,

347 5571 582 5648 duzeab
608 5571 679 5648 eo
713 5573 770 5625 in
803 5572 1050 5648 patriam
1083 5571 1359 5648 redeunte
1391 5571 1543 5648 dicta
1576 5571 1990 5631 memorantur.

350 5641 440 5705 Ab
473 5644 552 5699 ibi
587 5642 762 5698 etiam
796 5641 1080 5714 reperitur
1110 5641 1306 5711 aliqua
1353 5643 1631 5711 varietas;
1683 5662 1813 5702 cum
1866 5665 1989 5720 pro,

2109 4635 2165 4699 et
2197 4643 2376 4699 foveis
2408 4646 2593 4709 terra},
2627 4641 2762 4697 licet
2793 4641 3045 4698 ludibria
3077 4644 3265 4700 multa
3295 4649 3352 4700 et
3387 4649 3593 4702 acerba
3622 4641 3760 4715 sup-

2109 4732 2282 4804 plicia
2340 4729 2617 4785 tolerasse
2677 4731 3008 4799 videantur;
3069 4736 3267 4788 tamen
3327 4750 3440 4788 non
3501 4731 3760 4790 derelicti

2110 4825 2266 4876 sunt.
2297 4817 2594 4889 Siquidem
2627 4835 2760 4874 cum
2803 4819 3039 4875 fratrem
3091 4821 3314 4893 fugeret
3339 4820 3539 4888 Jacob,
3571 4823 3628 4875 et
3655 4835 3761 4890 per

2109 4909 2340 4963 deserta
2365 4908 2741 4964 incomitatus
2771 4914 3010 4975 erraret,
3033 4907 3401 4973 obdormivit,
3424 4912 3482 4963 et
3511 4923 3758 4980 surgens

2108 4997 2253 5052 vidit
2305 4997 2382 5051 ibi
2439 4995 2876 5052 multitudinem
2932 4995 3180 5051 caelestis
3232 4994 3475 5060 militias,
3524 4999 3582 5051 et
3627 4994 3753 5051 ait:

2109 5109 2134 5134 ‹‹
2170 5085 2272 5140 Hic
2323 5084 2485 5140 locus
2539 5090 2777 5140 vocatur
2833 5088 3021 5138 castra
3075 5081 3416 5154 angelorum
3457 5083 3568 5154 (28)
3600 5083 3752 5153 (Gen.

2105 5190 2283 5240 xxxn,
2317 5176 2391 5243 2).
2420 5196 2445 5220 ››
2479 5173 2601 5226 Non
2637 5172 2778 5228 satis
2808 5171 2920 5224 fuit
2947 5172 3204 5225 castrum
3237 5185 3463 5238 vocare,
3494 5173 3595 5228 sed
3627 5189 3754 5228 cas-

2105 5265 2214 5330 tra,
2234 5279 2362 5333 quae
2393 5264 2563 5316 tantae
2609 5258 2972 5314 multitudini
3006 5257 3588 5317 convenirent.Vides
3618 5277 3754 5334 ergo

2107 5440 2284 5491 castra
2335 5432 2859 5516 (172.geloru.t)z,‘LXX
2908 5431 3120 5516 Interp.
3163 5433 3434 5516 habeant,
3459 5444 3756 5516 ςπαρεμεξρλή

2106 5518 2227 5584 Θεοῦ
2258 5516 2382 5571 αὕτη
2413 5502 2579 5584 Equa
2611 5504 2666 5556 in
2698 5502 2947 5584 lectione
2973 5502 3120 5584 ipsis
3142 5506 3292 5562 sacri
3315 5502 3756 5571 omnium'idio-i

2107 5583 2332 5634 matum
2365 5575 2590 5632 codices
2617 5575 3008 5631 consentiunt.
