4116 6188
339 350 494 421 1043
1793 346 1858 410 8.
1902 343 2005 409 ΑΜ

2121 343 2276 408 OSII
3587 327 3749 392 1044

340 492 480 564 quia
523 485 714 545 solum
756 501 817 544 se
866 486 1131 558 putabat,
1183 489 1240 542 et
1290 488 1481 541 castra
1539 497 1671 540 eum
1731 481 1986 538 caelestis
2009 483 2066 547 Α
2098 502 2126 530 ‹‹
2155 480 2285 536 Noli
2317 479 2504 534 dicere
2535 495 2546 532 :
2582 473 2728 543 Quia
2749 472 2986 548 juvenis
3015 487 3121 544 ego
3151 487 3320 564 sum‘;
3354 467 3641 541 quoniam
3678 466 3762 520 ad

339 558 624 636 exercitus
689 575 1121 648 sequebantur;
1183 575 1334 632 sicut
1387 580 1443 630 et
1497 579 1690 646 patres
1750 575 1980 628 nostros
2093 585 2298 624 omnes
2354 568 2424 622 ad
2488 581 2873 638 quoscunque
2911 561 3130 618 misero
3177 564 3256 627 te,
3285 558 3401 615 ibis
3450 559 3678 629 (Jerem.
3721 573 3764 622 ι,

337 667 556 738 Moysis
598 669 878 738 tempore,
912 681 983 721 ne
1032 665 1091 720 in
1140 667 1369 721 deserto
1420 664 1670 729 sitirent,
1703 667 1864 735 petra
1895 662 1984 722 (ut
2090 660 2247 727 7)..»
2285 657 2367 712 Ita
2397 672 2511 710 non
2552 656 2828 726 juvenem
2877 669 2993 707 non
3042 650 3285 738 putavit,
3319 664 3498 720 quem
3532 649 3766 738 raptum

336 733 621 828 scriptum
671 733 778 826 est)
827 755 1183 826 sequebatur
1227 754 1275 826 (1
1303 755 1422 810 Cor.
1457 771 1512 819 x,
1544 754 1618 824 ὅ).
1651 733 1799 808 Nam
1848 768 1982 806 cum
2095 745 2446 819 prophetica:
2505 744 2703 816 gratiae
2753 740 3079 814 judicabat.
3113 737 3268 794 Talis
3327 753 3466 828 ergo
3518 733 3773 828 juvenis

335 843 395 900 in
450 824 644 900 Exodo
695 824 1010 916 legerimus
1059 824 1249 914 (Exod.
1283 843 1504 909 xv11,6)
1549 841 1704 912 quod
1753 839 1985 895 sitiente
2098 836 2208 891 fuit
2263 835 2463 900 David,
2497 834 2595 904 qui
2656 834 2967 888 renovatus
3027 832 3202 894 esset,
3251 833 3310 882 et
3364 824 3769 916 reﬂoruisset,

339 933 580 1006 populo,
613 915 897 1004 percussit
950 932 1178 1003 Moyses
1230 932 1390 1004 virga
1449 936 1693 1002 petram,
1727 933 1784 984 et
1834 944 1988 999 aqua
2097 928 2164 979 ut
2211 925 2337 996 ipse
2379 923 2526 978 dixit
2565 923 2735 992 (Psal.
2768 937 2868 989 cn,
2897 920 2977 991 5),
3011 918 3173 974 velut
3219 915 3429 1006 aquilae
3473 916 3772 1006 juventus

343 1021 531 1086 ﬂuxit,
564 1023 622 1076 et
652 1019 800 1076 bibit
827 1019 1080 1092 populus
1112 1019 1248 1087 Dei;
1293 1020 1505 1074 iterum
1538 1019 1598 1073 in
1630 1017 1874 1074 Levitico
1906 1016 1985 1072 1e-

343 1108 627 1184 gerimus,
655 1108 740 1164 vel
773 1108 831 1162 in
864 1108 1134 1165 Numeris
1167 1110 1320 1181 quod
1354 1125 1559 1164 rursus
1603 1108 1829 1179 Moyses
1859 1105 1989 1161 teti-

345 1197 496 1272 gerit
539 1201 767 1270 petram
815 1197 977 1270 virga
1023 1200 1208 1269 (Num.
1241 1215 1334 1263 xx,
1384 1199 1488 1268 11),
1523 1201 1579 1252 et
1624 1194 1993 1251 scaturiverit

345 1303 500 1358 aqua
529 1285 796 1358 patribus
844 1287 915 1341 ad
965 1286 1320 1354 bibendum;
1365 1286 1636 1357 preclare
1680 1283 1993 1357 Apostolus

346 1375 457 1432 hoc
487 1375 902 1447 interpretatus
933 1379 1021 1431 est
1051 1377 1250 1430 dicens
1277 1393 1288 1428 :
1320 1398 1347 1424 «
1382 1375 1667 1431 Bibebant
1697 1379 1890 1430 autem
1923 1373 1995 1427 de

347 1463 726 1536 consequenti
757 1480 855 1519 eos
900 1470 1090 1536 petra;
1125 1469 1291 1537 petra
1337 1469 1529 1520 autem
1579 1469 1704 1520 erat
1733 1462 1996 1518 Christus

347 1554 395 1626 (I
423 1553 542 1609 Cor.
577 1571 634 1608 x.
667 1555 743 1625 ἆ).
771 1576 798 1602 ››
825 1553 961 1609 Illos
1008 1553 1188 1625 igitur
1231 1553 1529 1625 querulos,
1560 1553 1692 1608 illos
1725 1568 1997 1607 murmu-

347 1646 564 1713 rantes,
599 1641 732 1698 illos
782 1642 1250 1714 praevaricantes,
1283 1646 1480 1696 tamen
1529 1658 1643 1697 non
1693 1640 1999 1696 deserebat

345 1732 656 1798 Dominus,
691 1732 791 1786 sed
837 1731 1210 1803 sequebatur.
1246 1731 1391 1796 Quid
1423 1731 1495 1785 de
1524 1729 1649 1786 Elia
1695 1734 1751 1784 et
1794 1729 1996 1784 Elisaao

346 1819 786 1891 dicam,quibus
809 1835 909 1890 per
929 1820 1157 1875 deserta
1173 1819 1575 1891 gradientibus
1593 1818 1726 1890 equi
1743 1818 1814 1873 de
1830 1815 1993 1884 coelo,

347 1911 406 1964 et
423 1907 634 1980 igneus
650 1925 857 1964 currus
873 1908 1161 1964 occurrit?
1178 1909 1477 1973 Quomodo
1494 1907 1805 1963 derelictus
1821 1905 1997 1973 Elias,

353 1995 454 2069 qui
501 2000 591 2053 est
637 1996 917 2053 invitatus
972 2014 1006 2052 a
1051 1996 1282 2053 Christo
1311 1997 1519 2066 (Matth.
1561 2013 1698 2063 xvn,
1729 1995 1825 2066 3)?
1855 2011 1998 2066 quo-

352 2086 526 2141 modo
557 2084 871 2140 derelictus
911 2085 970 2140 in
1019 2085 1210 2152 terris,
1245 2085 1344 2157 qui
1376 2091 1577 2157 raptus
1627 2085 1695 2139 ad
1749 2083 2002 2139 caelum?

351 2174 646 2246 quomodo
694 2189 913 2246 egenus
945 2177 1002 2229 et
1031 2174 1223 2230 nudus
1252 2178 1309 2229 et
1339 2173 1552 2239 inanis,
1577 2173 1677 2245 qui
1721 2171 2002 2244 geminati

354 2261 602 2335 spiritus
647 2262 1047 2318 hereditatem
1082 2262 1370 2334 discipulo
1415 2261 1756 2333 dereliquit;
1791 2266 1856 2316 ut
1885 2277 2004 2316 una

355 2349 633 2407 melotide
662 2350 848 2406 haeres
891 2351 1143 2406 donatus
1174 2351 1379 2406 ﬂuvios
1410 2351 1658 2419 sisteret,
1691 2350 2002 2406 Iordanem

355 2440 652 2494 revocaret
680 2438 738 2492 in
773 2439 1012 2509 fontem,
1061 2455 1263 2511 regum
1315 2439 1601 2494 exercitus
1650 2442 1914 2510 pasceret
1943 2439 2002 2492 in

357 2527 606 2592 deserto,
637 2531 694 2582 et
719 2530 918 2598 potum
955 2527 1289 2582 sitientibus
1330 2527 1689 2584 ministraret
1704 2529 1730 2581 Ἰ
1759 2529 1842 2582 Ad
1876 2528 2004 2598 ejus

357 2615 666 2671 arbitrium
715 2615 786 2670 de
839 2614 980 2671 coelo
1036 2615 1405 2687 profluebant
1460 2615 1684 2688 pocula,
1721 2617 1780 2670 in
1833 2616 2006 2671 terris

362 2703 577 2760 mortui
600 2704 1004 2777 resurgebant.
1022 2705 1283 2769 Quorum
1306 2705 1616 2760 derelictus
1635 2709 1724 2761 est
1741 2703 2006 2771 Elisaaus,

359 2791 617 2864 quicum
651 2793 930 2864 Syrorum
959 2792 1212 2849 vallatus
1243 2799 1398 2849 esset
1428 2795 1701 2861 exercitu,
1738 2797 1804 2848 ut
1832 2794 2010 2866 capti-

359 2897 468 2936 vus
527 2885 830 2952 raperetur
886 2881 956 2937 ad
1015 2897 1230 2954 regem,
1281 2881 1508 2936 dicente
1564 2882 1718 2938 Giezi
1777 2898 1939 2938 servo
1993 2899 2006 2936 :

365 2992 393 3020 ‹‹
428 2967 690 3035 Domine,
741 2968 881 3040 quid
931 2969 1236 3036 faciemus,
1266 2969 1349 3024 ait
1382 2987 1393 3024 :
1429 2969 1556 3025 Noli
1607 2970 1833 3036 timere,
1865 2987 2008 3043 quo-

2100 1030 2224 1069 sua.
2259 1013 2354 1068 Sic
2385 1028 2520 1084 ergo
2562 1008 2806 1082 intelligi
2839 1013 3107 1081 oportet:
3145 1030 3173 1056 «
3215 1005 3454 1077 juvenis
3505 1003 3624 1066 fui;
3660 1003 3770 1058 sed

2101 1101 2522 1169 sanctiﬁcatus,
2575 1101 2676 1155 sed
2729 1098 3014 1171 propheta
3058 1097 3118 1151 in
3175 1096 3451 1168 gentibus
3502 1093 3766 1166 positus,

2101 1193 2198 1264 qui
2223 1193 2350 1262 jam
2383 1207 2618 1263 possem
2651 1189 2813 1261 regni
2858 1186 3106 1244 caelestis
3143 1188 3516 1242 sacramenta
3545 1198 3765 1254 cogno-

2103 1297 2280 1349 scere,
2333 1285 2391 1336 et
2449 1297 2581 1335 vera
2642 1278 2881 1350 praemia
2937 1276 3304 1332 considerare
3351 1273 3620 1345 justitia,
3652 1271 3763 1326 sed

2107 1392 2135 1420 «
2167 1387 2281 1426 non
2301 1371 2420 1425 vidi
2439 1370 2673 1441 justum
2695 1366 3058 1422 derelictum.
3087 1387 3113 1413 ››
3139 1365 3342 1420 Postea
3363 1378 3605 1435 quoque
3625 1360 3771 1416 alibi

2104 1465 2162 1516 et
2190 1477 2303 1514 usu
2357 1459 2667 1514 roboratus
2697 1458 2808 1528 (29)
2839 1459 2897 1512 et
2927 1470 3188 1518 munere,
3236 1451 3527 1524 acquisivi
3581 1450 3780 1505 incre-

2106 1553 2305 1604 menta
2331 1547 2654 1620 sapientiae.
2688 1546 2899 1600 Eadem
2927 1544 3080 1600 circa
3101 1545 3329 1615 justum
3353 1542 3484 1597 visa
3503 1545 3598 1596 est
3625 1539 3777 1595 mihi

2107 1637 2297 1711 gratia
2325 1651 2689 1709 permanere.

2178 1727 2267 1782 60.
2337 1725 2821 1798 Explanavimus,
2909 1728 2976 1778 ut
3060 1721 3385 1795 potuimus,
3469 1719 3778 1791 quomodo

2109 1815 2320 1872 dixerit
2372 1831 2385 1868 :
2434 1814 2679 1870 Juvenis
2737 1814 2848 1882 fui;
2911 1812 3011 1868 sed
3070 1810 3362 1884 quomodo
3422 1808 3774 1865 addiderit:

2114 1929 2143 1956 «
2177 1905 2409 1960 Etenim
2461 1903 2648 1972 senui,
2687 1927 2713 1952 »
2745 1902 3204 1959 consideremus.
3255 1901 3414 1956 Bona
3460 1900 3776 1970 juventus,

2115 1995 2216 2050 sed
2250 1993 2454 2050 melior
2509 1996 2824 2048 senectus:
2862 1991 2963 2062 qui
3008 1990 3168 2047 enim
3225 2004 3411 2060 usque
3470 1988 3530 2042 in
3593 1988 3775 2042 ﬁnem

2113 2081 2595 2156 perseveraverit,
2656 2080 2749 2135 hic
2802 2080 2999 2135 salvus
3057 2078 3184 2134 erit.
3247 2078 3411 2133 Unde
3470 2093 3588 2132 non
3641 2093 3778 2148 per-

2117 2172 2404 2227 functorie
2468 2171 2539 2226 de
2616 2169 2950 2242 patriarcha
3022 2167 3318 2224 Abraham
3386 2166 3609 2222 dictum
3681 2171 3777 2220 est

2115 2263 2267 2333 (Gen.
2299 2278 2428 2329 xxv,
2481 2261 2557 2330 8),
2619 2259 2773 2331 quod
2832 2257 3094 2313 nutritus
3149 2260 3304 2312 esset
3358 2256 3419 2310 in
3476 2259 3784 2311 senectute

2115 2351 2286 2406 bona.
2348 2351 2414 2404 Et
2470 2349 2726 2405 Joannes
2791 2363 2966 2402 senex
3035 2346 3209 2418 coepit
3273 2344 3532 2401 scribere
3598 2344 3789 2398 Evan-

2116 2438 2357 2511 gelium,
2416 2437 2506 2492 vel
2563 2435 2875 2509 Epistolas,
2909 2435 3011 2506 qui
3079 2451 3214 2496 curn
3281 2433 3577 2506 refugeret
3642 2449 3790 2504 apo-

2117 2527 2335 2583 stolum
2394 2543 2456 2582 se
2511 2525 2795 2591 scribere,
2857 2523 3148 2579 seniorem
3205 2522 3443 2595 scripsit
3499 2521 3704 2594 (epist.
3754 2524 3793 2574 2

2117 2622 2176 2672 et
2204 2617 2258 2688 3)
2291 2633 2304 2670 :
2340 2632 2445 2671 nec
2477 2615 2669 2671 minor
2708 2619 2798 2670 est
2825 2615 3172 2680 aestimatus,
3205 2611 3300 2667 cui
3349 2627 3576 2684 cygnea
3622 2627 3784 2682 quaa-

2119 2707 2255 2762 dam
2308 2707 2642 2777 suppeteret
2695 2703 2884 2776 gratia
2941 2702 3262 2757 senectutis
3311 2701 3448 2771 (30).
3501 2700 3638 2772 Ipse
3667 2699 3787 2754 Vas

2120 2793 2419 2850 electionis
2447 2791 2752 2848 dominicae
2784 2789 3046 2847 scribens
3087 2790 3158 2845 ad
3208 2788 3619 2844 Philemonem
3653 2788 3738 2843 ait
3771 2804 3784 2839 :

2122 2907 2151 2934 «
2183 2887 2327 2938 Cum
2358 2883 2435 2938 sit
2481 2881 2636 2946 talis,
2671 2885 2736 2936 ut
2782 2879 3002 2936 Paulus
3051 2895 3244 2945 senex,
3278 2894 3437 2933 nunc
3487 2882 3694 2933 autem
3728 2881 3790 2932 et

2120 2971 2351 3026 vinctus
2405 2969 2622 3026 Christi
2668 2970 2831 3036 Jesu,
2873 2968 3112 3024 obsecro
3169 2972 3224 3022 te
3282 2983 3385 3038 pro
3441 2982 3577 3021 meo
3640 2964 3789 3032 filio,

363 3057 521 3113 niam
572 3057 772 3129 plures
819 3057 1126 3113 nobiscum
1174 3061 1331 3140 sunt,
1363 3075 1540 3130 quam
1590 3075 1724 3113 cum
1772 3059 1910 3114 illis.
1944 3059 2014 3112 Et
2123 3076 2300 3132 quem
2331 3059 2505 3132 genui
2535 3060 2594 3114 in
2625 3057 2894 3123 vinculis,
2922 3056 3195 3113 Onesimo
3223 3056 3480 3128 (Philem.
3514 3056 3552 3109 9
3583 3058 3643 3109 et
3677 3056 3785 3123 10)..

366 3146 510 3201 dixit
544 3163 558 3201 :
589 3146 854 3212 Domine,
912 3147 1071 3218 aperi
1128 3146 1328 3201 oculos
1375 3148 1526 3216 ejus,
1578 3151 1643 3201 ut
1686 3147 1897 3202 videat.
1946 3147 2014 3201 Et
2040 3201 2092 3219 _
2125 3148 2341 3205 Volens
2371 3148 2567 3219 itaque
2599 3147 2683 3202 illi
2719 3146 3040 3219 plurimum
3071 3146 3315 3213 deferre,
3351 3143 3573 3200 seniori
3603 3143 3792 3199 Paulo

367 3234 550 3306 aperti
584 3239 722 3290 sunt
741 3233 894 3290 oculi
918 3235 1074 3304 ejus,
1095 3238 1152 3289 ct
1180 3233 1326 3288 vidit
1356 3238 1612 3289 montem
1644 3239 1701 3289 et
1729 3235 1928 3290 omnia
1952 3236 2012 3291 in
2042 3233 2096 3272 υ
2124 3254 2282 3305 eum,
2318 3253 2432 3292 non
2475 3235 2676 3308 juveni
2708 3235 3095 3308 comparavit;
3129 3237 3185 3290 et
3214 3233 3291 3288 ibi
3325 3248 3386 3289 se
3417 3248 3625 3288 senem
3660 3249 3796 3289 esse

366 3323 614 3378 circuitu
645 3323 813 3394 equis
844 3321 1170 3377 innumeris
1201 3325 1258 3376 et
1288 3320 1622 3376 coelestibus
1670 3320 1889 3394 repleta
1931 3323 2009 3379 le-

366 3411 640 3483 gionibus
668 3413 762 3480 (IV
801 3412 928 3478 Reg.
960 3425 1038 3474 vr,
1073 3409 1158 3476 16,
1193 3410 1303 3480 17).
1330 3431 1358 3458 ››
1385 3409 1603 3466 Paulus
1648 3427 1880 3483 quoque
1911 3413 2012 3483 qui

366 3497 530 3566 dixit,
554 3497 829 3569 periculis
860 3498 919 3552 in
951 3496 1119 3565 mari,
1142 3496 1422 3568 periculis
1453 3499 1511 3554 in
1544 3499 1772 3555 deserto
1794 3517 1856 3555 se
1886 3517 2013 3557 esse

357 3587 645 3658 jactatum
697 3586 774 3657 (II
803 3585 923 3641 Cor.
964 3603 1042 3654 xx,
1087 3587 1200 3657 26),
1255 3591 1446 3642 tamen
1497 3587 1623 3660 ipse
1668 3588 2011 3645 testificatus

366 3678 457 3731 est
484 3674 686 3730 dicens
719 3691 788 3729 :«
821 3674 880 3731 Si
916 3675 1065 3732 Deus
1115 3692 1218 3747 pro
1271 3675 1462 3739 nobis,
1496 3677 1628 3748 quis
1673 3681 1876 3733 contra
1905 3694 2012 3736 nos

368 3764 540 3834 (Rom.
563 3781 688 3831 vm,
709 3762 846 3834 3i)?
867 3763 1016 3834 Ergo
1047 3761 1142 3817 ille
1172 3763 1220 3818 si
1253 3763 1582 3828 derelictus,
1608 3769 1663 3820 et
1692 3765 2013 3822 destitutus

367 3852 440 3908 ab
470 3851 830 3920 hominibus,
850 3852 1004 3923 apud
1028 3851 1209 3907 Deum
1231 3852 1490 3907 abundat
1510 3857 1566 3907 et
1586 3854 1840 3925 proﬂuit.
1865 3855 2011 3910 Nam

366 3944 423 3998 et
449 3939 604 3997 Elias
634 3939 953 3996 destitutus
997 3944 1140 4006 erat,
1174 3939 1256 3994 ita
1299 3944 1364 3995 ut
1393 3941 1611 3996 diceret
1645 3958 1657 3996 :
1689 3964 1714 3991 «
1747 3942 2010 4010 Domine,

365 4029 561 4100 accipe
608 4029 866 4085 animam
917 4043 1107 4083 meam
1148 4028 1249 4098 (III
1276 4031 1401 4098 Reg.
1435 4045 1549 4095 xxx,
1584 4030 1666 4100 4);
1712 4034 1768 4084 et
1816 4033 2012 4085 tamen

364 4117 596 4190 vigebat
621 4117 776 4188 apud
807 4116 1013 4178 Deum,
1046 4120 1112 4170 ut
1150 4115 1293 4187 ipsis
1337 4119 1492 4172 esset
1535 4117 1772 4188 regibus
1801 4118 2014 4173 virtute

363 4204 662 4261 terribilis.

432 4295 523 4349 59.
557 4294 860 4358 Quomodo
890 4293 1119 4365 juvenis
1147 4291 1259 4347 hoc
1303 4292 1476 4347 David
1529 4293 1715 4366 potuit
1743 4311 2012 4366 compre-

365 4381 662 4438 hendere?
706 4381 950 4436 Juvenis
994 4381 1152 4437 enim
1197 4381 1386 4453 magis
1435 4380 1800 4455 temporalia,
1833 4399 2010 4454 quam

363 4473 577 4524 interna
605 4469 963 4535 considerat;
997 4471 1136 4541 quia
1179 4474 1319 4525 aetas
1363 4487 1430 4524 ea
1477 4469 1798 4542 propendet
1825 4471 1896 4525 ad
1927 4471 2008 4526 vi-

2125 3325 2409 3398 gloriatus
2457 3329 2564 3391 est,
2616 3325 2716 3379 ubi
2763 3326 2892 3395 jam
2945 3325 3002 3378 in
3047 3321 3297 3378 vinculis
3343 3321 3683 3377 tenebatur.
3722 3323 3796 3377 Et

2123 3413 2314 3471 videte
2358 3413 2699 3469 distantiam
2733 3411 3120 3483 {adolescens
3170 3411 3543 3484 significatus
3589 3415 3676 3465 est
3718 3410 3784 3464 in

2126 3503 2372 3559 alterius
2428 3502 2719 3574 passione,
2780 3518 2956 3557 senex
3011 3501 3071 3556 in
3133 3518 3256 3557 sua.
3318 3499 3403 3554 Ibi
3466 3504 3533 3555 ut
3590 3498 3789 3553 adole-

2125 3608 2321 3659 scens,
2369 3591 2509 3663 quia
2552 3591 2894 3646 Judaaorum
2940 3589 3288 3646 vestimenta
3341 3589 3613 3644 servabat
3644 3589 3790 3657 (Act.

2124 3697 2225 3747 vn,
2256 3680 2380 3750 57);
2412 3679 2504 3734 hic
2535 3695 2730 3745 senex,
2763 3678 2863 3734 ubi
2895 3678 2985 3734 sui
3019 3677 3278 3750 corporis
3315 3678 3557 3732 exuvias
3601 3693 3793 3733 exue-

2127 3769 2244 3824 bat.
2305 3768 2567 3839 Denique
2622 3772 2678 3822 et
2731 3767 2935 3824 Petrus
2991 3767 3071 3822 ibi
3139 3783 3315 3822 senex
3370 3765 3618 3833 dicitur,
3688 3766 3792 3820 ubi

2127 3860 2422 3912 certamen
2479 3860 2569 3911 est
2627 3855 2919 3928 passionis
2960 3872 3029 3908 :«
3081 3855 3225 3910 Cum
3275 3853 3501 3925 junior,
3563 3853 3791 3926 inquit,

2127 3961 2308 4012 esses,
2342 3945 2617 4017 cingebas
2647 3949 2723 4012 te,
2757 3949 2813 4000 et
2843 3943 3189 3999 ambulabas
3218 3943 3316 3997 ubi
3348 3942 3616 4007 volebas;
3652 3960 3794 3998 cum

2127 4037 2323 4088 autem
2382 4032 2660 4099 senueris,
2694 4033 2967 4088 extendes
3028 4048 3239 4086 manus
3297 4036 3478 4086 tuas:
3514 4035 3571 4086 et
3632 4031 3796 4089 alius

2127 4126 2182 4177 te
2231 4121 2442 4193 cinget,
2489 4125 2544 4175 et
2590 4121 2765 4177 ducet
2821 4137 2935 4192 quo
2983 4126 3046 4176 tu
3103 4137 3215 4175 non
3265 4120 3375 4175 vis.
3406 4119 3526 4176 Hoc
3584 4125 3792 4177 autem

2125 4208 2290 4275 dixit,
2351 4209 2692 4282 signiﬁcans
2724 4226 2839 4281 qua
2897 4213 3081 4265 morte
3139 4208 3571 4265 clarificaturus
3629 4215 3792 4265 esset.

2125 4297 2308 4352 Deum
2345 4299 2520 4368 (Joan.
2573 4313 2690 4364 xxI,
2724 4299 2809 4364 18,
2844 4297 2953 4366 19).
2977 4321 3004 4345 n
3037 4297 3181 4351 Ante
3230 4299 3533 4352 certamen
3575 4296 3783 4367 junior

2123 4385 2356 4452 dicitur,
2406 4385 2462 4439 in
2515 4385 2831 4441 certamine
2880 4401 3074 4451 senex,
3110 4384 3207 4456 qui
3257 4401 3434 4440 omne
3477 4390 3784 4440 certamen

2121 4472 2468 4544 impleverit.
2505 4473 2620 4528 Hoc
2668 4489 2804 4544 ergo
2837 4472 2978 4527 dicit
3018 4471 3192 4526 David
3223 4471 3320 4526 ille
3371 4472 3431 4526 in
3466 4473 3791 4542 juventute

361 4557 464 4612 tia.
497 4557 608 4612 Sed
661 4561 802 4613 sunt
858 4557 1098 4629 quidam
1146 4558 1206 4612 in
1245 4559 1552 4628 juventute
1581 4575 1770 4627 senes,
1826 4565 1882 4615 et
1909 4560 2006 4616 alii
2036 4561 2089 4637 α
2122 4560 2388 4626 bellator,
2421 4561 2480 4614 in
2511 4565 2805 4616 senectute
2847 4561 3126 4631 paciﬁcus
3149 4577 3161 4614 :
3184 4584 3211 4607 ‹‹
3242 4560 3510 4624 Juvenis,
3563 4560 3787 4632 inquit,

356 4646 606 4717 juvenes
651 4645 708 4701 in
751 4649 1068 4702 senectute.
1101 4647 1271 4714 Sunt,
1305 4646 1567 4716 inquam,
1600 4647 1707 4701 viri
1757 4665 2008 4719 quorum

365 4735 547 4790 animi
613 4733 889 4792 senilium
957 4734 1236 4806 gravitate
1294 4739 1625 4799 censentur,
1680 4737 1739 4791 in
1798 4738 2012 4808 quibus

367 4823 521 4880 804
550 4827 688 4879 aetas
718 4823 1038 4878 senectutis
1083 4822 1159 4878 sit
1202 4822 1317 4877 vita
1365 4821 1762 4892 immaculata,
1796 4825 1856 4881 in
1885 4827 2015 4898 qui-

366 4912 478 4968 bus
533 4912 726 4985 vigeat
780 4913 993 4967 incana
1049 4910 1378 4982 prudentia,
1425 4911 1616 4982 qualis
1672 4918 1795 4968 erat
1848 4915 2014 4970 Jere-

368 5001 540 5066 mias,
571 5000 672 5072 qui
730 5016 863 5055 cum
907 5016 970 5055 se
1003 5000 1280 5070 juvenem
1342 4999 1607 5054 contuitu
1664 5007 2016 5058 memoraret

369 5088 578 5157 atatis,
608 5093 664 5144 et
693 5103 798 5160 per
834 5088 1201 5157 juventutem
1250 5092 1570 5152 excusaret,
1603 5089 1754 5159 quod
1806 5090 2010 5160 praedi-

369 5177 537 5232 candi
568 5175 760 5250 impar
803 5175 992 5232 officio
1040 5175 1358 5242 videretur,
1401 5175 1482 5230 ait
1542 5175 1624 5229 illi
1675 5177 1960 5234 Dominus
1999 5197 2010 5234 :

461 5353 548 5420 29)
577 5353 726 5411 Edit.
762 5354 926 5410 Rom.
962 5355 1166 5410 Postea
1195 5367 1427 5425 quoque
1455 5353 1623 5408 senui
1651 5371 1662 5407 :
1693 5353 1749 5408 id
1783 5359 1872 5410 est
1902 5373 2013 5411 usu

369 5425 696 5504 reboratus,
729 5430 836 5482 etc.
868 5426 1138 5497 Optimus
1169 5441 1399 5504 sensus.
1435 5425 1546 5480 Sed
1579 5425 1628 5479 ei
1661 5430 1856 5480 tamen
1890 5433 2010 5482 ant.

367 5493 508 5548 edit.
541 5508 606 5547 ac
653 5512 795 5550 mss.
827 5493 1031 5553 om'nes
1080 5495 1420 5565 reclamant,
1468 5512 1720 5567 quorum
1769 5513 2011 5553 consen-

369 5579 504 5620 sum
535 5567 715 5620 secuti
746 5583 973 5622 sumus.

440 5633 552 5706 (30)
589 5657 609 5683 ιι
643 5639 962 5708 Cygnea....
996 5638 1182 5707 gratia
1226 5638 1564 5706 senectutis,
1601 5661 1627 5687 ››
1661 5637 1718 5695 id
1760 5643 1847 5695 est
1877 5657 2011 5697 sua-

2125 4649 2205 4703 fui
2239 4665 2252 4702 :
2282 4672 2310 4698 ››
2333 4649 2433 4703 sed
2468 4648 2598 4703 nolo
2630 4665 2723 4704 me
2752 4647 2944 4703 adhuc
2966 4649 3243 4719 juvenem
3275 4653 3448 4720 putes
3471 4665 3519 4702 τί(
3548 4650 3786 4705 Etenim

2124 4738 2316 4804 senui,
2349 4741 2406 4792 et
2437 4754 2552 4792 non
2582 4737 2700 4792 vidi
2729 4739 2960 4809 justum
3013 4736 3384 4802 derelictum,
3419 4754 3526 4792 nec
3573 4754 3787 4794 semen

2125 4827 2253 4897 ejus
2285 4841 2552 4896 quaerens
2584 4841 2814 4896 panem.
2843 4847 2870 4873 »

2194 4915 2282 4968 61.
2315 4914 2477 4979 Quod
2509 4918 2597 4968 est
2626 4929 2824 4969 semen
2857 4913 3042 4983 iusti?
3067 4935 3093 4963 «
3124 4913 3370 4969 Abrahae
3415 4914 3588 4970 dicta:
3639 4922 3789 4971 sunt

2124 5001 2569 5074 promissiones,
2601 5004 2660 5055 et
2687 5001 2897 5056 semini
2929 5003 3056 5072 ejus
3090 5018 3102 5057 ;
3137 5018 3251 5056 non
3283 5000 3426 5056 dicit
3459 5017 3473 5056 :
3510 5002 3578 5057 Et
3605 5004 3791 5059 semi-

2125 5090 2321 5154 nibus,
2368 5095 2652 5162 tanquam
2710 5090 2769 5144 in
2828 5090 3070 5158 multis;
3127 5091 3229 5146 sed
3276 5090 3432 5146 sicut
3487 5091 3547 5146 in
3609 5108 3783 5147 uno:

2128 5179 2193 5234 Et
2258 5179 2468 5235 semini
2536 5184 2658 5244 tuo,
2726 5179 2880 5250 quod
2948 5185 3037 5236 est
3100 5179 3364 5235 Christus
3433 5181 3787 5252 (Galat.1u,

2120 5355 2246 5412 vior
2289 5360 2557 5411 senectus
2590 5369 2604 5408 :
2637 5371 2706 5411 ex
2755 5357 3054 5411 communi
3106 5353 3326 5410 scilicet
3369 5371 3571 5411 errore
3619 5364 3786 5413 vete-

2124 5445 2277 5492 rum,
2317 5444 2352 5482 a
2390 5427 2607 5498 quibus
2665 5427 2832 5498 cygni
2890 5427 3002 5483 sub
3058 5431 3301 5498 mortem
3359 5426 3784 5484 imminentem

2124 5499 2361 5555 suavius
2397 5497 2602 5553 canere
2633 5497 3063 5554 asserebantur.
3097 5498 3206 5553 Sed
3239 5497 3344 5552 hoc
3377 5513 3617 5554 merum
3653 5516 3785 5555 esse

2123 5574 2519 5626 commentum
2543 5569 2667 5640 jam
2699 5569 2988 5627 difﬁtetur
3017 5585 3204 5625 nemo.
