4116 6188
268 393 410 462 1045

1299 392 1757 463 ENARRATIO
1797 387 1881 458 IN
1921 385 2306 460 PSALMUM
2348 389 2629 460 XXXVI.

3517 386 3677 462 1046

267 535 368 604 16).
404 556 431 583 ››
458 530 608 590 Audi
632 530 785 604 justi
811 524 1265 594 semen.«Filioli
1298 535 1436 600 mei,
1471 552 1616 606 quos
1648 550 1752 606 ego
1781 549 1907 603 par-
1939 528 1996 594 Α
2025 538 2174 587 recle
2206 532 2434 596 offeras,
2481 548 2592 586 non
2646 534 2800 588 recte
2841 531 3092 608 dividas,
3142 528 3396 607 peccasti
3438 529 3459 592 ξ
3509 530 3679 603 quie-

266 624 430 689 turio,
489 624 675 678 donec
723 623 1006 678 formetur
1047 621 1318 677 Christus
1379 623 1437 677 in
1494 625 1656 678 vobis
1706 623 1902 692 (Galat.

269 731 337 781 1v,
369 714 478 783 19).
513 734 540 761 ››
571 712 642 766 Et
674 729 832 766 nunc
863 711 911 766 si
944 711 1075 783 quis
1106 727 1173 765 ex
1205 712 1480 782 gentibus
1511 714 1746 769 veniens
1787 726 1906 765 ser-

269 819 490 858 monem
522 800 726 856 audiat
756 804 1046 870 nostrum,
1080 804 1137 854 et
1165 800 1452 857 Dominus
1473 805 1677 874 juvare
1706 801 1909 872 digne-

270 896 374 958 tur,
435 897 498 946 ut
549 891 836 945 formetur
893 889 1163 944 Christus
1222 888 1280 942 in
1333 891 1527 946 animo
1586 892 1734 962 ejus,
1795 907 1909 960 quo

269 985 461 1053 partus
511 978 640 1033 ﬁdei
699 979 847 1032 ferat
899 995 911 1032 :
969 993 1165 1033 semen
1215 977 1264 1032 ei
1312 978 1580 1034 Christus
1625 978 1748 1033 erit.
1787 976 1912 1032 lllic

270 1070 321 1124 in
353 1073 615 1140 utroque.
651 1066 951 1122 Abraham
987 1067 1184 1137 itaque
1232 1072 1287 1120 et
1328 1069 1718 1139 generationis
1749 1071 1914 1139 pater

269 1162 381 1214 erat
438 1157 767 1212 secundum
819 1156 971 1212 805
1032 1171 1289 1222 carnem,
1322 1162 1379 1212 et
1425 1158 1473 1211 is
1523 1158 1618 1228 qui
1669 1157 1911 1211 verbum

267 1245 492 1301 Domini
524 1245 580 1298 in
614 1245 952 1316 pectoribus
987 1246 1290 1314 justorum
1337 1246 1563 1317 primus
1612 1245 1909 1300 infuderit.

270 1336 333 1390 Et
387 1335 514 1390 ideo
561 1334 670 1389 hoc
731 1349 933 1389 semen
974 1334 1215 1388 Abrahae
1268 1350 1446 1404 panes
1497 1336 1638 1389 istos
1697 1335 1914 1406 quibus

272 1424 591 1495 praebeatur
661 1423 983 1494 corporalis
1059 1422 1355 1484 alimonia,
1434 1440 1546 1477 non
1619 1422 1910 1494 requirit;

274 1513 405 1583 quia
433 1512 606 1566 habet
635 1527 845 1582 panem
871 1510 1139 1581 justitiae,
1172 1510 1271 1581 qui
1317 1512 1616 1566 descendit
1645 1513 1715 1566 de
1745 1511 1909 1566 casto.

273 1600 430 1655 Sicut
460 1599 614 1654 enim
638 1602 929 1670 negantur
960 1597 1062 1652 ﬁlii
1093 1598 1340 1653 Abrahm
1377 1601 1475 1670 qui
1525 1615 1698 1672 Opera
1727 1601 1912 1654 Abra-

271 1689 351 1744 ba
383 1706 497 1744 non
530 1687 771 1743 fecerint
823 1705 834 1742 :
886 1688 966 1742 ita
1015 1704 1212 1742 semen
1266 1689 1509 1743 Abraha:
1549 1693 1708 1754 sunt,
1737 1693 1791 1744 et
1824 1689 1911 1742 in-

269 1782 351 1834 ter
398 1777 553 1832 ﬁlios
601 1776 984 1846 recipiuntur,
1047 1776 1145 1846 qui
1205 1766 1350 1847 opus
1419 1778 1547 1848 ejus
1615 1778 1913 1833 effecerint

2019 643 2113 683 sce
2151 625 2308 694 (Gen.
2352 637 2426 686 1v,
2461 621 2536 690 7).
2575 643 2601 669 ››
2635 622 2702 677 Et
2752 628 2815 678 tu
2863 629 3019 680 recte
3064 624 3277 692 divide,
3326 637 3400 678 ne
3445 635 3674 694 pecces.

2019 718 2148 789 Ipse
2179 714 2406 786 Moyses
2436 711 2640 765 doceat
2669 715 2724 767 te
2755 713 3031 782 dividere,
3082 713 3181 786 qui
3232 710 3540 768 admonuit
3583 726 3675 766 re-

2019 810 2110 861 cte
2140 801 2520 860 dividendum
2551 817 2562 866 ;
2598 804 2663 855 ut
2692 804 2958 874 sequaris
3005 803 3162 875 quod
3205 799 3345 858 Abel
3393 799 3533 873 egit,
3575 797 3678 872 qui

2020 900 2174 951 recte
2216 890 2417 946 divisit
2473 905 2485 942 :
2535 889 2726 961 fugias
2777 894 2930 964 quod
2976 893 3116 949 Cain
3169 889 3461 964 parricida
3519 888 3675 956 fecit,

2023 985 2122 1057 qui
2149 980 2428 1052 recte(31)
2449 977 2702 1035 dividere
2734 981 3046 1038 nesciebat.
3079 980 3296 1037 Dividit
3326 994 3462 1050 ergo
3493 977 3678 1050 Spiri-

2019 1079 2117 1130 tus
2150 1075 2392 1128 sanctus
2425 1067 2869 1143 divisiones,qui
2898 1075 3172 1143 operatur
3193 1067 3392 1126 omnia
3413 1067 3677 1124 dividens

2024 1161 2278 1234 singulis
2340 1161 2513 1229 prout
2567 1159 2691 1213 vult
2737 1179 2747 1216 :
2795 1160 2892 1216 ille
2951 1165 3124 1232 prout
3176 1157 3322 1225 vult,
3380 1159 3446 1211 tu
3504 1159 3677 1228 prout

2024 1257 2210 1324 potes,
2247 1252 2422 1320 prout
2450 1246 2682 1319 ingenio
2729 1249 2905 1306 vales.
2941 1249 3144 1305 Divide
3191 1244 3427 1318 quando
3472 1244 3558 1299 lex
3601 1243 3674 1298 de

2025 1341 2274 1413 pecunia
2306 1337 2482 1400 dicat,
2515 1339 2748 1408 quando
2777 1340 2848 1394 de
2877 1338 3085 1410 gratia.
3121 1335 3276 1391 Dixit
3323 1332 3479 1388 enim
3519 1330 3623 1387 tibi
3658 1346 3671 1384 :

2025 1453 2052 1478 ‹‹
2085 1427 2401 1484 Fenerabis
2459 1427 2752 1497 gentibus,
2783 1428 2952 1497 cujus
3001 1425 3284 1481 Dominus
3315 1439 3527 1478 usuras
3557 1419 3675 1476 exi-

2022 1518 2128 1589 git,
2182 1522 2245 1571 tu
2305 1518 2502 1570 autem
2559 1533 2674 1572 non
2733 1515 3096 1572 mutuaberis
3154 1515 3333 1585 (Deut.
3393 1529 3484 1578 xv,
3531 1510 3608 1581 6).
3646 1530 3673 1556 »

2023 1609 2125 1662 Est
2174 1610 2232 1661 et
2288 1605 2536 1676 pecunia
2585 1605 2821 1674 fenoris,
2856 1610 2945 1662 est
2991 1611 3046 1660 et
3093 1603 3301 1676 gratia,
3352 1601 3522 1672 cujus
3561 1599 3673 1654 Do-

2024 1694 2221 1750 minus
2265 1711 2477 1748 usuras
2525 1693 2728 1765 exigit;
2790 1694 3045 1765 pecunia
3094 1690 3332 1756 fenoris,
3374 1707 3450 1744 aes
3498 1687 3677 1744 habet

2021 1783 2213 1855 gratia
2256 1783 2434 1837 ﬁdem
2489 1782 2732 1838 confert.
2784 1783 3062 1836 Fenerato
3107 1795 3244 1850 ergo
3303 1778 3456 1834 806
3494 1775 3673 1831 ﬁdem

271 1867 442 1962 (Ιοξιηι
506 1883 632 1962 V‘III,
691 1865 802 1962 ξθ).
863 1865 1079 1918 Vel‘um
1109 1954 1121 1962 ι
1150 1865 1394 1962 Abram?
1464 1883 1662 1921 semen
1736 1866 1909 1931 Elias,
1945 1897 1992 1962 B
2024 1873 2319 1946 gentibus,
2355 1876 2420 1926 ut
2463 1871 2569 1926 tibi
2609 1872 2867 1926 abundet
2912 1869 3101 1941 gratia
3144 1887 3156 1922 :
3201 1872 3263 1922 tu
3310 1870 3502 1922 autem
3554 1861 3674 1918 noli

271 1956 359 2011 cui
391 1953 632 2025 angelus
661 1953 935 2008 alimenta
988 1954 1301 2024 przebebat,
1352 1959 1410 2009 et
1441 1955 1494 2008 in
1527 1955 1735 2010 virtute
1766 1972 1910 2010 escae

269 2043 426 2098 illius
476 2041 860 2114 quadraginta
909 2043 1136 2096 dierum
1189 2043 1498 2098 curriculis
1547 2043 1907 2099 ambulabat.

267 2132 383 2188 Non
417 2131 749 2202 requirebat
794 2130 970 2186 istam
1025 2132 1284 2202 corporis
1335 2131 1511 2203 hujus
1543 2132 1908 2199 alimoniam,

267 2237 462 2276 verum
494 2235 692 2275 semen
723 2218 988 2286 Abrahae,
1024 2218 1116 2273 cui
1166 2235 1346 2289 panes
1396 2221 1808 2276 deferebantur
1841 2223 1911 2276 de

269 2309 426 2365 coelo.
481 2307 742 2379 Denique
797 2307 950 2362 corvi
1007 2307 1056 2362 ei
1116 2307 1521 2378 quotidianum
1580 2309 1909 2364 convivium

271 2397 700 2454 ministrabant.
736 2397 821 2451 Ita
869 2395 1108 2467 indigus
1161 2402 1284 2451 erat
1331 2399 1615 2462 omnium,
1653 2403 1715 2452 ut
1762 2398 1910 2453 nihil

269 2487 504 2543 haberet
533 2501 728 2552 suum,
761 2489 817 2541 et
847 2485 1191 2540 mittebatur
1237 2489 1300 2539 ut
1346 2486 1562 2541 victum
1615 2487 1745 2542 aliis
1795 2487 1910 2542 lar-

267 2576 503 2649 giretur.
535 2574 750 2629 Verum
781 2590 981 2629 semen
1016 2573 1240 2639 Daniel,
1273 2574 1367 2628 cui
1397 2574 1549 2630 inter
1578 2575 1776 2631 leones
1807 2593 1909 2648 po-

265 2664 376 2720 sito
407 2679 569 2719 aerea
611 2661 831 2717 fercula
875 2678 978 2733 per
1008 2662 1278 2716 Habacuc
1323 2664 1667 2735 prophetam
1702 2665 1911 2719 referta

266 2768 593 2808 messorum
623 2749 812 2822 epulis
842 2749 1224 2804 vehebantur.
1260 2751 1362 2806 Est
1407 2769 1542 2823 ergo
1593 2752 1760 2824 panis
1791 2756 1907 2807 An-

263 2839 544 2912 gelorum,
580 2855 752 2910 quem
784 2837 1162 2893 manducavit
1189 2837 1396 2906 homo;
1451 2839 1533 2895 sic
1579 2840 1733 2895 enim
1766 2841 1908 2896 scri-

263 2933 427 3002 ptum
460 2931 548 2984 est
582 2945 594 2982 :
629 2950 658 2977 «
693 2927 908 2982 Panem
940 2925 1281 2997 angelorum
1315 2929 1685 2984 manducavit
1732 2929 1908 2986 homo

268 3019 434 3085 (Psal.
473 3033 678 3084 LXXVII,
712 3016 824 3086 25).
879 3037 908 3063 ››
961 3014 1065 3069 Hic
1118 3018 1207 3069 est
1256 3016 1444 3088 panis,
1485 3019 1556 3071 de
1605 3034 1720 3089 quo
1765 3019 1909 3073 dixit

262 3106 442 3162 David
478 3123 489 3160 :
526 3129 551 3154 ‹‹
586 3104 869 3159 Dominus
899 3103 1087 3176 pascit
1118 3119 1232 3168 me,
1255 3108 1310 3158 et
1343 3104 1488 3159 nihil
1520 3106 1664 3160 mihi
1695 3107 1903 3162 deerit:

263 3194 326 3249 in
357 3193 480 3248 loco
507 3193 674 3247 viridi
725 3192 802 3246 ibi
859 3209 951 3247 me
995 3189 1314 3246 collocavit.
1348 3194 1533 3265 Super
1566 3211 1778 3266 aquam
1820 3212 1906 3251 re-

2025 1962 2282 2017 mutuari
2337 1961 2502 2032 quasi
2537 1960 2796 2032 indigus,
2830 1959 2929 2014 sed
2981 1957 3150 2028 quasi
3200 1955 3361 2011 dives
3409 1957 3466 2010 et
3510 1952 3672 2008 locu-

2009 2051 2148 2122 ‘ples
2210 2051 2488 2105 fenerato.
2527 2048 2830 2103 Feneravit
2888 2047 3113 2110 Petrus,
3187 2043 3468 2098 feneravit
3523 2041 3671 2096 Pau-

2022 2140 2135 2205 lus,
2188 2137 2468 2194 feneravit
2511 2138 2771 2192 Joannes
2819 2133 3212 2205 Evangelista,
3260 2130 3348 2186 vel
3397 2133 3667 2200 uterque,

2023 2228 2154 2298 (32),
2187 2232 2242 2283 et
2274 2245 2387 2282 non
2419 2226 2698 2299 indiguit;
2736 2225 2845 2280 hoc
2875 2227 2964 2279 est
2993 2222 3330 2277 fenerarunt
3359 2216 3668 2290 pecuniam

2021 2316 2255 2382 Christi,
2284 2333 2398 2372 non
2432 2317 2770 2371 fenerarunt
2813 2311 3094 2384 pecunias
3143 2311 3214 2365 ad
3267 2321 3530 2364 usuram.
3565 2306 3670 2362 Fe-

2021 2422 2160 2460 nera
2189 2421 2346 2476 ergo,
2388 2408 2445 2459 et
2475 2403 2592 2458 noli
2641 2401 2920 2457 desistere
2968 2400 3244 2455 fenerare.
3294 2394 3476 2452 Audis
3524 2395 3666 2467 quid

2021 2492 2175 2547 dicat
2205 2493 2507 2563 Scriptura
2541 2509 2550 2544 :
2589 2515 2617 2540 ‹‹
2651 2491 2791 2544 Tota
2822 2488 2916 2543 die
2941 2487 3253 2543 miseretur
3281 2488 3338 2541 et
3368 2484 3610 2540 fenerat.
3637 2506 3666 2533 ››

2017 2585 2223 2636 Justus
2255 2597 2357 2652 per
2386 2580 2541 2634 diem
2575 2579 2813 2643 fenerat,
2865 2593 3075 2631 avarus
3124 2575 3182 2630 in
3235 2576 3434 2640 nocte;
3475 2571 3670 2644 gratia

2019 2670 2173 2724 enim
2206 2669 2354 2724 lucis
2396 2671 2506 2731 est,
2539 2665 2782 2721 avaritia
2820 2667 3016 2720 autem
3060 2679 3242 2718 usura
3274 2660 3666 2716 tenebrarum

2018 2758 2200 2812 est.Et
2226 2757 2354 2811 ideo
2385 2772 2585 2811 semen
2618 2754 2934 2810 fenerantis
2963 2752 3138 2808 ﬁdem
3167 2751 3228 2805 in
3257 2746 3667 2805 benedictione

2017 2846 2145 2910 erit,
2180 2845 2402 2899 habens
2430 2843 2633 2914 utique
2663 2841 2972 2913 praemium
3002 2835 3444 2896 benedictionis.

2086 2935 2176 2987 63.
2239 2932 2425 3003 (Vers.
2494 2934 2586 2995 27,
2641 2933 2735 2995 28,
2793 2931 2907 3001 29.)
2966 2928 3205 2985 Declina
3261 2944 3296 2982 a
3358 2924 3537 2991 male,
3607 2928 3667 2980 et

2017 3021 2105 3076 fac
2135 3023 2387 3086 bonum;
2419 3024 2476 3076 et
2506 3019 2770 3074 inhabita
2796 3018 2854 3073 in
2886 3017 3100 3073 saecula
3146 3015 3493 3074 saeculorum
3527 3012 3662 3085 (33).

2015 3110 2300 3173 Quoniam
2351 3109 2633 3164 Dominus
2683 3110 2840 3162 amat
2883 3107 3194 3176 judicium,
3228 3109 3286 3161 et
3330 3119 3447 3159 non
3495 3101 3662 3157 dere-

2014 3196 2243 3269 linquet
2274 3200 2508 3252 sanctos
2545 3215 2556 3251 :
2587 3197 2642 3250 in
2676 3200 2959 3250 aeternum
3008 3193 3533 3251 conservabuntur.
3568 3188 3663 3244 In-

269 3281 540 3338 fectionis
589 3279 850 3336 educavit
899 3295 992 3334 me
1041 3279 1211 3345 (Psal.
1263 3296 1394 3345 xxu,
1435 3263 1494 3346 ’1,
1542 3263 1679 3352 2):»
1713 3284 1908 3338 Bonus
1939 3263 1980 3329 C
2008 3263 2158 3360 justi
2206 3290 2401 3341 autem
2453 3284 2788 3356 punientur,
2838 3288 2896 3340 et
2941 3301 3141 3341 semen
3199 3281 3519 3353 impiorum
3563 3291 3664 3350 pe-

263 3370 445 3427 David
477 3369 674 3424 docuit
704 3385 795 3424 me
823 3383 1032 3440 panem
1061 3365 1484 3437 angelorum,et
1515 3369 1638 3440 ipse
1679 3387 1771 3425 me
1801 3372 1908 3427 do-
2017 3377 2174 3431 ribit.
2208 3375 2236 3429 J
2246 3375 2358 3428 usti
2403 3373 2739 3428 haereditate
2769 3374 3158 3444 possidebunt
3205 3374 3443 3433 terram,
3475 3371 3534 3422 et
3571 3365 3662 3420 in-

264 3459 387 3515 cuit
407 3475 619 3531 aquam
652 3456 1007 3513 refectionis.
1049 3455 1180 3509 Haec
1211 3455 1440 3511 refectio
1486 3457 1766 3529 spiritalis
1798 3464 1904 3526 est,

263 3548 385 3603 haec
415 3546 647 3602 refectio
679 3545 908 3618 requies
937 3547 1027 3601 est
1057 3542 1269 3599 mentis
1288 3542 1712 3600 internze.Bona
1735 3563 1906 3617 aqua,

263 3653 390 3708 quae
421 3638 722 3707 peccatum
755 3633 929 3699 lavat,
957 3632 1206 3687 mundat
1235 3631 1480 3688 interna.
1507 3635 1639 3698 Quae
1662 3635 1739 3691 sit
1758 3652 1909 3706 aqua

261 3725 405 3792 haec,
438 3724 770 3780 audiamus.
810 3745 831 3773 ι
867 3722 926 3777 Si
959 3722 1115 3792 quis,
1146 3719 1358 3791 inquit,
1403 3723 1547 3788 sitit,
1600 3724 1791 3778 veniat
1837 3726 1906 3780 ad

262 3816 442 3880 me,et
469 3811 763 3874 bibat.Qui
796 3811 978 3866 credit
999 3811 1057 3864 in
1086 3825 1198 3874 me,
1233 3809 1384 3865 sicut
1414 3811 1556 3866 dicit
1585 3812 1906 3884 Scriptura,

260 3901 509 3956 ﬂumina
538 3901 610 3954 de
639 3903 836 3956 ventre
862 3899 990 3969 ejus
1023 3898 1205 3952 ﬂuent
1227 3915 1388 3969 aquae
1410 3900 1692 3956 vivae.Hoc
1713 3906 1904 3958 autem

258 3990 493 4045 dicebat
522 3989 591 4043 de
621 3987 861 4060 Spiritu,
897 4003 1072 4058 quem
1104 3986 1463 4058 incipiebant
1497 3990 1775 4061 accipere,
1809 3993 1906 4063 qui

259 4077 544 4132 credituri
575 4081 740 4132 erant
779 4077 838 4130 in
887 4093 1019 4131 cum
1053 4075 1228 4147 (Joan.
1263 4093 1362 4140 vu,
1395 4078 1596 4149 37-39).
1631 4083 1774 4151 Ergo
1805 4097 1910 4135 nec

257 4167 373 4221 hoc
401 4181 568 4237 pane,
604 4181 704 4219 nec
736 4182 886 4236 aqua
921 4165 1252 4220 refectionis
1303 4165 1525 4238 indiget
1561 4168 1782 4237 justus,
1816 4169 1908 4224 cui

256 4253 519 4325 Spiritus
551 4256 788 4308 sanctus
820 4257 910 4308 est
939 4253 1169 4323 requies
1199 4257 1254 4307 et
1286 4254 1535 4308 refectio.

333 4343 424 4395 62.
459 4341 647 4410 (Vers.
679 4342 794 4412 26.)
819 4341 1119 4406 Quomodo
1150 4344 1346 4396 autem
1377 4343 1588 4413 poterit
1631 4343 1910 4415 indigere,

260 4428 367 4500 qui
401 4452 427 4477 «
462 4433 584 4484 tota
638 4429 728 4484 die
783 4429 1093 4484 miseretur
1140 4433 1196 4484 et
1243 4430 1500 4484 fenerat?
1553 4453 1579 4477 ››
1631 4433 1776 4496 Quid
1828 4439 1916 4489 est

259 4519 425 4589 quod
479 4517 698 4571 fenerat
735 4518 976 4588 justus?
1006 4518 1129 4572 Non
1181 4535 1277 4582 aes,
1331 4535 1444 4573 non
1496 4519 1738 4587 ferrum,
1800 4539 1914 4578 non

2017 3463 2368 3519 habitabunt
2418 3462 2476 3515 in
2527 3462 2808 3517 saeculum
2866 3461 3062 3518 sreculi
3121 3475 3300 3531 super
3354 3472 3506 3512 eam.
3562 3453 3665 3513 His

2016 3549 2320 3606 versiculis
2347 3550 2710 3604 demonstrat
2737 3550 3024 3622 Propheta
3064 3549 3220 3621 quod
3267 3545 3666 3618 pertineamus

2020 3639 2091 3694 ad
2143 3636 2482 3701 Dominum,
2512 3641 2569 3690 et
2621 3637 2748 3708 ipse
2798 3637 3017 3693 arbiter
3078 3635 3499 3707 cogitationum
3539 3647 3670 3704 ope-

2019 3725 2431 3794 rationumque
2463 3728 2801 3780 nostrarum
2849 3725 2945 3792 sit,
2980 3729 3254 3797 spectans
3295 3721 3504 3778 merita
3551 3720 3669 3776 sin-
3762 3757 3763 3760 η

2018 3814 2312 3887 gulorum,
2347 3811 2447 3882 qui
2496 3813 2640 3867 nihil
2690 3813 2816 3867 sine
2857 3812 3077 3883 judicio
3135 3810 3287 3882 agit;
3335 3810 3436 3865 sed
3482 3808 3672 3864 malos

2018 3909 2075 3959 et
2130 3904 2315 3958 bonos
2376 3905 2542 3956 actus
2602 3901 2829 3971 judicio
2879 3899 3182 3957 discernit.
3244 3896 3668 3952 Declinandum

2019 4008 2154 4064 ergo
2184 3995 2272 4046 est
2302 4006 2335 4043 a
2364 3990 2539 4056 malo,
2575 3994 2630 4044 et
2661 3987 2994 4044 faciendum
3045 3991 3136 4043 est
3181 3986 3425 4042 bonum.
3457 3984 3540 4040 Ne
3569 3983 3674 4038 bo-

2021 4098 2096 4136 na
2147 4079 2415 4149 malaque
2463 4078 2809 4144 confundas,
2844 4078 3010 4150 prius
3068 4079 3157 4132 est
3216 4079 3280 4129 ut
3309 4073 3553 4130 crimine
3583 4080 3676 4138 ea:

2022 4186 2150 4224 reas
2184 4187 2195 4223 :
2225 4169 2424 4240 postea
2471 4172 2536 4220 ut
2583 4166 2924 4221 innocentiae
2975 4166 3230 4221 fructum
3277 4162 3525 4230 deferas,
3557 4181 3674 4236 quo

2022 4257 2214 4330 possis
2259 4271 2388 4311 esse
2436 4259 2774 4326 perpetuus.
2826 4254 2952 4309 Noli
3009 4258 3214 4326 putare
3273 4252 3428 4323 quod
3487 4251 3674 4310 Deum

2023 4352 2127 4402 tua
2184 4347 2430 4418 peccata
2478 4345 2860 4414 pratereant;
2923 4342 3007 4398 sic
3063 4341 3220 4397 enim
3274 4338 3536 4413 plerique
3591 4341 3675 4399 la-

2025 4436 2264 4488 buntur.
2318 4432 2445 4502 Ipse
2493 4431 2766 4484 universa
2813 4430 2996 4484 cernit
3043 4433 3099 4484 et
3155 4430 3418 4496 damnat,
3467 4432 3524 4485 et
3565 4430 3676 4487 im-

2026 4523 2257 4594 piorum
2331 4534 2530 4573 semen
2591 4517 2971 4586 exterminat;
3033 4532 3234 4574 semen
3289 4517 3495 4592 utique
3561 4537 3678 4577 non

257 4605 580 4677 plumbum
616 4623 628 4659 ;
672 4607 769 4661 sed
821 4610 1130 4678 argentum
1166 4606 1284 4677 igni
1335 4607 1756 4664 examinatum.
1807 4612 1924 4668 Hoc
1958 4625 2004 4688 ῃ
2036 4607 2352 4682 corporalis
2381 4605 2795 4679 generationis,
2829 4607 2929 4662 sed
2963 4607 3175 4663 mentis
3206 4606 3446 4663 interna:
3482 4612 3540 4663 et
3570 4608 3676 4663 im-

257 4694 458 4749 defert
503 4695 575 4748 ad
636 4711 901 4750 mensam
961 4694 1212 4762 Domini,
1249 4700 1309 4749 et
1361 4696 1571 4751 dividit
1627 4699 1930 4769 requiren-

255 4781 430 4836 tibus
479 4800 492 4836 :
543 4783 633 4836 cui
695 4800 894 4849 unam,
939 4783 1031 4838 cui
1081 4784 1249 4853 duas,
1300 4783 1392 4838 cui
1443 4785 1704 4857 quinque
1762 4806 1930 4846 mnes

259 4869 531 4942 quotidie
589 4871 816 4939 dividit,
875 4877 930 4927 et
979 4889 1282 4944 nunquam
1335 4873 1546 4929 deﬁcit.
1601 4876 1708 4930 Sed
1765 4878 1925 4933 fene-

252 4959 558 5015 rationem
621 4961 955 5016 audivimus
1015 4961 1071 5014 in
1129 4961 1274 5033 Lege
1346 4963 1777 5035 reprehensam,
1844 4969 1929 5022 di-

255 5052 441 5102 cente
472 5048 669 5121 Moyse
701 5068 713 5105 :
745 5073 772 5099 «
808 5049 932 5104 Non
984 5050 1276 5104 fenerabis
1327 5051 1503 5119 (Deut.
1556 5070 1716 5120 XXIII,
1755 5056 1868 5122 19).
1906 5078 1932 5103 ››

256 5135 498 5207 Duplex
547 5142 636 5193 est
681 5137 960 5193 feneratio
1008 5154 1020 5190 :
1076 5154 1192 5191 una
1240 5139 1517 5208 pecuniae,
1566 5141 1745 5196 altera
1801 5159 1931 5214 gra-

256 5223 386 5279 tim.
448 5223 647 5281 Divide
696 5230 1010 5295 utramque
1045 5239 1056 5277 :
1093 5224 1232 5294 quia
1283 5225 1565 5297 scriptum
1601 5233 1690 5284 est
1726 5247 1736 5283 :
1773 5253 1800 5278 ‹‹
1847 5232 1931 5286 Si-

348 5419 464 5496 (31)
494 5420 745 5496 Codices
765 5419 995 5496 aliquot
1008 5434 1197 5496 manu
1229 5420 1467 5496 exarati,
1500 5444 1526 5469 ‹‹
1561 5428 1626 5496 ut
1664 5427 1931 5496 sequaris

261 5489 454 5563 quod
475 5491 616 5563 Abel
649 5491 748 5562 qui
780 5489 932 5563 recte
964 5489 1196 5544 divisit:
1223 5490 1412 5561 fugias
1443 5494 1595 5562 quod
1621 5489 1764 5550 Cain
1787 5505 1930 5563 erat,

255 5560 575 5636 parricida
604 5560 748 5627 erat,
782 5560 881 5636 qui
915 5565 1084 5636 recte,
1125 5564 1234 5636 e_tc.
1299 5560 1307 5561 7
1371 5580 1390 5636 _'

346 5632 468 5775 (32)
499 5631 770 5702 Uterque,
803 5631 1095 5711 'nimirum
1141 5632 1508 5704 Evangelista
1550 5639 1605 5689 et
1648 5636 1927 5709 Baptista.

373 5703 444 5758 33
502 5702 668 5758 Rom.
723 5702 865 5760 edit.
933 5701 1089 5758 hunc
1145 5719 1399 5772 versum,
1446 5723 1511 5761 ac
1559 5709 1630 5760 29
1678 5710 1758 5764 ita
1809 5729 1927 5767 mu-

373 5701 468 5772 33)
502 5701 669 5758 Rom.
723 5702 865 5760 edit.
933 5701 1089 5758 hunc
1145 5701 1399 5772 versu—m,
1446 5723 1511 5761 ac
1559 5709 1630 5760 29
1678 5701 1758 5764 ita
1809 5729 1930 5767 mu-

253 5778 527 5845 taverat,
561 5779 625 5831 ut
654 5775 712 5832 in
745 5775 853 5832 hoc
885 5779 1123 5846 poneret
1157 5793 1169 5833 :
1206 5799 1230 5824 ‹‹
1267 5776 1330 5833 Et
1360 5776 1624 5836 inhabita
1655 5780 1714 5838 in
1748 5800 1930 5842 saecu-

2041 4698 2272 4770 pietatis
2301 4695 2755 4750 successionem.
2789 4695 2936 4750 Nam
2962 4696 3165 4768 utique
3183 4696 3332 4761 -Job,
3385 4696 3456 4750 de
3503 4693 3678 4749 semi-

2044 4805 2115 4842 ne
2146 4788 2297 4841 Esau
2328 4785 2561 4856 genitus
2586 4783 2897 4856 Scripturze
2947 4785 3355 4841 testiﬁcatione
3393 4781 3676 4854 signatur.

2043 4876 2177 4944 (Job.
2242 4893 2278 4940 1,
2337 4874 2407 4941 1).
2465 4872 2763 4936 Quomodo
2821 4889 2956 4945 ergo
3019 4888 3219 4929 semen
3290 4870 3442 4925 Esau
3511 4867 3683 4938 periit

2044 4965 2100 5017 in
2153 4963 2283 5028 Job,
2319 4978 2451 5016 cum
2499 4966 2700 5017 tantus
2742 4960 2850 5016 iste
2897 4961 2984 5015 vir
3035 4959 3228 5024 fuerit,
3262 4961 3326 5012 ut
3375 4958 3685 5012 venturum

2042 5053 2101 5106 in
2153 5057 2338 5106 terras
2389 5050 2699 5105 Dominum
2750 5048 3110 5119 praevideret,
3143 5044 3243 5117 qui
3272 5046 3466 5098 cetum
3513 5041 3687 5100 istius

2045 5141 2240 5196 sazculi
2274 5138 2573 5195 diabolum
2607 5135 2981 5209 subjugaret?
3029 5139 3176 5205 Ergo
3227 5131 3338 5186 hoc
3386 5131 3684 5203 quaeritur,

2045 5247 2116 5286 ne
2178 5228 2401 5287 malitia
2449 5226 2894 5282 transfundatur
2947 5224 3006 5278 in
3062 5223 3348 5294 posteros.
3407 5220 3526 5278 Hoc
3581 5236 3685 5294 per

2043 5425 2168 5480 lum
2201 5421 2427 5488 saeculi;
2466 5443 2492 5468 ››
2520 5420 2577 5474 in
2610 5419 2708 5474 illo
2739 5420 2933 5472 autem
2966 5432 2978 5469 :
3006 5437 3088 5488 am
3121 5415 3190 5488 Et
3217 5409 3690 5488 honoriﬁcabunt

2049 5499 2227 5552 [)eum
2261 5496 2319 5550 in
2353 5482 2563 5547 saecula
2593 5487 3168 5546 szeculorum.»Haud
3200 5483 3372 5541 dubie
3403 5483 3477 5540 ad
3506 5482 3564 5538 id
3596 5499 3687 5539 re-

2044 5572 2330 5640 spexerat,
2367 5564 2516 5634 quod
2550 5562 2700 5616 infra
2726 5559 2976 5686 legimus
3011 5576 3023 5613 :
3057 5581 3084 5608 «
3119 5556 3266 5624 Quid
3299 5559 3493 5613 autem
3523 5553 3685 5609 habi-

2044 5646 2165 5686 tam
2197 5635 2474 5686 nmruerit
2518 5633 2575 5686 in
2626 5649 2773 5686 saecu
2805 5648 2902 5686 um
2936 5629 3149 5686 saeculi.
3201 5633 3308 5685 etc.
3341 5652 3369 5678 »
3415 5626 3530 5684 Sed
3577 5625 3685 5682 hoc

2043 5625 2165 5694 tare
2197 5625 2474 5692 meruerit
2518 5633 2575 5687 in
2626 5625 2902 5688 saeculum
2936 5629 3308 5700 saeculi,.etc.
3341 5652 3369 5678 »
3415 5626 3530 5684 Sed
3569 5625 3686 5700 _hoc

2044 5716 2246 5766 contra
2277 5723 2417 5762 mss.
2452 5709 2507 5760 et
2535 5709 2645 5760 vet.
2680 5703 2816 5761 edit.
2850 5696 3202 5762 consensum
3243 5715 3452 5775 parum
3498 5696 3688 5752 valere

2041 5781 2477 5838 existimamus.
