4078 6196
253 402 407 470 ιωθ

1283 397 1742 464 ENARRATIO
1782 395 1865 461 IN
1907 395 2282 463 PSALMUM
2327 395 2595 462 XXXVI.

3493 393 3649 461 i030

250 540 452 610 verbo,
477 537 761 612 scriptum
787 539 874 594 est
906 553 918 594 :
960 542 1019 593 tu
1049 533 1228 609 aperi,
1260 534 1358 592 ille
1411 535 1702 607 loquetur.
1753 533 1887 589 Ideo
1919 533 1974 601 Α
2005 533 2170 601 mihi,
2205 549 2369 590 soror
2399 549 2547 602 mea,
2579 549 2813 606 sponsa,
2845 529 3049 604 (Ibid).
3085 552 3113 580 »
3143 529 3293 588 Audi
3345 532 3644 610 quomodo

253 631 406 686 dixit
437 628 612 685 David
647 647 660 684 :
698 649 724 680 (ι
753 626 998 683 Audiam
1030 626 1170 700 quid
1204 625 1479 698 loquatur
1508 626 1567 680 in
1598 641 1690 680 me
1707 623 1899 680 Domi-

253 735 366 774 nus
389 717 785 789 (Psal.r.xxx1v,
806 716 919 786 9).»
943 719 1009 770 Et
1027 715 1150 788 ipse
1171 715 1272 770 Dei
1297 713 1476 770 Filius
1499 713 1637 769 dicit
1663 731 1673 768 :
1702 737 1728 763 ‹‹
1754 719 1898 784 Ape-

251 806 300 863 ri
324 822 388 862 os
410 809 600 873 tuum,
625 808 682 860 et
702 803 1030 876 adimplebo
1047 803 1192 860 illud
1213 804 1382 875 (Psal.
1409 821 1570 871 Lxxx,
1600 803 1709 874 ll).
1737 824 1764 851 η
1785 803 1896 859 Sed

252 911 370 952 non
402 909 607 949 omnes
636 897 701 948 ut
729 893 1002 949 Salomon
1034 897 1284 966 possunt
1313 893 1608 965 percipere
1674 891 1897 964 sapien-

250 983 344 1041 tiae
370 981 776 1055 perfectionem
805 1000 816 1048 ;
842 999 958 1037 non
1007 999 1209 1037 omnes
1245 985 1310 1036 ut
1361 980 1580 1037 Daniel.
1615 980 1898 1036 Omnibus

253 1079 450 1128 tamen
476 1087 580 1142 pro
598 1069 981 1142 possibilitate
1004 1069 1333 1125 infunditur
1371 1069 1615 1142 spiritus
1667 1069 1896 1141 sapien-

255 1162 351 1218 tiae
377 1179 391 1230 ;
417 1161 519 1216 sed
547 1159 822 1216 omnibus
845 1159 942 1231 qui
970 1159 1168 1215 ﬁdeles
1204 1163 1360 1215 sunt.
1387 1159 1449 1214 Si
1471 1159 1692 1224 credas,
1717 1159 1899 1214 habes

254 1249 532 1322 spiritum
558 1247 895 1320 sapientiae;
944 1247 1072 1303 ideo
1093 1248 1337 1320 Sapiens
1387 1247 1564 1303 dicit:
1619 1245 1898 1303 «Credidi

251 1342 490 1413 propter
519 1337 674 1409 quod
706 1336 935 1392 locutus
967 1353 1098 1392 sum
1144 1338 1316 1407 (Psal.
1340 1353 1466 1403 cxv,
1519 1337 1626 1406 10).
1661 1358 1688 1383 η
1751 1337 1894 1392 Cum

255 1426 589 1493 credideris,
623 1426 875 1497 accipies
906 1425 1182 1497 loquendi
1214 1426 1484 1497 gratiam.
1518 1426 1588 1479 Et
1618 1425 1717 1496 qui
1776 1441 1896 1479 cre-

255 1517 361 1584 dit,
384 1514 693 1570 redimitur
711 1531 732 1577 ;
754 1519 810 1569 et
832 1513 931 1586 qui
952 1518 1098 1580 orat,
1124 1513 1466 1568 redimitur:
1517 1513 1564 1568 si
1590 1513 1681 1584 pie
1703 1513 1898 1568 inten-

257 1606 356 1661 dat
376 1603 762 1668 orationibus,
795 1609 852 1658 et
882 1603 940 1670 in
968 1601 1226 1658 oratione
1284 1601 1560 1657 assiduus
1615 1601 1711 1670 sit,
1745 1602 1898 1657 diem

254 1693 588 1767 praeveniat,
647 1695 877 1748 noctem
903 1712 905 1714 ·
931 1691 1280 1762 frequentet,
1315 1689 1421 1746 soli
1454 1691 1781 1746 matutinus
1813 1708 1903 1746 oc-

257 1787 455 1839 currat
484 1781 620 1852 (40),
653 1785 719 1836 ut
771 1783 904 1836 ante
963 1780 1086 1852 ipse
1139 1777 1507 1834 illuminetur
1564 1795 1597 1833 a
1649 1777 1898 1845 Christo,

259 1887 440 1944 quam
470 1873 626 1926 terra
655 1867 794 1924 solis
826 1872 1028 1923 exortu
1061 1886 1073 1934 ;
1108 1871 1165 1922 et
1195 1867 1293 1938 qui
1329 1866 1526 1938 psallit
1555 1867 1898 1935 redimitur;

258 1964 318 2015 et
348 1959 449 2030 qui
482 1957 921 2029 compungitur,
955 1955 1281 2011 redimitur.

328 2049 418 2102 66.
453 2046 585 2102 ldeo
617 2061 848 2117 semper
883 2045 1188 2110 meditare,
1222 2059 1454 2115 semper
1485 2043 1720 2115 loquere
1777 2060 1904 2115 quae

258 2135 360 2193 Dei
390 2138 549 2204 sunt,
584 2157 610 2184 «
642 2135 851 2191 sedens
880 2133 940 2188 in
972 2134 1144 2188 domo
1176 2133 1352 2203 (De-ut.
1387 2149 1462 2187 VI.
1493 2134 1570 2204 7).
1595 2155 1623 2182 »
1655 2131 1905 2189 Domum

257 2240 581 2297 possumus
611 2222 874 2293 accipere
900 2221 1244 2288 Ecclesiam,
1280 2237 1599 2294 possumus
1647 2223 1907 2295 accipere

260 2314 505 2368 domum
526 2311 862 2366 interiorem
893 2311 951 2365 in
984 2310 1175 2376 nobis,
1207 2314 1272 2365 ut
1293 2311 1447 2366 intra
1466 2327 1573 2365 nos
1596 2309 1909 2384 loquamur

261 2399 733 2470 Sedentjudices
761 2398 822 2452 in
880 2397 1249 2465 Jerusalem;
1309 2399 1586 2454 sederunt
1644 2400 1810 2455 sedes
1849 2401 1908 2455 in

252 2486 479 2560 judicio
511 2506 533 2554 ;
565 2487 717 2542 sedit
746 2486 922 2542 etiam
966 2487 1233 2558 judieum
1293 2486 1626 2555 concilium,
1662 2493 1720 2543 et
1776 2487 1907 2543 libri

263 2575 448 2648 aperti
481 2579 642 2642 sunt,
678 2573 964 2646 Propheta
994 2575 1133 2630 dicit
1165 2594 1176 2630 :
1225 2598 1251 2625 «
1278 2577 1349 2631 Et
1381 2580 1440 2631 tu
1475 2575 1606 2631 eum
1667 2577 1909 2632 consilio

262 2662 463 2720 omnia
494 2663 583 2734 fac
607 2663 793 2734 (Eucti.
829 2680 1007 2739 xxxii,
1039 2663 1150 2735 24).
1184 2664 1330 2719 Cum
1363 2663 1605 2720 consilio
1638 2665 1708 2720 de
1744 2665 1910 2720 factis

260 2753 381 2809 tuis
404 2751 626 2822 judice,
657 2767 790 2806 cum
819 2749 1064 2806 consilio
1095 2752 1296 2807 vinum
1329 2753 1482 2819 bibe,
1506 2769 1638 2808 cum
1666 2753 1911 2809 consilio

263 2841 520 2913 loquere,
550 2843 617 2895 ut
646 2837 891 2911 effugias
920 2844 1243 2912 peccatum,
1276 2856 1350 2896 ne
1380 2840 1605 2897 incidas
1635 2859 1738 2914 per
1758 2841 1910 2897 mul-

264 2929 599 3002 tiloquium.
633 2927 833 2983 Sedens
860 2927 1098 3000 loquere
1129 2933 1344 2998 tecum,
1396 2931 1564 3002 quasi
1598 2931 1696 3002 qui
1747 2931 1912 3002 judi-

268 3034 394 3074 ces:
422 3019 480 3072 in
502 3019 594 3072 via
615 3015 872 3088 loquere,
898 3033 969 3070 ne
990 3033 1253 3088 unquam
1277 3033 1465 3074 vaces.
1494 3021 1555 3074 In
1578 3019 1670 3075 via
1711 3019 1910 3092 loque-

268 3106 371 3175 ris,
396 3105 446 3162 si
462 3105 525 3160 in
548 3104 774 3160 Christo
797 3103 1078 3176 loquaris,
1105 3106 1243 3177 quia
1263 3106 1356 3161 via
1376 3103 1644 3163 Christus
1693 3113 1802 3164 est.
1849 3109 1912 3163 In

266 3194 361 3251 via
379 3193 615 3267 loquere
637 3193 766 3258 tibi,
789 3192 1027 3265 loquere
1048 3193 1294 3249 Christo.
1320 3196 1473 3250 Audi
1496 3197 1788 3267 quomodo
1826 3196 1910 3252 illi

2008 628 2072 678 tu
2103 622 2422 678 exsuscites
2453 623 2774 679 Christum.
2805 621 3016 677 Anima
3045 620 3186 677 dicit
3215 639 3228 677 :
3280 643 3308 670 ‹‹
3369 620 3648 691 Adjuravi

2007 729 2129 778 vos,
2167 712 2294 766 filize
2325 711 2673 779 Jerusalem,
2707 712 2755 767 si
2791 710 3210 767 suscitaveritis
3243 714 3299 766 et
3335 710 3651 766 resuscita-

2006 802 2205 858 veritis
2237 801 2580 857 charitatem
2615 801 2794 873 (Cant.
2830 801 2996 870 111,5).
3034 822 3060 848 ››
3095 799 3360 854 Charitas
3390 798 3653 874 Christus

2009 895 2117 946 est.
2153 890 2298 945 Audi
2325 889 2498 945 etiam
2527 890 2820 962 quomodo
2843 888 3415 961 dormiensloquaris
3439 906 3452 944 :
3482 911 3508 940 ‹‹
3535 890 3650 962 Ego

2007 979 2256 1056 dormio,
2282 984 2337 1034 et
2368 995 2468 1035 cor
2496 995 2692 1034 meum
2715 977 2920 1052 vigilat
2952 979 3186 1050 (Cant.v.
3205 978 3313 1048 2).»
3340 981 3471 1046 Haec
3502 994 3654 1034 com-

2008 1068 2265 1123 muniter
2297 1085 2309 1122 :
2354 1067 2552 1123 attolle
2585 1084 2739 1122 nunc
2770 1066 2940 1140 paulo
2971 1065 3146 1122 altius
3179 1070 3434 1140 mentem
3464 1070 3650 1122 tuam.

2077 1157 2165 1210 67.
2201 1156 2456 1228 Loquere
2490 1182 2513 1204 ‹‹
2551 1155 2760 1212 sedens
2793 1156 2852 1210 in
2885 1156 3057 1212 domo
3092 1156 3268 1227 (Deut.
3302 1173 3378 1223 v1,
3411 1157 3487 1226 7),
3534 1178 3561 1204 »
3592 1155 3653 1212 in

2007 1244 2115 1300 hac
2147 1247 2405 1302 terrestri
2439 1247 2608 1302 domo
2636 1245 2814 1317 hujus
2844 1238 3242 1315 habitationis,
3272 1262 3398 1317 quas
3449 1243 3656 1302 dissol-

2007 1333 2180 1401 vitur,
2214 1334 2270 1387 in
2295 1351 2409 1405 qua
2440 1334 2883 1407 peregrinamur
2911 1352 2945 1390 a
2974 1333 3236 1390 Domino.
3298 1335 3362 1389 In
3418 1351 3656 1410 corpore

2009 1421 2163 1478 enim
2195 1422 2308 1478 isto
2341 1423 2536 1494 positi,
2558 1425 2699 1479 dum
2725 1425 3114 1496 supervestire
3138 1424 3324 1495 magis
3349 1441 3525 1496 quam
3548 1441 3654 1480 nos

2009 1512 2336 1583 exspoliare
2356 1511 2648 1581 volumus,
2670 1513 2975 1568 exulamus
2993 1530 3022 1568 a
3047 1511 3296 1581 Christo,
3315 1517 3370 1568 et
3405 1514 3657 1584 graviter

2006 1599 2470 1671 ingemiscimus.
2508 1603 2567 1655 In
2601 1601 2708 1657 hac
2730 1602 2939 1672 sedens
2962 1617 3096 1672 ergo
3120 1600 3391 1656 confitere
3424 1606 3659 1677 peccata
3689 1664 3698 1674 _

2007 1692 2148 1756 tua;
2182 1688 2320 1760 quia
2348 1689 2570 1754 sedisti,
2605 1694 2660 1744 et
2690 1707 2803 1744 non
2837 1689 3076 1756 stetisti,
3132 1694 3188 1743 et
3241 1706 3356 1744 non
3406 1689 3607 1746 dixisti
3640 1705 3654 1744 :

2011 1799 2037 1826 α
2057 1777 2286 1832 Stantes
2308 1785 2468 1832 erant
2493 1778 2667 1849 pedes
2695 1777 2880 1832 nostri
2909 1777 2964 1831 in
2985 1776 3147 1831 atriis
3171 1777 3307 1845 tuis,
3331 1777 3657 1833 Jerusalem

2013 1866 2186 1938 (Psal.
2218 1882 2366 1932 cxxr,
2399 1866 2477 1937 2),
2508 1887 2536 1916 »
2571 1866 2830 1937 Loquere
2863 1864 3074 1937 magis,
3107 1868 3162 1919 et
3219 1863 3334 1919 noli
3367 1865 3659 1938 occultare

2014 1954 2226 2009 delicta
2250 1973 2262 2022 ;
2288 1952 2524 2026 loquere
2537 1955 2746 2010 sedens
2774 1972 2786 2008 :
2808 1958 2871 2009 ut
2891 1953 3098 2009 audias
3121 1951 3408 2009 dicentem
3435 1969 3447 2006 :
3472 1975 3500 2003 ‹‹
3521 1954 3661 2010 Sur-

2016 2041 2132 2115 gite
2161 2046 2474 2114 postquam
2495 2042 2890 2114 sederitis,qui
2925 2042 3303 2098 munducatis
3320 2057 3530 2114 panem
3561 2042 3662 2098 do-

2015 2131 2350 2201 loris(P.sal.
2375 2149 2558 2199 cxxvr,
2590 2133 2667 2203 2).
2704 2155 2730 2180 »
2767 2136 3022 2203 Loquere
3065 2155 3092 2180 ‹‹
3116 2131 3174 2185 in
3233 2130 3327 2186 via
3352 2129 3664 2188 ambulans

2015 2222 2189 2291 (Deut.
2223 2220 2392 2291 vi,7),
2425 2243 2451 2268 »
2482 2220 2540 2274 id
2573 2224 2680 2288 est,
2715 2237 2960 2292 carpens
3001 2219 3128 2274 vitm
3159 2218 3334 2275 istius
3392 2235 3657 2276 cursum.

2019 2308 2123 2363 Hic
2153 2308 2409 2379 loquere,
2435 2325 2506 2363 ne
2526 2307 2645 2364 illic
2669 2309 3063 2376 obmutescas,
3082 2307 3233 2364 sicut
3251 2306 3350 2362 ille
3367 2307 3667 2380 obmutuit

2019 2398 2120 2469 qui
2151 2396 2356 2469 angelo
2384 2397 2594 2452 Christi
2627 2402 2762 2453 ante
2793 2415 2906 2453 non
2940 2396 3205 2466 credidit,
3241 2399 3441 2468 postea
3471 2399 3665 2453 tamen

2019 2503 2151 2541 cum
2172 2485 2534 2552 credidisset,
2559 2503 2757 2542 vocem
2780 2486 3011 2558 recepit.
3038 2487 3296 2557 Loquere
3319 2508 3346 2534 «
3369 2485 3667 2541 dormiens

2019 2578 2075 2631 et
2097 2575 2406 2646 quiescens
2428 2574 2672 2646 (Ibid.).»
2690 2574 3140 2646 consepultusin
3165 2573 3394 2630 Christo
3414 2592 3425 2641 ;
3446 2580 3507 2629 ut
3528 2590 3665 2647 cum

2019 2663 2147 2736 ipso
2177 2664 2236 2717 in
2267 2663 2518 2718 novitate
2544 2663 2672 2718 vitae
2701 2679 2993 2734 resurgas.
3037 2663 3296 2734 Loquere
3347 2662 3524 2718 etiam
3585 2679 3668 2718 se-

2019 2750 2223 2824 pultus
2257 2752 2316 2806 in
2347 2749 2762 2817 tumulo,sicut
2792 2751 3185 2823 loquebantur
3203 2751 3409 2806 animae
3436 2755 3667 2806 sancto-

2021 2858 2176 2906 rum,
2202 2843 2462 2913 petentes
2494 2841 2564 2896 de
2597 2841 2803 2896 mortis
2835 2845 3069 2896 auctore
3101 2838 3439 2895 vindictam.
3503 2862 3530 2888 «
3565 2838 3669 2917 Us-

2022 2945 2276 3001 quequo,
2309 2929 2573 2997 Domine,
2605 2933 2845 2985 sanctus
2876 2934 2935 2984 et
2963 2946 3158 2994 verus,
3192 2944 3305 2984 non
3352 2927 3585 3000 judicas
3613 2933 3671 2984 et

2020 3017 2284 3074 vindicas
2315 3018 2662 3090 sanguinem
2694 3021 2962 3074 nostrum
2995 3020 3180 3090 (Apoc.
3223 3035 3301 3085 v1,
3337 3016 3473 3088 10)?
3507 3040 3534 3065 ι)
3567 3018 3672 3073 Lo-

2022 3122 2197 3177 quere
2229 3111 2524 3178 postremo
2561 3129 2587 3156 «
2620 3123 2755 3162 cum
2785 3107 2981 3179 surgis
3014 3125 3027 3173 ;
3059 3129 3086 3157 ››
3133 3105 3288 3161 sicut
3317 3105 3515 3161 docuit
3571 3105 3670 3162 illa

2024 3195 2122 3266 qui
2158 3195 2301 3251 dixit
2334 3213 2346 3250 :
2385 3218 2412 3245 ‹‹
2444 3195 2561 3268 Ego
2591 3195 2858 3264 dormivi,
2892 3203 2948 3251 et
2977 3195 3190 3267 quievi,
3222 3199 3278 3250 et
3334 3195 3619 3251 resurrexi
3654 3213 3667 3262 ;

269 3283 549 3354 loquaris.
581 3303 608 3331 «
639 3278 804 3346 Volo,
837 3279 1049 3350 inquit,
1080 3283 1234 3336 viros
1263 3283 1324 3336 in
1356 3285 1517 3337 omni
1567 3284 1695 3339 locu
1727 3301 1912 3355 orare,
1943 3267 1987 3334 Ο
2027 3285 2305 3354 quoniam
2323 3284 2608 3340 Dominus
2629 3283 2911 3356 suscipiet
2932 3301 3024 3339 me
3051 3284 3219 3355 (Psal.
3249 3284 3431 3355 ιι1,6).
3463 3305 3490 3336 υ
3527 3282 3673 3338 Etil-

271 3371 527 3427 levantes
559 3385 736 3442 puras
767 3383 982 3424 manus
1013 3368 1139 3422 sine
1191 3368 1279 3424 ira
1307 3373 1364 3424 et
1421 3370 1842 3443 disceptatione
1873 3374 1916 3444 (I

257 3461 412 3516 Tim.
435 3476 499 3525 II,
529 3460 604 3527 8).
641 3479 669 3507 »
703 3457 982 3528 Loquere,
1016 3472 1048 3512 0
1086 3455 1283 3523 homo,
1338 3480 1365 3506 «
1399 3459 1725 3514 dormitans
1757 3483 1784 3509 ››
1842 3477 1915 3516 ne

270 3548 377 3604 tibi
408 3561 651 3604 somnus
683 3545 889 3600 mortis
920 3545 1180 3616 obrepat.
1215 3546 1361 3600 Audi
1387 3547 1677 3617 quomodo
1705 3548 1916 3602 dormi-

263 3641 402 3692 tans
430 3634 692 3706 loquaris
722 3652 734 3688 :
769 3656 795 3682 «
829 3633 888 3689 Si
919 3633 1131 3689 dedero
1162 3650 1437 3690 somnum
1467 3635 1652 3691 oculis
1683 3636 1830 3691 meis
1859 3640 1916 3693 et

268 3722 569 3797 palpebris
599 3721 746 3777 meis
775 3721 1269 3791 dcrmitationem,
1305 3723 1486 3779 donec
1516 3724 1807 3779 inveniam
1832 3724 1913 3780 lo-

267 3827 404 3868 cum
426 3809 694 3875 Domino,
721 3810 1161 3866 tabernaculum
1187 3811 1301 3868 Deo
1323 3810 1500 3868 Jacob
1523 3813 1693 3883 (Psal.
1728 3831 1910 3869 cxxxi.

267 3902 324 3968 4,
353 3900 429 3972 5).
467 3922 488 3948 ιι
518 3897 698 3955 Vince
730 3903 1000 3954 naturam
1029 3899 1350 3973 diligentia,
1380 3901 1624 3957 exclude
1655 3901 1913 3974 corporis

265 4004 567 4046 somnum.
600 3987 882 4044 Naturam
914 3988 1084 4045 nobis
1115 3988 1366 4045 formare
1399 4007 1514 4045 non
1571 4006 1909 4062 possumus,

263 4093 586 4151 possumus
617 4075 1006 4148 diligentiam.
1038 4076 1222 4132 Homo
1253 4081 1377 4134 erat
1407 4076 1607 4145 David,
1641 4076 1914 4150 indulge-

261 4168 364 4225 bat
390 4165 611 4238 aliquid
633 4181 841 4220 somno
865 4181 968 4237 per
987 4170 1234 4233 noctem,
1255 4166 1356 4222 sed
1380 4165 1725 4223 excludebat
1756 4183 1910 4223 som—

262 4272 431 4323 num,
444 4254 648 4310 lavans
661 4269 764 4325 per
777 4253 1041 4326 singulas
1054 4258 1254 4310 noctes
1266 4253 1481 4310 lectum
1495 4272 1670 4311 suum
1688 4260 1745 4311 et
1759 4255 1913 4328 lacry

260 4343 643 4416 misirrigans
657 4346 907 4398 stratum
924 4343 1260 4398 suum.ldeo
1279 4344 1706 4399 memoreratin
1726 4349 1908 4400 stratu

263 4449 371 4489 suo
401 4445 638 4503 semper
664 4427 897 4484 Domini
927 4429 1040 4496 sui,
1074 4435 1130 4485 et
1151 4431 1211 4485 in
1243 4430 1370 4502 ipso
1401 4431 1814 4499 meditabatur,
1849 4436 1913 4487 ut

261 4518 586 4577 diluculum
609 4516 967 4590 przeveniret,
990 4522 1046 4572 et
1073 4518 1134 4572 in
1166 4518 1421 4573 tenebris
1451 4517 1501 4573 ei
1552 4516 1913 4574 illucesceret

2023 3372 2248 3444 licergo
2273 3374 2444 3443 (vers.
2467 3373 2593 3440 30):
2651 3372 2949 3442 «Osjusti
2998 3371 3383 3427 meditabitur
3434 3370 3667 3444 sapien-

2023 3461 2186 3525 tiam,
2211 3461 2437 3515 »donec
2450 3461 2518 3515 ad
2546 3460 2893 3516 sublimiora
2909 3459 3269 3516 tabernaculi
3314 3465 3673 3526 secreta,coc-

2025 3546 2280 3612 lestis,ac
2298 3541 3246 3622 sacraplenajucunditatisalque
3286 3548 3503 3604 laetitia:
3547 3548 3674 3621 ipse

2022 3635 2322 3707 perveniat
2347 3653 2361 3702 ;
2395 3636 2892 3706 quemadmodum
2910 3637 3209 3708 Scriptura
3225 3654 3330 3693 nos
3345 3637 3559 3708 docuit,
3580 3637 3673 3691 di-

2025 3727 2186 3779 cente
2204 3723 2404 3778 David:
2426 3723 2584 3778 «Haec
2598 3725 2938 3779 recordatus
2955 3742 3085 3779 sum
3097 3768 3109 3792 ,
3125 3730 3182 3780 et
3196 3726 3272 3780 sﬂ‘
3274 3726 3371 3781 udi
3387 3743 3566 3798 super
3581 3741 3673 3781 me

2025 3812 2282 3867 animam
2296 3827 2509 3877 meam;
2526 3811 2803 3882 quoniam
2819 3812 3115 3884 ingrediar
3128 3813 3185 3867 in
3203 3813 3396 3868 locum
3410 3815 3675 3889 taberna-

2024 3899 2140 3956 culi
2154 3899 2544 3968 admirabilis,
2558 3917 2746 3971 usque
2759 3901 2830 3954 ad
2852 3900 3093 3955 domum
3112 3901 3233 3954 Dei.
3255 3901 3316 3954 In
3329 3917 3466 3955 voce
3479 3902 3672 3956 exsul-

2024 3988 2263 4044 tationis
2284 3994 2340 4044 et
2354 3987 2738 4045 confessionis
2755 4005 2935 4044 sonus
2969 3987 3448 4060 epulantis(Paal.
3463 3989 3666 4060 xL1,5).

2022 4080 2171 4148 Ergo
2194 4080 2250 4131 et
2271 4076 2542 4131 sedentes
2570 4075 2626 4130 in
2661 4075 2770 4130 hac
2791 4091 3066 4146 corporea
3121 4075 3315 4144 domo,
3365 4077 3422 4128 et
3453 4075 3671 4146 egressi

2022 4164 2180 4231 hinc,
2206 4168 2380 4236 atque
2408 4163 2776 4220 ambulantes
2805 4165 2864 4218 in
2907 4163 3022 4230 via,
3081 4180 3216 4219 cum
3268 4162 3584 4234 rapiemur,
3620 4162 3668 4219 si

2022 4269 2340 4322 meremur,
2358 4252 2586 4308 obviam
2610 4253 2860 4321 Christo,
2886 4255 2942 4308 et
2959 4252 3318 4307 dormientes
3339 4250 3667 4327 loquemur.

2090 4343 2182 4397 68.
2202 4341 2410 4414 Accipe
2428 4341 2657 4396 tertiam
2700 4340 2962 4404 ἀναγωγήν
2992 4357 3108 4412 qua
3137 4356 3198 4396 se
3231 4341 3430 4396 anima
3485 4339 3669 4396 elevat

2012 4431 2183 4500 justi.
2218 4431 2322 4485 Est
2351 4428 2505 4484 enim
2539 4429 2778 4502 quidam
2815 4429 3099 4501 spiritalis
3153 4445 3397 4485 somnus
3456 4428 3666 4485 intelli-

2025 4519 2274 4592 gendus,
2294 4518 2365 4574 de
2388 4535 2503 4589 quo
2526 4517 2801 4573 Salomon
2828 4517 2944 4574 ait:
2975 4541 3002 4567 (ς
3026 4517 3083 4574 Si
3105 4520 3261 4574 enim
3296 4518 3520 4586 sedeas,
3546 4519 3669 4576 sine

259 4605 530 4682 Christus
561 4605 760 4669 dicens
795 4622 806 4659 :
860 4627 886 4654 «
921 4604 1106 4677 Surge
1163 4603 1262 4676 qui
1293 4604 1515 4660 dormis
1576 4605 1788 4677 (Ephes.
1851 4624 1904 4672 v,
1939 4628 1986 4694 Ι)
2021 4608 2230 4663 timore
2255 4606 2484 4662 sedebis
2511 4625 2522 4671 ;
2550 4607 2598 4661 si
2639 4606 2913 4675 dormias,
2937 4607 3191 4664 suaviter
3237 4607 3588 4680 requiesces,
3613 4614 3670 4664 et

261 4694 558 4768 M).»Non
573 4694 633 4750 in
648 4692 1487 4768 omnibushaacgratiaest,sed
1506 4699 1835 4766 potestesse
1853 4700 1909 4751 et
1943 4692 1972 4694 ἡ
2019 4713 2133 4752 non
2165 4693 2402 4750 timebis
2431 4710 2704 4766 pavorem
2739 4695 2838 4768 qui
2873 4697 3247 4769 superveniet
3294 4696 3422 4764 tibi,
3483 4712 3670 4766 neque

257 4785 318 4840 in
350 4783 620 4856 pluribus
651 4781 972 4856 diligentia.
997 4781 1079 4838 Ne
1109 4782 1289 4858 igitur
1317 4787 1618 4855 exspectes
1653 4789 1712 4838 ut
1761 4785 1907 4841 exci-

256 4875 342 4928 tet
363 4874 419 4927 te
439 4870 734 4939 Christus,
761 4871 861 4926 sed
887 4870 1084 4943 potius
1104 4869 1402 4928 Christum
1456 4869 1659 4927 excita.
1715 4871 1908 4930 Excita

259 4973 394 5016 eum
417 4959 517 5032 qui
535 4959 743 5031 deipso
757 4959 1082 5016 dormitans
1103 4959 1336 5032 cegitat.
1361 4959 1417 5014 Si
1439 4964 1502 5015 tu
1519 4957 1686 5016 illum
1700 4962 1908 5018 excita-

255 5048 434 5116 Veris,
451 5053 508 5103 et
527 5047 653 5121 ipse
676 5043 898 5105 809m
911 5048 1188 5104 excitabit
1208 5065 1242 5104 a
1275 5064 1502 5119 somno,
1526 5049 1905 5107 resuscitabit

257 5143 292 5194 a
321 5136 509 5192 morte
539 5135 742 5192 dicens
762 5135 869 5192 tibi
898 5154 961 5191 :«
985 5136 1243 5208 Exsurge
1267 5154 1301 5192 a
1348 5136 1595 5192 mortuis
1633 5137 1837 5211 (Ibid).
1875 5161 1902 5187 η

253 5224 403 5281 Cum
435 5233 640 5298 surges
670 5239 806 5296 ergo
838 5224 923 5280 vel
965 5239 1256 5296 resurges,
1317 5225 1512 5296 ipsum
1546 5225 1806 5299 loquere,
1838 5233 1903 5284 ut

252 5313 503 5385 impleas
531 5312 685 5384 quod
708 5312 956 5384 juberis.
990 5312 1139 5367 Audi
1180 5313 1473 5384 quomodo
1525 5317 1583 5369 te
1636 5313 1902 5371 Christus

250 5402 480 5459 excitet.
515 5401 724 5456 Anima
751 5405 855 5456 tua
883 5400 1025 5456 dicit
1055 5423 1082 5450 ‹‹
1113 5399 1238 5456 Vox
1281 5401 1478 5457 fratris
1535 5402 1648 5459 mei
1705 5403 1904 5476 pulsat

250 5491 325 5548 ad
349 5491 598 5562 januam
630 5487 807 5560 (Cant.
839 5505 894 5556 v,
925 5489 1002 5560 2),
1037 5510 1065 5537 »
1095 5491 1151 5544 et
1177 5488 1447 5545 Christus
1478 5489 1559 5545 ait
1590 5507 1603 5544 :
1667 5513 1695 5540 «
1727 5492 1897 5565 Aperi

2017 4786 2272 4856 impetus
2303 4783 2617 4855 impiorum
2677 4786 3150 4858 supervenientes
3208 4786 3313 4841 tibi
3364 4785 3547 4857 (Prov.
3583 4799 3666 4853 ιιι,

2015 4871 2233 4944 23-25).
2272 4895 2298 4919 ››
2329 4872 2474 4928 Cum
2505 4873 2793 4930 suavitate
2823 4874 3176 4947 requiesces,
3209 4878 3265 4929 et
3291 4886 3586 4944 pavorem,
3611 4876 3668 4926 et

2017 4960 2503 5033 supervenientes
2531 4960 2850 5036 impiorum
2880 4963 3138 5034 impetus
3171 4977 3286 5016 non
3317 4959 3554 5038 timebis
3580 4977 3592 5026 ;
3617 4961 3666 5016 si

2015 5050 2217 5123 lingua
2245 5053 2350 5104 tua
2378 5049 2654 5122 loquatur
2675 5051 2972 5122 judicium
3007 5050 3122 5118 Dei,
3156 5057 3208 5104 et
3257 5063 3488 5120 semper
3517 5047 3664 5104 illud

2012 5145 2148 5196 ante
2179 5138 2378 5196 oculos
2407 5139 2628 5196 habeas
2666 5158 2678 5206 ;
2713 5144 2778 5194 ut
2809 5146 3041 5212 peccato
3071 5138 3267 5194 locum
3309 5137 3542 5193 nullum
3573 5153 3661 5195 re-

2012 5229 2267 5300 linquas,
2283 5231 2340 5284 et
2354 5227 2582 5283 noveris
2601 5228 2756 5300 quod
2772 5227 2967 5283 delicti
2989 5227 3243 5300 pretium
3275 5225 3548 5301 supplicii
3581 5243 3665 5284 re-

2008 5317 2327 5373 tributione
2355 5315 2633 5371 solvetur.
2670 5317 2801 5388 Ipse
2832 5316 2988 5372 enim
3021 5315 3130 5371 hoc
3163 5316 3222 5371 in
3279 5315 3661 5389 nonagesimo

2008 5406 2427 5477 interpretatus
2457 5407 2545 5458 est
2584 5403 2812 5475 psalmo
2839 5403 3039 5461 dicens
3074 5420 3088 5460 :
3124 5427 3153 5455 »
3182 5404 3307 5461 Non
3338 5404 3573 5462 timebis
3629 5424 3662 5460 a

2005 5493 2230 5550 timore
2260 5494 2569 5557 nocturno,
2603 5495 2659 5547 et
2688 5508 2721 5548 a
2750 5491 2964 5566 sagitta
3019 5493 3245 5550 volante
3273 5509 3376 5567 per
3421 5492 3597 5564 diem,
3629 5509 3662 5548 a

321 5643 722 5726 (40).ltaed_it.
747 5648 804 5726 e_t
854 5646 1040 5726 pauci
1064 5645 1338 5726 mss1Alii
1370 5649 1591 5726 majori
1629 5666 1895 5720 numero,
1918 5654 2048 5711 solis
2093 5652 2385 5708 matutinis
2415 5655 2683 5706 occurrat.
2740 5652 2906 5709 Haud
2948 5653 3120 5726 male,
3153 5655 3204 5711 si
3262 5657 3455 5711 mente
3511 5668 3655 5724 sup-

250 5715 500 5793 pleveris
529 5716 726 5788 radiis,
758 5715 926 5786 horis,
954 5717 1042 5775 vel
1073 5719 1213 5789 quid
1245 5718 1458 5776 simile.
