4116 6188
460 335 608 404 1051

1915 337 1980 400 S.
2025 332 2406 401 AMBROSII

3711 329 3876 399 {052

459 472 690 544 negotio
732 465 1178 543 perambulante
1233 467 1294 525 in
1332 463 1610 538 tenebris,
1639 464 1711 525 ab
1771 481 2017 525 occursu
2049 475 2105 524 et
2133 472 2180 537 Α
2219 468 2323 523 illi.
2356 493 2382 519 ››
2405 465 2626 524 Videns
2654 480 2759 540 ego
2792 467 3060 540 peccator
3081 462 3220 540 quia
3251 463 3454 539 justus
3485 464 3547 523 in
3606 483 3711 524 ore
3772 485 3877 524 suo

455 558 739 616 daamonio
770 558 1121 616 meridiano.
1157 558 1378 614 Cadent
1405 576 1438 615 a
1466 558 1648 615 latere
1699 563 1800 615 tuo
1834 557 2015 624 mille,
2047 564 2105 614 et

453 649 654 704 decem
686 647 872 704 millia
901 665 934 704 a
965 649 1184 704 dextris
1215 648 1355 716 tuis,
1386 649 1455 703 ad
1488 652 1542 704 te
1573 652 1769 704 autem
1829 665 1942 703 non
2003 665 2104 720 ap-

451 736 887 809 propinquabit.
926 739 1342 792 Verumtamen
1375 737 1559 792 oculis
1619 739 1737 793 tuis
1769 737 2102 792 considera-

451 825 566 892 bis,
601 831 657 882 et
686 825 1124 881 retributionem
1157 830 1528 897 peccatorum
1562 826 1786 882 videbis
1809 827 1981 896 (Psal.
2012 843 2102 894 xc,

449 915 592 986 5-8).
621 938 648 964 »
678 915 884 970 Justus
915 913 1068 968 enim
1102 931 1236 970 cum
1268 915 1422 970 810
1477 914 1739 986 loquitur
1783 914 2102 985 judicium,

454 1003 571 1069 Dei,
605 1001 690 1058 vel
722 1018 856 1057 cum
888 1002 1150 1074 loquitur
1179 1004 1303 1075 ipse
1334 1020 1463 1075 quae
1487 1005 1652 1074 justa
1683 1006 1841 1067 sunt,
1873 1007 1929 1058 et
1985 1002 2104 1058 veri

451 1092 622 1165 plena
645 1092 875 1163 judicii,
909 1110 1028 1148 non
1087 1109 1220 1148 cum
1279 1094 1582 1148 iracundia
1636 1093 1920 1164 loquitur,
1986 1109 2102 1147 non

451 1197 518 1236 ex
547 1181 729 1236 animi
751 1182 1054 1237 maerentis
1092 1182 1434 1251 afﬂictione,
1469 1198 1585 1237 non
1618 1198 1682 1235 ex
1732 1179 1950 1248 dolore,
1986 1197 2100 1235 non

449 1287 516 1326 ex
546 1268 743 1343 aliqua
772 1270 1048 1342 passione
1082 1289 1095 1338 ;
1131 1272 1232 1326 sed
1264 1271 1528 1342 loquitur
1589 1286 1658 1326 ex
1711 1269 1971 1338 veritate,
2017 1269 2101 1324 lo-

449 1358 652 1432 quitur
680 1376 748 1414 ex
806 1359 1101 1431 aequitate,
1137 1363 1201 1414 ut
1232 1376 1346 1415 non
1379 1360 1704 1432 propendat
1734 1359 1965 1422 affectu,
1999 1359 2100 1413 sed

447 1464 571 1518 quae
605 1447 882 1520 loquitur,
918 1464 1050 1502 vero
1081 1448 1298 1519 pendat
1327 1447 1592 1503 examine
1627 1465 1639 1502 :
1665 1447 1895 1518 judicat
1942 1447 2098 1501 enim

447 1554 574 1608 quae
608 1537 855 1592 dicenda
885 1536 1025 1603 sint,
1059 1536 1147 1591 vel
1207 1554 1320 1592 non
1370 1537 1712 1608 promenda.
1745 1535 1848 1590 Cui
1907 1534 2101 1589 simile

445 1630 535 1682 est
563 1625 710 1681 illud
745 1644 756 1680 :
814 1647 841 1675 ‹‹
876 1625 1055 1680 Labia
1087 1624 1445 1696 sapientium
1477 1623 1715 1695 alligata
1746 1627 1885 1677 sunt
1918 1639 2098 1678 sensu

445 1716 631 1786 (Prov.
665 1731 754 1780 xv,
787 1715 842 1783 7)
881 1731 893 1780 ;
931 1735 958 1761 »
990 1729 1056 1767 eo
1084 1713 1239 1784 quod
1272 1713 1470 1767 omnia
1498 1729 1626 1783 quae
1652 1711 1993 1782 loquuntur,
2009 1727 2098 1766 ve-

443 1819 509 1858 ro
541 1802 739 1858 sensui
770 1802 1075 1856 convenire
1103 1801 1432 1868 videantur,
1467 1806 1524 1856 et
1565 1817 1776 1856 sensus
1809 1800 1898 1856 sui
1953 1816 2091 1870 pru-

443 1891 644 1948 dentia
673 1889 1030 1963 intelligant,
1063 1906 1190 1960 quae
1221 1889 1381 1962 loqui
1432 1890 1682 1945 debeant
1712 1888 1801 1943 vel
1856 1893 2048 1943 tacere
2080 1903 2094 1944 ε

442 1985 509 2037 ut
537 1997 664 2052 quae
713 1979 941 2034 silenda
995 1983 1158 2045 sunt,
1187 1977 1496 2034 cohibeant
1525 1978 1779 2033 claustro
1821 1977 2092 2050 .quodam

441 2085 710 2140 nexuque
739 2067 1027 2123 labiorum
1060 2086 1072 2134 ;
1105 2067 1164 2121 in
1197 2066 1270 2122 iis
1300 2071 1494 2122 autem
1517 2083 1642 2138 quae
1663 2069 1924 2137 oporteat
1954 2066 2095 2133 dici,

438 2158 730 2216 labiorum
770 2156 1002 2212 vincula
1032 2155 1417 2211 resolvantur.
1452 2155 1652 2210 Merito
1684 2171 1821 2228 ergo
1863 2154 2092 2226 praemi-

439 2249 517 2303 sit
549 2264 562 2302 :
599 2268 627 2295 ‹‹
659 2246 736 2300 Os
759 2245 907 2316 justi
930 2245 1311 2300 meditabitur
1339 2244 1686 2315 sapientiam
1723 2263 1736 2311 ;
1768 2263 1794 2294 υ
1853 2243 2097 2298 medita-

437 2335 520 2392 tio
549 2334 709 2391 enim
741 2333 1024 2388 diuturna
1053 2332 1291 2404 plenum
1317 2331 1526 2404 poterit
1547 2331 2096 2402 haberejudicium,

437 2425 594 2496 quod
625 2423 900 2495 loquetur
941 2423 1135 2493 justus
1177 2421 1237 2476 in
1293 2425 1601 2493 tempore;
1649 2437 1784 2476 cum
1845 2436 1912 2475 ea
1969 2437 2095 2490 quae

436 2512 693 2584 perfecta
721 2515 879 2578 sunt,
909 2511 1052 2566 facie
1082 2512 1154 2566 ad
1188 2510 1413 2576 faciem,
1447 2509 1676 2565 viderit.
1712 2509 1893 2565 Nunc
1936 2509 2094 2564 enim

437 2602 508 2657 de
536 2600 609 2655 iis
642 2616 766 2671 quae
800 2615 914 2654 non
974 2598 1548 2670 comprehendimus,
1598 2597 1756 2669 loqui
1814 2613 1949 2652 vera
1980 2614 2092 2652 non

435 2705 778 2762 possumus.
810 2686 1072 2758 Denique
1104 2703 1210 2742 nec
1241 2686 1458 2742 Paulus
1478 2684 1861 2758 praesumpsit
1880 2684 2091 2751 dicere,

436 2777 536 2850 qui
571 2779 777 2849 raptus
809 2775 868 2830 in
903 2775 1245 2847 paradisum
1278 2774 1500 2830 audivit
1531 2777 1754 2829 secreta
1783 2772 2042 2828 ccelestia
2075 2789 2088 2828 :

435 2865 537 2922 sed
582 2864 783 2920 volens
841 2880 955 2919 non
1016 2864 1076 2918 in
1135 2864 1209 2918 iis
1259 2879 1461 2918 errare.
1511 2878 1638 2934 quae
1703 2862 1938 2927 diceret,
1962 2860 2087 2916 ait:

439 2976 466 3004 ‹‹
497 2955 684 3020 Quam
715 2951 1124 3008 inscrutabilia
1163 2955 1304 3007 sunt
1325 2950 1552 3022 judicia
1581 2950 1704 3015 Dei,
1737 2954 1794 3006 et
1848 2949 2090 3005 investi-

434 3040 658 3115 gabiles
691 3040 796 3095 viae
828 3042 957 3112 ejus
980 3042 1154 3112 (Rom.
1186 3057 1266 3106 x1,
1299 3039 1390 3107 33)
1425 3039 1437 3092 l
1489 3062 1514 3087 ››
1545 3039 1712 3093 Nunc
1757 3040 1954 3093 autem
1981 3039 2088 3094 ab-

2218 557 2498 630 loquitur,
2533 561 2588 613 et
2614 556 2674 612 in
2704 556 2876 613 corde
2906 555 3224 613 meditatur
3245 556 3623 629 sapientiam,
3642 557 3793 630 quia
3822 557 3877 613 in

2215 646 2419 720 lingua
2449 645 2868 718 suajudicium
2898 645 3178 718 loquitur,
3213 645 3351 717 quia
3379 647 3438 701 in
3463 647 3644 702 corde
3669 664 3785 702 suo
3808 646 3878 703 le-

2215 752 2348 808 gem
2381 735 2610 791 Domini
2641 733 2897 790 custodit
2927 755 2941 802 ;
3003 740 3251 790 mortem
3285 737 3510 808 peccati
3541 735 3592 791 ei
3628 741 3881 792 conatur

2213 823 2447 893 inferre,
2483 826 2582 880 sed
2613 824 2898 880 Dominus
2928 827 3128 880 tuetur
3155 842 3307 880 eum.
3365 827 3431 880 Et
3460 825 3592 881 ideo
3628 843 3754 881 non
3813 827 3877 881 ti-

2215 931 2485 970 meamus
2513 913 2761 969 insidias
2817 913 3156 984 peccatoris,
3216 914 3493 986 quoniam
3546 915 3710 970 Deus
3779 932 3877 987 pro

2214 1004 2384 1059 nobis
2414 1007 2522 1059 est.
2557 1003 2614 1058 Si
2647 1018 2782 1073 ergo
2812 1006 2964 1058 Deus
2995 1019 3098 1074 pro
3128 1002 3465 1074 nobis,quis
3486 1008 3699 1058 contra
3722 1005 3875 1059 nos?

2214 1092 2523 1165 Propterea
2553 1109 2669 1148 non
2700 1089 3067 1163 derelinquet
3087 1092 3318 1163 justum
3353 1109 3529 1148 suum
3561 1092 3746 1159 Deus,
3771 1110 3872 1148 nec

2211 1181 2520 1236 damnabit
2549 1197 2863 1248 eum,cum
2904 1179 3177 1235 habuerit
3228 1181 3300 1235 de
3359 1180 3489 1250 ipso
3543 1181 3865 1252 judicium.

2211 1269 2396 1325 Verus
2428 1269 2582 1325 enim
2607 1270 2792 1340 judex
2825 1273 2932 1338 est,
2965 1273 3022 1324 et
3051 1269 3175 1324 ideo
3200 1269 3436 1339 justitia
3497 1287 3607 1325 non
3663 1275 3868 1342 potest

2210 1358 2546 1430 periclitari.
2582 1358 2743 1414 Unde
2774 1361 2830 1413 et
2858 1356 3069 1430 Aquila
3093 1356 3233 1412 dixit
3267 1376 3280 1412 :
3317 1380 3344 1406 ‹‹
3380 1357 3495 1413 Nec
3550 1358 3868 1413 damnabit

2210 1464 2345 1503 eum
2377 1447 2436 1501 in
2461 1447 2784 1518 judicando
2814 1464 2898 1502 eo.
2937 1468 2963 1495 ››
2996 1445 3383 1516 Symmachus
3414 1463 3427 1501 :
3461 1469 3490 1496 «
3526 1447 3642 1501 Nec
3700 1447 3862 1502 dam-

2210 1534 2398 1602 nabit,
2434 1551 2568 1590 cum
2587 1535 2888 1606 judicatur
2917 1535 3140 1606 justus.

2278 1625 2369 1678 71.
2401 1623 2511 1679 Sed
2530 1623 2668 1696 quia
2695 1624 3077 1697 Septuaginta
3094 1622 3201 1678 viri
3224 1623 3307 1679 sic
3333 1627 3690 1695 posuerunt:
3717 1625 3805 1681 8|
3821 1629 3853 1681 Ι

2212 1732 2232 1759 α
2269 1711 2414 1767 Cum
2434 1711 2801 1782 judicabitur
2830 1710 2935 1777 illi,
2972 1734 2999 1760 ››
3051 1715 3328 1784 putamus
3353 1712 3512 1782 quod
3573 1713 3647 1767 ad
3711 1712 3859 1770 aliud

2206 1798 2547 1869 respexerit,
2580 1798 2718 1870 quia
2743 1797 3030 1870 scriptum
3060 1801 3151 1853 est
3182 1815 3194 1853 :
3231 1822 3257 1848 «
3290 1798 3584 1863 Quoniam
3618 1800 3745 1872 ipse
3766 1801 3862 1856 Do-

2213 1885 2413 1941 minus
2443 1886 2637 1942 veniet
2667 1887 2725 1941 in
2758 1887 3050 1958 judicium
3083 1889 3206 1956 (Isa.
3242 1905 3326 1956 III,
3391 1889 3505 1960 14).
3542 1912 3570 1936 ››
3631 1890 3747 1946 Sed
3805 1891 3861 1946 in

2208 1975 2365 2044 quod
2389 1975 2684 2046 judicium
2713 1975 2741 2029 ?
2765 1976 2916 2031 Audi
2945 1975 3233 2032 dicentem
3268 1995 3280 2032 :
3333 1998 3360 2026 ‹‹
3390 1976 3522 2032 Tibi
3557 1978 3667 2033 soli
3727 1996 3858 2052 pec-

2208 2063 2354 2130 cavi,
2387 2067 2444 2118 et
2473 2063 2695 2119 malum
2723 2081 2919 2120 coram
2950 2068 3007 2120 te
3037 2065 3164 2132 feci,
3199 2069 3263 2120 ut
3284 2065 3632 2136 justificeris
3657 2068 3718 2123 in
3751 2085 3864 2124 ser-

2207 2151 2484 2208 monibus
2516 2149 2656 2220 tuis,
2689 2156 2743 2208 et
2771 2153 2974 2209 vincas
3003 2170 3137 2208 cum
3161 2153 3453 2226 judicaris
3487 2154 3654 2225 (Psal.
3692 2175 3746 2221 ι,
3781 2158 3859 2222 6).

2208 2240 2340 2296 Ideo
2373 2256 2506 2313 ergo
2539 2242 2755 2314 praebet
2785 2258 2848 2297 se
2874 2243 3154 2298 Dominus
3183 2243 3570 2309 audiendum,
3598 2248 3664 2298 ut
3693 2245 3766 2300 de
3797 2263 3865 2302 se

2197 2328 2520 2398 judicetur,
2555 2347 2670 2402 quo
2701 2330 2892 2402 magis
2922 2329 3137 2386 vincat.
3171 2332 3475 2396 Quomodo
3499 2349 3562 2388 se
3585 2334 3863 2405 prtebeat,

2207 2416 2344 2472 audi
2379 2435 2391 2473 :
2426 2441 2454 2467 «
2487 2417 2745 2490 Populus
2771 2435 2960 2489 meus,
2991 2419 3133 2490 quid
3168 2419 3273 2475 feci
3304 2419 3430 2486 tibi,
3465 2425 3568 2476 aut
3626 2423 3689 2476 in
3749 2441 3861 2495 quo

2205 2506 2544 2562 contristavi
2569 2511 2645 2575 te,
2679 2509 2781 2562 aut
2810 2507 2951 2578 quid
2992 2506 3277 2564 molestus
3308 2509 3415 2564 tibi
3473 2510 3582 2577 fui,
3618 2527 3856 2584 respon-

2205 2593 2275 2648 de
2309 2594 2452 2650 mihi
2483 2595 2510 2650 ?
2539 2595 2685 2661 Quia
2713 2612 2783 2652 ex
2809 2596 3052 2669 Egypto
3074 2597 3248 2652 eduxi
3299 2602 3376 2666 te,
3441 2602 3499 2654 et
3557 2599 3632 2654 de
3693 2601 3859 2656 domo

2202 2682 2500 2740 servitutis
2528 2683 2764 2740 liberavi
2797 2688 2853 2740 te
2883 2684 3061 2756 (Mich.
3095 2701 3172 2753 VI,
3230 2686 3288 2753 3,
3347 2687 3448 2758 5)?
3483 2708 3509 2734 ››
3549 2687 3622 2742 Et
3672 2688 3812 2743 alibi
3846 2707 3858 2742 :

2205 2792 2233 2821 «
2265 2773 2383 2844 Ego
2413 2789 2566 2841 sum,
2599 2788 2704 2845 ego
2734 2789 2869 2828 sum
2901 2772 3003 2844 qui
3029 2772 3195 2828 deleo
3225 2772 3577 2845 iniquitates
3616 2779 3779 2845 tuas,
3811 2783 3862 2832 et

2202 2876 2429 2916 memor
2456 2877 2574 2916 non
2603 2877 2701 2916 ero
2735 2879 2748 2929 ;
2779 2864 2845 2916 tu
2883 2865 3077 2916 autem
3110 2877 3337 2917 memor
3367 2866 3515 2929 esto,
3551 2867 3611 2919 et
3636 2865 3859 2934 judice-

2200 2964 2336 3004 mur
2360 2949 2487 3021 (lsa.
2519 2967 2677 3017 XLIII,
2709 2950 2782 3004 25
2809 2950 2922 3021 26).
2957 2972 2986 2999 »

2268 3040 2357 3096 72.
2392 3038 2573 3094 Grave
2601 3038 2711 3094 hoc
2733 3037 3050 3109 judicium,
3069 3055 3205 3095 cum
3234 3039 3523 3096 Dominus
3546 3041 3622 3097 de
3645 3059 3710 3098 se
3731 3060 3857 3116 pos-

436 3130 668 3186 solutus
709 3146 968 3202 corpore,
1029 3128 1274 3184 forsitan
1331 3126 1829 3200 investigabilium
1861 3126 2085 3182 viarum
2128 3203 2151 3204 ﬂ
2196 3125 2348 3182 tulat
2376 3131 2578 3182 contra
2605 3126 2905 3184 hominem
2928 3127 3206 3200 judicari.
3242 3127 3391 3191 Quid
3422 3129 3586 3184 enim
3615 3147 3859 3204 respon-

433 3234 667 3291 genera,
701 3221 758 3273 et
776 3217 1004 3287 judicia
1034 3217 1163 3288 ejus
1210 3232 1338 3288 quae
1390 3214 1543 3270 sicut
1599 3214 1847 3285 abyssus
1897 3214 2080 3270 multa
2109 3203 2153 3271 C
2192 3215 2334 3270 deas
2361 3219 2438 3287 et,
2468 3216 2569 3287 qui
2599 3216 2874 3272 universa
2904 3217 3010 3272 tibi
3035 3216 3307 3287 contulit,
3334 3218 3622 3275 omnibus
3645 3223 3703 3276 te
3722 3203 3860 3293 prae-

434 3310 591 3376 sunt,
625 3305 1085 3378 comprehendit.

503 3397 592 3449 69.
627 3396 812 3464 (Vers.
847 3394 961 3463 31.)
989 3391 1196 3446 Adhuc
1217 3390 1463 3462 justitiee
1496 3391 1681 3447 forma
1732 3390 2083 3446 describitur

435 3485 491 3538 et
521 3485 790 3554 augetur,
823 3480 1052 3536 dicente
1083 3478 1383 3550 Scriptura
1415 3495 1426 3533 :
1492 3501 1512 3529 α
1547 3479 1659 3534 Lex
1687 3478 1786 3535 Dei
1837 3479 1967 3549 ejus
2020 3478 2079 3534 in

436 3570 607 3626 corde
661 3568 896 3641 ipsius;
957 3571 1015 3623 et
1073 3584 1186 3623 non
1248 3567 1786 3640 supplantabuntur
1840 3583 2080 3639 gressus

435 3660 583 3730 ejus.
620 3681 649 3707 ››
681 3657 744 3713 In
776 3659 949 3713 corde
971 3656 1121 3729 justi
1152 3655 1242 3712 lex
1273 3657 1373 3712 Dei
1404 3660 1510 3712 est.
1563 3657 1696 3721 Quas
1753 3655 1844 3711 lex
1871 3657 1899 3710 ?
1953 3657 2079 3712 Non

435 3746 672 3820 scripta,
707 3747 805 3802 sed
839 3744 1124 3801 naturalis
1158 3763 1170 3800 :
1199 3746 1362 3816 justo
1393 3744 1550 3800 enim
1575 3760 1688 3799 non
1722 3748 1810 3801 est
1839 3743 1931 3799 lex
1983 3761 2080 3816 po-

435 3836 565 3905 sita,
597 3836 697 3892 sed
730 3835 970 3906 injusto.
1007 3835 1070 3888 In
1101 3835 1273 3889 corde
1303 3835 1431 3905 ejus
1461 3833 1552 3888 lex
1576 3837 1814 3902 est,non
1837 3833 2080 3904 perfun-

433 3924 631 3993 ctorie,
667 3923 820 3979 sicut
844 3923 903 3978 in
936 3923 1109 3979 labiis
1137 3922 1473 3978 Judaorum
1513 3939 1525 3989 ;
1560 3922 1732 3977 corde
1769 3921 1925 3977 enim
1957 3939 2078 3978 cre-

431 4014 589 4070 ditur
617 4013 687 4068 ad
713 4011 1032 4084 justitiam.
1068 4012 1175 4076 Qui
1207 4010 1409 4079 credit,
1445 4014 1501 4065 et
1530 4009 1819 4081 loquitur;
1854 4011 1952 4082 qui
1976 4028 2076 4066 au-

431 4109 548 4160 tem
579 4100 859 4174 loquitur,
899 4116 1010 4155 non
1043 4098 1321 4155 continuo
1380 4099 1582 4154 credit.
1640 4099 1902 4171 Denique
1960 4116 2077 4155 non

430 4191 680 4248 credidit
710 4189 986 4262 populus,
1019 4189 1088 4243 de
1140 4204 1254 4259 quo
1285 4188 1508 4242 dictum
1565 4192 1652 4243 est
1685 4205 1696 4242 :
1761 4209 1788 4238 ‹‹
1819 4187 2077 4261 Populus

429 4279 714 4337 hiclabiis
737 4295 828 4334 me
851 4278 1097 4334 honorat
1128 4295 1141 4345 ;
1175 4293 1275 4333 cor
1303 4280 1497 4332 autem
1531 4293 1732 4332 eorum
1762 4275 1933 4349 longe
1987 4283 2078 4333 est

431 4385 465 4423 a
494 4386 587 4424 me
619 4369 741 4438 (Isa.
772 4385 926 4435 xxxx,
960 4366 1068 4437 13).
1106 4387 1128 4417 ι
1165 4365 1225 4420 Si
1258 4365 1438 4438 igitur
1464 4370 1667 4437 gentes
1697 4382 1831 4420 cum
1850 4383 1918 4421 ea
1947 4383 2073 4438 quas

429 4455 579 4529 legis
607 4460 748 4511 sunt
778 4455 1017 4521 faciunt,
1048 4454 1162 4528 ipsi
1189 4454 1299 4510 sibi
1322 4458 1463 4510 sunt
1515 4454 1626 4522 lex,
1659 4460 2074 4526 cognoscentes

431 4561 558 4616 quae
582 4544 750 4616 sequi
780 4545 1030 4599 debeant
1058 4544 1142 4599 vel
1175 4560 1372 4599 cavere
1406 4562 1418 4611 ;
1454 4547 1673 4633 quanto
1711 4543 1900 4633 magis
1931 4543 2073 4633 ﬁde-
2105 4568 2152 4633 Β

430 4633 504 4690 lis
530 4633 816 4705 etjustus,
839 4633 937 4704 qui
956 4633 1027 4688 ad
1053 4633 1370 4704 imaginem
1394 4635 1450 4687 et
1490 4631 1938 4688 similitudinem
1971 4632 2072 4687 Dei

427 4722 582 4791 vivit,
597 4723 806 4779 decora
828 4722 985 4778 novit
1003 4725 1061 4777 et
1076 4721 1321 4777 honesta
1341 4722 1666 4792 decernere,
1686 4724 1742 4776 et
1772 4721 1856 4776 uti
1884 4721 2072 4794 legiti-

428 4828 522 4867 mo
572 4811 829 4883 quodam
875 4808 1161 4865 naturalis
1201 4808 1497 4880 sapientiae
1528 4809 1944 4881 gubernaculo.
2004 4827 2077 4866 ne

426 4902 554 4974 ejus
601 4901 1056 4974 supplantentur
1107 4897 1396 4969 vestigia;
1457 4896 1610 4952 sicut
1665 4897 1841 4964 Esau,
1901 4914 2076 4971 quem

426 4993 662 5064 propter
689 4988 838 5063 gulae
870 4987 1208 5043 aviditatem
1239 4987 1415 5042 frater
1453 4985 1859 5058 supplantavit
1889 4991 1953 5042 ut
1983 5005 2074 5044 ca-

425 5081 606 5147 deret,
639 5083 813 5151 atque
845 5077 904 5132 in
937 5079 1186 5133 mortem
1215 5075 1466 5148 vestigia
1499 5076 1632 5147 ejus
1673 5075 1896 5131 effudit.

494 5170 584 5223 70.
617 5169 799 5241 (Vers.
833 5167 922 5235 32,
953 5167 1206 5237 33.)Quo
1238 5165 1427 5238 magis
1449 5166 1652 5236 justus
1683 5167 1772 5220 est
1802 5165 2074 5238 quisque,

423 5273 489 5313 eo
521 5257 710 5330 magis
740 5257 824 5312 illi
856 5257 1175 5312 insidiatur
1207 5254 1482 5310 inimicus
1516 5273 1529 5321 ;
1563 5259 1619 5310 et
1665 5255 1792 5310 ideo
1825 5255 1906 5310 ait
1935 5254 2082 5314 Scri-

426 5349 598 5417 ptura
629 5364 691 5402 ;‹‹
710 5347 1052 5403 Considerat
1072 5349 1339 5418 peccator
1363 5345 1616 5416 justum,
1650 5348 1706 5399 et
1735 5344 2082 5416 quaeritper-

427 5434 562 5488 dere
593 5451 750 5490 eum.
773 5435 1055 5491 Dominus
1087 5438 1282 5491 autem
1310 5450 1426 5488 non
1458 5433 1824 5504 derelinquet
1854 5449 1988 5489 eum
2021 5433 2081 5488 in

2189 3303 2365 3372 fecit;
2394 3303 2644 3375 subjecit
2671 3303 2778 3359 tibi
2808 3304 3128 3378 Egyptios,
3164 3306 3236 3361 ad
3265 3321 3415 3378 quos
3474 3306 3699 3379 hospes
3756 3311 3855 3364 ad-

2188 3392 2817 3460 veneras,insectantes
2838 3396 3041 3465 postea
3063 3394 3211 3449 mari
3245 3394 3589 3452 mersit.llle
3601 3401 3733 3452 tuos
3752 3398 3859 3452 de-

2188 3478 2328 3537 levit
2357 3481 2555 3538 hostes
2585 3484 2762 3553 atque
2793 3481 3104 3550 subvertit,
3138 3481 3235 3538 ille
3277 3486 3336 3538 te
3367 3485 3591 3540 creavit
3615 3489 3674 3539 et
3701 3502 3846 3540 con-

2190 3569 2360 3639 didit,
2392 3569 2491 3625 ille
2521 3585 2626 3627 suo
2658 3570 2946 3642 sanguine
2973 3575 3028 3626 te
3058 3571 3311 3627 redemit
3344 3590 3357 3638 ;
3415 3577 3474 3628 et
3535 3577 3601 3628 tu
3661 3574 3851 3629 tradis

2189 3661 2268 3725 te,
2302 3664 2367 3714 ut
2397 3658 2617 3714 servias
2646 3658 2774 3729 ejus
2804 3657 3043 3714 inimico
3079 3659 3093 3713 l
3128 3658 3232 3715 Ille
3257 3660 3365 3715 tibi
3395 3661 3602 3717 omnia
3643 3678 3855 3735 pecca-

2188 3749 2252 3800 ta
2277 3746 2521 3817 dimisit,
2556 3750 2612 3802 et
2640 3749 2704 3802 tu
2736 3748 3002 3820 graviora
3031 3748 3354 3804 committis
3390 3750 3402 3803 l
3437 3749 3627 3806 Vocat
3659 3755 3736 3818 te,
3798 3753 3857 3807 in

2181 3834 2478 3905 judicium
2508 3833 2724 3904 venies,
2757 3835 2899 3908 quid
2931 3851 3324 3908 responsurus
3355 3854 3419 3894 es
3449 3837 3526 3904 ei,
3565 3839 3676 3911 qui
3717 3841 3859 3896 nisit

2190 3923 2406 3980 iterum
2436 3923 2542 3980 tibi
2573 3924 2770 3994 donet,
2802 3924 3003 3997 peristi
3033 3925 3062 3980 ‘I
3091 3926 3345 3998 Ideoque
3372 3927 3583 3983 videns
3606 3933 3858 3984 sanctus

2189 4011 2369 4082 David
2401 4011 2510 4067 hac
2540 4013 2795 4084 quadam
2828 4012 3153 4070 moralitate
3184 4015 3296 4086 (41)
3331 4016 3432 4070 Dei
3492 4016 3765 4088 amplius
3795 4034 3856 4073 se

2187 4099 2436 4172 gravari,
2461 4099 2756 4172 judicium
2786 4102 3018 4175 refugit,
3051 4102 3522 4160 misericordiam
3549 4107 3746 4177 poscit
3775 4105 3858 4161 di-

2187 4205 2324 4244 cens
2359 4207 2372 4244 :
2410 4189 2528 4244 «Et
2558 4205 2631 4244 ne
2661 4189 2843 4245 intres
2869 4190 2928 4246 in
2954 4191 3245 4258 judicium
3292 4208 3429 4248 cum
3466 4209 3639 4249 servo
3700 4201 3804 4250 tuo
3839 4221 3852 4262 ;

2187 4276 2465 4349 quoniam
2497 4293 2610 4333 non
2637 4277 3065 4348 justiﬂcabitur
3091 4279 3152 4334 in
3184 4284 3504 4352 conspectu
3539 4287 3640 4337 tuo
3655 4284 3852 4337 omnis

2183 4365 2382 4422 vivens
2413 4366 2585 4438 (Psal.
2617 4381 2790 4432 cxm,
2823 4366 2900 4438 2).
2937 4388 2965 4417 ‹‹
2999 4367 3317 4442 Conﬁtetur
3373 4385 3438 4425 se
3500 4371 3564 4426 in
3591 4371 3854 4427 tenebris

2185 4453 2337 4511 sicut
2392 4458 2692 4511 mortuum
2749 4454 2950 4510 saeculi
3010 4455 3384 4512 collocatum.
3448 4459 3638 4516 Caute
3697 4461 3856 4516 sicut

2185 4547 2484 4598 mortuum
2516 4541 2714 4599 seaculi
2747 4542 2914 4613 dixit,
2945 4561 3062 4600 non
3090 4549 3392 4601 mortuum
3429 4565 3442 4612 ;
3509 4564 3631 4603 non
3692 4549 3853 4605 enim

2180 4633 2402 4688 mortui
2435 4632 2632 4688 saeculi
2665 4637 2825 4700 sunt,
2859 4632 2960 4706 qui
2992 4633 3326 4690 moriuntur
3357 4635 3415 4690 in
3447 4635 3691 4693 Christo
3720 4657 3734 4704 ;
3767 4637 3852 4693 illi

2184 4725 2378 4778 autem
2411 4725 2551 4777 sunt
2581 4722 2798 4777 mortui
2828 4721 3049 4789 saeculi,
3072 4722 3173 4794 qui
3202 4739 3439 4780 omnem
3459 4725 3646 4782 vitam
3679 4743 3852 4783 suam

2185 4825 2361 4882 quam
2390 4809 2660 4866 vixerunt
2686 4809 2747 4866 in
2785 4811 3014 4881 saeculo,
3046 4811 3106 4867 in
3137 4811 3376 4868 interitu
3405 4818 3462 4869 et
3494 4820 3690 4871 morte
3713 4833 3851 4872 con-

2187 4899 2463 4965 stituunt,
2496 4899 2565 4955 Et
2595 4898 2721 4955 ideo
2780 4899 2949 4972 quasi
2980 4901 3324 4973 desperatus
3383 4902 3453 4956 ad
3512 4905 3852 4960 remedium

2187 4987 2449 5061 confugit
2478 4987 2678 5044 dicens
2705 5004 2718 5042 :
2753 5011 2780 5038 ‹‹
2814 4988 2938 5045 Cito
2970 4989 3178 5046 exaudi
3209 5005 3322 5058 me,
3353 4989 3612 5047 Domine
3640 5011 3653 5058 ;
3717 4994 3854 5065 quia

2187 5076 2397 5133 defecit
2421 5075 2666 5150 spiritus
2696 5093 2864 5133 meus
2894 5077 3054 5149 (Ibid.
3083 5079 3162 5149 7).
3196 5101 3224 5127 ››
3255 5077 3417 5134 Talis
3447 5078 3618 5135 enim
3633 5081 3851 5152 judicii

2189 5165 2488 5238 proposita
2516 5164 2631 5221 sibi
2659 5164 2952 5222 oblatione
2981 5166 3276 5234 defecit,in
3305 5183 3421 5238 quo
3443 5170 3852 5227 examinanda

2190 5255 2404 5312 veritas
2435 5255 2581 5311 foret
2600 5254 2818 5327 potius,
2840 5271 3019 5327 quam
3045 5255 3444 5313 misericordia
3463 5259 3849 5316 conferenda.

2260 5345 2350 5399 73.
2384 5345 2602 5400 Tamen
2632 5347 2754 5399 tam
2782 5344 2916 5416 pius
2947 5349 3037 5401 est
3066 5346 3368 5412 Dominus,
3401 5351 3469 5401 ut
3495 5348 3615 5403 etsi
3675 5365 3844 5404 nemo

2183 5433 2548 5504 justiﬁcetur
2571 5432 2630 5488 in
2653 5436 2968 5505 conspectu
3025 5435 3155 5506 ejus
3205 5433 3400 5490 vivens
3457 5437 3629 5506 (quis
3689 5438 3842 5494 enim

428 5521 703 5577 manibus
721 5524 846 5592 ejus
870 5541 882 5591 ;
905 5541 1008 5579 nec
1031 5523 1335 5579 damnabit
1369 5538 1527 5589 eum,
1560 5538 1694 5577 eum
1719 5521 2086 5592 judicabitur
2193 5521 2669 5594 quamvisjustus
2692 5537 2807 5577 non
2827 5522 3113 5580 obnoxius
3135 5527 3222 5580 est
3250 5526 3488 5595 peccato
3527 5543 3542 5593 ;
3577 5531 3688 5582 aut
3744 5544 3838 5583 cu-

502 5659 610 5743 (41)
642 5671 978 5743 Moralitate,
1013 5674 1071 5730 id
1104 5680 1217 5743 est,
1274 5691 1384 5731 usu
1421 5673 1874 5732 consuetudinis
1931 5691 1996 5732 ac
2036 5673 2220 5732 moris
2244 5673 2486 5732 humani
2510 5689 2624 5746 quo
2655 5687 2717 5732 se
2747 5673 2915 5732 nobis
2943 5679 3095 5734 Deus
3125 5674 3550 5734 accommodat.
