4078 6196
185 377 340 445 1053

1212 370 1673 437 ENARRA'I‘IO
1715 369 1796 434 IN
1841 363 2228 430 PSALMUM
2270 359 2543 428 XXXVI.

3431 361 3586 424 1054

170 515 270 588 jus
301 511 438 569 talis
461 514 550 569 est
576 511 710 579 vita,
745 516 808 566 ut
836 509 1011 584 digna
1042 507 1341 579 judicetur
1386 507 1486 562 Dei
1546 505 1820 560 similitu-
1852 502 1908 568 Α
1937 499 2090 555 sicut
2118 514 2365 588 granum
2398 496 2645 588 sinapis,
2671 492 2878 588 dicetis
2907 491 3309 588 huic-monti}
3343 493 3586 588 Tollere,

180 602 363 660 dine?
392 602 596 674 utique
627 602 696 658 ad
733 599 1046 672 imaginem
1099 602 1156 654 et
1211 595 1661 654 similitudinem
1723 593 1826 649 Dei

178 694 365 748 fac-tus
396 692 590 755 debet,
623 691 772 745 sicut
802 689 955 744 Deus
1005 688 1106 759 qui
1146 687 1271 742 sine
1302 689 1535 758 peccato
1580 687 1690 754 est,
1746 683 1829 737 ita

180 785 235 838 et
265 781 314 836 is
345 779 447 852 qui
480 780 552 835 ad
583 778 900 850 imaginem
930 779 1057 848 ejus
1094 780 1203 844 est,
1237 776 1362 831 sine
1393 778 1630 847 peccato
1675 789 1824 828 esse.

177 872 299 936 Qua
337 884 476 940 ergo
522 867 735 939 dignus
785 869 871 922 est
926 883 1095 939 poena
1145 865 1246 936 qui
1295 863 1544 935 gratiam
1605 865 1826 917 tantam

177 956 495 1016 Dominicaa
523 955 902 1028 operationis,
932 960 988 1010 et
1019 952 1466 1009 similitudinem
1501 951 1677 1005 divini
1729 951 1828 1005 de-

180 1049 329 1106 coris
353 1045 592 1102 amisit?
623 1045 732 1100 Sed
765 1047 904 1116 quia
937 1043 1266 1099 misericors
1295 1045 1402 1109 est,
1436 1040 1668 1097 etiamsi
1705 1039 1830 1111 ipse

184 1154 246 1194 se
283 1135 507 1207 judicio
551 1133 863 1204 subjiciat;
897 1134 1128 1204 justum
1174 1137 1369 1187 tamen
1421 1148 1536 1185 non
1580 1129 1827 1200 judicat,

183 1227 280 1283 sed
313 1226 626 1296 injustum.
657 1223 828 1277 Justo
860 1223 1063 1294 parcit,
1117 1221 1284 1293 quasi
1317 1217 1667 1276 conditionis
1719 1219 1829 1272 fra-

180 1315 400 1388 gilitate
429 1312 730 1385 peccanti:
767 1311 1054 1384 injustum
1107 1310 1294 1382 punit,
1330 1307 1499 1381 quasi
1539 1308 1638 1379 qui
1679 1308 1832 1362 dete-

180 1406 364 1460 stetur
425 1401 744 1473 ingratum.
809 1400 1024 1454 Deinde
1088 1399 1321 1454 etiamsi
1383 1396 1569 1452 multa
1613 1395 1832 1451 habeas

179 1509 352 1564 opera
372 1489 641 1560 justitize,
675 1487 791 1542 noli
817 1504 944 1542 esse
975 1486 1290 1558 impatiens
1323 1489 1497 1557 atque
1528 1500 1829 1555 arrogans,

178 1577 689 1654 quopraemia(42)
724 1576 828 1631 tibi
868 1575 1121 1647 justitia:
1173 1575 1230 1629 in
1290 1575 1399 1630 hoc
1452 1573 1662 1629 saeculo
1715 1572 1802 1628 exi

178 1668 380 1725 stimes
410 1666 747 1739 ﬂagitanda,
781 1669 882 1719 aut
910 1663 1270 1736 indignetibi
1291 1664 1533 1718 adversa
1553 1661 1834 1716 accidisse

179 1757 373 1829 aliqua
401 1752 800 1827 conqueraris.
835 1752 1104 1816 Quandiu
1146 1751 1302 1806 enim
1344 1749 1509 1818 vivis,
1543 1753 1830 1804 certamen

176 1846 280 1902 tibi
304 1846 569 1912 debetur,
605 1859 719 1897 non
752 1839 1081 1914 praemium.

245 1936 338 1989 74.
370 1934 557 2004 (Vers.
599 1933 711 1998 34.)
759 1953 786 1979 «
828 1931 1111 2001 Exspecta
1170 1950 1198 1976 ››
1249 1942 1385 1998 ergo
1441 1926 1526 1982 vel
1585 1926 1830 1982 auxilia-

177 2027 386 2091 torem,
429 2021 517 2078 vel
544 2023 1042 2076 remuneratorem
1072 2016 1388 2072 Dominum
1414 2039 1440 2064 ‹‹
1493 2020 1549 2071 et
1604 2016 1830 2072 custodi

175 2111 299 2167 vias
315 2113 474 2183 ejus;
513 2134 539 2159 ››
571 2109 680 2165 hoc
711 2112 818 2175 est,
852 2111 1188 2178 exspectare
1234 2108 1290 2160 et
1343 2105 1472 2176 ejus
1503 2121 1675 2174 quem
1736 2122 1829 2159 ex-

176 2201 560 2274 spectandum
584 2202 777 2270 putas,
813 2197 1091 2250 mandata
1119 2211 1481 2250 conservare.
1515 2195 1632 2248 Etsi
1694 2211 1830 2249 con-

175 2290 409 2355 teraris,
463 2288 572 2342 etsi
619 2285 920 2357 affligaris,
978 2283 1086 2338 etsi
1165 2283 1513 2355 aegritudine
1572 2282 1829 2352 deficias,

172 2383 373 2434 tamen
425 2379 696 2448 exspecta
727 2375 878 2430 812
931 2373 1266 2443 Dominum,
1327 2375 1384 2426 et
1415 2389 1532 2427 non
1593 2376 1647 2428 te
1695 2389 1832 2428 con-

177 2466 384 2522 fundet
412 2481 566 2537 spes.

244 2556 335 2609 75.
367 2553 573 2609 Veniet
601 2552 904 2615 Dominus,
939 2573 967 2600 «
992 2553 1049 2606 et
1077 2549 1352 2605 exaltabit
1399 2554 1476 2616 te,
1535 2553 1600 2604 ut
1650 2548 1831 2603 haere—

180 2643 358 2700 ditate
387 2642 693 2715 possideas
715 2645 952 2696 terram.
977 2662 1004 2689 »
1041 2640 1248 2711 Liquet
1295 2639 1654 2710 superiorem
1705 2653 1832 2692 esse

177 2737 418 2798 terram,
456 2748 572 2786 non
603 2731 775 2785 istam
833 2728 894 2783 in
943 2727 1092 2782 valle
1140 2730 1469 2792 terrenam;
1521 2727 1621 2782 sed
1666 2725 1832 2780 illam

183 2838 311 2893 quae
340 2826 429 2875 est
481 2816 954 2892 repromissionis
974 2820 1220 2883 aeternae,
1255 2817 1314 2871 in
1349 2833 1464 2888 qua
1496 2816 1834 2887 quicunque

181 2909 575 2976 constituitur,
605 2907 892 2964 exaltatur
915 2923 949 2960 a
977 2905 1243 2961 Domino.

248 3000 338 3054 76.
375 2997 671 3052 «Videbis
719 2999 915 3051 autem
960 3011 1093 3049 cum
1127 2993 1405 3066 perierint
1457 2997 1830 3065 peccatores;

179 3093 321 3145 tunc
342 3087 498 3144 enim
525 3087 823 3158 justorum
855 3082 1248 3139 remuneratio
1287 3083 1417 3146 erit,
1479 3100 1611 3137 cum
1667 3081 1834 3154 judi-

176 3177 334 3234 cium
381 3176 553 3231 fuerit
609 3175 678 3230 de
712 3173 936 3228 meritis
985 3172 1323 3243 impiorum.
1379 3173 1490 3227 Sed
1539 3189 1657 3226 non
1717 3187 1832 3225 uno

1863 1868 1913 1934 B

1936 594 1993 644 et
2015 589 2240 659 jactare
2290 586 2349 640 in
2383 601 2540 640 mare
2573 585 2781 654 (Matth.
2833 601 2971 650 xvn,
3008 584 3116 655 19).
3159 586 3203 632 ’κ
3247 583 3404 638 Huic.
3437 584 3590 638 Cui?

1936 676 2254 743 Damonio,
2287 675 2502 746 inquit,
2537 691 2570 728 a
2600 691 2714 746 quo
2747 674 2857 728 iste
2887 673 3128 728 invasus
3185 673 3373 728 fuerat
3402 680 3458 728 et
3488 689 3588 745 op-

1938 783 2201 839 pressus,
2229 781 2402 836 quem
2438 763 2736 818 miramini
2775 779 2902 818 esse
2934 767 3230 818 sanatum.
3295 763 3427 818 Ideo
3460 761 3596 818 cha-

1939 855 2167 910 ritaten)
2204 853 2391 925 magis
2427 853 2604 907 habet
2632 852 2691 906 in
2724 853 2972 921 Christo,
3035 869 3210 924 quam
3243 855 3592 924 potestatem

1937 944 1998 999 in
2030 942 2282 998 diabolo.
2317 942 2492 997 Vides
2515 943 2751 997 cedrum
2775 942 2830 996 in
2858 947 3052 998 monte
3069 942 3358 998 altissimo
3389 958 3592 1013 super-

1939 1032 2288 1099 exaltatam;
2323 1033 2419 1087 sed
2452 1036 2624 1087 vento
2657 1031 2965 1103 frangitur,
3024 1033 3124 1087 sed
3159 1031 3278 1104 igni
3309 1030 3590 1098 exuritur,

1939 1123 2039 1178 sed
2071 1125 2358 1176 vetustate
2387 1121 2759 1176 dissolvitur:
2797 1120 2877 1176 ita
2905 1124 2993 1177 est
3024 1121 3182 1175 dives
3243 1120 3300 1174 in
3359 1118 3590 1175 saeculo.

1941 1209 2141 1283 Fulget
2172 1210 2409 1280 quidem
2442 1209 2750 1281 splendore
2783 1210 3037 1281 quodam
3069 1209 3266 1281 gratiae
3300 1206 3594 1266 saecularis

1940 1303 2008 1354 ut
2038 1299 2294 1354 Libanus
2322 1318 2334 1365 ;
2365 1300 2536 1364 nixus
2568 1303 2657 1355 est
2687 1300 2894 1354 mundi
2934 1299 3212 1371 potentia,
3273 1299 3482 1371 opibus
3541 1303 3597 1353 et

1941 1388 2159 1444 divitiis
2190 1388 2428 1444 exultat.
2458 1389 2702 1444 Videtur
2731 1389 3076 1461 tibialiquid
3105 1407 3252 1453 esse,
3279 1393 3593 1461 antequam

1942 1477 2144 1533 dicas:
2181 1479 2548 1534 «Transiens
2606 1479 2812 1535 videbo
2872 1481 3060 1551 (Exod.
3097 1498 3179 1542 ιιι,
3240 1481 3314 1550 3).
3351 1503 3377 1530 »
3438 1477 3599 1533 Sicut

1941 1567 2099 1622 enim
2134 1568 2360 1640 Moyses
2393 1569 2590 1624 animo
2621 1574 2677 1625 et
2710 1574 2903 1626 mente
2932 1570 3204 1625 transivit
3249 1567 3594 1632 materialia,

1941 1659 1999 1712 et
2026 1661 2207 1712 Deum
2237 1657 2420 1712 vidit:
2453 1657 2534 1713 ita
2566 1662 2622 1712 et
2647 1663 2711 1713 tu
2743 1661 2791 1714 si
2837 1664 3102 1715 transeas
3158 1660 3318 1728 hinc,
3367 1661 3437 1715 ad
3498 1659 3598 1715 Dei

1941 1745 2190 1817 gratiam
2223 1745 2533 1818 vestigium
2557 1752 2669 1802 tua:
2685 1749 2898 1804 mentis
2921 1749 3440 1815 attollens,videbis
3462 1767 3596 1805 eum

1944 1833 2086 1888 nihil
2119 1850 2246 1890 esse
2274 1835 2373 1906 qui
2402 1835 2460 1890 in
2479 1835 2586 1890 hac
2605 1841 2758 1892 terra
2773 1837 2884 1893 sibi
2904 1838 3352 1909 potentissimus
3373 1839 3601 1894 videba-

1943 1926 2055 1977 tur.
2091 1923 2224 1978 Ideo
2257 1925 2466 1979 anima:
2496 1929 2608 1980 tua:
2642 1925 2800 1993 dicit,
2837 1926 3016 1981 menti
3080 1930 3186 1981 tuae
3245 1926 3386 1982 dicit
3445 1928 3600 1984 Deus

1943 2012 2232 2067 Verbum:
2269 2036 2296 2063 ‹‹
2337 2015 2489 2069 Ades
2518 2014 2632 2070 huc
2665 2032 2697 2071 a
2719 2015 2956 2083 Libano,
2991 2033 3228 2087 sponsa,
3257 2017 3396 2072 ades
3428 2015 3541 2071 huc
3568 2034 3602 2071 a

1944 2100 2165 2155 Libano
2193 2119 2204 2155 :
2243 2102 2520 2158 transibis
2552 2108 2608 2158 et
2638 2105 3022 2175 pertransibis
3046 2105 3228 2174 (Cant.
3272 2122 3344 2170 ιν,
3377 2107 3452 2173 8).
3489 2127 3516 2155 ››
3540 2105 3600 2160 Si

1940 2191 2222 2244 transeas
2237 2190 2560 2257 saecularia,
2585 2198 2707 2263 pert
2719 2193 2970 2249 ransibis
2985 2194 3053 2248 ad
3075 2193 3435 2265 paradisum.
3451 2193 3599 2248 Audi

1941 2282 2367 2333 transeuntem.
2389 2302 2415 2328 «
2441 2281 2728 2336 Memento
2761 2282 2894 2348 mei,
2930 2282 3192 2349 Domine,
3216 2299 3351 2337 cum
3375 2281 3600 2337 veneris

1943 2363 2002 2418 in
2037 2381 2279 2437 regnum
2313 2371 2479 2422 tuum
2513 2371 2660 2438 (Luc.
2695 2387 2857 2438 xxm,
2892 2373 2998 2441 4'2).
3025 2393 3050 2417 ››
3080 2371 3230 2426 Audi
3257 2371 3466 2426 iterum
3501 2387 3605 2442 per

1942 2457 2347 2511 transeuntem
2375 2475 2387 2512 :
2424 2481 2450 2507 «
2478 2464 2686 2528 Amen,
2721 2476 2888 2515 amen
2924 2459 3052 2515 dico
3110 2459 3238 2524 tibi,
3272 2459 3443 2516 hodie
3476 2476 3603 2516 me-

1943 2559 2076 2597 cum
2108 2545 2221 2599 eris
2253 2545 2309 2599 in
2345 2547 2616 2617 paradiso
2648 2547 2801 2614 (Ibid.
2835 2549 2947 2618 43).
2987 2569 3006 2598 υ

2027 2634 2116 2688 78.
2151 2634 2297 2698 Quid
2327 2642 2449 2691 est:
2487 2659 2513 2686 «
2557 2638 2698 2691 Ecce
2750 2654 2864 2691 non
2926 2642 3069 2692 erat.
3103 2661 3130 2686 ››
3193 2640 3254 2692 In
3312 2639 3602 2711 principio

1942 2728 2146 2799 utique
2197 2725 2452 2780 Verbum
2485 2729 2626 2780 erat.
2672 2726 2742 2780 Et
2800 2726 2901 2797 qui
2958 2725 3214 2782 Verbum
3274 2727 3449 2793 videt,
3503 2730 3601 2799 qui

1943 2813 2234 2885 particeps
2264 2812 2440 2867 Verbi
2474 2817 2582 2881 est,
2616 2813 2817 2884 utique
2849 2818 2905 2868 et
2933 2813 3056 2885 ipse
3099 2820 3186 2870 est
3213 2833 3225 2881 ;
3297 2815 3432 2887 quia
3463 2819 3603 2872 Ver-

1944 2904 2085 2958 bum
2117 2902 2217 2956 Dei
2245 2919 2478 2973 semper
2517 2906 2623 2967 est,
2677 2907 2735 2956 et
2791 2919 2984 2958 sermo
3036 2903 3134 2974 qui
3186 2905 3256 2959 de
3307 2903 3436 2976 ipso
3495 2908 3602 2972 est,

1946 3009 2063 3048 non
2094 2997 2214 3047 est:
2255 2992 2353 3046 Est
2381 2996 2437 3046 et
2468 3008 2618 3058 non;
2654 2992 2753 3046 sed
2787 3010 2797 3046 :
2829 2993 2949 3057 Est,
2983 2997 3039 3047 et
3068 2997 3266 3047 manet
3315 2994 3372 3048 in
3407 3010 3473 3049 eo
3505 2994 3604 3066 qui

1943 3081 2211 3153 sequitur
2253 3085 2457 3136 Deum.
2511 3080 2620 3146 Qui
2675 3085 2870 3136 autem
2921 3081 3107 3137 nescit
3153 3083 3431 3148 Verbum,
3488 3100 3601 3138 non

1944 3174 2053 3239 est,
2086 3169 2358 3240 quianon
2387 3168 2712 3224 adhaeretei
2748 3169 2845 3241 qui
2881 3169 3061 3225 dixit:
3088 3193 3115 3220 «
3154 3172 3269 3243 Ego
3320 3188 3450 3227 sum
3505 3171 3606 3243 qui

172 3281 388 3340 genere
418 3267 678 3337 pereunt
721 3239 1091 3334 peccatores—
1118 3261 1256 3314 Ante
1305 3259 1410 3313 tibi
1457 3263 1719 3331 pereunt,
1781 3260 1830 3313 si
1865 3239 1907 3305 Ο
1947 3275 2079 3313 sum
2105 3239 2315 3330 (Exod.
2349 3276 2431 3324 ιιι,
2467 3258 2576 3328 H).
2615 3282 2641 3307 »
2675 3239 2826 3314 81‘3
2857 3259 2964 3323 Qui
3015 3239 3227 3315 autem'
3271 3239 3538 3316 adhazret—
3554 3261 3605 3317 ei

173 3369 385 3410 eorum
414 3350 738 3423 potentiam
770 3352 826 3403 et
856 3346 1087 3401 divitias
1129 3363 1241 3400 non
1294 3346 1563 3401 mireris:
1618 3346 1667 3400 si
1723 3363 1838 3400 non

175 3448 237 3498 te
292 3443 520 3496 moveat
582 3455 717 3494 cum
782 3453 881 3492 eos
931 3435 1274 3500 honoribus,
1349 3433 1568 3497 liberis,
1632 3433 1841 3489 amicis

174 3529 482 3587 abundare
521 3524 882 3599 cognoveris.
936 3524 1066 3578 Haec
1096 3523 1253 3578 enim
1307 3521 1504 3577 szeculi
1565 3527 1722 3586 sunt,
1785 3527 1842 3577 et

175 3617 466 3676 saeculum
497 3614 758 3670 saeculari
783 3613 1046 3683 subjacet
1071 3610 1420 3682 malignitati
1446 3627 1458 3665 :
1481 3615 1538 3666 et
1570 3609 1841 3682 princeps

177 3704 395 3764 mundi
427 3703 500 3759 iis
529 3702 629 3775 qui
659 3701 767 3757 sibi
791 3700 1072 3769 serviunt,
1096 3700 1248 3755 favet
1276 3718 1288 3768 ;
1323 3700 1646 3755 secundum
1672 3698 1839 3754 illud:

178 3820 210 3846 ‹‹
255 3791 470 3850 Omnia
518 3790 624 3846 tibi
673 3791 842 3858 dabo,
892 3789 942 3844 si
992 3789 1302 3860 procidens
1358 3787 1689 3843 adoraveris
1749 3805 1844 3843 me

180 3884 398 3956 (Matth.
434 3899 508 3949 ιν,
533 3881 648 3952 9).»
671 3879 819 3945 Quid
852 3877 1067 3949 quaeris
1094 3881 1158 3932 ut
1187 3893 1255 3931 ea
1286 3875 1390 3931 tibi
1422 3876 1654 3943 dentur,
1708 3893 1840 3931 cum

174 3974 310 4046 ipse
339 3970 558 4042 impius
581 3968 682 4041 qui
714 3968 899 4038 dat,in
931 3967 1014 4022 eis
1037 3967 1261 4046 diutius
1287 3982 1414 4020 esse
1448 3983 1561 4021 non
1601 3965 1838 4037 possit?

174 4060 418 4117 Transit
446 4058 626 4114 etiam
649 4058 794 4129 ipse,
831 4056 1124 4128 quomodo
1154 4058 1402 4127 possunt
1443 4072 1557 4110 non
1592 4054 1842 4109 transire

177 4165 314 4221 quae
344 4145 638 4204 contulit?
668 4147 755 4200 Tu
790 4145 961 4200 modo
993 4148 1355 4200 constantem
1387 4143 1651 4198 animum
1685 4159 1840 4214 gere,

166 4235 470 4308 justitiam
512 4238 665 4299 tene,
699 4249 870 4288 nemo
918 4235 975 4287 te
1019 4236 1266 4299 moveat,
1319 4236 1376 4286 et
1420 4232 1644 4287 videbis
1697 4231 1842 4286 nihil

181 4340 318 4380 esse
351 4323 622 4396 impium.

258 4415 351 4466 77.
386 4412 571 4483 (Vers.
602 4412 734 4481 35.)
794 4410 1052 4481 Denique
1091 4409 1228 4464 audi
1263 4407 1550 4463 dicentem
1586 4426 1597 4461 :
1635 4431 1663 4457 ‹‹
1714 4408 1844 4463 Vidi

181 4501 441 4572 impium
473 4497 992 4571 superexaltatum,
1031 4501 1087 4552 et
1115 4495 1400 4552 elevatum
1433 4512 1610 4568 super
1643 4497 1846 4552 cedros

1949 3364 2100 3401 unus
2127 3346 2370 3418 spiritus
2403 3352 2509 3401 est.
2557 3346 2661 3402 Ubi
2696 3353 2895 3403 autem
2928 3347 3194 3420 spiritus,
3238 3350 3316 3404 ibi
3350 3354 3407 3404 et
3464 3351 3602 3406 vita.

1949 3435 2083 3490 Ideo
2123 3435 2229 3489 tibi
2258 3434 2398 3489 dicit
2453 3435 2754 3507 Scriptura
2785 3437 2856 3491 de
2885 3437 3041 3494 Deo:
3103 3461 3129 3488 ‹‹
3191 3440 3298 3504 Qui
3355 3425 3608 3495 viviﬁcat
3679 3447 3684 3451 ’

1953 3527 2236 3586 mortuos,
2265 3525 2321 3576 et
2350 3528 2513 3576 vocat
2543 3539 2610 3578 ea
2631 3541 2754 3594 quae
2803 3541 2917 3580 non
2977 3531 3135 3592 sunt,
3197 3533 3480 3600 tanquam
3541 3546 3608 3584 ea

1953 3628 2078 3683 quae
2111 3614 2250 3666 sunt
2280 3612 2453 3680 (Rom.
2490 3629 2564 3678 ιν,
2585 3613 2702 3680 17);
2737 3635 2764 3662 »
2783 3613 2891 3668 hoc
2922 3620 3029 3683 est,
3063 3621 3229 3670 vocat
3248 3622 3449 3689 gentes
3477 3635 3602 3689 quae

1953 3716 2069 3754 non
2102 3703 2288 3763 erant,
2341 3702 2621 3770 tanquam
2677 3700 2959 3772 pepulum
3018 3719 3191 3758 suum
3250 3705 3348 3776 qui
3434 3713 3602 3774 erat;

1954 3792 2121 3844 erant
2151 3787 2306 3842 enim
2339 3791 2534 3860 patres
2564 3789 2770 3854 nostri,
2827 3790 2929 3859 qui
2981 3796 3148 3845 erant
3177 3792 3342 3847 electi
3376 3795 3496 3850 Dei.
3540 3797 3610 3850 Et

1953 3876 2093 3932 alibi
2125 3876 2374 3931 dicitur:
2410 3899 2435 3925 ‹‹
2470 3877 2748 3948 Cognovit
2776 3877 3062 3934 Dominus
3093 3880 3192 3950 qui
3224 3886 3367 3934 sunt
3421 3882 3608 3952 ipsius

1954 3967 2027 4037 (II
2065 3967 2196 4020 Tim.
2222 3982 2286 4032 ιι,
2320 3965 2431 4036 49),
2468 3987 2495 4014 ››
2529 3982 2645 4020 non
2680 3967 2981 4038 cognoscit
3031 3984 3130 4022 eos
3162 3968 3260 4039 qui
3295 3986 3410 4024 non
3470 3976 3609 4026 sunt

1952 4055 2022 4109 Et
2051 4054 2258 4110 Esther
2289 4055 2402 4109 ait:
2464 4076 2491 4105 «
2521 4054 2644 4109 Non
2680 4055 2780 4110 des
2808 4054 3029 4128 virgam
3065 4057 3224 4128 regni
3258 4057 3342 4112 tui
3374 4058 3447 4113 iis
3508 4059 3608 4130 qui

1953 4160 2067 4198 non
2099 4147 2240 4198 sunt
2269 4143 2486 4214 (Esther
2513 4161 2626 4211 xw,
2648 4143 2757 4214 tl).
2787 4166 2814 4193 ››
2843 4145 3016 4200 Recte
3037 4162 3172 4218 ergo
3193 4147 3394 4216 justus
3425 4147 3601 4203 dicit:

1955 4255 1983 4282 ‹‹
2016 4233 2084 4286 Ει
2115 4231 2381 4302 transivi,
2409 4237 2464 4287 et
2494 4249 2624 4288 ecce
2647 4249 2760 4287 non
2793 4237 2953 4301 erat;
2984 4256 3011 4282 ››
3044 4233 3154 4289 hoc
3185 4239 3292 4300 est,
3327 4235 3440 4290 vidi
3474 4253 3607 4292 eum

1955 4320 2453 4392 superexaltatum
2486 4321 2544 4375 in
2575 4321 2806 4386 saeculo,
2840 4326 3154 4393 anteQuam
3178 4324 3607 4381 considerarem

1956 4409 2096 4479 quia
2127 4408 2274 4463 nihil
2307 4412 2397 4464 est
2429 4409 2734 4464 szeculum.
2769 4409 2874 4463 Ubi
2909 4414 3104 4465 autem
3145 4413 3384 4469 transivi
3417 4419 3610 4471 mente

1955 4514 2134 4569 supra
2165 4497 2476 4563 mundum,
2510 4498 2626 4551 vidi
2658 4498 2943 4569 quiajam
2993 4515 3109 4554 non
3140 4508 3262 4555 erat
3318 4503 3414 4574 qui
3475 4508 3608 4560 ante

191 4589 426 4645 Libani.
451 4589 521 4643 Et
561 4586 829 4653 transivi,
863 4591 919 4641 et
947 4602 1078 4640 ecce
1134 4601 1248 4640 non
1282 4588 1422 4640 erat.
1460 4608 1486 4634 ››
1537 4585 1662 4640 Vidi
1711 4602 1844 4640 eum
1877 4605 1924 4670 D
1956 4590 2080 4642 erat
2101 4586 2570 4658 superexaltatus
2603 4586 2659 4640 in
2692 4585 2802 4641 hoc
2835 4589 3075 4645 mundo.

191 4678 257 4732 in
311 4675 522 4731 saeculo
570 4675 703 4742 hoc,
751 4674 870 4729 vidi
919 4673 1105 4729 oculis
1169 4672 1465 4745 corporis;
1517 4672 1633 4727 vidi
1674 4673 1846 4728 etiam

181 4767 513 4838 jactantem
545 4781 629 4832 se,
661 4767 720 4819 et
743 4762 1273 4836 superexaltantem
1303 4761 1674 4818 sermonibus
1700 4763 1847 4829 suis,

192 4855 587 4911 aestimantem
616 4869 678 4908 se
699 4852 922 4924 aliquid
950 4868 1099 4920 esse,
1124 4851 1222 4925 qui
1247 4850 1392 4906 nihil
1416 4855 1522 4906 est.
1548 4852 1850 4917 Quomodo

191 4958 261 4998 se
293 4941 686 5015 superexaltat
714 4942 741 4996 ?
771 4963 797 4989 ‹‹
829 4941 1062 5010 Ponam,
1098 4941 1311 5013 inquit,
1340 4939 1618 4995 thronum
1653 4957 1850 4996 meum

189 5047 378 5103 super
433 5031 621 5085 nubes
681 5047 695 5086 :
755 5033 813 5086 et
889 5045 985 5085 ero
1061 5029 1275 5086 similis
1349 5028 1648 5085 Altissimo
1720 5031 1849 5102 (lsa.

188 5135 314 5186 xxv,
347 5120 456 5186 14).
491 5140 520 5167 ››
551 5118 787 5175 Exultat
817 5129 898 5185 ee,
929 5122 994 5173 ut
1020 5118 1218 5173 videas
1273 5135 1408 5174 eum
1466 5119 1620 5174 sicut
1648 5119 1853 5174 cedros

187 5207 405 5264 Libani
435 5207 988 5280 superexaltataszut
1017 5206 1156 5278 ipsae
1185 5205 1313 5261 altze
1335 5211 1555 5272 sunt,et
1577 5207 1635 5262 in
1659 5211 1854 5262 monte

181 5300 338 5353 sunt
361 5294 670 5352 altissimo.
701 5296 904 5351 Merito
922 5311 1056 5367 ergo
1085 5311 1150 5350 su
1159 5294 1524 5366 perexaltatac
1539 5300 1678 5350 sunt
1692 5301 1748 5351 et
1764 5314 1856 5351 su-

181 5383 592 5456 perexaltatus
612 5385 842 5439 videtur
857 5383 1096 5454 impius,
1117 5382 1292 5454 quise
1310 5383 1368 5437 in
1384 5381 1481 5437 illo
1506 5388 1702 5440 monte
1719 5401 1854 5440 con-

176 5473 408 5544 stituit,
441 5475 512 5529 de
531 5489 646 5544 quo
678 5472 962 5543 scriptum
989 5474 1114 5526 est:
1149 5493 1175 5520 (ι
1206 5470 1263 5525 Si
1305 5471 1626 5528 habueritis
1680 5474 1854 5529 ﬁdem

2026 4675 2115 4728 79.
2152 4676 2217 4729 Et
2249 4680 2330 4742 tu,
2366 4675 2623 4746 sijustus
2654 4691 2736 4743 es,
2771 4676 2956 4731 transi
2980 4695 3011 4731 a
3034 4681 3418 4749 praesentibus
3450 4683 3520 4736 ad
3543 4699 3610 4736 ea

1961 4781 2087 4835 quae
2139 4765 2336 4818 futura
2393 4769 2551 4833 sunt,
2613 4769 2668 4820 et
2724 4766 3059 4823 transibunt
3118 4768 3224 4823 tibi
3279 4769 3605 4841 praesentia.

1962 4874 1988 4901 ‹‹
2019 4851 2237 4907 Ccelum
2261 4856 2317 4907 et
2371 4856 2526 4908 terra
2578 4854 2949 4922 transibunt;
3003 4857 3175 4911 verba
3231 4861 3426 4912 autem
3481 4872 3612 4912 mea

1961 4957 2074 4995 non
2108 4941 2488 5012 praeteribunt
2527 4941 2734 5013 (Matth.
2796 4961 2946 5012 xxxv,
3007 4945 3191 5016 35).»
3249 4945 3416 5000 Justo
3474 4961 3608 5017 ergo

1962 5028 2160 5086 omnia
2187 5033 2512 5086 transeunt.
2549 5032 2785 5087 Transit
2812 5031 3053 5104 impius,
3104 5031 3320 5087 similis
3370 5033 3610 5088 vanitati

1963 5123 2072 5184 est,
2096 5122 2152 5173 et
2183 5119 2307 5174 dies
2339 5120 2466 5190 ejus
2488 5119 2638 5175 sicut
2659 5122 2868 5175 umbra
2890 5125 3256 5192 praetereunt.
3285 5120 3397 5177 Nec
3419 5121 3610 5178 solum

1965 5211 2317 5280 praetereunt
2341 5209 2502 5279 justo
2531 5209 2857 5280 praesentia,
2892 5209 2991 5264 sed
3021 5208 3195 5263 etiam
3229 5226 3361 5264 cum
3415 5211 3485 5266 ad
3543 5229 3611 5268 ea

1967 5315 2093 5368 quae
2127 5302 2268 5352 sunt
2298 5298 2514 5364 futura,
2548 5296 2882 5365 intenderit,
2907 5297 3033 5368 jam
3093 5298 3208 5353 ista
3239 5303 3605 5371 prmtereunt.

1962 5385 2106 5441 Vide
2138 5386 2426 5458 quomodo
2447 5385 2610 5455 justo
2644 5385 2954 5456 praesentia
2994 5387 3337 5458 praeteriere.
3399 5388 3609 5462 Utique

1963 5473 2328 5546 temporibus
2357 5473 2534 5528 David
2561 5473 2853 5545 propheta:
2883 5474 3186 5548 Synagoga
3222 5481 3366 5546 erat,
3413 5478 3606 5534 Eccle-

262 5633 377 5712 (42)
427 5631 565 5712 Cod.
632 5630 892 5712 quinque
952 5628 1177 5700 Gallic.,
1254 5632 1488 5687 multam
1553 5633 1750 5690 habeas
1807 5638 1862 5690 in
1904 5651 2068 5709 opera
2107 5635 2389 5708 ju-sz'tiam,
2453 5635 2568 5688 noli
2633 5650 2748 5690 esse
2806 5637 3095 5709 impatiens
3140 5641 3299 5711 atque
3344 5656 3607 5712 arrogans

163 5706 284 5777 qai
337 5704 588 5775 praemia,
636 5705 744 5760 etc.
