4078 6196
473 319 634 392 ιθῦὓ

1938 315 2004 379 S.
2052 308 2428 390 ΑΜΒΒΟΕῙῙ

3719 275 3896 394 ἰω

469 455 558 522 sia
585 469 654 512 ex
681 450 956 527 gentibus
988 465 1102 510 non
1156 447 1318 510 erat:
1377 450 1434 512 et
1462 445 1619 510 idem
1679 446 1896 508 tuturis
1945 448 2112 522 quasi
2146 449 2202 526 Α
2230 450 2685 523 converteretur.
2718 442 2848 506 Feci
2877 463 3007 524 qua
3029 452 3199 510 erant
3227 447 3584 524 querentis:
3640 450 3746 511 ille
3807 473 3897 514 re-

465 541 852 617 pmsentibus
883 541 1060 600 dicit:
1094 563 1120 592 ‹‹
1153 539 1504 611 Benedicite,
1546 543 1770 614 gentes,
1805 544 1987 597 Deum
2018 555 2123 595 no-

2234 536 2387 610 fugit
2415 551 2502 607 ea,
2536 553 2665 610 quae
2702 553 2831 596 esse
2861 539 3187 598 debuerant
3228 542 3596 600 revertentis.
3637 545 3899 618 Denique

465 637 654 691 strum
686 631 859 702 (Psat.
895 649 1015 698 va,
1048 631 1124 702 8).
1155 653 1174 679 ι
1199 630 1416 686 Deinde
1447 647 1628 702 supra
1650 629 1759 685 ait:
1785 652 1814 679 «
1849 628 2125 685 Ascendit
2234 625 2432 684 anima
2462 621 2594 700 quae
2620 627 3032 697 convertivult,
3055 628 3312 686 Verbum
3343 631 3627 704 requirit;
3669 637 3730 689 et
3773 652 3896 693 cum

464 722 620 780 Deus
649 720 707 777 in
726 719 1081 793 jubilatione
1111 720 1282 791 (Ρδαι.
1306 736 1455 786 XLVI,
1496 720 1571 786 6).
1601 741 1627 767 ››
1661 717 1953 774 Transivit
1999 734 2122 789 per-

464 811 617 868 fidiae
645 815 892 866 ventura
919 813 1206 880 tempora,
1248 825 1359 864 non
1394 811 1580 874 aetate,
1621 808 1720 862 sed
1780 810 2011 873 mente;
2063 809 2122 861 et

463 901 944 960 resurrectionem
977 896 1204 952 Domini
1240 897 1425 952 multo
1449 901 1581 969 post
1605 895 1814 951 saeculo
1837 896 2116 959 futuram,

461 989 560 1061 pia
601 987 733 1042 ﬁdei
783 985 1089 1042 devotione
1118 985 1431 1061 celebravit
1492 985 1731 1040 dicens:
1794 1007 1822 1034 «
1885 982 2118 1039 Psallite

463 1081 576 1132 Deo
610 1081 829 1145 nostro,
863 1073 1130 1146 psallite;
1173 1072 1405 1144 psallite
1437 1073 1576 1143 Regi
1619 1076 1838 1137 nostro,
1886 1071 2117 1143 psallite

460 1166 620 1234 (Ibid.
653 1167 707 1231 7,
741 1165 818 1234 8).
847 1185 874 1212 »
905 1163 1082 1227 Quasi
1114 1162 1422 1217 interesset
1452 1162 1598 1232 ipsis
1649 1160 1864 1216 Christi
1897 1165 1954 1215 et
2011 1161 2115 1214 Ec-

460 1253 648 1312 clesiae
680 1251 962 1325 nuptialis
991 1250 1212 1323 copula
1243 1251 1648 1316 sacramentis,
1694 1250 1774 1304 ita
1829 1248 2118 1322 tripudiat

456 1349 514 1399 et
537 1343 771 1417 gaudet.
814 1340 1064 1396 Causam
1121 1357 1356 1412 quoque
1413 1339 1769 1394 celebritatis
1826 1338 2116 1410 expressit

459 1433 691 1488 dicens:
727 1454 753 1480 ‹‹
779 1429 1062 1501 Regnavit
1092 1429 1380 1484 Dominus
1410 1444 1586 1500 super
1617 1443 1850 1484 omnem
1894 1431 2111 1482 terram

458 1521 616 1593 (Ibid.
648 1521 727 1590 9).
757 1542 783 1568 ››
809 1521 956 1592 Ergo
989 1518 1037 1574 si
1069 1534 1174 1573 nos
1197 1521 1630 1590 praetereamus,
1691 1521 1748 1571 et
1804 1515 1909 1571 illa
1967 1532 2111 1586 pree-

455 1608 684 1666 teriisse
715 1624 840 1679 qua:
873 1608 1070 1662 futura
1100 1612 1259 1672 sunt,
1303 1605 1476 1660 nobis
1504 1605 1778 1660 videntur
1810 1621 1824 1669 ;
1852 1608 1918 1658 ut
1947 1603 1996 1658 si
2051 1602 2111 1656 in

456 1697 786 1770 navigando
805 1701 1018 1751 terram
1053 1698 1381 1765 prmtereas,
1416 1693 1577 1749 illam
1629 1707 1861 1763 quoque
1912 1691 2112 1746 videas

2231 715 2536 781 invenerit,
2569 715 2746 772 dicit:
2779 739 2809 766 «
2844 717 3032 773 Tenui
3060 734 3198 774 eum
3223 761 3237 786 ,
3297 722 3353 774 et
3411 737 3529 776 non
3589 721 3901 782 dimittam

2230 820 2366 860 eum
2398 805 2573 875 (Cant.
2607 821 2694 872 ιιι,
2727 805 2803 876 li),
2827 826 2854 856 »
2886 805 2996 860 hoc
3026 811 3136 877 est,
3170 807 3267 862 Dei
3312 807 3545 875 Filium,
3581 811 3688 867 Dei
3754 813 3898 870 Ver-

2227 892 2714 964 bum.lnjustum
2745 897 2942 950 autem
2965 895 3065 969 qui
3125 896 3320 952 sanari
3379 897 3585 966 noluit,
3653 903 3898 972 quesivi

2226 996 2382 1050 eum,
2415 986 2470 1036 et
2500 998 2617 1038 non
2649 982 2880 1051 inveni;
2909 991 2964 1040 et
2992 983 3121 1040 ideo
3153 1002 3270 1041 non
3303 985 3470 1042 illum
3503 987 3787 1046 imiteris.

2295 1072 2384 1126 81.
2415 1071 2598 1143 (Vere.
2631 1072 2722 1127 37.
2767 1072 2836 1142 )u
2869 1072 3111 1131 Custodi
3161 1073 3582 1140 innocentiam,
3647 1083 3708 1136 et
3763 1080 3896 1137 vide

2226 1159 2587 1231 aequitatem.
2618 1159 2728 1228 Qui
2775 1162 3033 1218 custodit
3077 1161 3496 1230 innocentiam,
3545 1167 3899 1239 aequitatem

2223 1247 2419 1314 videt;
2453 1248 2734 1320 quoniam
2769 1248 2869 1328 qui
2902 1251 3164 1306 mundus
3213 1257 3322 1317 est,
3357 1257 3529 1308 Deum
3558 1255 3740 1324 videt,
3783 1274 3900 1313 cu-

2214 1336 2319 1406 jus
2339 1336 2502 1408 virga
2532 1342 2689 1392 recta
2717 1341 2827 1404 est,
2860 1342 2918 1394 et
2949 1344 3108 1396 recta
3143 1340 3416 1410 justitia;
3477 1347 3540 1396 ut
3585 1351 3902 1401 aversetur

2222 1439 2322 1480 eos
2355 1425 2455 1496 qui
2488 1425 2908 1484 declinaverint
2957 1428 3029 1482 ad
3089 1429 3286 1484 studia
3342 1431 3673 1500 pravitatis.
3734 1434 3899 1491 Bona

2221 1513 2576 1581 innocentia,
2611 1531 2740 1587 quas
2765 1519 2948 1572 Deum
2979 1517 3156 1572 videt.
3218 1518 3479 1590 Denique
3527 1519 3632 1576 alii
3685 1538 3895 1594 posue-

2221 1607 2386 1657 runt:
2413 1628 2439 1652 ‹‹
2476 1603 2714 1660 Custodi
2746 1604 3160 1676 perfectionem
3192 1607 3302 1679 (33)
3328 1625 3340 1674 ;
3368 1631 3395 1658 »
3445 1609 3751 1681 perfectus
3808 1619 3894 1670 est

2221 1691 2378 1746 enim
2413 1691 2512 1763 qui
2550 1691 2840 1748 malitiam
2873 1693 3081 1760 nescit,
3115 1711 3220 1751 nec
3264 1695 3464 1768 dolum
3523 1700 3715 1756 novit.
3759 1701 3889 1758 Ideo

457 1785 770 1858 praeterire,
803 1788 859 1840 et
891 1783 1056 1854 quasi
1101 1800 1134 1838 a
1191 1787 1247 1837 te
1303 1781 1620 1838 discedere.
1678 1784 1838 1853 Saepe
1895 1783 2110 1861 nautea,
2147 1819 2194 1894 Β
2228 1779 2457 1851 inquit:
2483 1803 2509 1828 ‹‹
2539 1780 2778 1836 Custodi
2809 1782 3248 1854 perfectionem,
3286 1785 3424 1857 quia
3448 1792 3595 1843 sunt
3630 1789 3888 1862 reliquie

460 1892 505 1894 -__
527 1873 704 1894 --ΑΞ-Α-
740 1873 792 1894 2-
833 1876 1171 1894 ι-.....-..ι-ι-
1231 1871 1458 1894 Ρ.-...ζ.-..ι
1487 1875 1697 1894 1-..--.-
1729 1888 1739 1894 .
1808 1873 1856 1894 ..ι
1914 1873 2106 1894 1.....-—
2228 1867 2448 1894 ιιι-..ηιξκιε
2478 1869 2718 1894 ...ιι-ζα..-
2781 1892 2801 1894 η
2843 1870 3118 1894 D-I:_--:_.
3178 1873 3442 1894 J:‘____L____
3502 1875 3531 1894 l,
3558 1892 3633 1894 ad,
3660 1878 3670 1886 ο
3723 1879 3734 1888 ο
3837 1881 3851 1894 1

458 1873 710 1934 maxime
739 1873 800 1927 in
833 1876 1195 1944 tempestate,
1231 1871 1463 1943 fugiunt
1487 1875 1700 1926 terram
1729 1888 1742 1937 ;
1803 1873 1858 1926 et
1914 1873 2110 1926 tamen

458 1979 591 2026 cum
623 1978 753 2018 eam
783 1961 1018 2032 fugiunt
1048 1959 1410 2033 navigantes,
1445 1959 1570 2030 ipsa
1592 1958 1787 2030 potius
1816 1957 2016 2030 fugere
2034 1957 2113 2012 vi-

455 2054 670 2108 detura
700 2049 1132 2121 navigantibus.
1158 2049 1227 2104 Et
1247 2053 1310 2102 tu
1333 2047 1382 2103 si
1401 2047 1592 2120 fugias
1616 2047 1904 2101 mundum
1930 2047 2109 2112 hunc,

454 2144 512 2196 et
540 2140 664 2214 ipse
695 2142 751 2194 te
784 2137 1057 2210 etl'ugiet;
1092 2137 1140 2193 si
1179 2141 1488 2209 praetereas
1542 2140 1761 2192 terram
1821 2135 1996 2203 hanc,
2055 2139 2114 2191 et

453 2230 584 2304 ipsa
611 2233 669 2284 te
687 2227 1024 2301 praeteribit,
1057 2227 1124 2281 Et
1149 2231 1212 2281 tu
1264 2225 1324 2281 in
1381 2225 1527 2280 mari
1587 2225 1695 2279 hoc
1744 2225 2007 2298 navigas,
2057 2227 2115 2280 et

453 2319 515 2376 in
546 2318 656 2374 hoc
685 2315 896 2372 saeculo
927 2315 1216 2381 ﬂuctuas;
1259 2314 1394 2386 fuge
1451 2318 1668 2369 terram
1718 2330 1858 2368 saxa
1915 2312 2110 2381 habet,

453 2407 680 2479 lapides
721 2404 934 2471 habet;
996 2403 1149 2459 sicut
1205 2403 1494 2474 scriptum
1550 2405 1672 2456 est:
1735 2400 1983 2473 Lapides
2040 2402 2112 2456 de

455 2497 552 2552 via
582 2494 850 2568 projicite
883 2494 1017 2562 (Isa.
1054 2509 1189 2557 an,
1227 2492 1332 2562 10).
1369 2491 1428 2545 Si
1465 2490 1706 2547 festines
1734 2506 1836 2562 per
1891 2489 2115 2546 aerium

453 2585 563 2644 hoc
595 2583 953 2656 profundum
986 2581 1057 2636 ad
1090 2584 1323 2652 portum
1346 2578 1553 2635 divina
1580 2578 1919 2646 voluntatis,
1951 2579 2110 2634 vide-

453 2673 544 2730 bis
575 2672 680 2727 tibi
711 2671 830 2726 bzec
852 2669 1050 2726 omnia
1081 2669 1446 2740 praeteriisse.
1481 2668 1626 2736 Quid
1659 2669 1816 2725 enim
1868 2667 2112 2725 interest

454 2765 656 2817 utrum
688 2758 1090 2833 prmterierint,
1123 2775 1197 2814 an
1234 2756 1340 2812 tibi
1370 2774 1439 2813 ea
1459 2757 1690 2829 judices
1721 2755 2110 2830 praeteriisse?

524 2851 614 2906 80.
672 2849 776 2905 Est
794 2851 850 2904 et
879 2847 1030 2903 alius
1058 2846 1277 2918 impius
1309 2846 1406 2918 qui
1438 2845 1669 2904 videtur
1710 2845 1997 2902 exaltatus
2055 2848 2112 2901 et

453 2937 720 2997 elevatus
752 2952 928 3010 super
987 2935 1190 2992 cedros
1217 2934 1459 3002 Libani;
1493 2939 1549 2989 et
1595 2935 1642 2989 si
1677 2938 1964 3000 transeas,
1992 2950 2107 2990 non

454 3026 585 3094 erit,
617 3041 723 3081 nec
744 3025 936 3080 locum
972 3025 1100 3096 ejus
1133 3023 1412 3079 invenies.
1445 3022 1590 3078 Vide
1638 3020 1782 3077 mihi
1830 3020 2104 3088 scribam,

450 3115 762 3172 Judaicum
781 3114 1119 3171 reddentem
1138 3113 1347 3170 seriem
1366 3116 1629 3168 veterum
1649 3111 2105 3183 Scripturarum,

2227 1867 2449 1923 homini
2477 1869 2741 1940 paciﬁco.
2779 1892 2807 1920 »
2843 1870 3124 1946 Reliquiae
3171 1873 3447 1930 dicuntur
3502 1875 3770 1944 hominis
3820 1881 3886 1936 de

2222 1972 2460 2028 corpore
2491 1957 2730 2024 mortui,
2782 1959 2852 2022 de
2909 1960 3038 2030 ejus
3107 1961 3354 2018 exuviis.
3406 1963 3542 2020 Ideo
3600 1965 3885 2038 reliquiae,

2221 2045 2360 2116 quia
2390 2049 2523 2117 post
2570 2052 2821 2106 mortem
2883 2046 3144 2106 hominis
3194 2051 3472 2107 videntur
3519 2069 3889 2126 superesse;

2223 2138 2544 2206 supersunt
2577 2134 2736 2195 enim
2765 2152 2894 2210 quae
2929 2141 3236 2194 servantur
3267 2141 3342 2194 ad
3373 2143 3891 2208 resurrectionem.

2220 2221 2460 2294 Oportet
2500 2222 2659 2280 enim
2702 2223 2811 2281 hoc
2836 2225 3215 2299 corruptibile
3237 2227 3475 2287 induere
3493 2231 3893 2305 incorruptio-

2223 2326 2357 2367 nem
2379 2315 2438 2368 et
2468 2311 2577 2368 hoc
2619 2312 2862 2370 mortale
2892 2313 3134 2374 induere
3166 2316 3697 2376 immortalitatem.
3729 2323 3888 2396 Ergo

2221 2400 2411 2472 magis
2445 2399 2706 2472 reliquiae
2739 2406 2878 2476 sunt
2909 2403 3164 2460 hominis
3213 2423 3350 2478 spes
3410 2411 3881 2478 resurrectionis,

2221 2493 2278 2544 et
2307 2489 2450 2546 ﬁdes
2482 2491 2902 2559 conversionis,
2963 2496 3020 2549 et
3073 2495 3264 2568 gratia
3317 2495 3678 2570 dilectionis,
3736 2517 3881 2572 quo-

2222 2577 2382 2634 niam
2407 2577 2574 2651 impii
2605 2596 2721 2636 non
2751 2585 3069 2654 resurgunt
3097 2581 3156 2638 in
3171 2584 3468 2654 judicium
3495 2604 3508 2653 ;
3532 2587 3656 2644 vita
3685 2596 3878 2645 autem

2213 2667 2516 2738 justorum
2542 2671 2683 2724 nota
2707 2671 2797 2726 est
2828 2673 2964 2736 Deo,
2997 2675 3055 2728 et
3083 2671 3308 2744 judicio
3346 2674 3581 2731 Domini
3612 2693 3878 2750 compro-

2221 2755 2413 2816 batur.
2439 2756 2585 2814 Huic
2616 2755 2741 2818 loco
2765 2756 3007 2830 pulchre
3026 2758 3174 2830 illud
3197 2762 3463 2819 convenit
3489 2779 3504 2817 :
3539 2788 3567 2813 ‹‹
3598 2765 3877 2839 Reliqui;

2220 2845 2545 2900 secundum
2603 2844 2948 2910 electionem
3009 2849 3212 2923 gratiae
3260 2848 3432 2906 salvae
3489 2852 3658 2909 facta
3739 2860 3877 2912 sunt

2219 2934 2389 3000 (Rom.
2421 2950 2498 3002 χι,
2529 2934 2605 3004 5).
2628 2955 2656 2984 ››

2287 3024 2374 3078 82.
2409 3022 2596 3093 (Vers.
2626 3023 2741 3093 38.)
2775 3024 3018 3096 «Iniusti
3041 3029 3240 3092 autem
3269 3026 3648 3100 disperihunt
3662 3032 3869 3103 simul;

2217 3109 2479 3182 reliquiae
2511 3111 2828 3186 impiorum
2850 3113 3196 3171 interibunt.
3219 3138 3248 3165 ››
3267 3116 3298 3172 J
3309 3121 3581 3176 ustorum
3611 3120 3868 3194 reliquias

453 3206 555 3262 sed
583 3221 698 3259 non
729 3206 1068 3274 sequentem
1097 3220 1109 3268 ;
1143 3200 1314 3257 audis
1342 3200 1484 3272 quia
1510 3199 1681 3255 labiis
1727 3198 1936 3264 reddit,
1995 3198 2104 3253 mi-
2137 3185 2178 3252 C
2215 3198 2458 3256 virtutes
2489 3185 2628 3257 sunt
2655 3216 2667 3254 :
2703 3200 3020 3273 impiorum
3046 3203 3303 3276 reliquize
3325 3204 3675 3280 improbitas
3696 3185 3871 3284 atque

451 3292 600 3350 raris
631 3296 697 3347 ut
727 3292 986 3347 doctum.
1023 3290 1352 3359 Interrogas
1385 3287 1526 3358 quid
1559 3286 1774 3342 sentiat
1807 3305 1818 3341 :
1862 3302 2104 3358 respon-

451 3383 548 3437 det
567 3380 859 3437 seundum
894 3377 1172 3446 litteram,
1203 3376 1492 3447 percurrit
1522 3374 1846 3432 historiam.
1890 3376 2103 3447 Super-

449 3467 739 3524 exaltatus
763 3466 993 3520 videtur
1013 3463 1118 3522 tibi
1143 3467 1202 3521 et
1229 3463 1506 3532 elevatus,
1558 3464 1606 3520 si
1639 3465 1792 3521 814
1848 3463 2102 3522 litteram

449 3556 689 3630 cogites.
721 3553 928 3610 Transi
955 3555 1027 3610 ad
1077 3552 1521 3626 intelligentiam
1579 3553 1926 3626 spiritalem,
1966 3552 2106 3624 quia

447 3646 540 3701 lex
570 3643 861 3718 spiritalis
893 3647 1020 3711 est;
1052 3642 1214 3699 vides
1247 3641 1416 3698 illum
1449 3641 1592 3698 nihil
1625 3657 1774 3708 esse,
1809 3645 1935 3697 tum
1956 3641 2104 3698 dicis

453 3755 483 3785 «
513 3733 646 3789 Vidi
678 3732 925 3805 impium
957 3729 1476 3805 superexaltatum.
1505 3768 1522 3786 .
1553 3771 1565 3784 .
1597 3773 1610 3785 .
1645 3735 1702 3786 et
1733 3730 1996 3798 transivi,
2048 3733 2105 3786 et

447 3839 577 3888 ecce
608 3839 724 3877 non
755 3827 879 3876 erat
907 3837 920 3888 ;
955 3824 1011 3876 et
1040 3819 1278 3892 quaesivi
1309 3835 1468 3884 eum,
1496 3823 1554 3875 et
1575 3835 1690 3874 non
1720 3822 1809 3877 est
1833 3817 2103 3874 inventus

448 3911 613 3968 locus
643 3911 793 3982 ejus.
831 3932 858 3960 ››
890 3908 1137 3976 Ωιιωείνὶ
1161 3923 1296 3964 eum
1322 3907 1420 3962 ubi
1452 3923 1580 3964 esse
1638 3907 1940 3973 debuerat,
2001 3906 2102 3965 ubi

448 4000 568 4056 vita
628 4003 756 4056 est:
800 4011 916 4054 non
976 3995 1144 4051 illum
1205 3995 1419 4052 inveni.
1477 3995 1602 4051 Non
1660 3999 1784 4051 erat
1839 3995 1939 4066 ibi,
2003 3995 2103 4052 ubi

445 4089 567 4146 vita
596 4092 751 4144 erat:
798 4086 937 4160 quia
994 4089 1265 4140 mortuus
1323 4086 1466 4150 erat,
1513 4087 1570 4138 et
1629 4083 1756 4138 ideo
1785 4100 1889 4140 nec
1938 4083 2101 4144 locus

447 4179 575 4250 ejus
605 4177 876 4233 inventus
905 4178 1013 4230 est.
1045 4172 1185 4236 Quis
1216 4172 1372 4228 enim
1407 4171 1621 4227 mortui
1651 4171 1836 4239 locus,
1858 4171 1954 4244 qui
1986 4189 2101 4229 non

447 4270 591 4332 erat,
652 4281 754 4320 nec
807 4262 916 4318 fuit
965 4277 1226 4334 unquam
1271 4260 1298 4315 ?
1349 4260 1474 4315 Non
1535 4259 1690 4316 enim
1732 4258 1864 4328 fuit,
1896 4261 1996 4332 qui
2041 4261 2100 4316 in

448 4353 644 4410 littera
675 4357 834 4408 erat:
868 4351 1064 4408 littera
1107 4349 1262 4407 enim
1313 4349 1543 4416 occidit,
1603 4348 1844 4420 spiritus
1903 4353 2100 4410 autem

448 4441 719 4496 vivificat.
753 4439 997 4504 Quaesivi
1029 4455 1164 4512 ergo
1204 4455 1360 4505 eum,
1394 4443 1460 4494 ut
1506 4437 1866 4494 invenirem:
1902 4436 2000 4494 ille
2039 4454 2100 4498 se

2214 3287 2472 3361 perfidiae
2501 3293 2829 3361 peccatum.
2862 3290 2944 3348 Ea
2971 3291 3344 3362 delebuntur,
3395 3299 3463 3351 ut
3490 3314 3606 3354 non
3634 3299 3777 3356 sint.

2285 3377 2373 3434 83.
2402 3377 2591 3448 (Vers.
2621 3378 2711 3436 39.
2744 3380 2762 3451 )
2790 3401 2818 3429 «
2849 3377 3022 3442 Salus
3062 3384 3258 3438 autem
3306 3383 3597 3454 justorum
3659 3404 3694 3441 a
3754 3388 3873 3442 Do-

2213 3465 2403 3532 mino;
2443 3486 2464 3514 ι
2501 3481 2616 3522 non
2643 3481 2678 3522 a
2703 3465 2938 3534 saeculo,
2983 3483 3099 3530 non
3147 3469 3219 3524 ab
3277 3470 3573 3529 elemento.
3633 3472 3871 3530 Caelum

2211 3556 2270 3610 et
2298 3557 2455 3611 terra
2483 3555 2882 3628 praeteribunt.
2911 3555 3036 3616 Non
3061 3559 3366 3620 committo
3391 3560 3640 3618 salutem
3666 3578 3871 3620 meam

2211 3641 2377 3709 c0310,
2410 3643 2552 3714 quia
2581 3647 2639 3699 et
2687 3643 2883 3717 ipsum
2943 3645 3218 3720 praeterit,
3277 3649 3416 3721 quia
3470 3650 3544 3706 de
3590 3649 3861 3724 pluribus

2212 3729 2374 3790 ccelis
2406 3731 2630 3788 dictum
2659 3737 2786 3792 est:
2824 3754 2853 3790 ιι
2877 3733 2996 3808 Ipsi
3027 3735 3326 3806 peribunt,
3377 3742 3440 3794 tu
3498 3742 3697 3796 autem
3742 3757 3863 3813 per-

2213 3835 2416 3882 manes
2437 3821 2612 3888 (Psal.
2634 3836 2710 3887 ei,
2743 3822 2858 3890 27).
2892 3842 2920 3871 υ
2959 3823 3077 3890 Deo
3105 3823 3216 3882 soli
3248 3827 3574 3900 committo,
3602 3829 3704 3901 qui
3748 3843 3868 3902 per-

2213 3913 2434 3976 manet,
2467 3909 2568 3982 qui
2597 3912 2788 3980 potest
2835 3914 3073 3983 peccata
3121 3913 3392 3983 donaret;
3457 3920 3522 3972 ut
3577 3921 3862 3989 protector

2211 4011 2380 4056 meus
2409 3995 2486 4054 sit
2515 3995 2574 4054 in
2605 4000 2868 4070 tempore
2915 3998 3336 4074 tribulationis,
3365 4007 3423 4061 et
3472 4004 3710 4076 adjuvet
3754 4021 3862 4077 me,

2210 4087 2267 4139 et
2284 4083 2491 4147 liberet
2520 4100 2633 4153 me,
2667 4089 2725 4152 et
2753 4086 2962 4160 eripiat
2999 4103 3149 4150 mea
3203 4092 3613 4162 peccatoribus
3655 4093 3864 4166 judicii

2211 4172 2303 4230 sui
2328 4176 2610 4245 tempore,
2642 4178 2700 4232 et
2735 4175 2966 4241 salvum
3013 4192 3110 4248 me
3143 4177 3340 4246 faciat,
3390 4182 3670 4256 quoniam
3736 4199 3863 4254 spe-

2209 4261 2330 4316 ravi
2366 4261 2424 4317 in
2455 4278 2612 4318 eum.
2638 4264 2700 4320 In
2732 4263 2929 4335 ipsum
2961 4265 3153 4322 olum
3185 4269 3450 4338 speravi;
3483 4287 3595 4326 non
3646 4271 3768 4326 wlt
3799 4285 3866 4330 s-

2208 4350 2332 4410 nim
2364 4367 2470 4412 nos
2501 4355 2559 4408 et
2585 4350 2700 4416 sibi
2731 4356 2790 4414 et
2815 4352 2914 4414 alii
2951 4355 3187 4418 servire.
3223 4356 3329 4422 Qui
3355 4357 3472 4429 ipsi
3501 4359 3604 4416 soli
3660 4359 3861 4423 servit,

2210 4437 2518 4508 liberatur;
2553 4439 2833 4514 quoniam
2864 4441 2979 4514 ipsi
3009 4447 3097 4510 est
3128 4443 3279 4512 laus,
3309 4445 3524 4519 gloria,
3570 4447 3862 4521 perpetui-

453 4545 570 4584 non
603 4527 872 4599 praebuit,
910 4531 977 4582 nt
1030 4527 1426 4593 inveniret-ur;
1477 4526 1587 4581 hoc
1645 4529 1751 4593 est,
1811 4542 1916 4600 ego
1965 4541 2100 4586 eum
2134 4558 2180 4623 θ
2210 4529 2300 4586 tas
2331 4544 2365 4584 a
2394 4527 2642 4597 aesculis,
2684 4533 2742 4608 et
2769 4545 2924 4586 nunc
2953 4534 3011 4588 et
3039 4547 3291 4606 semper,
3323 4534 3469 4594 etin
3517 4536 3719 4592 omnia
3769 4551 3863 4592 sar

373 4618 376 4620 ⁷
448 4614 606 4674 volui
639 4614 1128 4670 converterezille
1179 4631 1241 4670 se
1271 4614 1417 4672 mihi
1476 4614 1731 4686 praebere
1783 4613 1990 4684 noluit,
2041 4619 2107 4670 ut
2138 4613 2176 4623 “’
2214 4614 2347 4678 cula
2376 4615 2746 4678 saeculorum.

523 4757 636 4827 (43)
694 4754 1058 4827 Psalterium,
1107 4755 1310 4827 Graec”
1373 4763 1597 4827 φύλασσε
1628 4765 1854 4815 ἀκακίαν.
1904 4756 2104 4824 Hebr.,

448 4826 661 4887 eamdi
687 4830 982 4900 integrum,
1007 4826 1066 4882 id
1093 4831 1184 4882 est
1212 4826 1630 4900 integritatem,
1660 4829 1839 4900 δια,
1976 4831 2105 4884 sim-

448 4845 656 4887 σιιδιοατ
687 4845 982 4900 integrum,
1007 4845 1066 4882 ια
1093 4845 1184 4882 est
1212 4845 1630 4898 integritatem,
1688 4845 1726 4883 δ
1770 4845 1839 4897 r.,
1976 4845 2100 4884 sim-

448 4902 768 4976 ptisitatm.
801 4900 1045 4956 Arab....
1078 4898 1572 4956 mansuetudinem.
1620 4845 1806 4958 Mulyta
1862 4900 2013 4970 Lat.,

461 5085 1191 5110 ψ

992 5555 1040 5610 8
1053 5557 1084 5610 I
1101 5555 1143 5611 ὕ
1179 5555 1570 5613 PREFATIO.

533 5640 582 5694 1.
617 5640 690 5695 De
717 5642 1047 5698 Paenitentia
1067 5643 1215 5700 duos
1232 5644 1585 5714 jamdudum
1619 5645 1828 5718 scripsi
1855 5644 2106 5712 libellos,

1191 5195 1320 5310 IN"
1361 5224 1906 5316 PSALMUM
1961 5223 2378 5318 XXXVII
2434 5227 3129 5318 ENARBATIO.

2213 4760 2514 4841 geri-latent.
2547 4758 2807 4841 Nullum,
2839 4762 2996 4841 quod
3021 4762 3436 4841 viderimusr.
3457 4767 3863 4841 perfecturum,

2212 4828 2350 4957 {iett
2376 4845 2445 4886 ea
2473 4829 2645 4887 lectio
2675 4806 2876 4903 quain1

2239 4917 2295 4957 1a
2324 4941 2338 4956 .

2217 5559 2274 5612 et
2292 5556 2505 5614 iterum
2535 5554 2914 5632 scribendum
2941 5557 3208 5628 arbitror.
3233 5555 3520 5636 Primum,
3556 5560 3696 5638 quia
3730 5559 3861 5618 utile

2217 5652 2303 5702 est
2328 5645 2413 5703 vel
2446 5644 2705 5718 quotidie
2733 5645 2962 5706 veniam
2983 5645 3329 5708 delictorum
3360 5637 3628 5729 moeri;
3659 5649 3864 5722 deinde
