4116 6188
256 345 409 408 1057

1315 342 1769 412 ENARRATIO
1807 349 1889 411 ιτ(
1920 346 2314 415 FPSALMUM
2361 349 2650 414 XXXVII.

3519 363 3685 428 "£058

259 476 542 550 quoniam
573 475 634 530 in
664 473 793 531 illis
824 472 1062 531 duobus
1092 471 1311 564 lii-bellis
1362 478 1692 538 adhortatio
1748 481 1930 554 pmni-
1956 489 2015 554 Α
2041 484 2202 540 ’816
2234 482 2386 540 sicut
2414 484 2539 555 ipse
2569 484 2714 540 dixit
2745 502 2758 540 :
2788 510 2814 535 ‹‹
2851 487 3038 558 Super
3076 501 3262 560 quem
3318 496 3679 564 requiescam

253 567 455 627 tentias
484 565 574 623 vel
601 565 915 638 profectus
945 566 1058 630 est,
1091 563 1143 619 si
1173 571 1416 636 geratur
1447 588 1461 637 ;
1527 586 1685 626 nunc
1735 575 1930 627 autem

259 656 768 730 quemadmodum
796 654 894 727 agi
943 652 1294 725 pmnitentia
1344 657 1568 725 debeat,
1603 659 1930 731 exprimen-

261 747 406 803 dum
435 750 525 803 est
555 763 568 814 ;
621 744 771 800 nihil
807 743 969 800 enim
1002 742 1248 814 prodest
1306 763 1499 819 agere,
1527 747 1640 803 nisi
1680 748 1763 804 ita
1791 765 1932 820 aga-

259 834 360 892 tur
389 839 456 891 ut
485 838 732 908 oportet.
766 835 830 890 In
863 848 984 906 quo
1016 835 1267 890 sanctus
1326 835 1504 892 David
1563 837 1928 909 sequendum

262 925 435 980 nobis
465 923 768 997 proposuit
818 919 1261 993 magisterium,
1294 925 1396 996 qui
1439 925 1568 982 ideo
1597 926 1742 983 mihi
1773 927 1931 983 vide-

266 1019 367 1070 tur
395 1017 660 1086 gustasse
693 1017 1006 1084 peccatum
1035 1012 1105 1065 ut
1134 1010 1379 1070 doceret
1425 1016 1929 1087 quemadmodum

265 1107 564 1173 peccatum
596 1106 801 1173 posset
829 1098 1070 1157 aboleri.
1106 1099 1278 1158 Unde
1307 1103 1468 1160 enim
1511 1105 1822 1171 medicina,
1847 1104 1932 1158 ni-

267 1191 318 1246 si
347 1192 417 1246 de
448 1190 685 1246 vulnere
711 1189 974 1264 sumpsit
1004 1188 1318 1248 exordium
1339 1192 1367 1246 ?
1394 1193 1544 1249 Dum
1576 1194 1768 1266 prima
1793 1197 1932 1248 astas

269 1279 499 1351 generis
530 1279 781 1336 humani
812 1280 981 1335 docet
1008 1276 1155 1335 alios
1215 1281 1376 1352 quod
1437 1282 1549 1338 sibi
1607 1282 1845 1354 profuit,
1876 1285 1935 1336 et

275 1369 773 1441 quemadmodum
805 1367 1021 1424 vulnus
1055 1384 1238 1423 suum
1301 1370 1614 1438 sanaverit,
1648 1370 1780 1427 aliis
1839 1387 1932 1426 os-

271 1458 464 1515 tendit
496 1476 510 1525 ;
546 1475 687 1514 usus
717 1463 902 1514 artem
934 1456 1093 1524 fecit,
1119 1461 1175 1512 et
1195 1458 1480 1532 egritudo
1506 1459 1930 1532 magisterium.

275 1547 412 1618 Ipsa
440 1551 527 1602 est
556 1546 711 1602 enim
770 1547 962 1618 prima
1018 1549 1078 1602 et
1136 1545 1334 1625 valida
1389 1553 1547 1604 secta
1605 1547 1932 1614 medicinae,

278 1651 456 1706 quam
487 1635 981 1706 experientia,non
1011 1635 1352 1706 conjectura
1378 1637 1665 1694 formavit.
1691 1638 1938 1709 Ideoque

275 1723 351 1779 ab
381 1723 735 1795 experientia
767 1724 1034 1787 ἐμπειρικοί
1093 1723 1284 1796 primo
1318 1725 1527 1781 medici
1560 1730 1701 1781 sunt
1729 1726 1936 1792 vocati,

277 1815 336 1866 et
366 1828 435 1868 ex
463 1827 532 1867 ea
562 1815 721 1868 secta
751 1817 970 1867 caeteris
1001 1811 1277 1868 derivata:
1311 1818 1486 1892 sun“
1537 1818 1713 1886 atque
1769 1813 1842 1869 ab
1871 1828 1938 1868 ea

281 1917 462 1956 usum
493 1901 807 1972 quemdam
840 1901 951 1971 (44)
983 1917 1107 1958 suis
1138 1917 1448 1975 sumpsere
1503 1901 1756 1957 virtutis.
1790 1902 1940 1966 Quid

279 1994 484 2044 autem
518 1993 607 2045 est
637 1989 709 2045 ad
763 1989 1230 2046 cohortationem
1284 1989 1638 2063 poenitentiae
1667 1989 1940 2057 validius,

283 2091 464 2145 quam
497 2078 650 2149 quod
685 2081 930 2133 sanctus
988 2077 1277 2151 propheta
1331 2078 1512 2135 David
1566 2083 1939 2152 peccatorum

282 2170 620 2224 nostrorum
655 2183 762 2223 nos
795 2166 1000 2223 docuit
1030 2167 1310 2240 poenitere
1339 2168 1367 2224 ‘I
1397 2167 1540 2232 Quis
1587 2168 1744 2225 enim
1776 2167 1940 2223 dedi-

283 2259 498 2328 gnetur
525 2254 843 2312 humiliare
877 2273 942 2312 se
970 2256 1114 2324 Deo,
1163 2272 1297 2312 cum
1353 2273 1453 2313 rex
1500 2273 1562 2313 se
1593 2255 1940 2312 humiliave-

289 2344 370 2398 rit
399 2342 426 2398 ‘I
473 2345 585 2399 Aut
615 2344 746 2416 quis
776 2345 1006 2401 dubitet
1031 2344 1292 2417 afﬂigere
1315 2345 1575 2403 animam
1606 2362 1940 2414 suam,cum

287 2431 578 2504 propheta
604 2436 801 2490 tantus
828 2433 1120 2504 alﬂixerit,
1155 2433 1384 2492 solvens
1441 2436 1697 2508 pretium
1751 2435 1942 2507 lacry-

289 2538 522 2578 marum
553 2539 656 2594 pro
690 2524 1094 2597 redemptione
1125 2525 1345 2596 peccati
1377 2525 1404 2580 ?
1455 2527 1527 2582 Et
1555 2526 1824 2597 quamvis
1853 2531 1939 2581 to-

289 2616 352 2666 to
383 2611 732 2683 scriptorum
764 2630 1010 2669 suorum
1043 2629 1283 2685 corpore
1335 2616 1605 2686 gerendae
1655 2614 1943 2687 pceniten-

288 2699 382 2754 tire
415 2704 702 2773 praecepta
730 2701 1034 2758 dilfuderit
1066 2723 1078 2772 ;
1133 2702 1267 2774 quis
1300 2703 1457 2758 enim
1516 2705 1645 2775 ejus
1676 2703 1942 2775 psalmus

289 2805 406 2844 non
439 2790 935 2847 medicamentum
983 2797 1074 2848 est
1129 2791 1494 2848 conscientia
1550 2792 1939 2864 peccatricis;

287 2893 422 2932 cum
454 2877 591 2933 alibi
624 2881 1130 2950 quemadmodum
1162 2879 1459 2952 impulsus
1486 2881 1562 2936 sit
1587 2881 1938 2952 (Psal.cxvn,

290 2967 400 3037 13),
431 2966 569 3022 alibi
597 2970 1101 3040 quemadmodum
1135 2969 1522 3026 conturbatus
1579 2971 1750 3040 (Psal.
1784 2986 1939 3038 xxxx,

288 3055 366 3127 8),
399 3056 720 3114 ostenderit
749 3075 764 3114 :
801 3062 867 3114 ut
896 3075 1013 3115 non
1047 3058 1238 3115 solum
1272 3059 1770 3131 quemadmodum
1824 3058 1944 3115 sint

290 3143 576 3216 sananda,
610 3148 708 3202 sed
742 3147 919 3203 etiam
953 3147 1452 3220 quemadmodum
1503 3148 1760 3204 cavenda
1814 3147 1942 3203 vul-

1969 1856 2017 1919 B

2041 572 2156 628 nisi
2188 588 2370 643 supra
2397 571 2684 630 humilem
2707 579 2766 632 et
2798 582 3174 634 mansuetum
3205 581 3330 648 (Ita.
3391 600 3535 652 um,
3573 588 3628 658 2)
3663 591 3685 642 ἒ

2042 682 2069 709 ‹‹
2104 661 2348 717 Absolve
2379 666 2434 718 te
2463 678 2599 736 ergo
2638 665 2796 720 omni
2836 666 3103 732 sabbato,
3135 676 3189 724 et
3217 668 3400 727 alleva
3455 675 3684 745 pondus

2040 764 2328 818 errorum,
2357 755 2419 806 ut
2476 768 2721 809 securus
2759 755 2831 809 ad
2888 753 3046 810 illius
3105 758 3285 813 futuri
3333 761 3561 817 sabbati
3591 780 3686 819 re-

2041 838 2240 910 quiem
2267 839 2564 912 pervenire
2596 842 2895 897 merearis.
2945 843 3091 899 Nam
3155 845 3206 900 si
3261 847 3398 904 hinc
3455 856 3688 922 peccata

2040 927 2240 998 gravia
2270 929 2608 1000 portaveris,
2642 930 2760 986 illic
2792 931 3050 1002 requiem
3083 951 3197 990 non
3256 936 3517 994 habebis.
3551 942 3690 996 Exo-

2041 1032 2183 1072 nera
2213 1016 2392 1087 igitur
2431 1021 2593 1073 tuam
2653 1023 2934 1086 mentem,
2992 1021 3164 1091 rejice
3219 1025 3416 1081 omnia
3471 1029 3688 1099 quibus

2042 1105 2402 1160 conscientia
2418 1110 2693 1178 gravatur
2713 1111 2770 1162 et
2797 1108 3102 1179 premitur,
3137 1127 3207 1166 ne
3239 1112 3339 1168 ﬁat
3370 1115 3507 1186 fuga
3565 1116 3687 1172 hie-

2042 1209 2136 1248 me
2161 1196 2249 1249 vel
2282 1195 2523 1250 sabbato
2557 1212 2570 1250 :
2602 1197 2722 1251 vita
2753 1196 2874 1251 haec
2895 1195 2953 1250 in
2987 1196 3182 1254 labore
3213 1205 3320 1268 est,
3354 1201 3454 1258 illa
3484 1204 3542 1258 in
3599 1222 3688 1260 re-

2042 1282 2196 1352 quie.
2234 1280 2530 1338 Leviorem
2561 1288 2617 1339 te
2644 1283 2843 1340 saeculi
2875 1284 3055 1354 hujus
3116 1289 3362 1358 reperiat
3413 1308 3689 1348 cons-um-

2045 1370 2244 1435 matio,
2279 1385 2350 1425 ne
2376 1375 2653 1426 oneratus
2678 1373 2930 1443 peccatis
2962 1374 3158 1445 fugere
3193 1393 3304 1432 non
3339 1380 3548 1450 possis.
3573 1384 3689 1435 An-

2045 1462 2100 1513 te
2131 1459 2284 1532 fuge,
2314 1463 2378 1514 ut
2406 1460 2739 1530 praevenias.
2778 1462 2948 1533 Fugit
3004 1465 3307 1533 saeculum,
3341 1469 3441 1538 qui
3491 1469 3689 1525 seculi

2044 1543 2335 1602 illecebris
2365 1564 2479 1602 non
2511 1552 2762 1615 tenetur,
2796 1550 2897 1621 qui
2929 1567 2990 1606 se
3019 1554 3178 1608 omni
3211 1571 3352 1611 cura
3409 1556 3535 1626 ejus
3593 1559 3694 1614 ab-

2045 1633 2235 1691 solvit.
2261 1639 2414 1707 Fuge
2443 1637 2906 1694 etiamfuturam
2965 1640 3137 1709 iram,
3173 1641 3284 1698 hoc
3342 1649 3453 1716 cst,
3480 1647 3694 1718 judicii

2048 1722 2224 1778 diem.
2252 1723 2420 1796 Fugit
2439 1739 2568 1779 eam
2590 1725 2688 1795 qui
2709 1727 2892 1797 egerit
2921 1729 3321 1798 penitentiam
3346 1751 3360 1800 ;
3419 1735 3504 1790 sic
3533 1735 3693 1790 enim

2049 1810 2311 1866 deﬁnivit
2332 1811 2592 1883 Baptista
2629 1813 2884 1869 Joannes
2913 1815 3113 1872 dicens
3147 1836 3158 1872 :
3214 1840 3242 1868 ‹‹
3273 1819 3577 1877 Generatio
3609 1824 3694 1878 vi-

2049 1914 2344 1970 perarum,
2374 1900 2508 1970 quis
2537 1901 2703 1957 vobis
2754 1902 3175 1960 demonstravit
3229 1906 3427 1980 fugere
3477 1910 3550 1964 ab
3607 1910 3698 1966 ira

2047 1992 2294 2042 ventura
2321 1988 2348 2042 ‘P
2389 1987 2581 2044 Facite
2611 2006 2746 2061 ergo
2805 1991 3029 2048 fructus
3081 1993 3288 2066 dignos
3344 1997 3697 2068 pmnitentie

2049 2076 2258 2147 (Matth.
2293 2094 2378 2142 In,
2409 2079 2465 2142 7,
2493 2079 2570 2149 8).
2595 2101 2624 2126 »

2120 2166 2173 2220 3.
2205 2166 2468 2222 Audistis
2497 2166 2671 2223 hodie
2701 2167 2811 2240 legi
2863 2169 3005 2241 quia
3052 2170 3310 2229 Joannes
3364 2174 3699 2247 baptizabat

2051 2255 2110 2308 in
2142 2255 2348 2322 IEnon,
2373 2255 2544 2325 juxta
2573 2254 2754 2312 Salim
2787 2259 2971 2328 (Joan.
3010 2277 3093 2326 ιιι,
3143 2261 3255 2331 23).
3312 2263 3497 2320 IEnon
3550 2266 3695 2322 dici-

2049 2347 2150 2399 tur
2176 2343 2382 2402 oculus
2410 2344 2835 2416 suppliciorum
2869 2363 2881 2402 :
2920 2348 3101 2404 Salim
3142 2349 3268 2422 ipse
3323 2354 3648 2412 ascendens
3680 2375 3694 2426 ;

2051 2431 2162 2487 hoc
2193 2431 2368 2488 habet
2398 2433 2814 2505 interpretatio.
2853 2436 2959 2499 Qui
3001 2454 3136 2510 ergo
3169 2439 3451 2512 baptizari
3509 2442 3696 2517 eligit,

2049 2519 2340 2592 supplicia
2370 2521 2644 2592 praavidet
2676 2541 2688 2588 ;
2721 2527 2777 2578 et
2805 2524 2933 2580 ideo
2982 2527 3244 2600 confugit
3273 2530 3344 2584 ad
3379 2531 3701 2602 baptisma-

2048 2611 2126 2666 tis
2157 2615 2613 2678 sacramentum,
2646 2616 2710 2665 ut
2748 2615 3050 2682 peccatum
3091 2632 3264 2672 omne
3319 2619 3590 2690 deponat,
3625 2639 3699 2679 ne

2050 2698 2336 2755 obnoxius
2365 2699 2608 2770 incipiat
2624 2715 2753 2756 esse
2783 2701 3107 2773 suppliciis.
3140 2705 3207 2759 Et
3236 2705 3381 2761 forte
3401 2707 3701 2780 supplicia

2051 2787 2329 2860 praevidet
2355 2787 2456 2859 qui
2489 2787 2818 2860 baptizatur
2848 2789 3142 2862 baptismo
3189 2795 3576 2866 paenitentiae;
3638 2805 3700 2855 at

2050 2893 2185 2932 vero
2216 2875 2312 2931 ille
2341 2876 2590 2948 gratiam
2621 2882 2864 2949 spectat,
2899 2879 2998 2949 qui
3031 2881 3361 2953 baptizatur
3417 2886 3476 2940 in
3535 2887 3699 2944 Chri-

2052 2970 2158 3022 sto.
2200 2964 2534 3037 Baptismus
2563 2981 2699 3037 ergo
2727 2966 2994 3039 Joannis,
3037 2970 3240 3027 oculus
3270 2973 3696 3046 suppliciorum

2052 3059 2142 3110 est
2175 3073 2188 3122 ;
2223 3054 2553 3125 baptismus
2581 3055 2822 3125 Christi,
2853 3058 3060 3115 oculus
3091 3061 3432 3132 gratiarum.
3473 3065 3701 3122 Tamet-

2053 3144 2104 3200 si
2135 3143 2194 3198 in
2225 3147 2408 3198 Enen
2440 3143 2771 3216 baptizabat
2797 3145 3073 3214 Joannes,
3093 3149 3263 3220 juxta
3282 3152 3698 3212 ascendentem

293 3247 458 3298 nera,
491 3233 939 3303 demonstraret,
973 3241 1030 3292 et
1060 3253 1167 3292 suo
1198 3253 1305 3292 nos
1335 3237 1566 3292 doceret
1620 3236 1884 3309 exemplo
1914 3237 1941 3292 ?
1973 3222 2015 3289 C
2052 3233 2389 3305 baptizabat
2422 3251 2434 3300 ;
2469 3232 2578 3289 hoc
2607 3233 2762 3290 enim
2789 3239 2847 3290 et
2877 3235 2991 3291 ista
3047 3237 3222 3294 habet
3269 3239 3695 3314 interpretatio,

291 3318 436 3383 Quis
467 3325 660 3378 autem
691 3329 842 3381 stare
865 3342 927 3381 se
959 3325 1178 3392 credat,
1229 3324 1329 3380 ubi
1358 3323 1561 3397 lapsus
1618 3329 1708 3381 est
1761 3325 1936 3382 etiam

292 3409 410 3477 (45)
431 3411 992 3480 fortior;'tamenin
1047 3412 1346 3469 tricesimo
1406 3413 1653 3485 septimo
1711 3412 1939 3484 psalmo

294 3498 578 3570 majorem
610 3501 728 3558 vim
758 3502 978 3559 doloris
1035 3501 1272 3568 interni,
1307 3505 1364 3557 et
1415 3499 1808 3558 lamentabilis
1841 3503 1938 3558 de-

294 3587 640 3658 plorationis
671 3592 976 3664 expressit.

371 3685 428 3738 2.
461 3679 648 3751 (Vere.
681 3681 762 3749 l.)
794 3681 1056 3753 Denique
1087 3681 1146 3735 in
1178 3679 1411 3736 exordio
1437 3679 1563 3751 ipse
1594 3693 1702 3735 nos
1733 3678 1941 3737 titulus

296 3772 571 3827 admonet
601 3769 946 3841 hujusmodi
979 3773 1266 3841 precepts
1298 3767 1532 3825 formari
1569 3785 1582 3834 ;
1641 3768 1726 3822 sic
1781 3769 1938 3824 enim

290 3861 543 3934 legimus
576 3878 589 3915 :
624 3882 651 3908 ‹‹
689 3860 746 3914 In
782 3858 1420 3926 commemorationem,
1448 3857 1663 3928 inquit,
1685 3856 1940 3912 dieisab-

291 3949 410 4004 bati
442 3947 705 4020 psalmus
736 3945 935 4002 David.
970 3967 998 3997 »
1049 3946 1226 4002 Plena
1253 3945 1411 4001 enim
1442 3949 1532 4000 est
1587 3944 1940 4017 pcsnitentize

290 4036 575 4105 definitio,
607 4035 1087 4092 commemoratio
1118 4034 1462 4092 delictorum
1498 4052 1512 4102 ;
1554 4038 1618 4088 ut
1650 4035 1938 4106 unusqui-

288 4141 406 4197 que
429 4129 664 4198 peccata
690 4141 799 4180 sua
827 4123 984 4179 velut
1007 4124 1262 4196 quodam
1295 4121 1622 4196 quotidiani
1651 4124 1940 4180 sermonis

282 4213 538 4286 castiget
559 4211 807 4286 ﬂagello,
833 4217 890 4268 et
911 4214 1231 4270 commissa
1257 4211 1387 4268 sibi
1423 4211 1644 4285 ﬂagitia
1664 4211 1938 4268 condem-

287 4307 388 4358 net
412 4303 504 4358 Sic
526 4302 680 4358 enim
707 4302 1240 4369 docemur,dicente
1259 4301 1504 4357 Domino
1529 4316 1542 4354 :
1573 4324 1600 4350 ‹‹
1617 4300 1940 4372 Diciniqui-

287 4390 1027 4461 tatestuas,utjustiliceris
1049 4392 1177 4462 (lsa.
1199 4391 1476 4461 xtm,26).
1497 4412 1524 4438 »
1538 4390 1608 4444 Et
1630 4390 1939 4460 Apostolus

285 4480 410 4535 ait:
447 4502 473 4530 «
499 4481 609 4536 Ore
630 4480 918 4536 confessio
938 4480 998 4534 ﬁt
1021 4481 1090 4536 ad
1151 4477 1405 4534 salutem
1438 4478 1613 4550 (Rom.
1646 4494 1700 4532 x.
1762 4476 1872 4548 40).
1909 4501 1938 4528 ››

2048 3326 2115 3377 ut
2138 3321 2318 3377 Salim
2350 3320 2578 3376 dicatur
2607 3321 2732 3395 ipse
2789 3325 3133 3381 ascendens.
3197 3328 3502 3387 Proximus
3558 3349 3697 3407 ergo

2047 3415 2172 3467 erat
2200 3409 2451 3477 Christo,
2484 3411 2587 3482 qui
2615 3413 2745 3483 ejus
2776 3412 3083 3470 nuntiabat
3103 3415 3443 3474 adventum.
3467 3420 3696 3480 Etenim

2053 3498 2235 3554 Filius
2266 3497 2523 3554 hominis
2553 3500 2654 3570 qui
2686 3500 2987 3557 descendit
3015 3504 3086 3560 de
3141 3505 3304 3572 coelo,
3353 3507 3479 3580 ipse
3527 3516 3618 3566 est
3642 3518 3699 3568 et

2051 3587 2152 3659 qui
2181 3586 2446 3642 ascendit
2475 3587 2532 3641 in
2559 3587 2794 3657 ccelum,
2854 3595 2919 3645 ut
2974 3591 3243 3664 impleret
3302 3599 3520 3654 omnia.
3581 3602 3695 3660 Sed

2052 3675 2190 3748 quia
2221 3673 2413 3745 qualis
2441 3675 2877 3744 coalestis,tales
2907 3683 2963 3733 et
2991 3681 3276 3747 cmlestes,
3299 3685 3462 3742 etille
3491 3705 3694 3747 ascen-

2050 3766 2137 3821 dit
2166 3766 2225 3819 in
2258 3763 2598 3836 caelum,qui
2629 3769 2860 3821 terrena
2884 3767 3181 3839 deponens
3215 3776 3607 3845 consepelitur
3636 3781 3696 3836 in

2051 3854 2280 3910 Christo
2316 3869 2330 3920 ;
2363 3855 2430 3908 ut
2457 3869 2592 3909 cum
2625 3852 2853 3909 Christo
2884 3863 3152 3930 resurgat
3181 3876 3216 3914 a
3245 3867 3430 3916 morte
3472 3871 3694 3935 psecati

2049 3943 2122 4000 ad
2156 3941 2470 3998 novitatem
2497 3942 2626 3997 vitae
2655 3941 3130 4018 haereditatisque
3187 3950 3546 4008 consortium
3582 3973 3594 4022 ;
3631 3962 3696 4012 ut

2051 4033 2172 4098 fiat,
2203 4031 2356 4087 sicut
2385 4031 2671 4104 scriptum
2702 4037 2791 4088 est
2824 4049 2836 4086 :
2871 4034 2974 4090 Dei
3002 4033 3192 4108 haeres,
3226 4037 3430 4094 Christi
3456 4041 3695 4100 cohaeres

2049 4123 2222 4193 (Rom.
2254 4137 2377 4186 vm,
2413 4122 2521 4192 17).

2121 4210 2172 4264 4.
2204 4209 2354 4264 Vera
2382 4226 2518 4282 ergo
2551 4210 2841 4267 medicina
2874 4216 2965 4268 est
2991 4229 3190 4285 gerere
3243 4217 3644 4287 pmnitentiam
3678 4241 3691 4280 :

2050 4316 2175 4371 quis
2208 4303 2345 4353 tunc
2373 4297 2632 4371 legitime
2663 4299 2976 4371 praedicata
3004 4307 3112 4371 est,
3149 4305 3382 4374 quando
3429 4310 3696 4368 medicus

2045 4387 2206 4443 venit
2235 4403 2265 4442 e
2295 4386 2458 4453 cmlo,
2490 4389 2588 4460 qui
2622 4405 2736 4444 non
2767 4397 3137 4462 exasperaret
3164 4393 3427 4463 vulnera,
3461 4401 3561 4455 sed
3595 4417 3695 4458 sa-

2050 4481 2233 4532 naret.
2267 4480 2464 4532 Bonus
2494 4478 2778 4545 medicus,
2833 4478 2932 4550 qui
2961 4479 3158 4537 docuit
3191 4487 3693 4554 quemadmodum

281 4571 396 4624 Sed
428 4570 572 4626 forte
601 4573 849 4636 moveat,
883 4569 1021 4640 quia
1051 4585 1167 4624 non
1199 4567 1344 4622 dixit
1373 4571 1743 4639 peccatorum
1775 4583 1939 4622 com-
1967 4589 2015 4654 D
2047 4564 2108 4620 in
2140 4564 2250 4620 hac
2279 4569 2436 4620 terra
2464 4565 2726 4637 corporis
2757 4566 2940 4622 nostri
2972 4569 3230 4626 remedia
3258 4588 3690 4646 quaereremus;

285 4660 792 4726 memorationem,
845 4658 944 4713 sed
976 4658 1090 4714 diei
1141 4655 1376 4726 sabbati,
1405 4660 1506 4711 aut
1556 4655 1730 4727 (sicut
1783 4653 1936 4712 alius
1970 4653 1997 4654 ἡ
2045 4669 2181 4709 eum
2214 4654 2321 4708 llos
2352 4653 2522 4708 nobis
2553 4653 2748 4710 herbaa
2777 4654 3054 4712 salutaris
3085 4659 3356 4728 oriretur,
3401 4667 3502 4735 qui
3561 4691 3588 4716 «
3621 4667 3694 4721 de

281 4747 479 4820 habet)
506 4749 874 4805 sabbatorum.
918 4747 1024 4811 Qui
1056 4751 1146 4804 est
1171 4749 1368 4803 autem
1428 4745 1761 4813 sabbatum,
1819 4744 1932 4800 nisi
2044 4746 2276 4832 peccato
2305 4741 2609 4832 damonavit
2639 4749 2940 4814 peccatum
2994 4748 3052 4801 in
3085 4765 3255 4804 carne
3313 4751 3471 4821 (Ibid.
3531 4753 3606 4823 3).
3662 4775 3690 4801 ››

279 4836 514 4907 requies
543 4837 896 4904 futurorum,
921 4834 1185 4892 levamen
1215 4833 1617 4908 praesentium,
1671 4849 1786 4905 quo
1818 4833 1933 4890 Lex
2040 4830 2382 4886 Antidotum
2415 4830 2550 4903 ergo
2583 4831 2734 4888 facta
2764 4837 2871 4903 est,
2904 4851 3060 4903 caro,
3090 4853 3221 4908 quae
3250 4843 3374 4892 erat
3399 4853 3688 4894 venenum

267 4924 446 4996 jubet
472 4925 784 4982 hominum
816 4942 993 4999 opera
1020 4925 1236 4990 feriari,
1270 4939 1448 4980 onera
1477 4922 1689 4995 deponi
1723 4923 1927 4994 (Exod.
2041 4924 2176 4975 ante
2206 4919 2424 4991 peccati
2457 4937 2470 4975 :
2505 4921 2646 4992 quia
2675 4926 2800 4978 erat
2829 4922 3105 4980 illecebra
3133 4928 3686 4996 peccatorum.Audi

275 5029 374 5080 xx,
401 5014 584 5086 8-11)?
607 5017 741 5081 Quae
764 5019 905 5070 sunt
925 5015 1191 5087 graviora
1210 5030 1411 5079 onera,
1434 5012 1547 5069 nisi
1575 5015 1775 5067 nostra
1797 5028 1929 5083 pec-
2041 5009 2540 5080 quemadmodum
2567 5010 2896 5066 antidotum
2927 5027 3058 5066 caro
3089 5011 3186 5066 Dei
3224 5013 3289 5066 ﬁt
3322 5031 3335 5068 :
3373 5035 3396 5064 α
3430 5015 3684 5073 Verbum

278 5105 411 5157 cata
437 5102 465 5157 ?
493 5103 623 5158 Haec
649 5104 1016 5175 deponantur
1044 5103 1102 5157 in
1136 5103 1520 5159 sabbatorum
1553 5101 1784 5166 diebus,
1820 5098 1928 5156 hoc
2038 5097 2256 5153 factum
2273 5102 2363 5153 est
2391 5114 2524 5154 caro
2555 5100 2734 5171 (Joan.
2768 5100 2946 5170 1,14):
2980 5120 3007 5147 »
3041 5099 3203 5154 misit
3234 5116 3475 5156 manum
3508 5103 3566 5158 in
3591 5119 3682 5160 ca-

2036 5202 2273 5242 vernam
2288 5187 2882 5260 aspidum,venenum
2902 5187 3532 5259 evacuavit,peccatum
3550 5194 3682 5249 abs-

2035 5275 2255 5345 tulit;id
2269 5277 2491 5343 est,«de
2502 5280 2736 5347 peccato
2747 5274 3049 5330 damnavit
3060 5282 3364 5346 peccatum
3378 5278 3436 5334 in
3451 5297 3682 5338 carne.»

2103 5367 2158 5419 5.
2191 5365 2261 5420 Et
2291 5370 2356 5420 ut
2386 5364 2494 5418 hoc
2535 5363 2727 5435 possit
2755 5361 2988 5434 plenius
3045 5364 3424 5436 considerari,
3486 5371 3680 5443 ipsum

2017 5452 2295 5528 Apostoli
2327 5450 2646 5525 capitulum
2678 5465 3107 5510 recenseamus.
3142 5451 3405 5530 Namque
3437 5457 3517 5515 ita
3545 5461 3683 5518 scri-

278 5195 372 5246 est
399 5189 457 5246 in
490 5192 601 5248 hoc
626 5193 752 5248 vitae
785 5191 957 5249 istius
979 5190 1505 5263 tempore.Septem
1536 5188 1692 5245 enim
1715 5188 1926 5244 diebus

271 5280 600 5338 hebdomas
629 5281 822 5338 omnis
849 5279 1241 5346 concluditur,
1276 5295 1377 5333 sex
1405 5276 1615 5333 diebus
1664 5277 1925 5334 mundus

271 5368 376 5425 ille
407 5371 694 5427 formatus
725 5370 1094 5441 est,septimo
1116 5368 1210 5424 die
1230 5366 1512 5438 requievit
1542 5366 1828 5423 Dominus
1852 5367 1924 5424 ab

272 5475 448 5532 opere
475 5476 608 5527 suo,
633 5459 734 5529 qui
766 5458 826 5514 in
857 5462 1060 5514 nostra
1102 5454 1554 5512 mansuetudine
1584 5454 1919 5527 requiescit,

372 5619 462 5690 44)
494 5615 838 5690 complures
870 5633 1040 5686 mss.,
1069 5620 1233 5690 atque
1272 5616 1357 5690 ~ab
1389 5631 1456 5673 ea
1510 5631 1731 5690 succum
1761 5615 2069 5690 quemdam.

372 5619 439 5676 44
494 5619 839 5704 Complures
870 5633 1040 5686 mss.,
1069 5620 1233 5747 αιιέᾳθ
1287 5619 1357 5673 ab
1389 5631 1456 5704 ea
1510 5631 1731 5675 succum
1797 5619 2069 5703 umidam.

346 5619 462 5768 i453
543 5689 685 5750 Mss.
766 5689 1010 5766 aliquot,
1091 5703 1188 5747 ut
1263 5688 1477 5768 lapsum
1530 5685 1674 5752 videt
1757 5632 2070 5766 gat-uorum.
