  <div class='ocr_page' id='page_1' title='image "/cluster/home/n/w/nwhite01/storage/ocr_20150623/14/hvd.32044048207138/535.png"; bbox 0 0 4078 6196; ppageno 0'>
   <div class='ocr_carea' id='block_1_1' title="bbox 500 307 657 414">
    <p class='ocr_par' dir='ltr' id='par_1_1' title="bbox 500 307 657 414">
     <span class='ocr_line' id='line_1_1' title="bbox 500 307 657 414; baseline -0.013 0"><span class='ocrx_word' id='word_1_1' title='bbox 500 307 657 414; x_wconf 68' lang='lat'>1059</span> 
     </span>
    </p>
   </div>
   <div class='ocr_carea' id='block_1_2' title="bbox 1952 340 2433 404">
    <p class='ocr_par' dir='ltr' id='par_1_2' title="bbox 1952 340 2433 404">
     <span class='ocr_line' id='line_1_2' title="bbox 1952 340 2433 404; baseline 0.002 -2"><span class='ocrx_word' id='word_1_2' title='bbox 1952 343 2016 403; x_wconf 80' lang='lat' dir='ltr'>S.</span> <span class='ocrx_word' id='word_1_3' title='bbox 2060 340 2433 404; x_wconf 80' lang='lat' dir='ltr'>AMBROSII</span> 
     </span>
    </p>
   </div>
   <div class='ocr_carea' id='block_1_3' title="bbox 3757 339 3908 400">
    <p class='ocr_par' dir='ltr' id='par_1_3' title="bbox 3757 339 3908 400">
     <span class='ocr_line' id='line_1_3' title="bbox 3757 339 3908 400; baseline 0.013 -2"><span class='ocrx_word' id='word_1_4' title='bbox 3757 339 3908 400; x_wconf 68' lang='lat'>{060</span> 
     </span>
    </p>
   </div>
   <div class='ocr_carea' id='block_1_4' title="bbox 497 471 3909 558">
    <p class='ocr_par' dir='ltr' id='par_1_4' title="bbox 497 471 3909 558">
     <span class='ocr_line' id='line_1_4' title="bbox 497 471 3909 558; baseline -0.004 -18"><span class='ocrx_word' id='word_1_5' title='bbox 497 490 662 558; x_wconf 87' lang='lat' dir='ltr'>ptum</span> <span class='ocrx_word' id='word_1_6' title='bbox 693 484 783 535; x_wconf 73' lang='lat' dir='ltr'>est</span> <span class='ocrx_word' id='word_1_7' title='bbox 812 497 822 534; x_wconf 93' lang='lat'>:</span> <span class='ocrx_word' id='word_1_8' title='bbox 859 502 885 528; x_wconf 89' lang='grc'><strong><em>‹‹</em></strong></span> <span class='ocrx_word' id='word_1_9' title='bbox 921 482 1071 532; x_wconf 83' lang='lat' dir='ltr'>Deus</span> <span class='ocrx_word' id='word_1_10' title='bbox 1101 475 1337 531; x_wconf 89' lang='lat' dir='ltr'>mittens</span> <span class='ocrx_word' id='word_1_11' title='bbox 1370 474 1578 530; x_wconf 84' lang='lat' dir='ltr'>Filium</span> <span class='ocrx_word' id='word_1_12' title='bbox 1609 490 1784 530; x_wconf 90' lang='lat' dir='ltr'>suum</span> <span class='ocrx_word' id='word_1_13' title='bbox 1835 475 1893 529; x_wconf 90' lang='lat' dir='ltr'>in</span> <span class='ocrx_word' id='word_1_14' title='bbox 1926 474 2131 530; x_wconf 75' lang='lat' dir='ltr'>simili~</span> <span class='ocrx_word' id='word_1_15' title='bbox 2161 475 2217 540; x_wconf 75' lang='grc' dir='ltr'><strong>Α</strong></span> <span class='ocrx_word' id='word_1_16' title='bbox 2244 474 2528 546; x_wconf 85' lang='lat' dir='ltr'>luptatem</span> <span class='ocrx_word' id='word_1_17' title='bbox 2565 473 2827 546; x_wconf 81' lang='lat' dir='ltr'>putabat.</span> <span class='ocrx_word' id='word_1_18' title='bbox 2860 474 3139 545; x_wconf 82' lang='lat' dir='ltr'>Segregat</span> <span class='ocrx_word' id='word_1_19' title='bbox 3170 489 3230 528; x_wconf 90' lang='lat' dir='ltr'>se</span> <span class='ocrx_word' id='word_1_20' title='bbox 3262 489 3293 527; x_wconf 88' lang='lat' dir='ltr'>a</span> <span class='ocrx_word' id='word_1_21' title='bbox 3352 471 3640 540; x_wconf 88' lang='lat' dir='ltr'>lasciviis,</span> <span class='ocrx_word' id='word_1_22' title='bbox 3675 473 3909 528; x_wconf 75' lang='lat' dir='ltr'>abdicat</span> 
     </span>
    </p>
   </div>
   <div class='ocr_carea' id='block_1_5' title="bbox 494 563 2136 636">
    <p class='ocr_par' dir='ltr' id='par_1_5' title="bbox 494 563 2136 636">
     <span class='ocr_line' id='line_1_5' title="bbox 494 563 2136 636; baseline -0.005 -10"><span class='ocrx_word' id='word_1_23' title='bbox 494 569 820 626; x_wconf 89' lang='lat' dir='ltr'>tudidinem</span> <span class='ocrx_word' id='word_1_24' title='bbox 854 565 1045 622; x_wconf 90' lang='lat' dir='ltr'>carnis</span> <span class='ocrx_word' id='word_1_25' title='bbox 1064 563 1302 635; x_wconf 80' lang='lat' dir='ltr'>peccati,</span> <span class='ocrx_word' id='word_1_26' title='bbox 1326 564 1395 618; x_wconf 90' lang='lat' dir='ltr'>de</span> <span class='ocrx_word' id='word_1_27' title='bbox 1426 569 1660 636; x_wconf 87' lang='lat' dir='ltr'>peccato</span> <span class='ocrx_word' id='word_1_28' title='bbox 1682 564 1986 619; x_wconf 80' lang='lat' dir='ltr'>damnavit</span> <span class='ocrx_word' id='word_1_29' title='bbox 2006 580 2136 636; x_wconf 88' lang='lat' dir='ltr'>pec-</span> 
     </span>
    </p>
   </div>
   <div class='ocr_carea' id='block_1_6' title="bbox 494 651 2137 724">
    <p class='ocr_par' dir='ltr' id='par_1_6' title="bbox 494 651 2137 724">
     <span class='ocr_line' id='line_1_6' title="bbox 494 651 2137 724; baseline -0.005 -10"><span class='ocrx_word' id='word_1_30' title='bbox 494 663 688 714; x_wconf 88' lang='lat' dir='ltr'>catum</span> <span class='ocrx_word' id='word_1_31' title='bbox 719 656 777 710; x_wconf 92' lang='lat' dir='ltr'>in</span> <span class='ocrx_word' id='word_1_32' title='bbox 807 671 979 710; x_wconf 89' lang='lat' dir='ltr'>carne</span> <span class='ocrx_word' id='word_1_33' title='bbox 1013 672 1025 720; x_wconf 92' lang='lat'>;</span> <span class='ocrx_word' id='word_1_34' title='bbox 1061 658 1123 708; x_wconf 92' lang='lat' dir='ltr'>ut</span> <span class='ocrx_word' id='word_1_35' title='bbox 1144 653 1490 723; x_wconf 85' lang='lat' dir='ltr'>justiticatio</span> <span class='ocrx_word' id='word_1_36' title='bbox 1522 653 1666 724; x_wconf 86' lang='lat' dir='ltr'>legis</span> <span class='ocrx_word' id='word_1_37' title='bbox 1710 651 2050 724; x_wconf 79' lang='lat' dir='ltr'>impleretur</span> <span class='ocrx_word' id='word_1_38' title='bbox 2081 653 2137 706; x_wconf 90' lang='lat' dir='ltr'>in</span> 
     </span>
    </p>
   </div>
   <div class='ocr_carea' id='block_1_7' title="bbox 493 739 2136 813">
    <p class='ocr_par' dir='ltr' id='par_1_7' title="bbox 493 739 2136 813">
     <span class='ocr_line' id='line_1_7' title="bbox 493 739 2136 813; baseline -0.005 -10"><span class='ocrx_word' id='word_1_39' title='bbox 493 747 754 813; x_wconf 89' lang='lat' dir='ltr'>nobis,ut</span> <span class='ocrx_word' id='word_1_40' title='bbox 783 744 872 800; x_wconf 86' lang='grc'>81</span> <span class='ocrx_word' id='word_1_41' title='bbox 893 745 928 798; x_wconf 73' lang='grc'>7</span> <span class='ocrx_word' id='word_1_42' title='bbox 970 757 1084 796; x_wconf 92' lang='lat' dir='ltr'>non</span> <span class='ocrx_word' id='word_1_43' title='bbox 1117 741 1442 796; x_wconf 90' lang='lat' dir='ltr'>secundum</span> <span class='ocrx_word' id='word_1_44' title='bbox 1473 757 1707 796; x_wconf 89' lang='lat' dir='ltr'>carnem</span> <span class='ocrx_word' id='word_1_45' title='bbox 1743 739 2136 805; x_wconf 83' lang='lat' dir='ltr'>amb’ulemus,</span> 
     </span>
    </p>
   </div>
   <div class='ocr_carea' id='block_1_8' title="bbox 493 827 2142 902">
    <p class='ocr_par' dir='ltr' id='par_1_8' title="bbox 493 827 2142 902">
     <span class='ocr_line' id='line_1_8' title="bbox 493 827 2142 902; baseline -0.005 -10"><span class='ocrx_word' id='word_1_46' title='bbox 493 837 593 892; x_wconf 85' lang='lat' dir='ltr'>sed</span> <span class='ocrx_word' id='word_1_47' title='bbox 617 833 940 890; x_wconf 90' lang='lat' dir='ltr'>secundum</span> <span class='ocrx_word' id='word_1_48' title='bbox 969 828 1242 902; x_wconf 81' lang='lat' dir='ltr'>spiritum</span> <span class='ocrx_word' id='word_1_49' title='bbox 1274 830 1447 897; x_wconf 78' lang='lat' dir='ltr'>(Rom.</span> <span class='ocrx_word' id='word_1_50' title='bbox 1505 846 1625 894; x_wconf 85' lang='lat' dir='ltr'>vm,</span> <span class='ocrx_word' id='word_1_51' title='bbox 1659 832 1712 895; x_wconf 87' lang='lat'>3,</span> <span class='ocrx_word' id='word_1_52' title='bbox 1775 829 1848 899; x_wconf 81' lang='grc'>4).</span> <span class='ocrx_word' id='word_1_53' title='bbox 1889 851 1915 876; x_wconf 73' lang='grc' dir='ltr'>ι)</span> <span class='ocrx_word' id='word_1_54' title='bbox 1973 827 2142 883; x_wconf 78' lang='lat' dir='ltr'>Venit</span> 
     </span>
    </p>
   </div>
   <div class='ocr_carea' id='block_1_9' title="bbox 493 917 2137 994">
    <p class='ocr_par' dir='ltr' id='par_1_9' title="bbox 493 917 2137 994">
     <span class='ocr_line' id='line_1_9' title="bbox 493 917 2137 994; baseline -0.004 -15"><span class='ocrx_word' id='word_1_55' title='bbox 493 939 627 994; x_wconf 85' lang='lat' dir='ltr'>ergo</span> <span class='ocrx_word' id='word_1_56' title='bbox 657 922 758 977; x_wconf 89' lang='lat' dir='ltr'>Dei</span> <span class='ocrx_word' id='word_1_57' title='bbox 790 919 972 975; x_wconf 90' lang='lat' dir='ltr'>Filius</span> <span class='ocrx_word' id='word_1_58' title='bbox 1004 918 1062 972; x_wconf 91' lang='lat' dir='ltr'>in</span> <span class='ocrx_word' id='word_1_59' title='bbox 1096 917 1485 972; x_wconf 79' lang='lat' dir='ltr'>similitudine</span> <span class='ocrx_word' id='word_1_60' title='bbox 1515 918 1710 973; x_wconf 89' lang='lat' dir='ltr'>carnis</span> <span class='ocrx_word' id='word_1_61' title='bbox 1735 917 1954 989; x_wconf 83' lang='lat' dir='ltr'>peccati</span> <span class='ocrx_word' id='word_1_62' title='bbox 1982 936 1994 972; x_wconf 92' lang='lat'>:</span> <span class='ocrx_word' id='word_1_63' title='bbox 2025 933 2137 972; x_wconf 90' lang='lat' dir='ltr'>non</span> 
     </span>
    </p>
   </div>
   <div class='ocr_carea' id='block_1_10' title="bbox 489 1005 2139 1081">
    <p class='ocr_par' dir='ltr' id='par_1_10' title="bbox 489 1005 2139 1081">
     <span class='ocr_line' id='line_1_10' title="bbox 489 1005 2139 1081; baseline -0.004 -15"><span class='ocrx_word' id='word_1_64' title='bbox 489 1011 692 1081; x_wconf 88' lang='lat' dir='ltr'>utique</span> <span class='ocrx_word' id='word_1_65' title='bbox 721 1009 778 1062; x_wconf 90' lang='lat' dir='ltr'>in</span> <span class='ocrx_word' id='word_1_66' title='bbox 803 1005 1190 1063; x_wconf 87' lang='lat' dir='ltr'>similitudine</span> <span class='ocrx_word' id='word_1_67' title='bbox 1223 1005 1416 1060; x_wconf 89' lang='lat' dir='ltr'>carnis</span> <span class='ocrx_word' id='word_1_68' title='bbox 1445 1005 1622 1072; x_wconf 88' lang='lat' dir='ltr'>venit,</span> <span class='ocrx_word' id='word_1_69' title='bbox 1657 1005 1757 1076; x_wconf 86' lang='lat' dir='ltr'>qui</span> <span class='ocrx_word' id='word_1_70' title='bbox 1792 1022 1987 1071; x_wconf 88' lang='lat' dir='ltr'>veram</span> <span class='ocrx_word' id='word_1_71' title='bbox 2021 1023 2139 1061; x_wconf 90' lang='lat' dir='ltr'>car-</span> 
     </span>
    </p>
   </div>
   <div class='ocr_carea' id='block_1_11' title="bbox 489 1093 2138 1166">
    <p class='ocr_par' dir='ltr' id='par_1_11' title="bbox 489 1093 2138 1166">
     <span class='ocr_line' id='line_1_11' title="bbox 489 1093 2138 1166; baseline -0.003 -11"><span class='ocrx_word' id='word_1_72' title='bbox 489 1115 622 1154; x_wconf 89' lang='lat' dir='ltr'>nem</span> <span class='ocrx_word' id='word_1_73' title='bbox 655 1095 913 1166; x_wconf 80' lang='lat' dir='ltr'>suscepit</span> <span class='ocrx_word' id='word_1_74' title='bbox 941 1113 953 1162; x_wconf 90' lang='lat'><strong>;</strong></span> <span class='ocrx_word' id='word_1_75' title='bbox 987 1095 1088 1150; x_wconf 92' lang='lat' dir='ltr'>sed</span> <span class='ocrx_word' id='word_1_76' title='bbox 1120 1095 1178 1149; x_wconf 92' lang='lat' dir='ltr'>in</span> <span class='ocrx_word' id='word_1_77' title='bbox 1211 1093 1603 1149; x_wconf 87' lang='lat' dir='ltr'>similitudine</span> <span class='ocrx_word' id='word_1_78' title='bbox 1661 1095 1860 1150; x_wconf 89' lang='lat' dir='ltr'>carnis</span> <span class='ocrx_word' id='word_1_79' title='bbox 1894 1096 2138 1166; x_wconf 86' lang='lat' dir='ltr'>peccati,</span> 
     </span>
    </p>
   </div>
   <div class='ocr_carea' id='block_1_12' title="bbox 487 1182 2137 1255">
    <p class='ocr_par' dir='ltr' id='par_1_12' title="bbox 487 1182 2137 1255">
     <span class='ocr_line' id='line_1_12' title="bbox 487 1182 2137 1255; baseline -0.001 -14"><span class='ocrx_word' id='word_1_80' title='bbox 487 1187 547 1241; x_wconf 91' lang='lat' dir='ltr'>id</span> <span class='ocrx_word' id='word_1_81' title='bbox 580 1190 691 1250; x_wconf 91' lang='lat' dir='ltr'>est,</span> <span class='ocrx_word' id='word_1_82' title='bbox 723 1183 915 1240; x_wconf 90' lang='lat' dir='ltr'>carnis</span> <span class='ocrx_word' id='word_1_83' title='bbox 959 1182 1320 1255; x_wconf 88' lang='lat' dir='ltr'>peccatricis.</span> <span class='ocrx_word' id='word_1_84' title='bbox 1357 1183 1531 1238; x_wconf 84' lang='lat' dir='ltr'>Facta</span> <span class='ocrx_word' id='word_1_85' title='bbox 1559 1183 1716 1237; x_wconf 90' lang='lat' dir='ltr'>enim</span> <span class='ocrx_word' id='word_1_86' title='bbox 1776 1188 1902 1238; x_wconf 90' lang='lat' dir='ltr'>erat</span> <span class='ocrx_word' id='word_1_87' title='bbox 1935 1184 2137 1239; x_wconf 84' lang='lat' dir='ltr'>fraude</span> 
     </span>
    </p>
   </div>
   <div class='ocr_carea' id='block_1_13' title="bbox 483 1271 2137 1343">
    <p class='ocr_par' dir='ltr' id='par_1_13' title="bbox 483 1271 2137 1343">
     <span class='ocr_line' id='line_1_13' title="bbox 483 1271 2137 1343; baseline -0.002 -12"><span class='ocrx_word' id='word_1_88' title='bbox 483 1279 540 1331; x_wconf 89' lang='lat' dir='ltr'>et</span> <span class='ocrx_word' id='word_1_89' title='bbox 566 1290 784 1330; x_wconf 87' lang='lat' dir='ltr'>veneno</span> <span class='ocrx_word' id='word_1_90' title='bbox 816 1273 1012 1327; x_wconf 82' lang='lat' dir='ltr'>infusa</span> <span class='ocrx_word' id='word_1_91' title='bbox 1039 1271 1327 1342; x_wconf 79' lang='lat' dir='ltr'>serpentis</span> <span class='ocrx_word' id='word_1_92' title='bbox 1359 1288 1490 1326; x_wconf 90' lang='lat' dir='ltr'>caro</span> <span class='ocrx_word' id='word_1_93' title='bbox 1523 1276 1890 1338; x_wconf 89' lang='lat' dir='ltr'>nostra,caro</span> <span class='ocrx_word' id='word_1_94' title='bbox 1922 1288 2137 1343; x_wconf 88' lang='lat' dir='ltr'>pecca—</span> 
     </span>
    </p>
   </div>
   <div class='ocr_carea' id='block_1_14' title="bbox 488 1360 2140 1434">
    <p class='ocr_par' dir='ltr' id='par_1_14' title="bbox 488 1360 2140 1434">
     <span class='ocr_line' id='line_1_14' title="bbox 488 1360 2140 1434; baseline -0.001 -16"><span class='ocrx_word' id='word_1_95' title='bbox 488 1365 554 1418; x_wconf 94' lang='lat' dir='ltr'>ti.</span> <span class='ocrx_word' id='word_1_96' title='bbox 590 1363 901 1434; x_wconf 85' lang='lat' dir='ltr'>Postquam</span> <span class='ocrx_word' id='word_1_97' title='bbox 941 1365 1030 1416; x_wconf 91' lang='lat' dir='ltr'>est</span> <span class='ocrx_word' id='word_1_98' title='bbox 1059 1360 1308 1416; x_wconf 89' lang='lat' dir='ltr'>obnoxia</span> <span class='ocrx_word' id='word_1_99' title='bbox 1341 1361 1489 1416; x_wconf 77' lang='lat' dir='ltr'>facta</span> <span class='ocrx_word' id='word_1_100' title='bbox 1546 1365 1802 1432; x_wconf 89' lang='lat' dir='ltr'>peccato,</span> <span class='ocrx_word' id='word_1_101' title='bbox 1838 1362 1988 1416; x_wconf 81' lang='lat' dir='ltr'>facta</span> <span class='ocrx_word' id='word_1_102' title='bbox 2017 1367 2140 1417; x_wconf 89' lang='lat' dir='ltr'>erat</span> 
     </span>
    </p>
   </div>
   <div class='ocr_carea' id='block_1_15' title="bbox 482 1449 2140 1521">
    <p class='ocr_par' dir='ltr' id='par_1_15' title="bbox 482 1449 2140 1521">
     <span class='ocr_line' id='line_1_15' title="bbox 482 1449 2140 1521; baseline -0.001 -13"><span class='ocrx_word' id='word_1_103' title='bbox 482 1467 620 1508; x_wconf 88' lang='lat' dir='ltr'>caro</span> <span class='ocrx_word' id='word_1_104' title='bbox 655 1451 861 1507; x_wconf 89' lang='lat' dir='ltr'>mortis</span> <span class='ocrx_word' id='word_1_105' title='bbox 897 1469 909 1516; x_wconf 90' lang='lat'><strong>;</strong></span> <span class='ocrx_word' id='word_1_106' title='bbox 943 1449 1084 1521; x_wconf 90' lang='lat' dir='ltr'>quia</span> <span class='ocrx_word' id='word_1_107' title='bbox 1112 1452 1236 1504; x_wconf 90' lang='lat' dir='ltr'>erat</span> <span class='ocrx_word' id='word_1_108' title='bbox 1268 1449 1441 1504; x_wconf 87' lang='lat' dir='ltr'>morti</span> <span class='ocrx_word' id='word_1_109' title='bbox 1472 1449 1688 1505; x_wconf 92' lang='lat' dir='ltr'>debita.</span> <span class='ocrx_word' id='word_1_110' title='bbox 1725 1450 1914 1520; x_wconf 87' lang='lat' dir='ltr'>Hujus</span> <span class='ocrx_word' id='word_1_111' title='bbox 1944 1450 2140 1506; x_wconf 89' lang='lat' dir='ltr'>carnis</span> 
     </span>
    </p>
   </div>
   <div class='ocr_carea' id='block_1_16' title="bbox 479 1538 2138 1612">
    <p class='ocr_par' dir='ltr' id='par_1_16' title="bbox 479 1538 2138 1612">
     <span class='ocr_line' id='line_1_16' title="bbox 479 1538 2138 1612; baseline -0.002 -16"><span class='ocrx_word' id='word_1_112' title='bbox 479 1544 604 1612; x_wconf 91' lang='lat' dir='ltr'>jam</span> <span class='ocrx_word' id='word_1_113' title='bbox 639 1539 912 1608; x_wconf 72' lang='lat' dir='ltr'>reae,jam</span> <span class='ocrx_word' id='word_1_114' title='bbox 946 1538 1335 1610; x_wconf 65' lang='lat' dir='ltr'>praejudicatao</span> <span class='ocrx_word' id='word_1_115' title='bbox 1367 1538 1819 1594; x_wconf 87' lang='lat' dir='ltr'>similitudinem</span> <span class='ocrx_word' id='word_1_116' title='bbox 1871 1539 2138 1595; x_wconf 87' lang='lat' dir='ltr'>Christus</span> 
     </span>
    </p>
   </div>
   <div class='ocr_carea' id='block_1_17' title="bbox 481 1627 2137 1698">
    <p class='ocr_par' dir='ltr' id='par_1_17' title="bbox 481 1627 2137 1698">
     <span class='ocr_line' id='line_1_17' title="bbox 481 1627 2137 1698; baseline -0.002 -12"><span class='ocrx_word' id='word_1_117' title='bbox 481 1631 540 1685; x_wconf 89' lang='lat' dir='ltr'>in</span> <span class='ocrx_word' id='word_1_118' title='bbox 571 1647 680 1686; x_wconf 89' lang='lat' dir='ltr'>sua</span> <span class='ocrx_word' id='word_1_119' title='bbox 712 1645 885 1684; x_wconf 90' lang='lat' dir='ltr'>carne</span> <span class='ocrx_word' id='word_1_120' title='bbox 916 1627 1173 1698; x_wconf 89' lang='lat' dir='ltr'>suscepit</span> <span class='ocrx_word' id='word_1_121' title='bbox 1206 1646 1218 1693; x_wconf 92' lang='lat'>;</span> <span class='ocrx_word' id='word_1_122' title='bbox 1281 1628 1420 1698; x_wconf 81' lang='lat' dir='ltr'>quia</span> <span class='ocrx_word' id='word_1_123' title='bbox 1448 1628 1555 1682; x_wconf 87' lang='lat' dir='ltr'>etsi</span> <span class='ocrx_word' id='word_1_124' title='bbox 1604 1627 1932 1682; x_wconf 87' lang='lat' dir='ltr'>naturalem</span> <span class='ocrx_word' id='word_1_125' title='bbox 1965 1629 2137 1683; x_wconf 86' lang='lat' dir='ltr'>subs-</span> 
     </span>
    </p>
   </div>
   <div class='ocr_carea' id='block_1_18' title="bbox 488 1715 2139 1786">
    <p class='ocr_par' dir='ltr' id='par_1_18' title="bbox 488 1715 2139 1786">
     <span class='ocr_line' id='line_1_18' title="bbox 488 1715 2139 1786; baseline -0.002 -12"><span class='ocrx_word' id='word_1_126' title='bbox 488 1718 736 1774; x_wconf 84' lang='lat' dir='ltr'>tantiam</span> <span class='ocrx_word' id='word_1_127' title='bbox 767 1716 957 1771; x_wconf 88' lang='lat' dir='ltr'>carnis</span> <span class='ocrx_word' id='word_1_128' title='bbox 987 1715 1168 1785; x_wconf 82' lang='lat' dir='ltr'>hujus</span> <span class='ocrx_word' id='word_1_129' title='bbox 1199 1716 1542 1786; x_wconf 83' lang='lat' dir='ltr'>susceperit,</span> <span class='ocrx_word' id='word_1_130' title='bbox 1575 1733 1688 1770; x_wconf 92' lang='lat' dir='ltr'>non</span> <span class='ocrx_word' id='word_1_131' title='bbox 1723 1720 1913 1770; x_wconf 88' lang='lat' dir='ltr'>tamen</span> <span class='ocrx_word' id='word_1_132' title='bbox 1947 1723 2139 1771; x_wconf 89' lang='lat' dir='ltr'>conta-</span> 
     </span>
    </p>
   </div>
   <div class='ocr_carea' id='block_1_19' title="bbox 2249 561 3906 634">
    <p class='ocr_par' dir='ltr' id='par_1_19' title="bbox 2249 561 3906 634">
     <span class='ocr_line' id='line_1_19' title="bbox 2249 561 3906 634; baseline -0.001 -17"><span class='ocrx_word' id='word_1_133' title='bbox 2249 582 2283 617; x_wconf 91' lang='lat' dir='ltr'>a</span> <span class='ocrx_word' id='word_1_134' title='bbox 2312 563 2762 634; x_wconf 83' lang='lat' dir='ltr'>cupiditatibus,</span> <span class='ocrx_word' id='word_1_135' title='bbox 2795 562 3092 618; x_wconf 87' lang='lat' dir='ltr'>renuntiat</span> <span class='ocrx_word' id='word_1_136' title='bbox 3121 561 3470 617; x_wconf 86' lang='lat' dir='ltr'>criminibus</span> <span class='ocrx_word' id='word_1_137' title='bbox 3501 566 3689 633; x_wconf 88' lang='lat' dir='ltr'>atque</span> <span class='ocrx_word' id='word_1_138' title='bbox 3747 562 3906 634; x_wconf 78' lang='lat' dir='ltr'>ﬂagi-</span> 
     </span>
    </p>
   </div>
   <div class='ocr_carea' id='block_1_20' title="bbox 2249 650 3903 724">
    <p class='ocr_par' dir='ltr' id='par_1_20' title="bbox 2249 650 3903 724">
     <span class='ocr_line' id='line_1_20' title="bbox 2249 650 3903 724; baseline -0.001 -17"><span class='ocrx_word' id='word_1_139' title='bbox 2249 653 2365 719; x_wconf 91' lang='lat' dir='ltr'>tiis,</span> <span class='ocrx_word' id='word_1_140' title='bbox 2391 653 2694 724; x_wconf 88' lang='lat' dir='ltr'>propulsat</span> <span class='ocrx_word' id='word_1_141' title='bbox 2715 651 3170 722; x_wconf 69' lang='lat' dir='ltr'>avaritiam,quae</span> <span class='ocrx_word' id='word_1_142' title='bbox 3200 650 3538 706; x_wconf 84' lang='lat' dir='ltr'>virilitatem</span> <span class='ocrx_word' id='word_1_143' title='bbox 3563 650 3903 722; x_wconf 83' lang='lat' dir='ltr'>quamdam</span> 
     </span>
    </p>
   </div>
   <div class='ocr_carea' id='block_1_21' title="bbox 2249 737 3907 796">
    <p class='ocr_par' dir='ltr' id='par_1_21' title="bbox 2249 737 3907 796">
     <span class='ocr_line' id='line_1_21' title="bbox 2249 737 3907 796; baseline 0.001 -1"><span class='ocrx_word' id='word_1_144' title='bbox 2249 741 2444 796; x_wconf 90' lang='lat' dir='ltr'>carnis</span> <span class='ocrx_word' id='word_1_145' title='bbox 2474 740 2790 796; x_wconf 69' lang='lat' dir='ltr'>effeminat.</span> <span class='ocrx_word' id='word_1_146' title='bbox 2817 740 2899 794; x_wconf 84' lang='lat' dir='ltr'>En</span> <span class='ocrx_word' id='word_1_147' title='bbox 2924 739 3027 794; x_wconf 91' lang='lat' dir='ltr'>tibi</span> <span class='ocrx_word' id='word_1_148' title='bbox 3051 737 3218 793; x_wconf 91' lang='lat' dir='ltr'>illum</span> <span class='ocrx_word' id='word_1_149' title='bbox 3251 738 3466 794; x_wconf 86' lang='lat' dir='ltr'>Christi</span> <span class='ocrx_word' id='word_1_150' title='bbox 3517 738 3907 796; x_wconf 84' lang='lat' dir='ltr'>imitatorem.</span> 
     </span>
    </p>
   </div>
   <div class='ocr_carea' id='block_1_22' title="bbox 2247 827 3909 901">
    <p class='ocr_par' dir='ltr' id='par_1_22' title="bbox 2247 827 3909 901">
     <span class='ocr_line' id='line_1_22' title="bbox 2247 827 3909 901; baseline -0.003 -16"><span class='ocrx_word' id='word_1_151' title='bbox 2247 834 2306 886; x_wconf 85' lang='lat' dir='ltr'>et</span> <span class='ocrx_word' id='word_1_152' title='bbox 2335 831 2531 901; x_wconf 89' lang='lat' dir='ltr'>ipsum</span> <span class='ocrx_word' id='word_1_153' title='bbox 2561 831 2633 884; x_wconf 91' lang='lat' dir='ltr'>de</span> <span class='ocrx_word' id='word_1_154' title='bbox 2651 834 2884 900; x_wconf 86' lang='lat' dir='ltr'>peccato</span> <span class='ocrx_word' id='word_1_155' title='bbox 2908 832 3208 899; x_wconf 90' lang='lat' dir='ltr'>peccatum</span> <span class='ocrx_word' id='word_1_156' title='bbox 3231 827 3286 881; x_wconf 92' lang='lat' dir='ltr'>in</span> <span class='ocrx_word' id='word_1_157' title='bbox 3300 843 3475 882; x_wconf 90' lang='lat' dir='ltr'>carne</span> <span class='ocrx_word' id='word_1_158' title='bbox 3494 827 3909 882; x_wconf 75' lang='lat' dir='ltr'>damnantem.</span> 
     </span>
    </p>
   </div>
   <div class='ocr_carea' id='block_1_23' title="bbox 2253 915 3912 989">
    <p class='ocr_par' dir='ltr' id='par_1_23' title="bbox 2253 915 3912 989">
     <span class='ocr_line' id='line_1_23' title="bbox 2253 915 3912 989; baseline -0.002 -15"><span class='ocrx_word' id='word_1_159' title='bbox 2253 919 2389 974; x_wconf 84' lang='lat' dir='ltr'>«Sic</span> <span class='ocrx_word' id='word_1_160' title='bbox 2413 935 2603 988; x_wconf 88' lang='lat' dir='ltr'>curro,</span> <span class='ocrx_word' id='word_1_161' title='bbox 2638 917 2848 989; x_wconf 88' lang='lat' dir='ltr'>inquit,</span> <span class='ocrx_word' id='word_1_162' title='bbox 2887 933 3001 972; x_wconf 91' lang='lat' dir='ltr'>non</span> <span class='ocrx_word' id='word_1_163' title='bbox 3035 920 3099 970; x_wconf 90' lang='lat' dir='ltr'>ut</span> <span class='ocrx_word' id='word_1_164' title='bbox 3129 917 3184 970; x_wconf 90' lang='lat' dir='ltr'>in</span> <span class='ocrx_word' id='word_1_165' title='bbox 3219 916 3510 971; x_wconf 87' lang='lat' dir='ltr'>incertum</span> <span class='ocrx_word' id='word_1_166' title='bbox 3535 934 3548 984; x_wconf 89' lang='lat'><strong>;</strong></span> <span class='ocrx_word' id='word_1_167' title='bbox 3577 915 3669 971; x_wconf 87' lang='lat' dir='ltr'>sic</span> <span class='ocrx_word' id='word_1_168' title='bbox 3701 915 3912 980; x_wconf 84' lang='lat' dir='ltr'>luctor,</span> 
     </span>
    </p>
   </div>
   <div class='ocr_carea' id='block_1_24' title="bbox 2250 1005 3916 1076">
    <p class='ocr_par' dir='ltr' id='par_1_24' title="bbox 2250 1005 3916 1076">
     <span class='ocr_line' id='line_1_24' title="bbox 2250 1005 3916 1076; baseline -0.002 -14"><span class='ocrx_word' id='word_1_169' title='bbox 2250 1025 2366 1062; x_wconf 90' lang='lat' dir='ltr'>non</span> <span class='ocrx_word' id='word_1_170' title='bbox 2399 1012 2614 1062; x_wconf 86' lang='lat' dir='ltr'>utaera</span> <span class='ocrx_word' id='word_1_171' title='bbox 2635 1007 2897 1062; x_wconf 58' lang='lat' dir='ltr'>cadens:</span> <span class='ocrx_word' id='word_1_172' title='bbox 2941 1005 3042 1059; x_wconf 91' lang='lat' dir='ltr'>sed</span> <span class='ocrx_word' id='word_1_173' title='bbox 3075 1005 3294 1076; x_wconf 89' lang='lat' dir='ltr'>castigo</span> <span class='ocrx_word' id='word_1_174' title='bbox 3343 1021 3559 1076; x_wconf 91' lang='lat' dir='ltr'>corpus</span> <span class='ocrx_word' id='word_1_175' title='bbox 3593 1021 3836 1071; x_wconf 87' lang='lat' dir='ltr'>meum,</span> <span class='ocrx_word' id='word_1_176' title='bbox 3865 1011 3916 1060; x_wconf 82' lang='lat' dir='ltr'>et</span> 
     </span>
    </p>
   </div>
   <div class='ocr_carea' id='block_1_25' title="bbox 2250 1092 3915 1167">
    <p class='ocr_par' dir='ltr' id='par_1_25' title="bbox 2250 1092 3915 1167">
     <span class='ocr_line' id='line_1_25' title="bbox 2250 1092 3915 1167; baseline -0.001 -15"><span class='ocrx_word' id='word_1_177' title='bbox 2250 1096 2512 1152; x_wconf 84' lang='lat' dir='ltr'>servituti</span> <span class='ocrx_word' id='word_1_178' title='bbox 2544 1095 2764 1167; x_wconf 81' lang='lat' dir='ltr'>redigo,</span> <span class='ocrx_word' id='word_1_179' title='bbox 2800 1111 2870 1148; x_wconf 92' lang='lat' dir='ltr'>ne</span> <span class='ocrx_word' id='word_1_180' title='bbox 2901 1111 3035 1149; x_wconf 92' lang='lat' dir='ltr'>cum</span> <span class='ocrx_word' id='word_1_181' title='bbox 3067 1092 3197 1148; x_wconf 87' lang='lat' dir='ltr'>aliis</span> <span class='ocrx_word' id='word_1_182' title='bbox 3255 1093 3721 1164; x_wconf 59' lang='lat' dir='ltr'>pradicaverim,</span> <span class='ocrx_word' id='word_1_183' title='bbox 3793 1094 3915 1164; x_wconf 87' lang='lat' dir='ltr'>ipse</span> 
     </span>
    </p>
   </div>
   <div class='ocr_carea' id='block_1_26' title="bbox 2250 1181 3431 1255">
    <p class='ocr_par' dir='ltr' id='par_1_26' title="bbox 2250 1181 3431 1255">
     <span class='ocr_line' id='line_1_26' title="bbox 2250 1181 3431 1255; baseline -0.003 -17"><span class='ocrx_word' id='word_1_184' title='bbox 2250 1185 2537 1255; x_wconf 88' lang='lat' dir='ltr'>reprobus</span> <span class='ocrx_word' id='word_1_185' title='bbox 2569 1184 2792 1239; x_wconf 79' lang='lat' dir='ltr'>officiar</span> <span class='ocrx_word' id='word_1_186' title='bbox 2822 1184 2868 1252; x_wconf 88' lang='lat' dir='ltr'>(I</span> <span class='ocrx_word' id='word_1_187' title='bbox 2896 1183 3000 1238; x_wconf 84' lang='lat' dir='ltr'>Cor</span> <span class='ocrx_word' id='word_1_188' title='bbox 3031 1200 3107 1250; x_wconf 82' lang='lat' dir='ltr'>ix,</span> <span class='ocrx_word' id='word_1_189' title='bbox 3137 1184 3226 1248; x_wconf 80' lang='grc'>26,</span> <span class='ocrx_word' id='word_1_190' title='bbox 3257 1181 3370 1252; x_wconf 83' lang='lat'>&#39;27).</span> <span class='ocrx_word' id='word_1_191' title='bbox 3406 1205 3431 1229; x_wconf 86' lang='grc'><strong>››</strong></span> 
     </span>
    </p>
   </div>
   <div class='ocr_carea' id='block_1_27' title="bbox 2321 1297 3919 1370">
    <p class='ocr_par' dir='ltr' id='par_1_27' title="bbox 2321 1297 3919 1370">
     <span class='ocr_line' id='line_1_27' title="bbox 2321 1297 3919 1370; baseline -0.003 -14"><span class='ocrx_word' id='word_1_192' title='bbox 2321 1300 2474 1356; x_wconf 86' lang='grc'>818</span> <span class='ocrx_word' id='word_1_193' title='bbox 2508 1304 2557 1354; x_wconf 87' lang='lat'>7.</span> <span class='ocrx_word' id='word_1_194' title='bbox 2593 1300 2716 1354; x_wconf 84' lang='lat' dir='ltr'>Non</span> <span class='ocrx_word' id='word_1_195' title='bbox 2751 1299 3063 1370; x_wconf 81' lang='lat' dir='ltr'>superﬂue,</span> <span class='ocrx_word' id='word_1_196' title='bbox 3096 1303 3160 1352; x_wconf 89' lang='lat' dir='ltr'>ut</span> <span class='ocrx_word' id='word_1_197' title='bbox 3189 1297 3462 1363; x_wconf 89' lang='lat' dir='ltr'>arbitror,</span> <span class='ocrx_word' id='word_1_198' title='bbox 3503 1299 3736 1369; x_wconf 87' lang='lat' dir='ltr'>evagati</span> <span class='ocrx_word' id='word_1_199' title='bbox 3805 1314 3919 1351; x_wconf 89' lang='lat' dir='ltr'>su-</span> 
     </span>
    </p>
   </div>
   <div class='ocr_carea' id='block_1_28' title="bbox 2249 1384 3913 1460">
    <p class='ocr_par' dir='ltr' id='par_1_28' title="bbox 2249 1384 3913 1460">
     <span class='ocr_line' id='line_1_28' title="bbox 2249 1384 3913 1460; baseline -0.002 -16"><span class='ocrx_word' id='word_1_200' title='bbox 2249 1405 2408 1456; x_wconf 91' lang='lat' dir='ltr'>mus,</span> <span class='ocrx_word' id='word_1_201' title='bbox 2441 1389 2582 1460; x_wconf 85' lang='lat' dir='ltr'>quia</span> <span class='ocrx_word' id='word_1_202' title='bbox 2610 1393 2666 1442; x_wconf 89' lang='lat' dir='ltr'>et</span> <span class='ocrx_word' id='word_1_203' title='bbox 2696 1388 2803 1442; x_wconf 89' lang='lat' dir='ltr'>hoc</span> <span class='ocrx_word' id='word_1_204' title='bbox 2835 1387 2904 1442; x_wconf 90' lang='lat' dir='ltr'>ad</span> <span class='ocrx_word' id='word_1_205' title='bbox 2937 1384 3287 1442; x_wconf 89' lang='lat' dir='ltr'>medicinam</span> <span class='ocrx_word' id='word_1_206' title='bbox 3335 1386 3595 1441; x_wconf 82' lang='lat' dir='ltr'>hominis</span> <span class='ocrx_word' id='word_1_207' title='bbox 3647 1386 3913 1455; x_wconf 85' lang='lat' dir='ltr'>pertine-</span> 
     </span>
    </p>
   </div>
   <div class='ocr_carea' id='block_1_29' title="bbox 2250 1475 3911 1548">
    <p class='ocr_par' dir='ltr' id='par_1_29' title="bbox 2250 1475 3911 1548">
     <span class='ocr_line' id='line_1_29' title="bbox 2250 1475 3911 1548; baseline -0.002 -16"><span class='ocrx_word' id='word_1_208' title='bbox 2250 1477 2364 1532; x_wconf 79' lang='lat' dir='ltr'>bat.</span> <span class='ocrx_word' id='word_1_209' title='bbox 2387 1478 2486 1532; x_wconf 90' lang='lat' dir='ltr'>Cui</span> <span class='ocrx_word' id='word_1_210' title='bbox 2521 1476 2824 1532; x_wconf 70' lang='lat' dir='ltr'>medicina:</span> <span class='ocrx_word' id='word_1_211' title='bbox 2857 1475 3220 1548; x_wconf 86' lang='lat' dir='ltr'>prospiciens</span> <span class='ocrx_word' id='word_1_212' title='bbox 3261 1475 3416 1530; x_wconf 90' lang='lat' dir='ltr'>Deus</span> <span class='ocrx_word' id='word_1_213' title='bbox 3473 1475 3637 1529; x_wconf 84' lang='lat' dir='ltr'>sicut</span> <span class='ocrx_word' id='word_1_214' title='bbox 3691 1481 3911 1529; x_wconf 87' lang='lat' dir='ltr'>terram</span> 
     </span>
    </p>
   </div>
   <div class='ocr_carea' id='block_1_30' title="bbox 2248 1564 3911 1634">
    <p class='ocr_par' dir='ltr' id='par_1_30' title="bbox 2248 1564 3911 1634">
     <span class='ocr_line' id='line_1_30' title="bbox 2248 1564 3911 1634; baseline -0.001 -14"><span class='ocrx_word' id='word_1_215' title='bbox 2248 1567 2420 1621; x_wconf 89' lang='lat' dir='ltr'>istam</span> <span class='ocrx_word' id='word_1_216' title='bbox 2455 1566 2721 1621; x_wconf 87' lang='lat' dir='ltr'>salubres</span> <span class='ocrx_word' id='word_1_217' title='bbox 2759 1565 3074 1620; x_wconf 84' lang='lat' dir='ltr'>herbarum</span> <span class='ocrx_word' id='word_1_218' title='bbox 3127 1568 3300 1634; x_wconf 89' lang='lat' dir='ltr'>atque</span> <span class='ocrx_word' id='word_1_219' title='bbox 3356 1564 3647 1618; x_wconf 91' lang='lat' dir='ltr'>arborum</span> <span class='ocrx_word' id='word_1_220' title='bbox 3703 1580 3911 1619; x_wconf 86' lang='lat' dir='ltr'>succos</span> 
     </span>
    </p>
   </div>
   <div class='ocr_carea' id='block_1_31' title="bbox 2249 1651 3907 1726">
    <p class='ocr_par' dir='ltr' id='par_1_31' title="bbox 2249 1651 3907 1726">
     <span class='ocr_line' id='line_1_31' title="bbox 2249 1651 3907 1726; baseline -0.001 -18"><span class='ocrx_word' id='word_1_221' title='bbox 2249 1656 2415 1710; x_wconf 77' lang='lat' dir='ltr'>ferres</span> <span class='ocrx_word' id='word_1_222' title='bbox 2444 1654 2736 1726; x_wconf 65' lang='lat' dir='ltr'>praecepit,</span> <span class='ocrx_word' id='word_1_223' title='bbox 2764 1653 2978 1724; x_wconf 88' lang='lat' dir='ltr'>quibus</span> <span class='ocrx_word' id='word_1_224' title='bbox 2999 1653 3192 1707; x_wconf 91' lang='lat' dir='ltr'>carnis</span> <span class='ocrx_word' id='word_1_225' title='bbox 3224 1651 3465 1707; x_wconf 84' lang='lat' dir='ltr'>vulnera</span> <span class='ocrx_word' id='word_1_226' title='bbox 3496 1657 3865 1706; x_wconf 86' lang='lat' dir='ltr'>curarentur</span> <span class='ocrx_word' id='word_1_227' title='bbox 3895 1672 3907 1714; x_wconf 89' lang='lat'>;</span> 
     </span>
    </p>
   </div>
   <div class='ocr_carea' id='block_1_32' title="bbox 2248 1739 3908 1815">
    <p class='ocr_par' dir='ltr' id='par_1_32' title="bbox 2248 1739 3908 1815">
     <span class='ocr_line' id='line_1_32' title="bbox 2248 1739 3908 1815; baseline -0.001 -18"><span class='ocrx_word' id='word_1_228' title='bbox 2248 1745 2327 1798; x_wconf 90' lang='lat' dir='ltr'>ita</span> <span class='ocrx_word' id='word_1_229' title='bbox 2356 1744 2527 1798; x_wconf 89' lang='lat' dir='ltr'>etiam</span> <span class='ocrx_word' id='word_1_230' title='bbox 2547 1743 2849 1815; x_wconf 62' lang='lat' dir='ltr'>prameptis</span> <span class='ocrx_word' id='word_1_231' title='bbox 2872 1741 3230 1796; x_wconf 90' lang='lat' dir='ltr'>salutaribns</span> <span class='ocrx_word' id='word_1_232' title='bbox 3271 1739 3514 1812; x_wconf 87' lang='lat' dir='ltr'>replevit</span> <span class='ocrx_word' id='word_1_233' title='bbox 3563 1739 3908 1795; x_wconf 85' lang='lat' dir='ltr'>divinarum</span> 
     </span>
    </p>
   </div>
   <div class='ocr_carea' id='block_1_33' title="bbox 483 1803 3909 1904">
    <p class='ocr_par' dir='ltr' id='par_1_33' title="bbox 483 1803 3909 1904">
     <span class='ocr_line' id='line_1_33' title="bbox 483 1803 3909 1904; baseline -0.006 -1"><span class='ocrx_word' id='word_1_234' title='bbox 483 1807 581 1904; x_wconf 53' lang='grc' dir='ltr'>δία</span> <span class='ocrx_word' id='word_1_235' title='bbox 604 1804 725 1904; x_wconf 65' lang='lat' dir='ltr'>ulla</span> <span class='ocrx_word' id='word_1_236' title='bbox 750 1808 1090 1904; x_wconf 29' lang='lat' dir='ltr'>sgscepeyit</span> <span class='ocrx_word' id='word_1_237' title='bbox 1123 1819 1156 1904; x_wconf 48' lang='grc'>⁵.</span> <span class='ocrx_word' id='word_1_238' title='bbox 1185 1819 1375 1904; x_wconf 73' lang='lat' dir='ltr'>.m</span> <span class='ocrx_word' id='word_1_239' title='bbox 1438 1803 1851 1901; x_wconf 60' lang='lat' dir='ltr'>mlqmtalibus</span> <span class='ocrx_word' id='word_1_240' title='bbox 1883 1821 2125 1904; x_wconf 32' lang='lat' dir='ltr'>conc“?</span> <span class='ocrx_word' id='word_1_241' title='bbox 2159 1840 2204 1902; x_wconf 85' lang='grc' dir='ltr'><strong>Β</strong></span> <span class='ocrx_word' id='word_1_242' title='bbox 2243 1833 2451 1888; x_wconf 87' lang='lat' dir='ltr'>seriem</span> <span class='ocrx_word' id='word_1_243' title='bbox 2466 1803 3468 1903; x_wconf 55' lang='lat' dir='ltr'>Scripﬂrerumquibusinﬁrmitas</span> <span class='ocrx_word' id='word_1_244' title='bbox 3491 1829 3715 1883; x_wconf 65' lang='lat' dir='ltr'>animae</span> <span class='ocrx_word' id='word_1_245' title='bbox 3739 1846 3909 1884; x_wconf 83' lang='lat' dir='ltr'>sana-</span> 
     </span>
    </p>
   </div>
   <div class='ocr_carea' id='block_1_34' title="bbox 481 1890 2126 1965">
    <p class='ocr_par' dir='ltr' id='par_1_34' title="bbox 481 1890 2126 1965">
     <span class='ocr_line' id='line_1_34' title="bbox 481 1890 2126 1965; baseline 0.001 -18"><span class='ocrx_word' id='word_1_246' title='bbox 481 1899 600 1959; x_wconf 86' lang='lat' dir='ltr'>tus,</span> <span class='ocrx_word' id='word_1_247' title='bbox 633 1896 689 1947; x_wconf 91' lang='lat' dir='ltr'>et</span> <span class='ocrx_word' id='word_1_248' title='bbox 720 1896 892 1946; x_wconf 90' lang='lat' dir='ltr'>natus</span> <span class='ocrx_word' id='word_1_249' title='bbox 922 1895 1010 1946; x_wconf 88' lang='lat' dir='ltr'>est</span> <span class='ocrx_word' id='word_1_250' title='bbox 1039 1891 1095 1944; x_wconf 91' lang='lat' dir='ltr'>in</span> <span class='ocrx_word' id='word_1_251' title='bbox 1125 1890 1372 1955; x_wconf 88' lang='lat' dir='ltr'>delictis,</span> <span class='ocrx_word' id='word_1_252' title='bbox 1425 1891 1525 1961; x_wconf 90' lang='lat' dir='ltr'>qui</span> <span class='ocrx_word' id='word_1_253' title='bbox 1558 1909 1671 1946; x_wconf 93' lang='lat' dir='ltr'>non</span> <span class='ocrx_word' id='word_1_254' title='bbox 1703 1909 1771 1946; x_wconf 82' lang='lat' dir='ltr'>ex</span> <span class='ocrx_word' id='word_1_255' title='bbox 1825 1893 2126 1965; x_wconf 89' lang='lat' dir='ltr'>sanguini-</span> 
     </span>
    </p>
   </div>
   <div class='ocr_carea' id='block_1_35' title="bbox 482 1979 2130 2052">
    <p class='ocr_par' dir='ltr' id='par_1_35' title="bbox 482 1979 2130 2052">
     <span class='ocr_line' id='line_1_35' title="bbox 482 1979 2130 2052; baseline 0.001 -16"><span class='ocrx_word' id='word_1_256' title='bbox 482 1981 612 2048; x_wconf 85' lang='lat' dir='ltr'>bus,</span> <span class='ocrx_word' id='word_1_257' title='bbox 648 1997 838 2051; x_wconf 90' lang='lat' dir='ltr'>neque</span> <span class='ocrx_word' id='word_1_258' title='bbox 867 1997 935 2035; x_wconf 88' lang='lat' dir='ltr'>ex</span> <span class='ocrx_word' id='word_1_259' title='bbox 965 1979 1261 2034; x_wconf 85' lang='lat' dir='ltr'>voluntate</span> <span class='ocrx_word' id='word_1_260' title='bbox 1295 1979 1512 2048; x_wconf 88' lang='lat' dir='ltr'>carnis,</span> <span class='ocrx_word' id='word_1_261' title='bbox 1547 1997 1733 2052; x_wconf 92' lang='lat' dir='ltr'>neque</span> <span class='ocrx_word' id='word_1_262' title='bbox 1762 1997 1829 2035; x_wconf 88' lang='lat' dir='ltr'>ex</span> <span class='ocrx_word' id='word_1_263' title='bbox 1860 1981 2130 2038; x_wconf 88' lang='lat' dir='ltr'>volunta-</span> 
     </span>
    </p>
   </div>
   <div class='ocr_carea' id='block_1_36' title="bbox 479 2069 2127 2143">
    <p class='ocr_par' dir='ltr' id='par_1_36' title="bbox 479 2069 2127 2143">
     <span class='ocr_line' id='line_1_36' title="bbox 479 2069 2127 2143; baseline 0.001 -19"><span class='ocrx_word' id='word_1_264' title='bbox 479 2075 533 2124; x_wconf 89' lang='lat' dir='ltr'>te</span> <span class='ocrx_word' id='word_1_265' title='bbox 557 2070 692 2143; x_wconf 85' lang='lat' dir='ltr'>viri,</span> <span class='ocrx_word' id='word_1_266' title='bbox 729 2069 828 2124; x_wconf 90' lang='lat' dir='ltr'>sed</span> <span class='ocrx_word' id='word_1_267' title='bbox 863 2069 933 2124; x_wconf 92' lang='lat' dir='ltr'>de</span> <span class='ocrx_word' id='word_1_268' title='bbox 966 2069 1185 2139; x_wconf 89' lang='lat' dir='ltr'>Spiritu</span> <span class='ocrx_word' id='word_1_269' title='bbox 1219 2073 1420 2123; x_wconf 89' lang='lat' dir='ltr'>sancto</span> <span class='ocrx_word' id='word_1_270' title='bbox 1454 2072 1628 2123; x_wconf 91' lang='lat' dir='ltr'>natus</span> <span class='ocrx_word' id='word_1_271' title='bbox 1658 2087 1724 2124; x_wconf 87' lang='lat' dir='ltr'>ex</span> <span class='ocrx_word' id='word_1_272' title='bbox 1753 2069 1988 2142; x_wconf 83' lang='lat' dir='ltr'>Virgine</span> <span class='ocrx_word' id='word_1_273' title='bbox 2021 2077 2127 2127; x_wconf 89' lang='lat' dir='ltr'>est.</span> 
     </span>
    </p>
   </div>
   <div class='ocr_carea' id='block_1_37' title="bbox 479 2154 2129 2229">
    <p class='ocr_par' dir='ltr' id='par_1_37' title="bbox 479 2154 2129 2229">
     <span class='ocr_line' id='line_1_37' title="bbox 479 2154 2129 2229; baseline 0.002 -19"><span class='ocrx_word' id='word_1_274' title='bbox 479 2155 624 2220; x_wconf 87' lang='lat' dir='ltr'>Quid</span> <span class='ocrx_word' id='word_1_275' title='bbox 658 2171 794 2226; x_wconf 83' lang='lat' dir='ltr'>ergo</span> <span class='ocrx_word' id='word_1_276' title='bbox 825 2159 914 2209; x_wconf 85' lang='lat' dir='ltr'>est</span> <span class='ocrx_word' id='word_1_277' title='bbox 947 2171 958 2209; x_wconf 90' lang='lat'>:</span> <span class='ocrx_word' id='word_1_278' title='bbox 995 2179 1019 2204; x_wconf 92' lang='grc'>‹‹</span> <span class='ocrx_word' id='word_1_279' title='bbox 1058 2154 1137 2210; x_wconf 91' lang='lat' dir='ltr'>De</span> <span class='ocrx_word' id='word_1_280' title='bbox 1169 2159 1403 2226; x_wconf 88' lang='lat' dir='ltr'>peccato</span> <span class='ocrx_word' id='word_1_281' title='bbox 1426 2156 1724 2210; x_wconf 86' lang='lat' dir='ltr'>damnavit</span> <span class='ocrx_word' id='word_1_282' title='bbox 1752 2160 2129 2229; x_wconf 89' lang='lat' dir='ltr'>peccatumin</span> 
     </span>
    </p>
   </div>
   <div class='ocr_carea' id='block_1_38' title="bbox 481 2243 2127 2317">
    <p class='ocr_par' dir='ltr' id='par_1_38' title="bbox 481 2243 2127 2317">
     <span class='ocr_line' id='line_1_38' title="bbox 481 2243 2127 2317; baseline 0.003 -19"><span class='ocrx_word' id='word_1_283' title='bbox 481 2244 702 2298; x_wconf 78' lang='lat' dir='ltr'>carne?</span> <span class='ocrx_word' id='word_1_284' title='bbox 734 2267 762 2293; x_wconf 82' lang='lat'>»</span> <span class='ocrx_word' id='word_1_285' title='bbox 795 2243 1000 2298; x_wconf 90' lang='lat' dir='ltr'>Utrum</span> <span class='ocrx_word' id='word_1_286' title='bbox 1035 2244 1105 2297; x_wconf 89' lang='lat' dir='ltr'>de</span> <span class='ocrx_word' id='word_1_287' title='bbox 1137 2243 1528 2298; x_wconf 88' lang='lat' dir='ltr'>similitudine</span> <span class='ocrx_word' id='word_1_288' title='bbox 1559 2246 1751 2300; x_wconf 92' lang='lat' dir='ltr'>carnis</span> <span class='ocrx_word' id='word_1_289' title='bbox 1785 2249 2028 2317; x_wconf 89' lang='lat' dir='ltr'>peccati,</span> <span class='ocrx_word' id='word_1_290' title='bbox 2056 2266 2127 2303; x_wconf 91' lang='lat' dir='ltr'>an</span> 
     </span>
    </p>
   </div>
   <div class='ocr_carea' id='block_1_39' title="bbox 478 2331 2129 2405">
    <p class='ocr_par' dir='ltr' id='par_1_39' title="bbox 478 2331 2129 2405">
     <span class='ocr_line' id='line_1_39' title="bbox 478 2331 2129 2405; baseline 0.002 -19"><span class='ocrx_word' id='word_1_291' title='bbox 478 2332 615 2404; x_wconf 90' lang='lat' dir='ltr'>quia</span> <span class='ocrx_word' id='word_1_292' title='bbox 644 2337 878 2404; x_wconf 90' lang='lat' dir='ltr'>peccata</span> <span class='ocrx_word' id='word_1_293' title='bbox 908 2337 1106 2386; x_wconf 88' lang='lat' dir='ltr'>nostra</span> <span class='ocrx_word' id='word_1_294' title='bbox 1134 2331 1402 2386; x_wconf 81' lang='lat' dir='ltr'>Christus</span> <span class='ocrx_word' id='word_1_295' title='bbox 1430 2349 1541 2387; x_wconf 91' lang='lat' dir='ltr'>non</span> <span class='ocrx_word' id='word_1_296' title='bbox 1577 2335 1814 2398; x_wconf 91' lang='lat' dir='ltr'>usu,sed</span> <span class='ocrx_word' id='word_1_297' title='bbox 1850 2336 2129 2405; x_wconf 87' lang='lat' dir='ltr'>qualitate</span> 
     </span>
    </p>
   </div>
   <div class='ocr_carea' id='block_1_40' title="bbox 478 2419 2128 2492">
    <p class='ocr_par' dir='ltr' id='par_1_40' title="bbox 478 2419 2128 2492">
     <span class='ocr_line' id='line_1_40' title="bbox 478 2419 2128 2492; baseline 0.002 -16"><span class='ocrx_word' id='word_1_298' title='bbox 478 2421 740 2492; x_wconf 89' lang='lat' dir='ltr'>suscepit</span> <span class='ocrx_word' id='word_1_299' title='bbox 773 2439 785 2476; x_wconf 93' lang='lat'><strong>:</strong></span> <span class='ocrx_word' id='word_1_300' title='bbox 822 2437 933 2475; x_wconf 91' lang='lat' dir='ltr'>non</span> <span class='ocrx_word' id='word_1_301' title='bbox 967 2419 1231 2485; x_wconf 86' lang='lat' dir='ltr'>crimine,</span> <span class='ocrx_word' id='word_1_302' title='bbox 1265 2421 1364 2475; x_wconf 90' lang='lat' dir='ltr'>sed</span> <span class='ocrx_word' id='word_1_303' title='bbox 1411 2438 1526 2475; x_wconf 70' lang='lat' dir='ltr'>suae</span> <span class='ocrx_word' id='word_1_304' title='bbox 1585 2423 2002 2477; x_wconf 70' lang='lat' dir='ltr'>misericordia:</span> <span class='ocrx_word' id='word_1_305' title='bbox 2037 2442 2128 2479; x_wconf 87' lang='lat' dir='ltr'>sa-</span> 
     </span>
    </p>
   </div>
   <div class='ocr_carea' id='block_1_41' title="bbox 478 2510 2124 2580">
    <p class='ocr_par' dir='ltr' id='par_1_41' title="bbox 478 2510 2124 2580">
     <span class='ocr_line' id='line_1_41' title="bbox 478 2510 2124 2580; baseline 0.001 -15"><span class='ocrx_word' id='word_1_306' title='bbox 478 2514 776 2566; x_wconf 88' lang='lat' dir='ltr'>cramento</span> <span class='ocrx_word' id='word_1_307' title='bbox 808 2511 943 2580; x_wconf 67' lang='lat'>(46),</span> <span class='ocrx_word' id='word_1_308' title='bbox 981 2513 1036 2563; x_wconf 89' lang='lat' dir='ltr'>et</span> <span class='ocrx_word' id='word_1_309' title='bbox 1078 2513 1379 2580; x_wconf 90' lang='lat' dir='ltr'>peccatum</span> <span class='ocrx_word' id='word_1_310' title='bbox 1413 2525 1514 2580; x_wconf 91' lang='lat' dir='ltr'>pro</span> <span class='ocrx_word' id='word_1_311' title='bbox 1575 2510 1744 2566; x_wconf 92' lang='lat' dir='ltr'>nobis</span> <span class='ocrx_word' id='word_1_312' title='bbox 1801 2512 1990 2568; x_wconf 88' lang='lat' dir='ltr'>factus</span> <span class='ocrx_word' id='word_1_313' title='bbox 2017 2518 2124 2580; x_wconf 89' lang='lat' dir='ltr'>est,</span> 
     </span>
    </p>
   </div>
   <div class='ocr_carea' id='block_1_42' title="bbox 475 2595 2123 2670">
    <p class='ocr_par' dir='ltr' id='par_1_42' title="bbox 475 2595 2123 2670">
     <span class='ocr_line' id='line_1_42' title="bbox 475 2595 2123 2670; baseline 0.003 -20"><span class='ocrx_word' id='word_1_314' title='bbox 475 2597 574 2668; x_wconf 90' lang='lat' dir='ltr'>qui</span> <span class='ocrx_word' id='word_1_315' title='bbox 606 2601 906 2668; x_wconf 88' lang='lat' dir='ltr'>peccatum</span> <span class='ocrx_word' id='word_1_316' title='bbox 932 2597 1056 2668; x_wconf 89' lang='lat' dir='ltr'>ipse</span> <span class='ocrx_word' id='word_1_317' title='bbox 1088 2612 1201 2650; x_wconf 91' lang='lat' dir='ltr'>non</span> <span class='ocrx_word' id='word_1_318' title='bbox 1238 2595 1372 2651; x_wconf 89' lang='lat' dir='ltr'>fecit</span> <span class='ocrx_word' id='word_1_319' title='bbox 1402 2596 1430 2649; x_wconf 86' lang='lat'>‘?</span> <span class='ocrx_word' id='word_1_320' title='bbox 1474 2599 1560 2651; x_wconf 88' lang='lat' dir='ltr'>An</span> <span class='ocrx_word' id='word_1_321' title='bbox 1591 2614 1725 2653; x_wconf 89' lang='lat' dir='ltr'>vero</span> <span class='ocrx_word' id='word_1_322' title='bbox 1757 2600 1895 2670; x_wconf 87' lang='lat' dir='ltr'>quia</span> <span class='ocrx_word' id='word_1_323' title='bbox 1951 2600 2123 2655; x_wconf 90' lang='lat' dir='ltr'>etiam</span> 
     </span>
    </p>
   </div>
   <div class='ocr_carea' id='block_1_43' title="bbox 475 2683 2126 2756">
    <p class='ocr_par' dir='ltr' id='par_1_43' title="bbox 475 2683 2126 2756">
     <span class='ocr_line' id='line_1_43' title="bbox 475 2683 2126 2756; baseline 0.002 -17"><span class='ocrx_word' id='word_1_324' title='bbox 475 2685 548 2739; x_wconf 91' lang='lat' dir='ltr'>de</span> <span class='ocrx_word' id='word_1_325' title='bbox 579 2684 693 2740; x_wconf 88' lang='lat' dir='ltr'>ista</span> <span class='ocrx_word' id='word_1_326' title='bbox 722 2700 894 2739; x_wconf 88' lang='lat' dir='ltr'>carne</span> <span class='ocrx_word' id='word_1_327' title='bbox 926 2684 1166 2756; x_wconf 89' lang='lat' dir='ltr'>peccati,</span> <span class='ocrx_word' id='word_1_328' title='bbox 1203 2683 1312 2739; x_wconf 88' lang='lat' dir='ltr'>hoc</span> <span class='ocrx_word' id='word_1_329' title='bbox 1343 2689 1454 2751; x_wconf 90' lang='lat' dir='ltr'>est,</span> <span class='ocrx_word' id='word_1_330' title='bbox 1497 2690 1696 2741; x_wconf 90' lang='lat' dir='ltr'>nostra</span> <span class='ocrx_word' id='word_1_331' title='bbox 1739 2687 1846 2742; x_wconf 81' lang='lat' dir='ltr'>hac</span> <span class='ocrx_word' id='word_1_332' title='bbox 1877 2688 2126 2743; x_wconf 83' lang='lat' dir='ltr'>obnoxia</span> 
     </span>
    </p>
   </div>
   <div class='ocr_carea' id='block_1_44' title="bbox 481 2773 2122 2844">
    <p class='ocr_par' dir='ltr' id='par_1_44' title="bbox 481 2773 2122 2844">
     <span class='ocr_line' id='line_1_44' title="bbox 481 2773 2122 2844; baseline 0.003 -17"><span class='ocrx_word' id='word_1_333' title='bbox 481 2789 550 2827; x_wconf 87' lang='lat' dir='ltr'>ex</span> <span class='ocrx_word' id='word_1_334' title='bbox 580 2773 959 2844; x_wconf 73' lang='lat' dir='ltr'>przejudicata</span> <span class='ocrx_word' id='word_1_335' title='bbox 988 2773 1291 2828; x_wconf 85' lang='lat' dir='ltr'>damnavit</span> <span class='ocrx_word' id='word_1_336' title='bbox 1334 2779 1646 2844; x_wconf 89' lang='lat' dir='ltr'>peccatum</span> <span class='ocrx_word' id='word_1_337' title='bbox 1681 2775 1737 2829; x_wconf 93' lang='lat' dir='ltr'>in</span> <span class='ocrx_word' id='word_1_338' title='bbox 1797 2793 1988 2843; x_wconf 90' lang='lat' dir='ltr'>carne,</span> <span class='ocrx_word' id='word_1_339' title='bbox 2022 2778 2122 2832; x_wconf 86' lang='lat' dir='ltr'>do-</span> 
     </span>
    </p>
   </div>
   <div class='ocr_carea' id='block_1_45' title="bbox 475 2861 2125 2934">
    <p class='ocr_par' dir='ltr' id='par_1_45' title="bbox 475 2861 2125 2934">
     <span class='ocr_line' id='line_1_45' title="bbox 475 2861 2125 2934; baseline 0.004 -20"><span class='ocrx_word' id='word_1_340' title='bbox 475 2861 658 2915; x_wconf 87' lang='lat' dir='ltr'>cendo</span> <span class='ocrx_word' id='word_1_341' title='bbox 685 2861 1183 2932; x_wconf 91' lang='lat' dir='ltr'>quemadmodum</span> <span class='ocrx_word' id='word_1_342' title='bbox 1217 2861 1276 2915; x_wconf 91' lang='lat' dir='ltr'>in</span> <span class='ocrx_word' id='word_1_343' title='bbox 1309 2877 1482 2917; x_wconf 88' lang='lat' dir='ltr'>carne</span> <span class='ocrx_word' id='word_1_344' title='bbox 1513 2863 1686 2934; x_wconf 90' lang='lat' dir='ltr'>positi</span> <span class='ocrx_word' id='word_1_345' title='bbox 1749 2880 1860 2918; x_wconf 91' lang='lat' dir='ltr'>non</span> <span class='ocrx_word' id='word_1_346' title='bbox 1923 2882 2125 2920; x_wconf 87' lang='lat' dir='ltr'>secun-</span> 
     </span>
    </p>
   </div>
   <div class='ocr_carea' id='block_1_46' title="bbox 478 2948 2123 3023">
    <p class='ocr_par' dir='ltr' id='par_1_46' title="bbox 478 2948 2123 3023">
     <span class='ocr_line' id='line_1_46' title="bbox 478 2948 2123 3023; baseline 0.003 -20"><span class='ocrx_word' id='word_1_347' title='bbox 478 2949 618 3003; x_wconf 90' lang='lat' dir='ltr'>dum</span> <span class='ocrx_word' id='word_1_348' title='bbox 651 2965 884 3004; x_wconf 88' lang='lat' dir='ltr'>carnem</span> <span class='ocrx_word' id='word_1_349' title='bbox 912 2948 1304 3015; x_wconf 89' lang='lat' dir='ltr'>ambulemus,</span> <span class='ocrx_word' id='word_1_350' title='bbox 1330 2950 1429 3004; x_wconf 90' lang='lat' dir='ltr'>sed</span> <span class='ocrx_word' id='word_1_351' title='bbox 1457 2952 1778 3006; x_wconf 90' lang='lat' dir='ltr'>secundum</span> <span class='ocrx_word' id='word_1_352' title='bbox 1804 2953 2076 3023; x_wconf 89' lang='lat' dir='ltr'>spiritum</span> <span class='ocrx_word' id='word_1_353' title='bbox 2095 2954 2123 3007; x_wconf 86' lang='lat'>‘?</span> 
     </span>
    </p>
   </div>
   <div class='ocr_carea' id='block_1_47' title="bbox 473 3037 2121 3112">
    <p class='ocr_par' dir='ltr' id='par_1_47' title="bbox 473 3037 2121 3112">
     <span class='ocr_line' id='line_1_47' title="bbox 473 3037 2121 3112; baseline 0.004 -21"><span class='ocrx_word' id='word_1_354' title='bbox 473 3038 778 3093; x_wconf 87' lang='lat' dir='ltr'>Peccatum</span> <span class='ocrx_word' id='word_1_355' title='bbox 812 3037 1029 3109; x_wconf 89' lang='lat' dir='ltr'>quippe</span> <span class='ocrx_word' id='word_1_356' title='bbox 1059 3043 1148 3093; x_wconf 92' lang='lat' dir='ltr'>est</span> <span class='ocrx_word' id='word_1_357' title='bbox 1178 3039 1501 3094; x_wconf 89' lang='lat' dir='ltr'>secundum</span> <span class='ocrx_word' id='word_1_358' title='bbox 1535 3056 1766 3095; x_wconf 89' lang='lat' dir='ltr'>carnem</span> <span class='ocrx_word' id='word_1_359' title='bbox 1799 3041 2121 3112; x_wconf 86' lang='lat' dir='ltr'>ambulare,</span> 
     </span>
    </p>
   </div>
   <div class='ocr_carea' id='block_1_48' title="bbox 469 3126 2120 3198">
    <p class='ocr_par' dir='ltr' id='par_1_48' title="bbox 469 3126 2120 3198">
     <span class='ocr_line' id='line_1_48' title="bbox 469 3126 2120 3198; baseline 0.003 -18"><span class='ocrx_word' id='word_1_360' title='bbox 469 3127 610 3196; x_wconf 90' lang='lat' dir='ltr'>quia</span> <span class='ocrx_word' id='word_1_361' title='bbox 642 3126 802 3182; x_wconf 82' lang='lat' dir='ltr'>luxui</span> <span class='ocrx_word' id='word_1_362' title='bbox 835 3131 892 3182; x_wconf 89' lang='lat' dir='ltr'>et</span> <span class='ocrx_word' id='word_1_363' title='bbox 922 3126 1338 3198; x_wconf 89' lang='lat' dir='ltr'>voluptatibus,</span> <span class='ocrx_word' id='word_1_364' title='bbox 1367 3131 1422 3182; x_wconf 89' lang='lat' dir='ltr'>et</span> <span class='ocrx_word' id='word_1_365' title='bbox 1445 3127 1694 3197; x_wconf 87' lang='lat' dir='ltr'>lascviis,</span> <span class='ocrx_word' id='word_1_366' title='bbox 1724 3135 1779 3184; x_wconf 90' lang='lat' dir='ltr'>et</span> <span class='ocrx_word' id='word_1_367' title='bbox 1808 3131 2001 3184; x_wconf 85' lang='lat' dir='ltr'>carnis</span> <span class='ocrx_word' id='word_1_368' title='bbox 2021 3147 2120 3185; x_wconf 84' lang='lat' dir='ltr'>cu-</span> 
     </span>
    </p>
   </div>
   <div class='ocr_carea' id='block_1_49' title="bbox 2245 1917 3908 1992">
    <p class='ocr_par' dir='ltr' id='par_1_49' title="bbox 2245 1917 3908 1992">
     <span class='ocr_line' id='line_1_49' title="bbox 2245 1917 3908 1992; baseline -0.002 -17"><span class='ocrx_word' id='word_1_369' title='bbox 2245 1928 2421 1977; x_wconf 87' lang='lat' dir='ltr'>retur.</span> <span class='ocrx_word' id='word_1_370' title='bbox 2451 1922 2650 1992; x_wconf 84' lang='lat' dir='ltr'>Itaque</span> <span class='ocrx_word' id='word_1_371' title='bbox 2674 1937 2846 1992; x_wconf 87' lang='lat' dir='ltr'>quam</span> <span class='ocrx_word' id='word_1_372' title='bbox 2871 1935 3045 1991; x_wconf 87' lang='lat' dir='ltr'>grave</span> <span class='ocrx_word' id='word_1_373' title='bbox 3067 1923 3174 1983; x_wconf 91' lang='lat' dir='ltr'>est,</span> <span class='ocrx_word' id='word_1_374' title='bbox 3202 1923 3265 1972; x_wconf 87' lang='lat' dir='ltr'>ut.</span> <span class='ocrx_word' id='word_1_375' title='bbox 3293 1921 3454 1972; x_wconf 88' lang='lat' dir='ltr'>muta</span> <span class='ocrx_word' id='word_1_376' title='bbox 3474 1917 3768 1972; x_wconf 84' lang='lat' dir='ltr'>animalia</span> <span class='ocrx_word' id='word_1_377' title='bbox 3790 1935 3908 1972; x_wconf 85' lang='lat' dir='ltr'>me-</span> 
     </span>
    </p>
   </div>
   <div class='ocr_carea' id='block_1_50' title="bbox 2243 2005 3908 2070">
    <p class='ocr_par' dir='ltr' id='par_1_50' title="bbox 2243 2005 3908 2070">
     <span class='ocr_line' id='line_1_50' title="bbox 2243 2005 3908 2070; baseline -0.002 -7"><span class='ocrx_word' id='word_1_378' title='bbox 2243 2011 2418 2064; x_wconf 82' lang='lat' dir='ltr'>dicari</span> <span class='ocrx_word' id='word_1_379' title='bbox 2445 2009 2555 2064; x_wconf 92' lang='lat' dir='ltr'>sibi</span> <span class='ocrx_word' id='word_1_380' title='bbox 2575 2009 2860 2070; x_wconf 85' lang='lat' dir='ltr'>noverint.</span> <span class='ocrx_word' id='word_1_381' title='bbox 2891 2013 2947 2063; x_wconf 88' lang='lat' dir='ltr'>et</span> <span class='ocrx_word' id='word_1_382' title='bbox 2965 2006 3306 2062; x_wconf 89' lang='lat' dir='ltr'>vulneribus</span> <span class='ocrx_word' id='word_1_383' title='bbox 3337 2005 3463 2062; x_wconf 87' lang='lat' dir='ltr'>suis</span> <span class='ocrx_word' id='word_1_384' title='bbox 3498 2006 3713 2062; x_wconf 87' lang='lat' dir='ltr'>herbas</span> <span class='ocrx_word' id='word_1_385' title='bbox 3747 2006 3908 2061; x_wconf 84' lang='lat' dir='ltr'>salu-</span> 
     </span>
    </p>
   </div>
   <div class='ocr_carea' id='block_1_51' title="bbox 2242 2095 3908 2168">
    <p class='ocr_par' dir='ltr' id='par_1_51' title="bbox 2242 2095 3908 2168">
     <span class='ocr_line' id='line_1_51' title="bbox 2242 2095 3908 2168; baseline -0.002 -15"><span class='ocrx_word' id='word_1_386' title='bbox 2242 2101 2374 2154; x_wconf 88' lang='lat' dir='ltr'>bres</span> <span class='ocrx_word' id='word_1_387' title='bbox 2396 2099 2715 2168; x_wconf 81' lang='lat' dir='ltr'>requirant,</span> <span class='ocrx_word' id='word_1_388' title='bbox 2741 2097 2990 2168; x_wconf 80' lang='lat' dir='ltr'>deligere</span> <span class='ocrx_word' id='word_1_389' title='bbox 3015 2112 3129 2149; x_wconf 92' lang='lat' dir='ltr'>non</span> <span class='ocrx_word' id='word_1_390' title='bbox 3163 2096 3418 2150; x_wconf 81' lang='lat' dir='ltr'>refutent</span> <span class='ocrx_word' id='word_1_391' title='bbox 3449 2113 3463 2160; x_wconf 87' lang='lat'>;</span> <span class='ocrx_word' id='word_1_392' title='bbox 3495 2102 3547 2150; x_wconf 88' lang='lat' dir='ltr'>et</span> <span class='ocrx_word' id='word_1_393' title='bbox 3577 2095 3908 2150; x_wconf 86' lang='lat' dir='ltr'>hominum</span> 
     </span>
    </p>
   </div>
   <div class='ocr_carea' id='block_1_52' title="bbox 2243 2183 3911 2257">
    <p class='ocr_par' dir='ltr' id='par_1_52' title="bbox 2243 2183 3911 2257">
     <span class='ocr_line' id='line_1_52' title="bbox 2243 2183 3911 2257; baseline -0.002 -16"><span class='ocrx_word' id='word_1_394' title='bbox 2243 2188 2534 2241; x_wconf 87' lang='lat' dir='ltr'>industria</span> <span class='ocrx_word' id='word_1_395' title='bbox 2565 2205 2675 2240; x_wconf 88' lang='lat' dir='ltr'>non</span> <span class='ocrx_word' id='word_1_396' title='bbox 2703 2187 2977 2257; x_wconf 88' lang='lat' dir='ltr'>requirat,</span> <span class='ocrx_word' id='word_1_397' title='bbox 3022 2185 3238 2255; x_wconf 87' lang='lat' dir='ltr'>quibus</span> <span class='ocrx_word' id='word_1_398' title='bbox 3269 2184 3444 2238; x_wconf 90' lang='lat' dir='ltr'>etiam</span> <span class='ocrx_word' id='word_1_399' title='bbox 3504 2183 3778 2239; x_wconf 90' lang='lat' dir='ltr'>medicus</span> <span class='ocrx_word' id='word_1_400' title='bbox 3814 2191 3911 2238; x_wconf 85' lang='lat' dir='ltr'>est</span> 
     </span>
    </p>
   </div>
   <div class='ocr_carea' id='block_1_53' title="bbox 2242 2272 3908 2346">
    <p class='ocr_par' dir='ltr' id='par_1_53' title="bbox 2242 2272 3908 2346">
     <span class='ocr_line' id='line_1_53' title="bbox 2242 2272 3908 2346; baseline -0.002 -16"><span class='ocrx_word' id='word_1_401' title='bbox 2242 2278 2485 2340; x_wconf 90' lang='lat' dir='ltr'>missus,</span> <span class='ocrx_word' id='word_1_402' title='bbox 2521 2277 2619 2346; x_wconf 91' lang='lat' dir='ltr'>qui</span> <span class='ocrx_word' id='word_1_403' title='bbox 2654 2274 2952 2329; x_wconf 69' lang='lat' dir='ltr'>medicinae</span> <span class='ocrx_word' id='word_1_404' title='bbox 2986 2273 3261 2326; x_wconf 73' lang='lat' dir='ltr'>salutaris</span> <span class='ocrx_word' id='word_1_405' title='bbox 3297 2273 3353 2327; x_wconf 92' lang='lat' dir='ltr'>in</span> <span class='ocrx_word' id='word_1_406' title='bbox 3384 2272 3680 2328; x_wconf 86' lang='lat' dir='ltr'>veteribus</span> <span class='ocrx_word' id='word_1_407' title='bbox 3741 2274 3908 2326; x_wconf 84' lang='lat' dir='ltr'>Scri-</span> 
     </span>
    </p>
   </div>
   <div class='ocr_carea' id='block_1_54' title="bbox 2242 2361 3907 2436">
    <p class='ocr_par' dir='ltr' id='par_1_54' title="bbox 2242 2361 3907 2436">
     <span class='ocr_line' id='line_1_54' title="bbox 2242 2361 3907 2436; baseline -0.001 -18"><span class='ocrx_word' id='word_1_408' title='bbox 2242 2365 2429 2436; x_wconf 84' lang='lat' dir='ltr'>pturis</span> <span class='ocrx_word' id='word_1_409' title='bbox 2462 2364 2688 2418; x_wconf 89' lang='lat' dir='ltr'>semina</span> <span class='ocrx_word' id='word_1_410' title='bbox 2716 2364 3162 2426; x_wconf 79' lang='lat' dir='ltr'>demonstraret,</span> <span class='ocrx_word' id='word_1_411' title='bbox 3198 2368 3248 2414; x_wconf 86' lang='lat' dir='ltr'>et</span> <span class='ocrx_word' id='word_1_412' title='bbox 3285 2378 3432 2415; x_wconf 91' lang='lat' dir='ltr'>nova</span> <span class='ocrx_word' id='word_1_413' title='bbox 3460 2361 3586 2432; x_wconf 89' lang='lat' dir='ltr'>ipse</span> <span class='ocrx_word' id='word_1_414' title='bbox 3620 2361 3907 2416; x_wconf 77' lang='lat' dir='ltr'>deferret?</span> 
     </span>
    </p>
   </div>
   <div class='ocr_carea' id='block_1_55' title="bbox 2239 2451 3901 2522">
    <p class='ocr_par' dir='ltr' id='par_1_55' title="bbox 2239 2451 3901 2522">
     <span class='ocr_line' id='line_1_55' title="bbox 2239 2451 3901 2522; baseline -0.002 -14"><span class='ocrx_word' id='word_1_415' title='bbox 2239 2455 2422 2517; x_wconf 87' lang='lat' dir='ltr'>Quam</span> <span class='ocrx_word' id='word_1_416' title='bbox 2459 2452 2621 2507; x_wconf 88' lang='lat' dir='ltr'>mula</span> <span class='ocrx_word' id='word_1_417' title='bbox 2653 2453 2845 2522; x_wconf 79' lang='lat' dir='ltr'>itaque</span> <span class='ocrx_word' id='word_1_418' title='bbox 2880 2451 3140 2505; x_wconf 71' lang='lat' dir='ltr'>salubria</span> <span class='ocrx_word' id='word_1_419' title='bbox 3169 2457 3328 2517; x_wconf 88' lang='lat' dir='ltr'>sunt,</span> <span class='ocrx_word' id='word_1_420' title='bbox 3361 2467 3492 2521; x_wconf 78' lang='lat' dir='ltr'>quae</span> <span class='ocrx_word' id='word_1_421' title='bbox 3535 2453 3716 2505; x_wconf 85' lang='lat' dir='ltr'>noxia</span> <span class='ocrx_word' id='word_1_422' title='bbox 3778 2468 3901 2522; x_wconf 85' lang='lat' dir='ltr'>per-</span> 
     </span>
    </p>
   </div>
   <div class='ocr_carea' id='block_1_56' title="bbox 2239 2539 3864 2612">
    <p class='ocr_par' dir='ltr' id='par_1_56' title="bbox 2239 2539 3864 2612">
     <span class='ocr_line' id='line_1_56' title="bbox 2239 2539 3864 2612; baseline -0.002 -16"><span class='ocrx_word' id='word_1_423' title='bbox 2239 2541 2931 2612; x_wconf 82' lang='lat' dir='ltr'>functoriejudicantur‘?</span> <span class='ocrx_word' id='word_1_424' title='bbox 2956 2544 3030 2594; x_wconf 88' lang='lat' dir='ltr'>De</span> <span class='ocrx_word' id='word_1_425' title='bbox 3063 2541 3189 2611; x_wconf 83' lang='lat' dir='ltr'>ipsa</span> <span class='ocrx_word' id='word_1_426' title='bbox 3221 2555 3530 2594; x_wconf 89' lang='lat' dir='ltr'>sumamus</span> <span class='ocrx_word' id='word_1_427' title='bbox 3565 2539 3864 2611; x_wconf 87' lang='lat' dir='ltr'>exempla.</span> 
     </span>
    </p>
   </div>
   <div class='ocr_carea' id='block_1_57' title="bbox 2305 2673 3896 2746">
    <p class='ocr_par' dir='ltr' id='par_1_57' title="bbox 2305 2673 3896 2746">
     <span class='ocr_line' id='line_1_57' title="bbox 2305 2673 3896 2746; baseline -0.001 -17"><span class='ocrx_word' id='word_1_428' title='bbox 2305 2678 2358 2730; x_wconf 91' lang='lat'>8.</span> <span class='ocrx_word' id='word_1_429' title='bbox 2391 2677 2641 2746; x_wconf 91' lang='lat' dir='ltr'>Serpens</span> <span class='ocrx_word' id='word_1_430' title='bbox 2673 2674 2774 2730; x_wconf 88' lang='lat' dir='ltr'>alit</span> <span class='ocrx_word' id='word_1_431' title='bbox 2806 2690 3116 2740; x_wconf 88' lang='lat' dir='ltr'>venenum,</span> <span class='ocrx_word' id='word_1_432' title='bbox 3155 2689 3385 2728; x_wconf 87' lang='lat' dir='ltr'>morsus</span> <span class='ocrx_word' id='word_1_433' title='bbox 3425 2673 3639 2728; x_wconf 87' lang='lat' dir='ltr'>noxios</span> <span class='ocrx_word' id='word_1_434' title='bbox 3699 2673 3896 2741; x_wconf 85' lang='lat' dir='ltr'>habet,</span> 
     </span>
    </p>
   </div>
   <div class='ocr_carea' id='block_1_58' title="bbox 2234 2762 3895 2834">
    <p class='ocr_par' dir='ltr' id='par_1_58' title="bbox 2234 2762 3895 2834">
     <span class='ocr_line' id='line_1_58' title="bbox 2234 2762 3895 2834; baseline 0.002 -17"><span class='ocrx_word' id='word_1_435' title='bbox 2234 2764 2502 2819; x_wconf 80' lang='lat' dir='ltr'>vulnerat</span> <span class='ocrx_word' id='word_1_436' title='bbox 2530 2781 2766 2818; x_wconf 76' lang='lat' dir='ltr'>carnem</span> <span class='ocrx_word' id='word_1_437' title='bbox 2801 2782 2812 2828; x_wconf 90' lang='lat'><strong>;</strong></span> <span class='ocrx_word' id='word_1_438' title='bbox 2847 2763 2947 2818; x_wconf 91' lang='lat' dir='ltr'>sed</span> <span class='ocrx_word' id='word_1_439' title='bbox 2981 2763 3034 2815; x_wconf 90' lang='lat' dir='ltr'>in</span> <span class='ocrx_word' id='word_1_440' title='bbox 3072 2762 3197 2834; x_wconf 90' lang='lat' dir='ltr'>ipso</span> <span class='ocrx_word' id='word_1_441' title='bbox 3229 2777 3464 2832; x_wconf 89' lang='lat' dir='ltr'>quoque</span> <span class='ocrx_word' id='word_1_442' title='bbox 3508 2763 3644 2832; x_wconf 88' lang='lat' dir='ltr'>ejus</span> <span class='ocrx_word' id='word_1_443' title='bbox 3674 2779 3895 2820; x_wconf 85' lang='lat' dir='ltr'>veneno</span> 
     </span>
    </p>
   </div>
   <div class='ocr_carea' id='block_1_59' title="bbox 2235 2850 3893 2923">
    <p class='ocr_par' dir='ltr' id='par_1_59' title="bbox 2235 2850 3893 2923">
     <span class='ocr_line' id='line_1_59' title="bbox 2235 2850 3893 2923; baseline 0 -16"><span class='ocrx_word' id='word_1_444' title='bbox 2235 2853 2563 2907; x_wconf 86' lang='lat' dir='ltr'>antidotum</span> <span class='ocrx_word' id='word_1_445' title='bbox 2596 2853 2874 2922; x_wconf 79' lang='lat' dir='ltr'>reperies,</span> <span class='ocrx_word' id='word_1_446' title='bbox 2905 2851 2954 2906; x_wconf 91' lang='lat' dir='ltr'>si</span> <span class='ocrx_word' id='word_1_447' title='bbox 2991 2850 3274 2922; x_wconf 87' lang='lat' dir='ltr'>requiras.</span> <span class='ocrx_word' id='word_1_448' title='bbox 3310 2851 3574 2921; x_wconf 88' lang='lat' dir='ltr'>Denique</span> <span class='ocrx_word' id='word_1_449' title='bbox 3604 2867 3745 2907; x_wconf 86' lang='lat' dir='ltr'>caro</span> <span class='ocrx_word' id='word_1_450' title='bbox 3769 2854 3893 2923; x_wconf 82' lang='lat' dir='ltr'>ejus</span> 
     </span>
    </p>
   </div>
   <div class='ocr_carea' id='block_1_60' title="bbox 2234 2937 3876 3012">
    <p class='ocr_par' dir='ltr' id='par_1_60' title="bbox 2234 2937 3876 3012">
     <span class='ocr_line' id='line_1_60' title="bbox 2234 2937 3876 3012; baseline 0.003 -18"><span class='ocrx_word' id='word_1_451' title='bbox 2234 2940 2516 3009; x_wconf 81' lang='lat' dir='ltr'>exuritur,</span> <span class='ocrx_word' id='word_1_452' title='bbox 2551 2941 2722 3010; x_wconf 85' lang='lat' dir='ltr'>cujus</span> <span class='ocrx_word' id='word_1_453' title='bbox 2754 2939 2984 3011; x_wconf 81' lang='lat' dir='ltr'>pulvere</span> <span class='ocrx_word' id='word_1_454' title='bbox 3017 2937 3272 2994; x_wconf 88' lang='lat' dir='ltr'>theriaca</span> <span class='ocrx_word' id='word_1_455' title='bbox 3301 2939 3637 3005; x_wconf 76' lang='lat' dir='ltr'>coniicitur,</span> <span class='ocrx_word' id='word_1_456' title='bbox 3673 2957 3876 3012; x_wconf 82' lang='lat' dir='ltr'>quave</span> 
     </span>
    </p>
   </div>
   <div class='ocr_carea' id='block_1_61' title="bbox 2234 3025 3899 3098">
    <p class='ocr_par' dir='ltr' id='par_1_61' title="bbox 2234 3025 3899 3098">
     <span class='ocr_line' id='line_1_61' title="bbox 2234 3025 3899 3098; baseline 0.001 -16"><span class='ocrx_word' id='word_1_457' title='bbox 2234 3029 2367 3084; x_wconf 90' lang='lat' dir='ltr'>neni</span> <span class='ocrx_word' id='word_1_458' title='bbox 2430 3029 2514 3082; x_wconf 87' lang='lat' dir='ltr'>vis</span> <span class='ocrx_word' id='word_1_459' title='bbox 2545 3026 2843 3082; x_wconf 87' lang='lat' dir='ltr'>consuevit</span> <span class='ocrx_word' id='word_1_460' title='bbox 2875 3025 3151 3094; x_wconf 88' lang='lat' dir='ltr'>hebetari,</span> <span class='ocrx_word' id='word_1_461' title='bbox 3186 3029 3248 3079; x_wconf 89' lang='lat' dir='ltr'>ut</span> <span class='ocrx_word' id='word_1_462' title='bbox 3278 3041 3486 3081; x_wconf 87' lang='lat' dir='ltr'>nocere</span> <span class='ocrx_word' id='word_1_463' title='bbox 3531 3043 3651 3081; x_wconf 92' lang='lat' dir='ltr'>non</span> <span class='ocrx_word' id='word_1_464' title='bbox 3709 3029 3899 3098; x_wconf 83' lang='lat' dir='ltr'>possit</span> 
     </span>
    </p>
   </div>
   <div class='ocr_carea' id='block_1_62' title="bbox 2233 3114 3892 3188">
    <p class='ocr_par' dir='ltr' id='par_1_62' title="bbox 2233 3114 3892 3188">
     <span class='ocr_line' id='line_1_62' title="bbox 2233 3114 3892 3188; baseline 0.001 -18"><span class='ocrx_word' id='word_1_465' title='bbox 2233 3117 2355 3171; x_wconf 81' lang='lat' dir='ltr'>Non</span> <span class='ocrx_word' id='word_1_466' title='bbox 2392 3121 2546 3170; x_wconf 82' lang='lat' dir='ltr'>terra</span> <span class='ocrx_word' id='word_1_467' title='bbox 2576 3132 2712 3188; x_wconf 89' lang='lat' dir='ltr'>ergo</span> <span class='ocrx_word' id='word_1_468' title='bbox 2747 3117 2802 3169; x_wconf 93' lang='lat' dir='ltr'>in</span> <span class='ocrx_word' id='word_1_469' title='bbox 2846 3114 3004 3179; x_wconf 77' lang='lat' dir='ltr'>vitio,</span> <span class='ocrx_word' id='word_1_470' title='bbox 3049 3131 3176 3186; x_wconf 75' lang='lat' dir='ltr'>qua:</span> <span class='ocrx_word' id='word_1_471' title='bbox 3208 3118 3544 3186; x_wconf 88' lang='lat' dir='ltr'>serpentem</span> <span class='ocrx_word' id='word_1_472' title='bbox 3601 3120 3847 3188; x_wconf 83' lang='lat' dir='ltr'>generat</span> <span class='ocrx_word' id='word_1_473' title='bbox 3879 3137 3892 3184; x_wconf 92' lang='lat'><strong>;</strong></span> 
     </span>
    </p>
   </div>
   <div class='ocr_carea' id='block_1_63' title="bbox 467 3201 2122 3289">
    <p class='ocr_par' dir='ltr' id='par_1_63' title="bbox 467 3215 2111 3289">
     <span class='ocr_line' id='line_1_63' title="bbox 467 3215 2111 3289; baseline 0.002 -20"><span class='ocrx_word' id='word_1_474' title='bbox 467 3216 816 3286; x_wconf 88' lang='lat' dir='ltr'>piditatibus</span> <span class='ocrx_word' id='word_1_475' title='bbox 845 3215 1006 3281; x_wconf 85' lang='lat' dir='ltr'>vivit,</span> <span class='ocrx_word' id='word_1_476' title='bbox 1040 3216 1140 3286; x_wconf 92' lang='lat' dir='ltr'>qui</span> <span class='ocrx_word' id='word_1_477' title='bbox 1172 3217 1497 3271; x_wconf 92' lang='lat' dir='ltr'>secundum</span> <span class='ocrx_word' id='word_1_478' title='bbox 1531 3218 1722 3272; x_wconf 88' lang='lat' dir='ltr'>carnis</span> <span class='ocrx_word' id='word_1_479' title='bbox 1763 3219 2111 3289; x_wconf 88' lang='lat' dir='ltr'>sapientiam</span> 
     </span>
    </p>
   </div>
   <div class='ocr_carea' id='block_1_64' title="bbox 2238 3201 3894 3289">
    <p class='ocr_par' dir='ltr' id='par_1_64' title="bbox 2238 3203 3894 3278">
     <span class='ocr_line' id='line_1_64' title="bbox 2238 3203 3894 3278; baseline 0.002 -19"><span class='ocrx_word' id='word_1_480' title='bbox 2238 3206 2333 3259; x_wconf 87' lang='lat' dir='ltr'>sed</span> <span class='ocrx_word' id='word_1_481' title='bbox 2369 3204 2465 3258; x_wconf 87' lang='lat' dir='ltr'>ille</span> <span class='ocrx_word' id='word_1_482' title='bbox 2499 3205 2600 3276; x_wconf 91' lang='lat' dir='ltr'>qui</span> <span class='ocrx_word' id='word_1_483' title='bbox 2629 3204 2816 3260; x_wconf 89' lang='lat' dir='ltr'>nescit</span> <span class='ocrx_word' id='word_1_484' title='bbox 2847 3220 3045 3258; x_wconf 89' lang='lat' dir='ltr'>cavere</span> <span class='ocrx_word' id='word_1_485' title='bbox 3076 3207 3428 3274; x_wconf 86' lang='lat' dir='ltr'>serpentem.</span> <span class='ocrx_word' id='word_1_486' title='bbox 3464 3203 3596 3276; x_wconf 91' lang='lat' dir='ltr'>Ipse</span> <span class='ocrx_word' id='word_1_487' title='bbox 3651 3221 3894 3278; x_wconf 84' lang='lat' dir='ltr'>serpens</span> 
     </span>
    </p>
   </div>
   <div class='ocr_carea' id='block_1_65' title="bbox 467 3303 2110 3375">
    <p class='ocr_par' dir='ltr' id='par_1_65' title="bbox 467 3303 2110 3375">
     <span class='ocr_line' id='line_1_65' title="bbox 467 3303 2110 3375; baseline 0.002 -16"><span class='ocrx_word' id='word_1_488' title='bbox 467 3310 878 3361; x_wconf 89' lang='lat' dir='ltr'>conversatur:</span> <span class='ocrx_word' id='word_1_489' title='bbox 905 3304 1193 3375; x_wconf 90' lang='lat' dir='ltr'>sapientia</span> <span class='ocrx_word' id='word_1_490' title='bbox 1223 3303 1378 3358; x_wconf 87' lang='lat' dir='ltr'>enim</span> <span class='ocrx_word' id='word_1_491' title='bbox 1413 3304 1652 3359; x_wconf 88' lang='lat' dir='ltr'>inimica</span> <span class='ocrx_word' id='word_1_492' title='bbox 1681 3311 1771 3360; x_wconf 88' lang='lat' dir='ltr'>est</span> <span class='ocrx_word' id='word_1_493' title='bbox 1805 3307 1918 3361; x_wconf 91' lang='lat' dir='ltr'>Deo</span> <span class='ocrx_word' id='word_1_494' title='bbox 1955 3325 1968 3373; x_wconf 88' lang='lat'>;</span> <span class='ocrx_word' id='word_1_495' title='bbox 2002 3325 2110 3362; x_wconf 85' lang='lat' dir='ltr'>un-</span> 
     </span>
    </p>
   </div>
   <div class='ocr_carea' id='block_1_66' title="bbox 465 3391 2109 3466">
    <p class='ocr_par' dir='ltr' id='par_1_66' title="bbox 465 3391 2109 3466">
     <span class='ocr_line' id='line_1_66' title="bbox 465 3391 2109 3466; baseline 0.003 -20"><span class='ocrx_word' id='word_1_496' title='bbox 465 3393 536 3447; x_wconf 93' lang='lat' dir='ltr'>de</span> <span class='ocrx_word' id='word_1_497' title='bbox 568 3393 665 3464; x_wconf 92' lang='lat' dir='ltr'>qui</span> <span class='ocrx_word' id='word_1_498' title='bbox 701 3393 757 3448; x_wconf 92' lang='lat' dir='ltr'>in</span> <span class='ocrx_word' id='word_1_499' title='bbox 789 3409 964 3448; x_wconf 89' lang='lat' dir='ltr'>carne</span> <span class='ocrx_word' id='word_1_500' title='bbox 994 3397 1152 3459; x_wconf 90' lang='lat' dir='ltr'>sunt,</span> <span class='ocrx_word' id='word_1_501' title='bbox 1217 3392 1331 3446; x_wconf 91' lang='lat' dir='ltr'>Deo</span> <span class='ocrx_word' id='word_1_502' title='bbox 1389 3391 1610 3464; x_wconf 91' lang='lat' dir='ltr'>placere</span> <span class='ocrx_word' id='word_1_503' title='bbox 1669 3411 1783 3450; x_wconf 91' lang='lat' dir='ltr'>non</span> <span class='ocrx_word' id='word_1_504' title='bbox 1843 3401 2109 3466; x_wconf 92' lang='lat' dir='ltr'>possunt.</span> 
     </span>
    </p>
   </div>
   <div class='ocr_carea' id='block_1_67' title="bbox 467 3480 2115 3555">
    <p class='ocr_par' dir='ltr' id='par_1_67' title="bbox 467 3480 2115 3555">
     <span class='ocr_line' id='line_1_67' title="bbox 467 3480 2115 3555; baseline 0.004 -21"><span class='ocrx_word' id='word_1_505' title='bbox 467 3480 715 3553; x_wconf 91' lang='lat' dir='ltr'>Ideoque</span> <span class='ocrx_word' id='word_1_506' title='bbox 746 3487 1048 3553; x_wconf 89' lang='lat' dir='ltr'>peccatum</span> <span class='ocrx_word' id='word_1_507' title='bbox 1081 3482 1323 3537; x_wconf 86' lang='lat' dir='ltr'>damnat</span> <span class='ocrx_word' id='word_1_508' title='bbox 1353 3481 1423 3537; x_wconf 90' lang='lat' dir='ltr'>de</span> <span class='ocrx_word' id='word_1_509' title='bbox 1457 3488 1689 3555; x_wconf 85' lang='lat' dir='ltr'>peccato</span> <span class='ocrx_word' id='word_1_510' title='bbox 1722 3485 1819 3555; x_wconf 90' lang='lat' dir='ltr'>qui</span> <span class='ocrx_word' id='word_1_511' title='bbox 1846 3501 1905 3539; x_wconf 91' lang='lat' dir='ltr'>se</span> <span class='ocrx_word' id='word_1_512' title='bbox 1937 3503 1970 3540; x_wconf 91' lang='lat' dir='ltr'>a</span> <span class='ocrx_word' id='word_1_513' title='bbox 1996 3502 2115 3540; x_wconf 89' lang='lat' dir='ltr'>car-</span> 
     </span>
    </p>
   </div>
   <div class='ocr_carea' id='block_1_68' title="bbox 467 3569 2113 3643">
    <p class='ocr_par' dir='ltr' id='par_1_68' title="bbox 467 3569 2113 3643">
     <span class='ocr_line' id='line_1_68' title="bbox 467 3569 2113 3643; baseline 0.004 -20"><span class='ocrx_word' id='word_1_514' title='bbox 467 3569 559 3624; x_wconf 90' lang='lat' dir='ltr'>nis</span> <span class='ocrx_word' id='word_1_515' title='bbox 580 3570 736 3625; x_wconf 88' lang='lat' dir='ltr'>vitiis</span> <span class='ocrx_word' id='word_1_516' title='bbox 769 3570 1080 3635; x_wconf 90' lang='lat' dir='ltr'>abluendo,</span> <span class='ocrx_word' id='word_1_517' title='bbox 1107 3573 1429 3626; x_wconf 89' lang='lat' dir='ltr'>secundum</span> <span class='ocrx_word' id='word_1_518' title='bbox 1465 3571 1739 3643; x_wconf 85' lang='lat' dir='ltr'>spiritum</span> <span class='ocrx_word' id='word_1_519' title='bbox 1770 3573 1928 3643; x_wconf 89' lang='lat' dir='ltr'>vivit,</span> <span class='ocrx_word' id='word_1_520' title='bbox 1955 3580 2113 3629; x_wconf 78' lang='lat' dir='ltr'>totus</span> 
     </span>
    </p>
   </div>
   <div class='ocr_carea' id='block_1_69' title="bbox 466 3657 2114 3734">
    <p class='ocr_par' dir='ltr' id='par_1_69' title="bbox 466 3657 2114 3734">
     <span class='ocr_line' id='line_1_69' title="bbox 466 3657 2114 3734; baseline 0.004 -23"><span class='ocrx_word' id='word_1_521' title='bbox 466 3657 581 3712; x_wconf 84' lang='lat' dir='ltr'>Deo</span> <span class='ocrx_word' id='word_1_522' title='bbox 611 3659 864 3725; x_wconf 89' lang='lat' dir='ltr'>deditus,</span> <span class='ocrx_word' id='word_1_523' title='bbox 899 3663 955 3713; x_wconf 91' lang='lat' dir='ltr'>et</span> <span class='ocrx_word' id='word_1_524' title='bbox 983 3659 1319 3715; x_wconf 79' lang='lat' dir='ltr'>ccclestibus</span> <span class='ocrx_word' id='word_1_525' title='bbox 1342 3660 1607 3716; x_wconf 89' lang='lat' dir='ltr'>intentus</span> <span class='ocrx_word' id='word_1_526' title='bbox 1623 3662 1910 3718; x_wconf 89' lang='lat' dir='ltr'>oraculis:</span> <span class='ocrx_word' id='word_1_527' title='bbox 1939 3681 2114 3734; x_wconf 76' lang='lat' dir='ltr'>prop-</span> 
     </span>
    </p>
   </div>
   <div class='ocr_carea' id='block_1_70' title="bbox 469 3748 2116 3819">
    <p class='ocr_par' dir='ltr' id='par_1_70' title="bbox 469 3748 2116 3819">
     <span class='ocr_line' id='line_1_70' title="bbox 469 3748 2116 3819; baseline 0.004 -19"><span class='ocrx_word' id='word_1_528' title='bbox 469 3750 556 3801; x_wconf 89' lang='lat' dir='ltr'>ter</span> <span class='ocrx_word' id='word_1_529' title='bbox 581 3749 732 3819; x_wconf 93' lang='lat' dir='ltr'>quod</span> <span class='ocrx_word' id='word_1_530' title='bbox 758 3748 1025 3803; x_wconf 77' lang='lat' dir='ltr'>Christus</span> <span class='ocrx_word' id='word_1_531' title='bbox 1057 3749 1311 3814; x_wconf 87' lang='lat' dir='ltr'>advenit,</span> <span class='ocrx_word' id='word_1_532' title='bbox 1349 3754 1410 3804; x_wconf 92' lang='lat' dir='ltr'>ut</span> <span class='ocrx_word' id='word_1_533' title='bbox 1442 3767 1554 3804; x_wconf 88' lang='lat' dir='ltr'>non</span> <span class='ocrx_word' id='word_1_534' title='bbox 1588 3751 1850 3814; x_wconf 92' lang='lat' dir='ltr'>suam,id</span> <span class='ocrx_word' id='word_1_535' title='bbox 1885 3759 1972 3805; x_wconf 84' lang='lat' dir='ltr'>est</span> <span class='ocrx_word' id='word_1_536' title='bbox 1995 3770 2116 3807; x_wconf 85' lang='lat' dir='ltr'>car-</span> 
     </span>
    </p>
   </div>
   <div class='ocr_carea' id='block_1_71' title="bbox 468 3835 2112 3910">
    <p class='ocr_par' dir='ltr' id='par_1_71' title="bbox 468 3835 2112 3910">
     <span class='ocr_line' id='line_1_71' title="bbox 468 3835 2112 3910; baseline 0.004 -21"><span class='ocrx_word' id='word_1_537' title='bbox 468 3835 580 3900; x_wconf 91' lang='lat' dir='ltr'>nis,</span> <span class='ocrx_word' id='word_1_538' title='bbox 603 3837 703 3891; x_wconf 91' lang='lat' dir='ltr'>sed</span> <span class='ocrx_word' id='word_1_539' title='bbox 741 3836 838 3892; x_wconf 91' lang='lat' dir='ltr'>Dei</span> <span class='ocrx_word' id='word_1_540' title='bbox 872 3837 1085 3892; x_wconf 78' lang='lat' dir='ltr'>faceret</span> <span class='ocrx_word' id='word_1_541' title='bbox 1113 3837 1492 3893; x_wconf 90' lang='lat' dir='ltr'>voluntatem.</span> <span class='ocrx_word' id='word_1_542' title='bbox 1527 3840 1586 3894; x_wconf 91' lang='lat' dir='ltr'>Si</span> <span class='ocrx_word' id='word_1_543' title='bbox 1619 3839 1751 3910; x_wconf 91' lang='lat' dir='ltr'>quis</span> <span class='ocrx_word' id='word_1_544' title='bbox 1784 3857 1918 3910; x_wconf 78' lang='lat' dir='ltr'>ergo</span> <span class='ocrx_word' id='word_1_545' title='bbox 1949 3840 2112 3896; x_wconf 90' lang='lat' dir='ltr'>illum</span> 
     </span>
    </p>
   </div>
   <div class='ocr_carea' id='block_1_72' title="bbox 466 3925 2114 3997">
    <p class='ocr_par' dir='ltr' id='par_1_72' title="bbox 466 3925 2114 3997">
     <span class='ocr_line' id='line_1_72' title="bbox 466 3925 2114 3997; baseline 0.003 -16"><span class='ocrx_word' id='word_1_546' title='bbox 466 3930 768 3996; x_wconf 89' lang='lat' dir='ltr'>sequatur,</span> <span class='ocrx_word' id='word_1_547' title='bbox 803 3930 868 3980; x_wconf 92' lang='lat' dir='ltr'>ut</span> <span class='ocrx_word' id='word_1_548' title='bbox 898 3925 1070 3980; x_wconf 83' lang='lat' dir='ltr'>faciat</span> <span class='ocrx_word' id='word_1_549' title='bbox 1101 3943 1227 3996; x_wconf 64' lang='lat' dir='ltr'>quae</span> <span class='ocrx_word' id='word_1_550' title='bbox 1260 3925 1488 3997; x_wconf 88' lang='lat' dir='ltr'>placent</span> <span class='ocrx_word' id='word_1_551' title='bbox 1520 3927 1657 3995; x_wconf 92' lang='lat' dir='ltr'>Deo,</span> <span class='ocrx_word' id='word_1_552' title='bbox 1689 3933 1745 3982; x_wconf 89' lang='lat' dir='ltr'>et</span> <span class='ocrx_word' id='word_1_553' title='bbox 1774 3931 1965 3985; x_wconf 88' lang='lat' dir='ltr'>carnis</span> <span class='ocrx_word' id='word_1_554' title='bbox 1995 3947 2114 3986; x_wconf 65' lang='lat' dir='ltr'>suae</span> 
     </span>
    </p>
   </div>
   <div class='ocr_carea' id='block_1_73' title="bbox 466 4013 1932 4086">
    <p class='ocr_par' dir='ltr' id='par_1_73' title="bbox 466 4013 1932 4086">
     <span class='ocr_line' id='line_1_73' title="bbox 466 4013 1932 4086; baseline 0.002 -17"><span class='ocrx_word' id='word_1_555' title='bbox 466 4013 815 4086; x_wconf 89' lang='lat' dir='ltr'>comprimat</span> <span class='ocrx_word' id='word_1_556' title='bbox 844 4016 1259 4085; x_wconf 88' lang='lat' dir='ltr'>appetentiam,</span> <span class='ocrx_word' id='word_1_557' title='bbox 1293 4013 1554 4069; x_wconf 87' lang='lat' dir='ltr'>imitator</span> <span class='ocrx_word' id='word_1_558' title='bbox 1583 4023 1672 4070; x_wconf 90' lang='lat' dir='ltr'>est</span> <span class='ocrx_word' id='word_1_559' title='bbox 1700 4017 1932 4074; x_wconf 81' lang='lat' dir='ltr'>Christi.</span> 
     </span>
    </p>
   </div>
   <div class='ocr_carea' id='block_1_74' title="bbox 535 4101 2111 4179">
    <p class='ocr_par' dir='ltr' id='par_1_74' title="bbox 535 4101 2111 4179">
     <span class='ocr_line' id='line_1_74' title="bbox 535 4101 2111 4179; baseline 0.002 -21"><span class='ocrx_word' id='word_1_560' title='bbox 535 4106 588 4160; x_wconf 86' lang='lat'>6.</span> <span class='ocrx_word' id='word_1_561' title='bbox 622 4102 767 4167; x_wconf 89' lang='lat' dir='ltr'>Quid</span> <span class='ocrx_word' id='word_1_562' title='bbox 801 4101 1183 4164; x_wconf 87' lang='lat' dir='ltr'>senserimus,</span> <span class='ocrx_word' id='word_1_563' title='bbox 1217 4104 1638 4173; x_wconf 80' lang='lat' dir='ltr'>expressimus.</span> <span class='ocrx_word' id='word_1_564' title='bbox 1674 4105 1777 4170; x_wconf 89' lang='lat' dir='ltr'>Qui</span> <span class='ocrx_word' id='word_1_565' title='bbox 1815 4105 1978 4179; x_wconf 87' lang='lat' dir='ltr'>legis,</span> <span class='ocrx_word' id='word_1_566' title='bbox 2011 4107 2111 4161; x_wconf 89' lang='lat' dir='ltr'>eli-</span> 
     </span>
    </p>
   </div>
   <div class='ocr_carea' id='block_1_75' title="bbox 464 4189 2116 4266">
    <p class='ocr_par' dir='ltr' id='par_1_75' title="bbox 464 4189 2116 4266">
     <span class='ocr_line' id='line_1_75' title="bbox 464 4189 2116 4266; baseline 0.002 -18"><span class='ocrx_word' id='word_1_567' title='bbox 464 4210 536 4266; x_wconf 90' lang='lat' dir='ltr'>ge</span> <span class='ocrx_word' id='word_1_568' title='bbox 567 4193 706 4265; x_wconf 89' lang='lat' dir='ltr'>quid</span> <span class='ocrx_word' id='word_1_569' title='bbox 739 4191 1028 4263; x_wconf 88' lang='lat' dir='ltr'>sequaris.</span> <span class='ocrx_word' id='word_1_570' title='bbox 1064 4189 1270 4246; x_wconf 77' lang='lat' dir='ltr'>Nullus</span> <span class='ocrx_word' id='word_1_571' title='bbox 1300 4207 1480 4257; x_wconf 88' lang='lat' dir='ltr'>error,</span> <span class='ocrx_word' id='word_1_572' title='bbox 1515 4192 1611 4247; x_wconf 88' lang='lat' dir='ltr'>ubi</span> <span class='ocrx_word' id='word_1_573' title='bbox 1645 4193 1892 4266; x_wconf 82' lang='lat' dir='ltr'>simplex</span> <span class='ocrx_word' id='word_1_574' title='bbox 1941 4197 2116 4266; x_wconf 85' lang='lat' dir='ltr'>pieta-</span> 
     </span>
    </p>
   </div>
   <div class='ocr_carea' id='block_1_76' title="bbox 467 4279 2114 4350">
    <p class='ocr_par' dir='ltr' id='par_1_76' title="bbox 467 4279 2114 4350">
     <span class='ocr_line' id='line_1_76' title="bbox 467 4279 2114 4350; baseline 0.002 -14"><span class='ocrx_word' id='word_1_575' title='bbox 467 4281 541 4338; x_wconf 90' lang='lat' dir='ltr'>tis</span> <span class='ocrx_word' id='word_1_576' title='bbox 561 4283 823 4346; x_wconf 80' lang='lat' dir='ltr'>atl‘ectus,</span> <span class='ocrx_word' id='word_1_577' title='bbox 840 4285 1014 4350; x_wconf 89' lang='lat' dir='ltr'>atque</span> <span class='ocrx_word' id='word_1_578' title='bbox 1030 4279 1223 4334; x_wconf 81' lang='lat' dir='ltr'>omnis</span> <span class='ocrx_word' id='word_1_579' title='bbox 1245 4279 1436 4334; x_wconf 82' lang='lat' dir='ltr'>ﬁdelis</span> <span class='ocrx_word' id='word_1_580' title='bbox 1459 4287 1546 4336; x_wconf 86' lang='lat' dir='ltr'>est</span> <span class='ocrx_word' id='word_1_581' title='bbox 1569 4283 2114 4340; x_wconf 85' lang='lat' dir='ltr'>sensus.Damnavit</span> 
     </span>
    </p>
   </div>
   <div class='ocr_carea' id='block_1_77' title="bbox 465 4368 2112 4440">
    <p class='ocr_par' dir='ltr' id='par_1_77' title="bbox 465 4368 2112 4440">
     <span class='ocr_line' id='line_1_77' title="bbox 465 4368 2112 4440; baseline 0.002 -16"><span class='ocrx_word' id='word_1_582' title='bbox 465 4375 767 4439; x_wconf 88' lang='lat' dir='ltr'>peccatum</span> <span class='ocrx_word' id='word_1_583' title='bbox 799 4369 1085 4434; x_wconf 90' lang='lat' dir='ltr'>Christus,</span> <span class='ocrx_word' id='word_1_584' title='bbox 1118 4368 1492 4440; x_wconf 87' lang='lat' dir='ltr'>suscipiendo</span> <span class='ocrx_word' id='word_1_585' title='bbox 1519 4371 1964 4427; x_wconf 76' lang='lat' dir='ltr'>similitudinem</span> <span class='ocrx_word' id='word_1_586' title='bbox 1987 4390 2112 4428; x_wconf 89' lang='lat' dir='ltr'>car-</span> 
     </span>
    </p>
   </div>
   <div class='ocr_carea' id='block_1_78' title="bbox 465 4457 2108 4529">
    <p class='ocr_par' dir='ltr' id='par_1_78' title="bbox 465 4457 2108 4529">
     <span class='ocr_line' id='line_1_78' title="bbox 465 4457 2108 4529; baseline 0.005 -19"><span class='ocrx_word' id='word_1_587' title='bbox 465 4458 557 4512; x_wconf 87' lang='lat' dir='ltr'>nis</span> <span class='ocrx_word' id='word_1_588' title='bbox 589 4459 830 4529; x_wconf 88' lang='lat' dir='ltr'>peccati,</span> <span class='ocrx_word' id='word_1_589' title='bbox 858 4462 920 4512; x_wconf 91' lang='lat' dir='ltr'>ut</span> <span class='ocrx_word' id='word_1_590' title='bbox 948 4457 1159 4512; x_wconf 91' lang='lat' dir='ltr'>delicta</span> <span class='ocrx_word' id='word_1_591' title='bbox 1182 4463 1389 4513; x_wconf 72' lang='lat' dir='ltr'>nostra:</span> <span class='ocrx_word' id='word_1_592' title='bbox 1425 4461 1616 4514; x_wconf 87' lang='lat' dir='ltr'>carnis</span> <span class='ocrx_word' id='word_1_593' title='bbox 1645 4461 1916 4515; x_wconf 74' lang='lat' dir='ltr'>aboleret.</span> <span class='ocrx_word' id='word_1_594' title='bbox 1939 4462 2108 4517; x_wconf 90' lang='lat' dir='ltr'>Dam-</span> 
     </span>
    </p>
   </div>
   <div class='ocr_carea' id='block_1_79' title="bbox 465 4547 2190 4633">
    <p class='ocr_par' dir='ltr' id='par_1_79' title="bbox 465 4547 2190 4633">
     <span class='ocr_line' id='line_1_79' title="bbox 465 4547 2190 4633; baseline 0.003 -33"><span class='ocrx_word' id='word_1_595' title='bbox 465 4547 623 4601; x_wconf 89' lang='lat' dir='ltr'>navit</span> <span class='ocrx_word' id='word_1_596' title='bbox 645 4553 967 4617; x_wconf 90' lang='lat' dir='ltr'>peccatum,</span> <span class='ocrx_word' id='word_1_597' title='bbox 988 4552 1052 4600; x_wconf 91' lang='lat' dir='ltr'>ut</span> <span class='ocrx_word' id='word_1_598' title='bbox 1074 4552 1309 4618; x_wconf 90' lang='lat' dir='ltr'>peccata</span> <span class='ocrx_word' id='word_1_599' title='bbox 1331 4552 1525 4603; x_wconf 86' lang='lat' dir='ltr'>nostra</span> <span class='ocrx_word' id='word_1_600' title='bbox 1546 4548 1602 4602; x_wconf 91' lang='lat' dir='ltr'>in</span> <span class='ocrx_word' id='word_1_601' title='bbox 1629 4566 1734 4604; x_wconf 83' lang='lat' dir='ltr'>sua</span> <span class='ocrx_word' id='word_1_602' title='bbox 1755 4566 1924 4605; x_wconf 69' lang='lat' dir='ltr'>carne</span> <span class='ocrx_word' id='word_1_603' title='bbox 1977 4568 2112 4606; x_wconf 89' lang='lat' dir='ltr'>cru-</span> <span class='ocrx_word' id='word_1_604' title='bbox 2143 4569 2190 4633; x_wconf 84' lang='lat' dir='ltr'>D</span> 
     </span>
    </p>
   </div>
   <div class='ocr_carea' id='block_1_80' title="bbox 463 4635 2110 4708">
    <p class='ocr_par' dir='ltr' id='par_1_80' title="bbox 463 4635 2110 4708">
     <span class='ocr_line' id='line_1_80' title="bbox 463 4635 2110 4708; baseline 0.004 -20"><span class='ocrx_word' id='word_1_605' title='bbox 463 4635 724 4708; x_wconf 85' lang='lat' dir='ltr'>ciﬁgeret</span> <span class='ocrx_word' id='word_1_606' title='bbox 755 4653 767 4702; x_wconf 93' lang='lat'>;</span> <span class='ocrx_word' id='word_1_607' title='bbox 802 4635 988 4690; x_wconf 80' lang='lat' dir='ltr'>factus</span> <span class='ocrx_word' id='word_1_608' title='bbox 1020 4652 1124 4706; x_wconf 87' lang='lat' dir='ltr'>pro</span> <span class='ocrx_word' id='word_1_609' title='bbox 1155 4636 1323 4690; x_wconf 92' lang='lat' dir='ltr'>nobis</span> <span class='ocrx_word' id='word_1_610' title='bbox 1344 4636 1467 4706; x_wconf 85' lang='lat' dir='ltr'>ipse</span> <span class='ocrx_word' id='word_1_611' title='bbox 1491 4642 1813 4708; x_wconf 89' lang='lat' dir='ltr'>peccatum,</span> <span class='ocrx_word' id='word_1_612' title='bbox 1833 4644 1895 4693; x_wconf 92' lang='lat' dir='ltr'>ut</span> <span class='ocrx_word' id='word_1_613' title='bbox 1917 4656 2021 4694; x_wconf 88' lang='lat' dir='ltr'>nos</span> <span class='ocrx_word' id='word_1_614' title='bbox 2054 4640 2110 4694; x_wconf 91' lang='lat' dir='ltr'>in</span> 
     </span>
    </p>
   </div>
   <div class='ocr_carea' id='block_1_81' title="bbox 461 4723 2112 4798">
    <p class='ocr_par' dir='ltr' id='par_1_81' title="bbox 461 4723 2112 4798">
     <span class='ocr_line' id='line_1_81' title="bbox 461 4723 2112 4798; baseline 0.002 -20"><span class='ocrx_word' id='word_1_615' title='bbox 461 4723 590 4795; x_wconf 90' lang='lat' dir='ltr'>ipso</span> <span class='ocrx_word' id='word_1_616' title='bbox 620 4740 886 4780; x_wconf 89' lang='lat' dir='ltr'>essemus</span> <span class='ocrx_word' id='word_1_617' title='bbox 917 4723 1152 4793; x_wconf 90' lang='lat' dir='ltr'>justitia</span> <span class='ocrx_word' id='word_1_618' title='bbox 1177 4724 1300 4790; x_wconf 88' lang='lat' dir='ltr'>Dei,</span> <span class='ocrx_word' id='word_1_619' title='bbox 1361 4726 1461 4796; x_wconf 89' lang='lat' dir='ltr'>qui</span> <span class='ocrx_word' id='word_1_620' title='bbox 1515 4741 1750 4780; x_wconf 90' lang='lat' dir='ltr'>eramus</span> <span class='ocrx_word' id='word_1_621' title='bbox 1807 4728 2112 4798; x_wconf 87' lang='lat' dir='ltr'>captivitas</span> 
     </span>
    </p>
   </div>
   <div class='ocr_carea' id='block_1_82' title="bbox 461 4802 2110 4884">
    <p class='ocr_par' dir='ltr' id='par_1_82' title="bbox 461 4802 2110 4884">
     <span class='ocr_line' id='line_1_82' title="bbox 461 4802 2110 4884; baseline 0.003 -18"><span class='ocrx_word' id='word_1_622' title='bbox 461 4813 690 4880; x_wconf 91' lang='lat' dir='ltr'>mortis,</span> <span class='ocrx_word' id='word_1_623' title='bbox 716 4816 773 4866; x_wconf 90' lang='lat' dir='ltr'>et</span> <span class='ocrx_word' id='word_1_624' title='bbox 801 4812 996 4883; x_wconf 70' lang='lat' dir='ltr'>praeda</span> <span class='ocrx_word' id='word_1_625' title='bbox 1026 4813 1334 4882; x_wconf 88' lang='lat' dir='ltr'>serpentis.</span> <span class='ocrx_word' id='word_1_626' title='bbox 1371 4814 1519 4883; x_wconf 83' lang='lat' dir='ltr'>Ergo</span> <span class='ocrx_word' id='word_1_627' title='bbox 1549 4802 1779 4884; x_wconf 62' lang='lat' dir='ltr'>piet&#39;atis</span> <span class='ocrx_word' id='word_1_628' title='bbox 1835 4823 1923 4870; x_wconf 90' lang='lat' dir='ltr'>est</span> <span class='ocrx_word' id='word_1_629' title='bbox 1979 4833 2110 4871; x_wconf 89' lang='lat' dir='ltr'>sus-</span> 
     </span>
    </p>
   </div>
   <div class='ocr_carea' id='block_1_83' title="bbox 462 4900 2113 4975">
    <p class='ocr_par' dir='ltr' id='par_1_83' title="bbox 462 4900 2113 4975">
     <span class='ocr_line' id='line_1_83' title="bbox 462 4900 2113 4975; baseline 0.002 -19"><span class='ocrx_word' id='word_1_630' title='bbox 462 4901 648 4973; x_wconf 90' lang='lat' dir='ltr'>ceptio</span> <span class='ocrx_word' id='word_1_631' title='bbox 681 4905 1050 4973; x_wconf 88' lang='lat' dir='ltr'>peccatorum</span> <span class='ocrx_word' id='word_1_632' title='bbox 1087 4900 1217 4968; x_wconf 89' lang='lat' dir='ltr'>ista,</span> <span class='ocrx_word' id='word_1_633' title='bbox 1257 4917 1369 4954; x_wconf 91' lang='lat' dir='ltr'>non</span> <span class='ocrx_word' id='word_1_634' title='bbox 1404 4901 1688 4958; x_wconf 80' lang='lat' dir='ltr'>criminis.</span> <span class='ocrx_word' id='word_1_635' title='bbox 1724 4903 1830 4956; x_wconf 80' lang='lat' dir='ltr'>Per</span> <span class='ocrx_word' id='word_1_636' title='bbox 1860 4903 1967 4959; x_wconf 88' lang='lat' dir='ltr'>hoc</span> <span class='ocrx_word' id='word_1_637' title='bbox 1990 4922 2113 4975; x_wconf 85' lang='lat' dir='ltr'>pec-</span> 
     </span>
    </p>
   </div>
   <div class='ocr_carea' id='block_1_84' title="bbox 462 4989 2111 5064">
    <p class='ocr_par' dir='ltr' id='par_1_84' title="bbox 462 4989 2111 5064">
     <span class='ocr_line' id='line_1_84' title="bbox 462 4989 2111 5064; baseline 0.003 -21"><span class='ocrx_word' id='word_1_638' title='bbox 462 4994 655 5044; x_wconf 89' lang='lat' dir='ltr'>catum</span> <span class='ocrx_word' id='word_1_639' title='bbox 680 5007 786 5045; x_wconf 92' lang='lat' dir='ltr'>nos</span> <span class='ocrx_word' id='word_1_640' title='bbox 808 4990 961 5044; x_wconf 89' lang='lat' dir='ltr'>Deus</span> <span class='ocrx_word' id='word_1_641' title='bbox 992 4998 1242 5044; x_wconf 70' lang='lat' dir='ltr'>aeternus</span> <span class='ocrx_word' id='word_1_642' title='bbox 1273 4989 1538 5053; x_wconf 86' lang='lat' dir='ltr'>absolvit,</span> <span class='ocrx_word' id='word_1_643' title='bbox 1563 4991 1663 5061; x_wconf 87' lang='lat' dir='ltr'>qui</span> <span class='ocrx_word' id='word_1_644' title='bbox 1691 4991 1829 5046; x_wconf 79' lang='lat' dir='ltr'>Filio</span> <span class='ocrx_word' id='word_1_645' title='bbox 1855 5011 1960 5047; x_wconf 77' lang='lat' dir='ltr'>suo</span> <span class='ocrx_word' id='word_1_646' title='bbox 1985 5011 2111 5064; x_wconf 82' lang='lat' dir='ltr'>pro-</span> 
     </span>
    </p>
   </div>
   <div class='ocr_carea' id='block_1_85' title="bbox 465 5077 2106 5152">
    <p class='ocr_par' dir='ltr' id='par_1_85' title="bbox 465 5077 2106 5152">
     <span class='ocr_line' id='line_1_85' title="bbox 465 5077 2106 5152; baseline 0.003 -21"><span class='ocrx_word' id='word_1_647' title='bbox 465 5078 587 5148; x_wconf 91' lang='lat' dir='ltr'>prio</span> <span class='ocrx_word' id='word_1_648' title='bbox 620 5095 730 5132; x_wconf 91' lang='lat' dir='ltr'>non</span> <span class='ocrx_word' id='word_1_649' title='bbox 754 5077 1028 5149; x_wconf 89' lang='lat' dir='ltr'>pepercit,</span> <span class='ocrx_word' id='word_1_650' title='bbox 1052 5082 1108 5132; x_wconf 89' lang='lat' dir='ltr'>et</span> <span class='ocrx_word' id='word_1_651' title='bbox 1153 5082 1458 5150; x_wconf 90' lang='lat' dir='ltr'>peccatum</span> <span class='ocrx_word' id='word_1_652' title='bbox 1491 5094 1625 5134; x_wconf 88' lang='lat' dir='ltr'>eum</span> <span class='ocrx_word' id='word_1_653' title='bbox 1661 5079 1793 5134; x_wconf 78' lang='lat' dir='ltr'>fecit</span> <span class='ocrx_word' id='word_1_654' title='bbox 1821 5097 1950 5136; x_wconf 90' lang='lat' dir='ltr'>esse</span> <span class='ocrx_word' id='word_1_655' title='bbox 2003 5098 2106 5152; x_wconf 92' lang='lat' dir='ltr'>pro</span> 
     </span>
    </p>
   </div>
   <div class='ocr_carea' id='block_1_86' title="bbox 467 5165 2094 5239">
    <p class='ocr_par' dir='ltr' id='par_1_86' title="bbox 467 5165 2094 5239">
     <span class='ocr_line' id='line_1_86' title="bbox 467 5165 2094 5239; baseline 0.003 -20"><span class='ocrx_word' id='word_1_656' title='bbox 467 5165 650 5221; x_wconf 89' lang='lat' dir='ltr'>nobis.</span> <span class='ocrx_word' id='word_1_657' title='bbox 677 5166 893 5222; x_wconf 89' lang='lat' dir='ltr'>Deinde</span> <span class='ocrx_word' id='word_1_658' title='bbox 926 5167 1225 5222; x_wconf 90' lang='lat' dir='ltr'>damnavit</span> <span class='ocrx_word' id='word_1_659' title='bbox 1256 5172 1559 5239; x_wconf 86' lang='lat' dir='ltr'>peccatum</span> <span class='ocrx_word' id='word_1_660' title='bbox 1591 5165 1857 5223; x_wconf 86' lang='lat' dir='ltr'>Christus</span> <span class='ocrx_word' id='word_1_661' title='bbox 1890 5169 1948 5222; x_wconf 89' lang='lat' dir='ltr'>in</span> <span class='ocrx_word' id='word_1_662' title='bbox 1979 5185 2094 5224; x_wconf 89' lang='lat' dir='ltr'>car-</span> 
     </span>
    </p>
   </div>
   <div class='ocr_carea' id='block_1_87' title="bbox 466 5253 2107 5328">
    <p class='ocr_par' dir='ltr' id='par_1_87' title="bbox 466 5253 2107 5328">
     <span class='ocr_line' id='line_1_87' title="bbox 466 5253 2107 5328; baseline 0.005 -24"><span class='ocrx_word' id='word_1_663' title='bbox 466 5266 537 5304; x_wconf 91' lang='lat' dir='ltr'>ne</span> <span class='ocrx_word' id='word_1_664' title='bbox 565 5253 632 5306; x_wconf 93' lang='lat' dir='ltr'>de</span> <span class='ocrx_word' id='word_1_665' title='bbox 659 5253 787 5324; x_wconf 86' lang='lat' dir='ltr'>ipsa</span> <span class='ocrx_word' id='word_1_666' title='bbox 817 5270 990 5309; x_wconf 87' lang='lat' dir='ltr'>carne</span> <span class='ocrx_word' id='word_1_667' title='bbox 1019 5255 1258 5326; x_wconf 91' lang='lat' dir='ltr'>peccati,</span> <span class='ocrx_word' id='word_1_668' title='bbox 1284 5255 1732 5328; x_wconf 72' lang='lat' dir='ltr'>quaajudicabili</span> <span class='ocrx_word' id='word_1_669' title='bbox 1755 5257 2008 5327; x_wconf 90' lang='lat' dir='ltr'>quodam</span> <span class='ocrx_word' id='word_1_670' title='bbox 2031 5259 2107 5312; x_wconf 88' lang='lat' dir='ltr'>vi-</span> 
     </span>
    </p>
   </div>
   <div class='ocr_carea' id='block_1_88' title="bbox 468 5342 2106 5416">
    <p class='ocr_par' dir='ltr' id='par_1_88' title="bbox 468 5342 2106 5416">
     <span class='ocr_line' id='line_1_88' title="bbox 468 5342 2106 5416; baseline 0.007 -26"><span class='ocrx_word' id='word_1_671' title='bbox 468 5352 602 5406; x_wconf 85' lang='lat' dir='ltr'>gore</span> <span class='ocrx_word' id='word_1_672' title='bbox 623 5345 678 5394; x_wconf 90' lang='lat' dir='ltr'>et</span> <span class='ocrx_word' id='word_1_673' title='bbox 697 5342 1039 5398; x_wconf 90' lang='lat' dir='ltr'>auctoritate</span> <span class='ocrx_word' id='word_1_674' title='bbox 1089 5345 1374 5411; x_wconf 88' lang='lat' dir='ltr'>censoria,</span> <span class='ocrx_word' id='word_1_675' title='bbox 1422 5343 1546 5398; x_wconf 91' lang='lat' dir='ltr'>odit</span> <span class='ocrx_word' id='word_1_676' title='bbox 1565 5343 1702 5400; x_wconf 89' lang='lat' dir='ltr'>vitia</span> <span class='ocrx_word' id='word_1_677' title='bbox 1749 5361 1876 5416; x_wconf 81' lang='lat' dir='ltr'>quas</span> <span class='ocrx_word' id='word_1_678' title='bbox 1909 5363 2106 5402; x_wconf 87' lang='lat' dir='ltr'>amare</span> 
     </span>
    </p>
   </div>
   <div class='ocr_carea' id='block_1_89' title="bbox 469 5431 2106 5505">
    <p class='ocr_par' dir='ltr' id='par_1_89' title="bbox 469 5431 2106 5505">
     <span class='ocr_line' id='line_1_89' title="bbox 469 5431 2106 5505; baseline 0.009 -29"><span class='ocrx_word' id='word_1_679' title='bbox 469 5434 858 5495; x_wconf 88' lang='lat' dir='ltr'>consueverat,</span> <span class='ocrx_word' id='word_1_680' title='bbox 918 5435 975 5484; x_wconf 89' lang='lat' dir='ltr'>et</span> <span class='ocrx_word' id='word_1_681' title='bbox 1029 5431 1224 5487; x_wconf 91' lang='lat' dir='ltr'>horret</span> <span class='ocrx_word' id='word_1_682' title='bbox 1254 5432 1706 5505; x_wconf 90' lang='lat' dir='ltr'>impudicitiam,</span> <span class='ocrx_word' id='word_1_683' title='bbox 1778 5450 1956 5505; x_wconf 88' lang='lat' dir='ltr'>quam</span> <span class='ocrx_word' id='word_1_684' title='bbox 2007 5452 2106 5491; x_wconf 88' lang='lat' dir='ltr'>vo-</span> 
     </span>
    </p>
   </div>
   <div class='ocr_carea' id='block_1_90' title="bbox 2224 3291 3891 3366">
    <p class='ocr_par' dir='ltr' id='par_1_90' title="bbox 2224 3291 3891 3366">
     <span class='ocr_line' id='line_1_90' title="bbox 2224 3291 3891 3366; baseline 0.001 -18"><span class='ocrx_word' id='word_1_685' title='bbox 2224 3297 2413 3366; x_wconf 89' lang='lat' dir='ltr'>potest</span> <span class='ocrx_word' id='word_1_686' title='bbox 2443 3293 2545 3347; x_wconf 89' lang='lat' dir='ltr'>tibi</span> <span class='ocrx_word' id='word_1_687' title='bbox 2580 3293 2876 3364; x_wconf 85' lang='lat' dir='ltr'>prodesse,</span> <span class='ocrx_word' id='word_1_688' title='bbox 2911 3292 2957 3346; x_wconf 90' lang='lat' dir='ltr'>si</span> <span class='ocrx_word' id='word_1_689' title='bbox 3013 3291 3306 3364; x_wconf 84' lang='lat' dir='ltr'>intelligas</span> <span class='ocrx_word' id='word_1_690' title='bbox 3339 3308 3352 3344; x_wconf 88' lang='lat'>:</span> <span class='ocrx_word' id='word_1_691' title='bbox 3417 3291 3536 3347; x_wconf 89' lang='lat' dir='ltr'>imo</span> <span class='ocrx_word' id='word_1_692' title='bbox 3563 3293 3611 3347; x_wconf 90' lang='lat' dir='ltr'>si</span> <span class='ocrx_word' id='word_1_693' title='bbox 3671 3294 3891 3350; x_wconf 84' lang='lat' dir='ltr'>medici</span> 
     </span>
    </p>
   </div>
   <div class='ocr_carea' id='block_1_91' title="bbox 2223 3380 3892 3455">
    <p class='ocr_par' dir='ltr' id='par_1_91' title="bbox 2223 3380 3892 3455">
     <span class='ocr_line' id='line_1_91' title="bbox 2223 3380 3892 3455; baseline 0.002 -19"><span class='ocrx_word' id='word_1_694' title='bbox 2223 3385 2510 3455; x_wconf 63' lang='lat' dir='ltr'>praecepta</span> <span class='ocrx_word' id='word_1_695' title='bbox 2570 3399 2682 3436; x_wconf 92' lang='lat' dir='ltr'>non</span> <span class='ocrx_word' id='word_1_696' title='bbox 2743 3397 3010 3454; x_wconf 87' lang='lat' dir='ltr'>spernas.</span> <span class='ocrx_word' id='word_1_697' title='bbox 3075 3380 3432 3436; x_wconf 90' lang='lat' dir='ltr'>Imitandum</span> <span class='ocrx_word' id='word_1_698' title='bbox 3485 3381 3643 3436; x_wconf 86' lang='lat' dir='ltr'>disce</span> <span class='ocrx_word' id='word_1_699' title='bbox 3703 3399 3892 3453; x_wconf 87' lang='lat' dir='ltr'>quem</span> 
     </span>
    </p>
   </div>
   <div class='ocr_carea' id='block_1_92' title="bbox 2224 3471 3883 3545">
    <p class='ocr_par' dir='ltr' id='par_1_92' title="bbox 2224 3471 3883 3545">
     <span class='ocr_line' id='line_1_92' title="bbox 2224 3471 3883 3545; baseline 0.001 -18"><span class='ocrx_word' id='word_1_700' title='bbox 2224 3477 2394 3544; x_wconf 91' lang='lat' dir='ltr'>putas</span> <span class='ocrx_word' id='word_1_701' title='bbox 2444 3489 2572 3528; x_wconf 68' lang='lat' dir='ltr'>esse</span> <span class='ocrx_word' id='word_1_702' title='bbox 2627 3471 2992 3545; x_wconf 83' lang='lat' dir='ltr'>fugiendum.</span> <span class='ocrx_word' id='word_1_703' title='bbox 3049 3495 3077 3520; x_wconf 88' lang='grc'><strong>‹‹</strong></span> <span class='ocrx_word' id='word_1_704' title='bbox 3136 3471 3350 3541; x_wconf 84' lang='lat' dir='ltr'>Estote,</span> <span class='ocrx_word' id='word_1_705' title='bbox 3414 3471 3618 3541; x_wconf 89' lang='lat' dir='ltr'>inquit,</span> <span class='ocrx_word' id='word_1_706' title='bbox 3678 3476 3883 3530; x_wconf 83' lang='lat' dir='ltr'>astuti</span> 
     </span>
    </p>
   </div>
   <div class='ocr_carea' id='block_1_93' title="bbox 2228 3559 3888 3632">
    <p class='ocr_par' dir='ltr' id='par_1_93' title="bbox 2228 3559 3888 3632">
     <span class='ocr_line' id='line_1_93' title="bbox 2228 3559 3888 3632; baseline 0.002 -18"><span class='ocrx_word' id='word_1_707' title='bbox 2228 3561 2381 3615; x_wconf 87' lang='lat' dir='ltr'>sicut</span> <span class='ocrx_word' id='word_1_708' title='bbox 2413 3565 2736 3632; x_wconf 84' lang='lat' dir='ltr'>serpentes,</span> <span class='ocrx_word' id='word_1_709' title='bbox 2768 3563 2825 3616; x_wconf 92' lang='lat' dir='ltr'>et</span> <span class='ocrx_word' id='word_1_710' title='bbox 2855 3559 3154 3632; x_wconf 88' lang='lat' dir='ltr'>simplices</span> <span class='ocrx_word' id='word_1_711' title='bbox 3185 3559 3338 3615; x_wconf 90' lang='lat' dir='ltr'>sicut</span> <span class='ocrx_word' id='word_1_712' title='bbox 3364 3559 3641 3615; x_wconf 66' lang='lat' dir='ltr'>columbae</span> <span class='ocrx_word' id='word_1_713' title='bbox 3671 3560 3888 3630; x_wconf 56' lang='lat' dir='ltr'>(Matth.</span> 
     </span>
    </p>
   </div>
   <div class='ocr_carea' id='block_1_94' title="bbox 2223 3647 3883 3722">
    <p class='ocr_par' dir='ltr' id='par_1_94' title="bbox 2223 3647 3883 3722">
     <span class='ocr_line' id='line_1_94' title="bbox 2223 3647 3883 3722; baseline 0.002 -20"><span class='ocrx_word' id='word_1_714' title='bbox 2223 3667 2274 3715; x_wconf 70' lang='grc' dir='ltr'>Χ,</span> <span class='ocrx_word' id='word_1_715' title='bbox 2317 3652 2419 3718; x_wconf 73' lang='lat'>16).</span> <span class='ocrx_word' id='word_1_716' title='bbox 2459 3673 2484 3697; x_wconf 87' lang='grc'><strong>››</strong></span> <span class='ocrx_word' id='word_1_717' title='bbox 2519 3650 2691 3705; x_wconf 88' lang='lat' dir='ltr'>Serva</span> <span class='ocrx_word' id='word_1_718' title='bbox 2723 3653 2898 3722; x_wconf 90' lang='lat' dir='ltr'>caput</span> <span class='ocrx_word' id='word_1_719' title='bbox 2927 3654 3098 3704; x_wconf 89' lang='lat' dir='ltr'>tuum</span> <span class='ocrx_word' id='word_1_720' title='bbox 3129 3647 3282 3704; x_wconf 90' lang='lat' dir='ltr'>sicut</span> <span class='ocrx_word' id='word_1_721' title='bbox 3312 3665 3556 3722; x_wconf 88' lang='lat' dir='ltr'>serpens</span> <span class='ocrx_word' id='word_1_722' title='bbox 3589 3669 3604 3717; x_wconf 88' lang='lat'><strong>;</strong></span> <span class='ocrx_word' id='word_1_723' title='bbox 3637 3652 3768 3706; x_wconf 86' lang='lat' dir='ltr'>etsi</span> <span class='ocrx_word' id='word_1_724' title='bbox 3802 3650 3883 3706; x_wconf 86' lang='lat' dir='ltr'>la-</span> 
     </span>
    </p>
   </div>
   <div class='ocr_carea' id='block_1_95' title="bbox 2229 3738 3880 3810">
    <p class='ocr_par' dir='ltr' id='par_1_95' title="bbox 2229 3738 3880 3810">
     <span class='ocr_line' id='line_1_95' title="bbox 2229 3738 3880 3810; baseline 0.002 -17"><span class='ocrx_word' id='word_1_725' title='bbox 2229 3743 2460 3793; x_wconf 75' lang='lat' dir='ltr'>ceratus</span> <span class='ocrx_word' id='word_1_726' title='bbox 2493 3743 2612 3794; x_wconf 91' lang='lat' dir='ltr'>toto</span> <span class='ocrx_word' id='word_1_727' title='bbox 2645 3755 2884 3810; x_wconf 90' lang='lat' dir='ltr'>corpore</span> <span class='ocrx_word' id='word_1_728' title='bbox 2914 3739 3115 3802; x_wconf 85' lang='lat' dir='ltr'>fueris,</span> <span class='ocrx_word' id='word_1_729' title='bbox 3145 3738 3470 3794; x_wconf 86' lang='lat' dir='ltr'>revivisces.</span> <span class='ocrx_word' id='word_1_730' title='bbox 3495 3738 3689 3810; x_wconf 88' lang='lat' dir='ltr'>Caput</span> <span class='ocrx_word' id='word_1_731' title='bbox 3715 3745 3880 3796; x_wconf 88' lang='lat' dir='ltr'>tuum</span> 
     </span>
    </p>
   </div>
   <div class='ocr_carea' id='block_1_96' title="bbox 2224 3827 3880 3900">
    <p class='ocr_par' dir='ltr' id='par_1_96' title="bbox 2224 3827 3880 3900">
     <span class='ocr_line' id='line_1_96' title="bbox 2224 3827 3880 3900; baseline 0.002 -18"><span class='ocrx_word' id='word_1_732' title='bbox 2224 3827 2496 3882; x_wconf 85' lang='lat' dir='ltr'>Christus</span> <span class='ocrx_word' id='word_1_733' title='bbox 2527 3832 2636 3894; x_wconf 89' lang='lat' dir='ltr'>est,</span> <span class='ocrx_word' id='word_1_734' title='bbox 2669 3828 2809 3898; x_wconf 87' lang='lat' dir='ltr'>quia</span> <span class='ocrx_word' id='word_1_735' title='bbox 2839 3831 3015 3900; x_wconf 88' lang='lat' dir='ltr'>caput</span> <span class='ocrx_word' id='word_1_736' title='bbox 3045 3827 3169 3899; x_wconf 91' lang='lat' dir='ltr'>ipse</span> <span class='ocrx_word' id='word_1_737' title='bbox 3197 3832 3289 3882; x_wconf 87' lang='lat' dir='ltr'>est</span> <span class='ocrx_word' id='word_1_738' title='bbox 3318 3827 3424 3882; x_wconf 92' lang='lat' dir='ltr'>viri</span> <span class='ocrx_word' id='word_1_739' title='bbox 3459 3845 3471 3880; x_wconf 95' lang='lat'>:</span> <span class='ocrx_word' id='word_1_740' title='bbox 3526 3828 3577 3882; x_wconf 86' lang='lat' dir='ltr'>si</span> <span class='ocrx_word' id='word_1_741' title='bbox 3622 3845 3880 3885; x_wconf 80' lang='lat' dir='ltr'>servave-</span> 
     </span>
    </p>
   </div>
   <div class='ocr_carea' id='block_1_97' title="bbox 2231 3915 3880 3988">
    <p class='ocr_par' dir='ltr' id='par_1_97' title="bbox 2231 3915 3880 3988">
     <span class='ocr_line' id='line_1_97' title="bbox 2231 3915 3880 3988; baseline 0.002 -17"><span class='ocrx_word' id='word_1_742' title='bbox 2231 3917 2312 3972; x_wconf 77' lang='lat' dir='ltr'>ris</span> <span class='ocrx_word' id='word_1_743' title='bbox 2335 3917 2532 3986; x_wconf 79' lang='lat' dir='ltr'>(idem,</span> <span class='ocrx_word' id='word_1_744' title='bbox 2566 3922 2623 3972; x_wconf 90' lang='lat' dir='ltr'>et</span> <span class='ocrx_word' id='word_1_745' title='bbox 2654 3917 2701 3972; x_wconf 90' lang='lat' dir='ltr'>si</span> <span class='ocrx_word' id='word_1_746' title='bbox 2735 3922 3003 3972; x_wconf 90' lang='lat' dir='ltr'>mortuus</span> <span class='ocrx_word' id='word_1_747' title='bbox 3035 3917 3216 3971; x_wconf 86' lang='lat' dir='ltr'>fueris</span> <span class='ocrx_word' id='word_1_748' title='bbox 3239 3915 3392 3972; x_wconf 91' lang='lat' dir='ltr'>sicut</span> <span class='ocrx_word' id='word_1_749' title='bbox 3417 3932 3685 3988; x_wconf 86' lang='lat' dir='ltr'>serpens,</span> <span class='ocrx_word' id='word_1_750' title='bbox 3718 3924 3775 3973; x_wconf 90' lang='lat' dir='ltr'>et</span> <span class='ocrx_word' id='word_1_751' title='bbox 3819 3925 3880 3974; x_wconf 91' lang='lat' dir='ltr'>tu</span> 
     </span>
    </p>
   </div>
   <div class='ocr_carea' id='block_1_98' title="bbox 2227 4004 3878 4077">
    <p class='ocr_par' dir='ltr' id='par_1_98' title="bbox 2227 4004 3878 4077">
     <span class='ocr_line' id='line_1_98' title="bbox 2227 4004 3878 4077; baseline 0.002 -18"><span class='ocrx_word' id='word_1_752' title='bbox 2227 4021 2518 4076; x_wconf 84' lang='lat' dir='ltr'>resurges.</span> <span class='ocrx_word' id='word_1_753' title='bbox 2552 4004 2788 4060; x_wconf 89' lang='lat' dir='ltr'>Imitare</span> <span class='ocrx_word' id='word_1_754' title='bbox 2819 4009 3174 4077; x_wconf 83' lang='lat' dir='ltr'>serpentem,</span> <span class='ocrx_word' id='word_1_755' title='bbox 3209 4004 3312 4076; x_wconf 93' lang='lat' dir='ltr'>qui</span> <span class='ocrx_word' id='word_1_756' title='bbox 3372 4006 3724 4061; x_wconf 84' lang='lat' dir='ltr'>exteriorem</span> <span class='ocrx_word' id='word_1_757' title='bbox 3781 4023 3878 4062; x_wconf 84' lang='lat' dir='ltr'>su-</span> 
     </span>
    </p>
   </div>
   <div class='ocr_carea' id='block_1_99' title="bbox 2225 4091 3881 4167">
    <p class='ocr_par' dir='ltr' id='par_1_99' title="bbox 2225 4091 3881 4167">
     <span class='ocr_line' id='line_1_99' title="bbox 2225 4091 3881 4167; baseline 0.002 -20"><span class='ocrx_word' id='word_1_758' title='bbox 2225 4110 2322 4147; x_wconf 93' lang='lat' dir='ltr'>um</span> <span class='ocrx_word' id='word_1_759' title='bbox 2356 4097 2538 4158; x_wconf 80' lang='lat' dir='ltr'>exuit,</span> <span class='ocrx_word' id='word_1_760' title='bbox 2572 4097 2637 4148; x_wconf 94' lang='lat' dir='ltr'>ut</span> <span class='ocrx_word' id='word_1_761' title='bbox 2669 4098 2978 4148; x_wconf 89' lang='lat' dir='ltr'>renovetur</span> <span class='ocrx_word' id='word_1_762' title='bbox 3032 4091 3309 4149; x_wconf 88' lang='lat' dir='ltr'>interior:</span> <span class='ocrx_word' id='word_1_763' title='bbox 3373 4093 3605 4149; x_wconf 88' lang='lat' dir='ltr'>imitare</span> <span class='ocrx_word' id='word_1_764' title='bbox 3653 4112 3881 4167; x_wconf 82' lang='lat' dir='ltr'>serpen-</span> 
     </span>
    </p>
   </div>
   <div class='ocr_carea' id='block_1_100' title="bbox 2222 4182 3877 4252">
    <p class='ocr_par' dir='ltr' id='par_1_100' title="bbox 2222 4182 3877 4252">
     <span class='ocr_line' id='line_1_100' title="bbox 2222 4182 3877 4252; baseline 0.001 -16"><span class='ocrx_word' id='word_1_765' title='bbox 2222 4185 2361 4248; x_wconf 90' lang='lat' dir='ltr'>tem,</span> <span class='ocrx_word' id='word_1_766' title='bbox 2399 4182 2501 4252; x_wconf 90' lang='lat' dir='ltr'>qui</span> <span class='ocrx_word' id='word_1_767' title='bbox 2532 4198 2823 4236; x_wconf 89' lang='lat' dir='ltr'>venenum</span> <span class='ocrx_word' id='word_1_768' title='bbox 2855 4198 3031 4237; x_wconf 89' lang='lat' dir='ltr'>suum</span> <span class='ocrx_word' id='word_1_769' title='bbox 3063 4182 3297 4237; x_wconf 87' lang='lat' dir='ltr'>evomit.</span> <span class='ocrx_word' id='word_1_770' title='bbox 3353 4182 3567 4238; x_wconf 88' lang='lat' dir='ltr'>Beatus</span> <span class='ocrx_word' id='word_1_771' title='bbox 3595 4188 3652 4237; x_wconf 89' lang='lat' dir='ltr'>et</span> <span class='ocrx_word' id='word_1_772' title='bbox 3709 4189 3772 4238; x_wconf 90' lang='lat' dir='ltr'>tu</span> <span class='ocrx_word' id='word_1_773' title='bbox 3831 4183 3877 4239; x_wconf 88' lang='lat' dir='ltr'>si</span> 
     </span>
    </p>
   </div>
   <div class='ocr_carea' id='block_1_101' title="bbox 2223 4269 3877 4342">
    <p class='ocr_par' dir='ltr' id='par_1_101' title="bbox 2223 4269 3877 4342">
     <span class='ocr_line' id='line_1_101' title="bbox 2223 4269 3877 4342; baseline 0.002 -17"><span class='ocrx_word' id='word_1_774' title='bbox 2223 4271 2603 4342; x_wconf 88' lang='lat' dir='ltr'>cogitationes</span> <span class='ocrx_word' id='word_1_775' title='bbox 2634 4274 2768 4326; x_wconf 89' lang='lat' dir='ltr'>tuas</span> <span class='ocrx_word' id='word_1_776' title='bbox 2801 4269 2988 4326; x_wconf 86' lang='lat' dir='ltr'>malas</span> <span class='ocrx_word' id='word_1_777' title='bbox 3019 4274 3340 4339; x_wconf 88' lang='lat' dir='ltr'>evomas,et</span> <span class='ocrx_word' id='word_1_778' title='bbox 3371 4269 3602 4326; x_wconf 73' lang='lat' dir='ltr'>malitiae</span> <span class='ocrx_word' id='word_1_779' title='bbox 3630 4276 3742 4326; x_wconf 71' lang='lat' dir='ltr'>tua</span> <span class='ocrx_word' id='word_1_780' title='bbox 3777 4289 3877 4328; x_wconf 84' lang='lat' dir='ltr'>ve-</span> 
     </span>
    </p>
   </div>
   <div class='ocr_carea' id='block_1_102' title="bbox 2223 4358 3876 4431">
    <p class='ocr_par' dir='ltr' id='par_1_102' title="bbox 2223 4358 3876 4431">
     <span class='ocr_line' id='line_1_102' title="bbox 2223 4358 3876 4431; baseline 0.002 -19"><span class='ocrx_word' id='word_1_781' title='bbox 2223 4375 2374 4413; x_wconf 92' lang='lat' dir='ltr'>nena</span> <span class='ocrx_word' id='word_1_782' title='bbox 2398 4359 2678 4430; x_wconf 89' lang='lat' dir='ltr'>deponas.</span> <span class='ocrx_word' id='word_1_783' title='bbox 2712 4358 2967 4415; x_wconf 89' lang='lat' dir='ltr'>Celebris</span> <span class='ocrx_word' id='word_1_784' title='bbox 2998 4375 3188 4414; x_wconf 88' lang='lat' dir='ltr'>sermo</span> <span class='ocrx_word' id='word_1_785' title='bbox 3239 4364 3347 4425; x_wconf 89' lang='lat' dir='ltr'>est,</span> <span class='ocrx_word' id='word_1_786' title='bbox 3405 4363 3463 4414; x_wconf 92' lang='lat' dir='ltr'>et</span> <span class='ocrx_word' id='word_1_787' title='bbox 3516 4359 3876 4431; x_wconf 86' lang='lat' dir='ltr'>scriptorum</span> 
     </span>
    </p>
   </div>
   <div class='ocr_carea' id='block_1_103' title="bbox 2224 4448 3877 4522">
    <p class='ocr_par' dir='ltr' id='par_1_103' title="bbox 2224 4448 3877 4522">
     <span class='ocr_line' id='line_1_103' title="bbox 2224 4448 3877 4522; baseline 0.002 -20"><span class='ocrx_word' id='word_1_788' title='bbox 2224 4448 2568 4503; x_wconf 87' lang='lat' dir='ltr'>auctoritate</span> <span class='ocrx_word' id='word_1_789' title='bbox 2619 4448 2914 4513; x_wconf 90' lang='lat' dir='ltr'>robustus,</span> <span class='ocrx_word' id='word_1_790' title='bbox 2948 4453 3302 4519; x_wconf 87' lang='lat' dir='ltr'>serpentem,</span> <span class='ocrx_word' id='word_1_791' title='bbox 3348 4449 3519 4519; x_wconf 89' lang='lat' dir='ltr'>aquis</span> <span class='ocrx_word' id='word_1_792' title='bbox 3570 4450 3877 4522; x_wconf 86' lang='lat' dir='ltr'>appropin-</span> 
     </span>
    </p>
   </div>
   <div class='ocr_carea' id='block_1_104' title="bbox 2223 4536 3878 4609">
    <p class='ocr_par' dir='ltr' id='par_1_104' title="bbox 2223 4536 3878 4609">
     <span class='ocr_line' id='line_1_104' title="bbox 2223 4536 3878 4609; baseline 0.001 -18"><span class='ocrx_word' id='word_1_793' title='bbox 2223 4540 2501 4608; x_wconf 89' lang='lat' dir='ltr'>quantem</span> <span class='ocrx_word' id='word_1_794' title='bbox 2535 4536 2703 4591; x_wconf 91' lang='lat' dir='ltr'>sibilo</span> <span class='ocrx_word' id='word_1_795' title='bbox 2736 4536 2849 4591; x_wconf 89' lang='lat' dir='ltr'>sibi</span> <span class='ocrx_word' id='word_1_796' title='bbox 2881 4536 3110 4592; x_wconf 69' lang='lat' dir='ltr'>feminae</span> <span class='ocrx_word' id='word_1_797' title='bbox 3125 4537 3337 4609; x_wconf 86' lang='lat' dir='ltr'>anguis</span> <span class='ocrx_word' id='word_1_798' title='bbox 3371 4553 3656 4608; x_wconf 88' lang='lat' dir='ltr'>sponsare</span> <span class='ocrx_word' id='word_1_799' title='bbox 3677 4555 3878 4594; x_wconf 86' lang='lat' dir='ltr'>concu-</span> 
     </span>
    </p>
   </div>
   <div class='ocr_carea' id='block_1_105' title="bbox 2223 4623 3876 4699">
    <p class='ocr_par' dir='ltr' id='par_1_105' title="bbox 2223 4623 3876 4699">
     <span class='ocr_line' id='line_1_105' title="bbox 2223 4623 3876 4699; baseline 0.003 -21"><span class='ocrx_word' id='word_1_800' title='bbox 2223 4624 2380 4679; x_wconf 89' lang='lat' dir='ltr'>bitus</span> <span class='ocrx_word' id='word_1_801' title='bbox 2405 4642 2417 4690; x_wconf 88' lang='lat'>;</span> <span class='ocrx_word' id='word_1_802' title='bbox 2446 4623 2606 4679; x_wconf 90' lang='lat' dir='ltr'>illam</span> <span class='ocrx_word' id='word_1_803' title='bbox 2632 4625 2876 4696; x_wconf 67' lang='lat' dir='ltr'>propria:</span> <span class='ocrx_word' id='word_1_804' title='bbox 2903 4624 3307 4680; x_wconf 86' lang='lat' dir='ltr'>consulentem</span> <span class='ocrx_word' id='word_1_805' title='bbox 3329 4625 3529 4692; x_wconf 90' lang='lat' dir='ltr'>saluti,</span> <span class='ocrx_word' id='word_1_806' title='bbox 3548 4642 3620 4682; x_wconf 88' lang='lat' dir='ltr'>ea</span> <span class='ocrx_word' id='word_1_807' title='bbox 3636 4632 3876 4699; x_wconf 80' lang='lat' dir='ltr'>sponde-</span> 
     </span>
    </p>
   </div>
   <div class='ocr_carea' id='block_1_106' title="bbox 2223 4711 3872 4786">
    <p class='ocr_par' dir='ltr' id='par_1_106' title="bbox 2223 4711 3872 4786">
     <span class='ocr_line' id='line_1_106' title="bbox 2223 4711 3872 4786; baseline 0.003 -21"><span class='ocrx_word' id='word_1_808' title='bbox 2223 4729 2281 4767; x_wconf 89' lang='lat' dir='ltr'>re</span> <span class='ocrx_word' id='word_1_809' title='bbox 2304 4711 2427 4784; x_wconf 88' lang='lat' dir='ltr'>lege</span> <span class='ocrx_word' id='word_1_810' title='bbox 2454 4713 2665 4784; x_wconf 90' lang='lat' dir='ltr'>petitos</span> <span class='ocrx_word' id='word_1_811' title='bbox 2688 4713 2875 4769; x_wconf 89' lang='lat' dir='ltr'>coitus</span> <span class='ocrx_word' id='word_1_812' title='bbox 2899 4715 2989 4769; x_wconf 90' lang='lat' dir='ltr'>sui</span> <span class='ocrx_word' id='word_1_813' title='bbox 3026 4731 3193 4779; x_wconf 90' lang='lat' dir='ltr'>usus,</span> <span class='ocrx_word' id='word_1_814' title='bbox 3230 4715 3275 4768; x_wconf 91' lang='lat' dir='ltr'>si</span> <span class='ocrx_word' id='word_1_815' title='bbox 3312 4731 3559 4786; x_wconf 88' lang='lat' dir='ltr'>serpens</span> <span class='ocrx_word' id='word_1_816' title='bbox 3589 4731 3872 4772; x_wconf 88' lang='lat' dir='ltr'>venenum</span> 
     </span>
    </p>
   </div>
   <div class='ocr_carea' id='block_1_107' title="bbox 2221 4802 3872 4876">
    <p class='ocr_par' dir='ltr' id='par_1_107' title="bbox 2221 4802 3872 4876">
     <span class='ocr_line' id='line_1_107' title="bbox 2221 4802 3872 4876; baseline 0.004 -22"><span class='ocrx_word' id='word_1_817' title='bbox 2221 4804 2468 4866; x_wconf 86' lang='lat' dir='ltr'>evomat,</span> <span class='ocrx_word' id='word_1_818' title='bbox 2505 4805 2857 4872; x_wconf 90' lang='lat' dir='ltr'>captumque</span> <span class='ocrx_word' id='word_1_819' title='bbox 2890 4802 3356 4873; x_wconf 84' lang='lat' dir='ltr'>obedirejussis,</span> <span class='ocrx_word' id='word_1_820' title='bbox 3381 4819 3549 4858; x_wconf 89' lang='lat' dir='ltr'>arma</span> <span class='ocrx_word' id='word_1_821' title='bbox 3567 4803 3872 4876; x_wconf 60' lang='lat' dir='ltr'>deponent,</span> 
     </span>
    </p>
   </div>
   <div class='ocr_carea' id='block_1_108' title="bbox 2221 4889 3871 4963">
    <p class='ocr_par' dir='ltr' id='par_1_108' title="bbox 2221 4889 3871 4963">
     <span class='ocr_line' id='line_1_108' title="bbox 2221 4889 3871 4963; baseline 0.004 -21"><span class='ocrx_word' id='word_1_822' title='bbox 2221 4905 2286 4943; x_wconf 89' lang='lat' dir='ltr'>ac</span> <span class='ocrx_word' id='word_1_823' title='bbox 2321 4889 2539 4960; x_wconf 91' lang='lat' dir='ltr'>proprii</span> <span class='ocrx_word' id='word_1_824' title='bbox 2574 4906 2733 4944; x_wconf 90' lang='lat' dir='ltr'>more</span> <span class='ocrx_word' id='word_1_825' title='bbox 2757 4895 3080 4946; x_wconf 87' lang='lat' dir='ltr'>conventus</span> <span class='ocrx_word' id='word_1_826' title='bbox 3104 4895 3274 4963; x_wconf 88' lang='lat' dir='ltr'>caput</span> <span class='ocrx_word' id='word_1_827' title='bbox 3309 4890 3396 4946; x_wconf 89' lang='lat' dir='ltr'>ori</span> <span class='ocrx_word' id='word_1_828' title='bbox 3423 4892 3555 4963; x_wconf 87' lang='lat' dir='ltr'>ejus</span> <span class='ocrx_word' id='word_1_829' title='bbox 3599 4893 3871 4958; x_wconf 83' lang='lat' dir='ltr'>inserere,</span> 
     </span>
    </p>
   </div>
   <div class='ocr_carea' id='block_1_109' title="bbox 2220 4977 3869 5051">
    <p class='ocr_par' dir='ltr' id='par_1_109' title="bbox 2220 4977 3869 5051">
     <span class='ocr_line' id='line_1_109' title="bbox 2220 4977 3869 5051; baseline 0.004 -20"><span class='ocrx_word' id='word_1_830' title='bbox 2220 4981 2413 5048; x_wconf 88' lang='lat' dir='ltr'>atque,</span> <span class='ocrx_word' id='word_1_831' title='bbox 2440 4978 2538 5031; x_wconf 88' lang='lat' dir='ltr'>ubi</span> <span class='ocrx_word' id='word_1_832' title='bbox 2572 4977 2858 5034; x_wconf 87' lang='lat' dir='ltr'>calescere</span> <span class='ocrx_word' id='word_1_833' title='bbox 2881 4979 3121 5051; x_wconf 81' lang='lat' dir='ltr'>coeperit</span> <span class='ocrx_word' id='word_1_834' title='bbox 3149 4980 3536 5048; x_wconf 88' lang='lat' dir='ltr'>consuetudo,</span> <span class='ocrx_word' id='word_1_835' title='bbox 3575 4999 3680 5037; x_wconf 89' lang='lat' dir='ltr'>seu</span> <span class='ocrx_word' id='word_1_836' title='bbox 3710 4989 3869 5038; x_wconf 88' lang='lat' dir='ltr'>natu-</span> 
     </span>
    </p>
   </div>
   <div class='ocr_carea' id='block_1_110' title="bbox 2218 5067 3865 5138">
    <p class='ocr_par' dir='ltr' id='par_1_110' title="bbox 2218 5067 3865 5138">
     <span class='ocr_line' id='line_1_110' title="bbox 2218 5067 3865 5138; baseline 0.002 -18"><span class='ocrx_word' id='word_1_837' title='bbox 2218 5083 2292 5120; x_wconf 73' lang='lat' dir='ltr'>rze</span> <span class='ocrx_word' id='word_1_838' title='bbox 2326 5067 2580 5138; x_wconf 90' lang='lat' dir='ltr'>quadam</span> <span class='ocrx_word' id='word_1_839' title='bbox 2609 5067 2905 5137; x_wconf 89' lang='lat' dir='ltr'>violentia,</span> <span class='ocrx_word' id='word_1_840' title='bbox 2938 5084 3043 5124; x_wconf 88' lang='lat' dir='ltr'>seu</span> <span class='ocrx_word' id='word_1_841' title='bbox 3074 5067 3337 5126; x_wconf 90' lang='lat' dir='ltr'>libidinis</span> <span class='ocrx_word' id='word_1_842' title='bbox 3361 5070 3571 5126; x_wconf 87' lang='lat' dir='ltr'>ardore</span> <span class='ocrx_word' id='word_1_843' title='bbox 3598 5072 3865 5127; x_wconf 80' lang='lat' dir='ltr'>feminam</span> 
     </span>
    </p>
   </div>
   <div class='ocr_carea' id='block_1_111' title="bbox 2216 5156 3861 5232">
    <p class='ocr_par' dir='ltr' id='par_1_111' title="bbox 2216 5156 3861 5232">
     <span class='ocr_line' id='line_1_111' title="bbox 2216 5156 3861 5232; baseline 0.004 -22"><span class='ocrx_word' id='word_1_844' title='bbox 2216 5156 2500 5228; x_wconf 89' lang='lat' dir='ltr'>stringere</span> <span class='ocrx_word' id='word_1_845' title='bbox 2530 5161 3010 5229; x_wconf 77' lang='lat' dir='ltr'>ora,morsusque</span> <span class='ocrx_word' id='word_1_846' title='bbox 3041 5157 3302 5215; x_wconf 90' lang='lat' dir='ltr'>libidinis</span> <span class='ocrx_word' id='word_1_847' title='bbox 3332 5159 3553 5215; x_wconf 91' lang='lat' dir='ltr'>osculis</span> <span class='ocrx_word' id='word_1_848' title='bbox 3586 5177 3861 5232; x_wconf 82' lang='lat' dir='ltr'>premere,</span> 
     </span>
    </p>
   </div>
   <div class='ocr_carea' id='block_1_112' title="bbox 2218 5245 3346 5319">
    <p class='ocr_par' dir='ltr' id='par_1_112' title="bbox 2218 5245 3346 5319">
     <span class='ocr_line' id='line_1_112' title="bbox 2218 5245 3346 5319; baseline 0.004 -21"><span class='ocrx_word' id='word_1_849' title='bbox 2218 5248 2392 5316; x_wconf 86' lang='lat' dir='ltr'>atque</span> <span class='ocrx_word' id='word_1_850' title='bbox 2423 5245 2501 5300; x_wconf 91' lang='lat' dir='ltr'>ita</span> <span class='ocrx_word' id='word_1_851' title='bbox 2530 5250 2706 5318; x_wconf 91' lang='lat' dir='ltr'>caput</span> <span class='ocrx_word' id='word_1_852' title='bbox 2735 5248 3025 5319; x_wconf 89' lang='lat' dir='ltr'>serpentis</span> <span class='ocrx_word' id='word_1_853' title='bbox 3057 5249 3346 5304; x_wconf 87' lang='lat' dir='ltr'>abscindi.</span> 
     </span>
    </p>
   </div>
   <div class='ocr_carea' id='block_1_113' title="bbox 2285 5352 3858 5428">
    <p class='ocr_par' dir='ltr' id='par_1_113' title="bbox 2285 5352 3858 5428">
     <span class='ocr_line' id='line_1_113' title="bbox 2285 5352 3858 5428; baseline 0.004 -22"><span class='ocrx_word' id='word_1_854' title='bbox 2285 5353 2338 5406; x_wconf 90' lang='lat'>9.</span> <span class='ocrx_word' id='word_1_855' title='bbox 2365 5352 2565 5408; x_wconf 91' lang='lat' dir='ltr'>Nonne</span> <span class='ocrx_word' id='word_1_856' title='bbox 2588 5353 2649 5408; x_wconf 91' lang='lat' dir='ltr'>in</span> <span class='ocrx_word' id='word_1_857' title='bbox 2668 5358 2877 5409; x_wconf 91' lang='lat' dir='ltr'>natura</span> <span class='ocrx_word' id='word_1_858' title='bbox 2897 5357 3185 5428; x_wconf 89' lang='lat' dir='ltr'>serpentis</span> <span class='ocrx_word' id='word_1_859' title='bbox 3235 5357 3591 5428; x_wconf 82' lang='lat' dir='ltr'>mysterium</span> <span class='ocrx_word' id='word_1_860' title='bbox 3616 5358 3751 5414; x_wconf 83' lang='lat' dir='ltr'>ﬁdei</span> <span class='ocrx_word' id='word_1_861' title='bbox 3781 5373 3858 5412; x_wconf 82' lang='lat' dir='ltr'>re-</span> 
     </span>
    </p>
   </div>
   <div class='ocr_carea' id='block_1_114' title="bbox 2217 5441 3855 5518">
    <p class='ocr_par' dir='ltr' id='par_1_114' title="bbox 2217 5441 3855 5518">
     <span class='ocr_line' id='line_1_114' title="bbox 2217 5441 3855 5518; baseline 0.002 -24"><span class='ocrx_word' id='word_1_862' title='bbox 2217 5455 2532 5511; x_wconf 88' lang='lat' dir='ltr'>cognosces</span> <span class='ocrx_word' id='word_1_863' title='bbox 2560 5441 2588 5496; x_wconf 84' lang='lat'><strong>?</strong></span> <span class='ocrx_word' id='word_1_864' title='bbox 2626 5441 2880 5514; x_wconf 90' lang='lat' dir='ltr'>Serpens</span> <span class='ocrx_word' id='word_1_865' title='bbox 2901 5442 2999 5500; x_wconf 90' lang='lat' dir='ltr'>ille</span> <span class='ocrx_word' id='word_1_866' title='bbox 3018 5444 3274 5516; x_wconf 88' lang='lat' dir='ltr'>paradisi</span> <span class='ocrx_word' id='word_1_867' title='bbox 3299 5445 3458 5518; x_wconf 89' lang='lat' dir='ltr'>prior</span> <span class='ocrx_word' id='word_1_868' title='bbox 3483 5446 3766 5502; x_wconf 81' lang='lat' dir='ltr'>feminam</span> <span class='ocrx_word' id='word_1_869' title='bbox 3793 5443 3855 5500; x_wconf 80' lang='lat' dir='ltr'>ad</span> 
     </span>
    </p>
   </div>
   <div class='ocr_carea' id='block_1_115' title="bbox 541 5653 3666 5751">
    <p class='ocr_par' dir='ltr' id='par_1_115' title="bbox 541 5653 3666 5751">
     <span class='ocr_line' id='line_1_115' title="bbox 541 5653 3666 5751; baseline 0.009 -40"><span class='ocrx_word' id='word_1_870' title='bbox 541 5653 650 5735; x_wconf 66' lang='lat'>(46)</span> <span class='ocrx_word' id='word_1_871' title='bbox 679 5653 942 5733; x_wconf 86' lang='lat' dir='ltr'>Quinque</span> <span class='ocrx_word' id='word_1_872' title='bbox 971 5675 1137 5732; x_wconf 88' lang='lat' dir='ltr'>mss.,</span> <span class='ocrx_word' id='word_1_873' title='bbox 1169 5677 1279 5724; x_wconf 86' lang='lat' dir='ltr'>non</span> <span class='ocrx_word' id='word_1_874' title='bbox 1307 5679 1410 5722; x_wconf 71' lang='lat' dir='ltr'>usu</span> <span class='ocrx_word' id='word_1_875' title='bbox 1438 5665 1702 5742; x_wconf 77' lang='lat' dir='ltr'>qualitate</span> <span class='ocrx_word' id='word_1_876' title='bbox 1728 5669 1978 5744; x_wconf 73' lang='lat' dir='ltr'>suscepit,</span> <span class='ocrx_word' id='word_1_877' title='bbox 2002 5683 2102 5733; x_wconf 79' lang='lat' dir='ltr'>nec</span> <span class='ocrx_word' id='word_1_878' title='bbox 2138 5670 2379 5732; x_wconf 75' lang='lat' dir='ltr'>crimine</span> <span class='ocrx_word' id='word_1_879' title='bbox 2403 5690 2425 5742; x_wconf 84' lang='lat'><strong><em>;</em></strong></span> <span class='ocrx_word' id='word_1_880' title='bbox 2453 5673 2544 5734; x_wconf 74' lang='lat' dir='ltr'>sed</span> <span class='ocrx_word' id='word_1_881' title='bbox 2583 5689 2704 5738; x_wconf 63' lang='lat' dir='ltr'>sax</span> <span class='ocrx_word' id='word_1_882' title='bbox 2731 5677 3132 5740; x_wconf 52' lang='lat' dir='ltr'>misericordia</span> <span class='ocrx_word' id='word_1_883' title='bbox 3160 5689 3527 5751; x_wconf 78' lang='lat' dir='ltr'>sacramenta,</span> <span class='ocrx_word' id='word_1_884' title='bbox 3551 5684 3666 5742; x_wconf 87' lang='lat' dir='ltr'>etc.</span> 
     </span>
    </p>
   </div>
  </div>
