4116 6188
221 379 360 441 1061

1276 367 1730 433 ENARRATIO
1775 369 1851 430 IN
1898 363 2289 430 PSALMUM
2334 365 2634 429 XXXVII.

3498 374 3524 436 1
3535 378 3652 438 062

221 510 400 584 culpae
442 503 807 565 adulterium
868 500 1235 574 provocavit;
1298 503 1399 559 sed
1449 502 1549 558 ubi
1606 515 1892 558 venenum
1923 499 1981 566 Α
2010 485 2159 573 quos
2191 500 2397 573 utique
2423 503 2550 560 ideo
2580 506 2882 574 genuerat,
2913 506 2977 557 ut
3007 507 3220 558 essent.
3274 503 3341 558 Et
3381 504 3508 560 ideo
3538 524 3654 562 non

223 603 346 673 ejus
377 598 630 655 etl‘usum
663 595 758 650 e'st
788 593 850 648 in
882 590 1040 646 hunc
1085 591 1403 662 mundum,
1459 591 1687 648 soboles
1733 589 1896 645 illius

225 689 451 746 feminae
481 682 984 744 circumventione
1014 682 1302 751 parentis,
1353 686 1411 737 et
1469 681 1670 736 fraude
1711 679 1898 735 multa

227 776 530 851 serpentis,
561 772 746 831 armis
779 785 917 829 eum
951 766 1079 824 suis
1108 769 1291 840 exuit,
1315 774 1372 826 et
1394 774 1570 842 caput
1590 768 1747 824 illius
1769 785 1894 824 am-

230 866 466 940 putavit.
500 864 656 931 Quod
691 862 742 919 si
772 873 1000 917 venena
1029 857 1465 930 pravaluerint,
1495 863 1554 916 et
1595 863 1896 931 peccatum

231 957 290 1011 in
314 972 425 1027 quo
455 958 540 1011 est
569 951 811 1008 aculeus
842 945 1056 1005 mortis
1086 945 1396 1021 irrepserit
1423 967 1436 1017 ;
1469 952 1632 1006 utere
1651 947 1904 1004 medico-

233 1062 364 1100 rum
393 1041 676 1113 exemplo,
712 1044 778 1095 ut
805 1036 915 1094 tibi
953 1050 1204 1108 serpens
1262 1037 1350 1094 vel
1405 1055 1532 1094 sero
1591 1037 1896 1093 moriatur.

235 1136 510 1190 Conteras
539 1131 667 1201 ejus
697 1141 1018 1192 venenum,
1051 1141 1396 1200 corpusque
1417 1127 1811 1194 comminuas,
1846 1127 1902 1182 et

235 1221 548 1276 admistum
570 1217 936 1274 salutaribus
959 1212 1154 1270 succis
1179 1216 1411 1272 noveris
1426 1217 1899 1288 temperandum;

236 1315 300 1364 ut
329 1325 444 1364 non
475 1306 667 1364 solum
698 1305 816 1360 vim
849 1319 1020 1360 suam
1046 1304 1104 1358 et
1131 1302 1301 1360 virus
1331 1303 1580 1375 amittat,
1603 1305 1704 1360 sed
1725 1303 1902 1360 etiam

240 1399 340 1453 ﬁat
361 1395 682 1452 remedium
714 1395 786 1450 de
809 1409 1052 1450 veneno.
1085 1390 1338 1448 Moritur
1396 1397 1592 1449 autem
1623 1393 1729 1448 tibi
1787 1410 1905 1448 ser-

241 1503 383 1559 pens
415 1485 509 1540 ille
537 1481 944 1556 intelligibilis,
977 1480 1026 1535 si
1059 1484 1121 1535 tu
1155 1481 1429 1540 moriaris
1463 1485 1779 1554 peccato,et
1797 1482 1900 1537 tibi

239 1579 341 1630 tua
361 1576 592 1646 peccata
613 1567 1066 1626 moriantur.Sic
1093 1569 1422 1623 conteritur
1451 1568 1578 1639 ejus
1592 1584 1902 1632 venenum,

240 1665 289 1719 si
322 1668 377 1718 te
406 1667 507 1717 tua
534 1661 687 1716 facta
717 1660 1124 1730 compungant
1157 1672 1169 1710 :
1207 1656 1292 1712 sic
1340 1673 1512 1712 omne
1568 1657 1727 1712 virus
1776 1658 1905 1727 ejus

243 1749 524 1813 aboletur,
557 1747 606 1804 si
635 1747 808 1804 bonis
838 1744 1118 1817 operibus
1148 1749 1329 1816 tegas,
1383 1749 1441 1800 et
1470 1744 1626 1800 ﬁdeli
1677 1747 1902 1801 confes-

2008 595 2249 651 admisit
2279 596 2751 660 consolationem,
2785 592 2992 649 occisis
3024 592 3278 664 parvulis
3309 594 3381 648 ab
3412 595 3652 665 Herode;

2008 683 2147 755 quia
2177 700 2282 739 nec
2305 683 2362 738 in
2395 685 2704 741 adventum
2733 684 2873 739 Jesu
2905 683 3292 750 crediderunt,
3317 699 3655 741 mensuram

2008 772 2243 829 sceleris
2274 773 2678 844 adimplentes,
2712 777 2778 827 ut
2807 776 2863 826 et
2880 770 3150 843 parvulos
3178 772 3658 842 interficerent,ut

2007 860 2162 917 inter
2189 878 2286 918 eos
2313 866 2369 916 et
2394 861 2548 917 ﬁlius
2579 860 2837 932 Virginis
2869 865 3192 915 necaretur.
3229 861 3372 932 Ergo
3406 861 3658 917 Ecclesia

2012 951 2240 1007 Domini
2273 951 2332 1006 in
2361 951 2578 1006 Judaeis
2607 947 2894 1005 consolari
2925 949 3110 1003 noluit
3146 991 3158 1014 ,
3191 949 3330 1020 quia
3360 967 3472 1005 non
3497 955 3654 1006 sunt:

2010 1042 2070 1098 in
2113 1039 2460 1097 Christianis
2491 1044 2685 1094 autem
2717 1038 2816 1110 qui
2851 1054 2919 1092 ex
2962 1038 3294 1094 nationibus
3324 1041 3656 1112 congregati

2011 1135 2170 1199 sunt,
2203 1127 2473 1200 epulatur
2502 1131 2558 1183 et
2587 1127 2820 1200 gaudet,
2853 1127 3130 1196 quoniam
3162 1133 3463 1200 coeperunt
3508 1145 3657 1196 esse,

2013 1218 2113 1291 qui
2135 1235 2249 1274 non
2265 1220 2448 1272 erant.

2086 1309 2170 1361 11.
2205 1305 2415 1361 Misisti
2445 1321 2581 1375 ergo
2612 1321 2826 1376 aquam
2856 1303 3150 1369 Jordanis,
3183 1321 3394 1376 aquam
3435 1307 3657 1377 gratiae,

2012 1396 2120 1450 hoc
2177 1393 2433 1467 primum
2480 1393 2642 1448 bibe:
2705 1392 2919 1447 misisti
2972 1409 3184 1463 aquam
3243 1393 3660 1467 lacrymarum,

2013 1499 2226 1555 aquam
2259 1482 2628 1554 paenitentiae,
2661 1481 2769 1536 hoc
2797 1483 3118 1536 secundum
3151 1487 3238 1537 est
3265 1483 3562 1554 poculum,
3596 1486 3664 1537 ut

2015 1573 2271 1644 primum
2305 1586 2556 1642 repares.
2591 1570 2730 1624 Bibe
2759 1586 2974 1639 aquam
3030 1571 3098 1624 de
3132 1571 3247 1626 tuis
3294 1572 3468 1638 vasis,
3527 1571 3664 1626 bibe

2015 1675 2229 1732 aquam
2255 1660 2326 1714 de
2355 1659 2471 1714 tuis
2503 1658 2752 1725 fletibus,
2774 1662 2839 1711 ut
2871 1658 3030 1712 dicas
3055 1675 3066 1710 :
3096 1682 3121 1706 (ι
3146 1659 3212 1713 Et
3237 1664 3438 1730 potum
3464 1676 3664 1716 meum

2016 1750 2154 1804 fletu
2184 1745 2580 1818 temperabam
2609 1746 2780 1815 (Psat.
2817 1762 2891 1810 Cl,
2925 1745 3035 1810 40).
3062 1768 3087 1794 ››
3113 1745 3305 1802 Fletus
3336 1765 3471 1820 ergo
3501 1754 3663 1815 tuus,

243 1839 404 1895 sione
464 1839 614 1894 819
675 1842 964 1907 temperes
1021 1834 1245 1889 crimen
1317 1833 1666 1890 admissum.
1753 1834 1901 1889 Audi
1933 1865 1982 1930 B
2017 1843 2193 1909 potus
2224 1840 2312 1892 est
2341 1840 2478 1890 tuus
2511 1855 2524 1905 ;
2557 1839 2613 1890 et
2642 1835 2911 1905 lacrymae
2952 1839 3084 1897 tuae,
3142 1834 3307 1889 cibus
3355 1839 3444 1890 est
3500 1840 3664 1890 tuus.

244 1924 745 1999 quemadmodum
775 1923 954 1978 virtus
986 1922 1262 1978 draconis
1302 1921 1493 1994 ipsius
1546 1926 1897 1978 conteratur.

247 2038 275 2065 ‹‹
305 2017 596 2078 Conterat,
628 2011 842 2084 inquit,
875 2011 1030 2066 Deus
1061 2011 1341 2067 Satanam
1371 2012 1483 2066 sub
1521 2011 1770 2083 pedibus
1803 2028 1901 2068 ve-

245 2104 385 2160 stris
417 2103 588 2174 (Rom.
621 2117 739 2167 xvi,
767 2101 881 2169 20).
916 2122 944 2149 ››
975 2101 1219 2156 Contere
1249 2099 1438 2172 primo
1467 2116 1564 2156 cor
1593 2104 1783 2172 tuum,
1842 2101 1902 2155 in

248 2209 363 2265 quo
395 2195 518 2248 erat
546 2189 816 2246 draconis
847 2187 1074 2244 cubile:
1109 2192 1175 2243 ut
1204 2204 1319 2244 non
1351 2188 1609 2244 inveniat
1640 2188 1738 2243 ubi
1769 2205 1903 2260 pos-

248 2281 327 2339 sit
354 2279 618 2336 habitare
643 2295 656 2335 :
681 2281 914 2334 contere
942 2277 1216 2333 draconis
1246 2292 1488 2333 carnes:
1522 2293 1726 2333 carnes
1774 2278 1906 2348 ejus

250 2373 488 2444 peccata
519 2372 718 2424 nostra
749 2371 910 2423 sunt.
944 2367 1078 2422 Ideo
1108 2365 1215 2420 tibi
1248 2365 1390 2421 dicit
1438 2366 1624 2428 Deus:
1661 2389 1689 2416 «
1752 2368 1905 2439 Epu-

250 2460 451 2515 lantur
481 2458 537 2512 in
569 2473 633 2513 eo
663 2456 1045 2530 gentes»(Job.
1079 2472 1168 2524 XL,
1201 2455 1553 2526 25).Etinfra
1583 2456 1663 2510 ait
1685 2461 1909 2510 :«Prae-

251 2548 438 2604 currit
468 2547 611 2602 mori
635 2547 747 2616 (A7)
774 2562 786 2601 :
821 2560 1029 2600 carnes
1063 2548 1261 2598 autem
1292 2544 1551 2611 corporis
1583 2545 1711 2615 ejus
1768 2553 1910 2604 sunt

251 2637 613 2693 adhaerentes
643 2635 693 2691 ei
725 2635 862 2706 (Job.
896 2650 1009 2699 XLI,
1046 2633 1132 2699 13,
1169 2632 1277 2703 14).
1303 2655 1332 2682 ››
1356 2633 1687 2691 Sicutenim
1719 2643 1909 2704 sancti

252 2742 464 2797 corpus
495 2730 551 2780 et
581 2723 847 2779 membra
877 2726 1017 2777 sunt
1047 2720 1265 2776 Christi
1290 2739 1302 2788 ;
1336 2721 1417 2778 ita
1444 2729 1778 2796 peccatores
1809 2727 1909 2799 qui

250 2818 552 2887 peccatum
608 2829 723 2867 non
783 2811 1084 2876 deserunt,
1143 2810 1243 2864 sed
1293 2816 1529 2883 peccato
1601 2813 1908 2882 inhaarent,

252 2920 465 2975 corpus
493 2901 765 2958 draconis
789 2904 847 2955 et
879 2898 1147 2954 membra
1176 2903 1332 2954 sunt.
1368 2901 1500 2957 Ideo
1532 2919 1638 2958 nos
1694 2903 1911 2959 Christi

253 3008 466 3064 corpus
496 2990 844 3063 epulamur;
879 2987 962 3042 illi
983 2991 1181 3042 autem
1211 3003 1422 3060 corpus
1442 2990 1758 3061 epulantur
1786 2993 1913 3047 dra-

253 3080 417 3136 conis
451 3097 464 3134 :
498 3096 606 3135 nos
633 3078 963 3150 epulamur,
998 3075 1098 3148 qui
1134 3075 1362 3133 Christo
1420 3079 1714 3137 adhmrere
1767 3097 1908 3138 con-

255 3169 580 3235 tendimus,
639 3166 1048 3223 remissionem
1109 3166 1512 3238 quotidianam
1571 3174 1628 3224 et
1681 3171 1909 3228 veniam

254 3261 651 3331 peccatorum,
682 3255 762 3311 illi
787 3260 986 3311 autem
1020 3255 1119 3326 qui
1145 3256 1397 3326 peccatis
1453 3258 1715 3328 quotidie
1779 3277 1910 3331 pec-

255 3351 388 3403 cata
418 3348 790 3410 connectunt,
822 3343 1320 3399 continuationem
1361 3343 1714 3415 ﬂagitiorum
1770 3364 1912 3419 epu-

255 3435 456 3491 lantur
486 3439 543 3489 et
580 3432 919 3489 criminum.

333 3524 420 3579 lO.
453 3524 700 3580 Contere
741 3520 923 3592 igitur
944 3519 1052 3573 has
1075 3535 1298 3587 carnes,
1331 3524 1389 3575 et
1418 3536 1596 3593 super
1623 3538 1722 3578 eas
1774 3539 1910 3579 con-

263 3611 562 3668 tritionem
593 3611 678 3665 tui
714 3607 910 3664 cordis
943 3622 1222 3679 asperge:
1253 3607 1460 3663 deinde
1515 3609 1681 3664 mitte
1739 3628 1916 3683 super

261 3701 460 3756 omnia
487 3716 556 3756 ea
573 3696 854 3755 Jordanis
876 3710 1111 3764 aquam.
1142 3695 1418 3751 Jordanis
1437 3697 1593 3752 enim
1615 3698 1916 3756 descensio

261 3794 320 3845 et
350 3788 613 3845 ascensio
642 3789 752 3854 est,
788 3783 1068 3855 quoniam
1100 3783 1199 3854 qui
1230 3783 1287 3836 in
1319 3784 1538 3841 fontem
1557 3802 1788 3842 sacrum
1820 3790 1916 3845 de-

262 3877 574 3944 scenderit,
609 3879 668 3932 et
687 3872 978 3940 ascendit;
1015 3875 1078 3926 ut
1107 3888 1235 3944 quis
1267 3873 1570 3945 superiora
1597 3879 1735 3930 sunt
1762 3893 1919 3948 quaa-

260 3970 370 4021 rat.
404 3963 717 4021 Descendit
745 3961 904 4017 enim
939 3961 996 4015 in
1030 3965 1278 4016 mortem
1307 3961 1544 4029 Christi,
1576 3963 1676 4034 qui
1721 3963 1916 4037 bapti-

254 4060 428 4109 zatur
456 4054 515 4108 in
534 4052 799 4118 Christo,’
814 4054 870 4105 et
889 4049 949 4104 in
973 4052 1456 4106 resurrectionem
1477 4051 1606 4122 ejus
1631 4053 1914 4109 ascendit.

256 4142 321 4198 Si
351 4146 547 4196 autem
563 4141 692 4211 jam
715 4139 1046 4210 baptizatus
1067 4139 1294 4208 errasti,
1320 4140 1484 4196 mitte
1501 4157 1714 4212 aquam
1738 4141 1918 4215 lacry-

259 4245 520 4297 marum,
555 4245 673 4284 non
705 4227 1070 4297 mendacem,
1100 4227 1201 4284 sed
1231 4243 1464 4296 veram;
1499 4233 1565 4283 ut
1594 4229 1665 4284 de
1685 4231 1921 4302 profun-

263 4321 340 4375 do
371 4318 588 4375 clames
619 4317 692 4372 ad
725 4316 1038 4372 Dominum
1070 4321 1251 4372 Deum
1285 4320 1476 4385 tuum,
1500 4325 1556 4373 et
1599 4318 1826 4373 dicatur
1852 4319 1922 4376 de

263 4413 362 4463 te:
398 4430 425 4457 «
451 4407 574 4462 Vox
606 4405 808 4461 audita
836 4409 924 4460 est
953 4404 1012 4459 in
1073 4405 1278 4472 Rama,
1325 4405 1497 4460 fletus
1550 4409 1607 4459 et
1661 4404 1921 4462 ululatus

264 4495 514 4564 multus,
548 4493 764 4550 Rachel
799 4492 1034 4564 plorans
1075 4492 1227 4547 filios
1249 4509 1408 4558 suos,
1440 4497 1496 4548 et
1518 4491 1704 4548 noluit
1719 4509 1920 4549 conso-

2015 1950 2042 1976 ‹‹
2071 1927 2346 1987 Fuerunt,
2379 1923 2591 1994 inquit,
2627 1921 2771 1977 mihi
2807 1921 3073 1994 lacrymzs
3106 1938 3248 1978 meae
3280 1939 3460 1994 panes
3491 1923 3665 1991 (Psal.

2011 2031 2123 2078 xm,
2158 2015 2232 2081 4).
2258 2012 2317 2067 Si
2349 2011 2614 2083 lacrymae
2647 2026 2845 2081 panes,
2881 2009 3062 2065 habes
3095 2027 3163 2064 ex
3184 2015 3419 2082 peccato
3443 2011 3670 2082 iniqui-

2013 2102 2152 2158 tatis
2191 2101 2388 2154 cibum
2447 2098 2867 2167 conversionis,
2925 2099 3248 2154 secundum
3305 2099 3448 2154 illud
3507 2100 3667 2171 quod

2012 2191 2159 2263 legis
2191 2189 2247 2243 in
2280 2186 2670 2259 Evangelio:«
2707 2185 2988 2249 Quoniam
3034 2187 3124 2240 cui
3183 2185 3316 2258 plus
3374 2187 3664 2257 dimittur,

2015 2275 2150 2350 plus
2177 2274 2368 2346 diligit
2397 2274 2546 2344 (Luc.
2581 2289 2677 2339 vn,
2712 2273 2821 2340 47).
2857 2295 2884 2322 ››
2920 2272 3080 2328 Unde
3111 2290 3262 2345 saepe
3281 2274 3546 2331 videmus
3569 2276 3672 2332 ali-

2017 2381 2166 2436 quos
2201 2362 2298 2436 qui
2332 2367 2465 2418 ante
2491 2359 2853 2433 negligentes
2900 2361 3132 2417 fuerant
3161 2361 3500 2430 Christiani,
3534 2382 3668 2437 pec-

2017 2458 2146 2510 cato
2171 2452 2367 2523 aliquo
2392 2451 2729 2517 commisso,
2764 2449 2887 2504 ﬁeri
2919 2450 3334 2523 diligentiores,
3369 2457 3425 2508 et
3454 2470 3522 2510 ex
3569 2454 3670 2511 illo

2019 2560 2123 2615 per
2163 2539 2562 2613 paenitentiam
2621 2538 2860 2592 evadere
2917 2539 3072 2594 820
3120 2540 3304 2595 solere
3362 2542 3668 2613 perfectos.

2020 2633 2181 2689 Sicut
2212 2629 2391 2702 igitur
2415 2645 2484 2683 ex
2539 2629 2773 2698 peccato
2830 2627 3150 2694 conversio,
3207 2629 3288 2684 ita
3343 2632 3672 2688 remedium

2022 2724 2094 2778 de
2177 2735 2418 2774 veneno.
2480 2715 2631 2770 Audi
2715 2715 2824 2769 hoc
2911 2715 3300 2771 remedium:
3363 2740 3390 2768 ‹‹
3461 2719 3672 2783 Justus

2021 2810 2079 2863 in
2142 2804 2424 2879 principio
2485 2802 2772 2859 sermonis
2831 2808 3136 2859 accusator
3185 2809 3274 2860 est
3330 2807 3421 2860 sui
3478 2811 3668 2877 (Ρνου,

2020 2913 2182 2960 xvm,
2241 2894 2352 2963 17).
2414 2915 2441 2941 ››
2499 2892 2826 2958 Venenum,
2912 2897 3210 2964 peccatum
3283 2899 3407 2960 est;
3483 2915 3674 2958 reme-

2023 2988 2208 3051 dium,
2242 2980 2538 3038 accusatio
2569 2981 2660 3037 sui
2692 2980 2993 3036 criminis:
3026 2997 3335 3052 venenum,
3390 2985 3675 3059 iniquitas

2024 3079 2150 3141 est;
2184 3071 2495 3137 confessio,
2523 3070 2848 3126 remedium
2883 3070 3292 3143 prolapsionis.
3328 3074 3394 3129 Et
3417 3075 3546 3132 ideo
3578 3096 3675 3135 ve-

2025 3182 2084 3220 re
2114 3161 2438 3219 remedium
2469 3161 2540 3216 de
2569 3175 2792 3215 veneno
2834 3165 2944 3224 est,
3005 3160 3054 3215 si
3113 3161 3273 3217 dicas
3331 3163 3677 3236 iniquitates

2021 3261 2178 3320 tuas,
2210 3256 2276 3307 ut
2292 3249 2651 3322 justiﬁceris.

2097 3345 2182 3397 12.
2216 3340 2328 3397 Sed
2353 3340 2480 3410 jam
2513 3337 2805 3410 psalmum
2854 3338 3210 3406 adoriamur,
3272 3347 3336 3397 ut
3392 3343 3516 3415 ipse
3571 3364 3680 3405 nos

2024 3434 2228 3488 doceat
2258 3427 2755 3500 quemadmodum
2790 3428 3014 3499 agenda
3067 3431 3407 3500 pmnitentia
3434 3433 3529 3489 sit.
3565 3437 3677 3492 lta-

2025 3537 2138 3592 que
2170 3518 2252 3574 sic
2273 3515 2511 3586 incipit:

2625 3603 3052 3661 ENARRATlO.

2097 3705 2184 3761 l3.
2218 3702 2404 3774 (Vers.
2437 3703 2514 3769 2.)
2546 3724 2572 3748 ‹‹
2607 3699 2869 3765 Domine,
2903 3719 2974 3757 ne
3005 3703 3090 3758 ira
3118 3708 3220 3761 tua
3272 3724 3486 3780 arguas
3542 3731 3672 3782 me;

2026 3809 2216 3866 neque
2243 3790 2302 3844 in
2336 3789 2529 3844 furore
2559 3793 2658 3844 tuo
2689 3789 2970 3861 corripias
3000 3807 3113 3846 me.
3151 3816 3177 3840 ››
3225 3796 3331 3857 Qui
3390 3802 3674 3869 paeniten-

2027 3883 2167 3938 tiam
2200 3877 2339 3950 agit,
2372 3882 2611 3949 paratus
2639 3893 2768 3932 esse
2797 3877 2966 3932 debet
3013 3879 3083 3934 ad
3143 3885 3457 3952 opprobria
3497 3893 3678 3958 perfe-

2029 3970 2211 4026 renda
2239 3967 2605 4038 injuriasque
2634 3965 2972 4022 subeundas
3001 3985 3014 4033 ;
3048 3985 3152 4022 nec
3198 3976 3568 4044 commoveri,
3627 3982 3676 4034 si

2031 4059 2164 4130 quis
2195 4057 2246 4111 ei
2274 4056 2490 4127 peccati
2527 4054 2618 4111 sui
2650 4053 2869 4110 crimen
2899 4055 3156 4125 objiciet.
3191 4057 3331 4113 Cum
3365 4062 3523 4119 enim
3555 4067 3679 4138 ipse

2029 4161 2301 4202 accusare
2334 4160 2395 4198 se
2425 4143 2650 4210 debeat,
2684 4144 3181 4214 quemadmodum
3205 4145 3385 4203 alium
3418 4168 3533 4208 non
3557 4171 3683 4212 sus-

2030 4235 2176 4290 tinet
2203 4237 2542 4304 arguentem
2569 4233 2596 4286 ?
2626 4231 2787 4294 Quod
2821 4232 2870 4286 si
2901 4232 2972 4287 ab
3004 4232 3238 4288 homine
3269 4239 3434 4308 argui
3476 4241 3680 4299 timere

2029 4340 2144 4380 non
2168 4322 2356 4388 debet,
2389 4324 2605 4392 quanto
2656 4319 2842 4391 magis
2889 4337 2922 4374 a
2969 4321 3214 4378 Domino
3254 4323 3369 4380 Deo
3428 4345 3558 4404 suo,
3589 4333 3683 4388 cui

2031 4427 2234 4467 omnes
2273 4409 2449 4464 etiam
2491 4409 2549 4462 in
2582 4409 2654 4462 iis
2712 4424 2837 4477 quae
2868 4413 3006 4463 sunt
3035 4409 3282 4479 occulta,
3333 4432 3678 4491 peccamus;
3755 4454 3762 4462 -

2038 4515 2171 4555 cum
2206 4496 2522 4570 praesertim
2546 4495 2952 4551 condemnatio
2980 4500 3682 4570 prmsentium,absolutio

263 4584 402 4650 lari,
435 4585 576 4656 quia
626 4599 743 4638 non
802 4585 943 4637 sunt
994 4582 1210 4653 (Jerem.
1264 4597 1417 4650 XXXI,
1478 4581 1591 4648 1'3;
1635 4581 1823 4636 Matth.
1857 4599 1922 4652 ιι,
1953 4592 1998 4657 D
2032 4590 2363 4643 futurorum
2398 4585 2493 4638 sit.
2534 4583 2639 4648 Qui
2698 4588 2894 4638 autem
2943 4602 3055 4640 non
3109 4589 3578 4652 condemnamur
3623 4598 3685 4652 in

273 4674 383 4742 18).
414 4693 441 4720 ››
475 4670 689 4726 Rachel
721 4669 977 4725 Ecclesia
1006 4675 1116 4742 est,
1146 4669 1207 4724 in
1239 4685 1355 4741 qua
1382 4667 1747 4724 benedicitur
1762 4668 1928 4741 plebs

264 4761 373 4819 Dei
405 4779 416 4816 :
453 4761 583 4833 ipsa
603 4777 708 4833 pro
739 4765 795 4815 te
825 4761 978 4827 fleat,
1007 4760 1136 4833 ipsa
1162 4764 1264 4815 tua
1292 4762 1531 4830 peccata
1560 4757 1841 4828 deploret,
1874 4764 1934 4815 et

267 4850 376 4905 ﬂat
390 4849 735 4921 plurimum;
757 4852 821 4904 ut
840 4849 1298 4906 consolationem
1321 4846 1490 4903 facile
1506 4863 1622 4902 non
1637 4845 1930 4916 admittat,

265 4939 774 5010 quemadmodum
794 4938 896 5010 qui
918 4937 1239 5010 plurimum
1252 4936 1610 4992 dolent.ldeo
1641 4935 1933 4992 consolari

268 5043 338 5083 se
370 5027 600 5096 noluit;
633 5027 914 5099 quoniam
949 5027 1048 5098 qui
1078 5044 1228 5095 eras,
1263 5042 1392 5082 esse
1424 5024 1646 5080 desisti.
1681 5024 1791 5079 Sed
1824 5023 1932 5080 hac

269 5116 712 5187 perseverantia
741 5115 964 5171 doloris
995 5120 1052 5171 et
1083 5115 1255 5172 fletus
1285 5117 1613 5169 emereatur
1643 5117 1708 5167 ut
1736 5111 1892 5168 dicat
1917 5129 1929 5169 :

267 5203 497 5260 «Filius
531 5221 698 5261 meus
723 5208 988 5260 mortuus
1020 5207 1162 5274 erat,
1195 5207 1252 5258 et
1278 5201 1519 5257 revixit:
1549 5201 1820 5272 perierat,
1878 5207 1935 5257 et

272 5293 548 5349 inventus
578 5297 667 5349 est
700 5294 849 5362 (Luc.
881 5310 975 5361 xv,
1008 5295 1119 5362 52).
1145 5313 1172 5341 »
1208 5292 1319 5346 Aut
1347 5289 1492 5346 forte
1545 5287 1831 5344 consolari
1872 5306 1934 5346 se

275 5380 471 5438 noluit
501 5381 716 5437 Rachel
749 5381 808 5436 in
834 5380 996 5437 Filiis
1025 5381 1362 5438 Judteorum
1390 5397 1403 5446 ;
1436 5377 1575 5450 quia
1622 5393 1737 5432 non
1769 5381 1931 5443 sunt,

352 5543 466 5611 (47)
498 5540 594 5596 Sic
623 5553 829 5594 omnes
860 5556 1004 5596 mss.
1032 5556 1099 5597 ac
1129 5543 1242 5594 vet.
1297 5536 1509 5611 editi;
1548 5535 1724 5611 Rom,
1775 5551 1930 5603 vero,

315 5605 648 5669 raecztcurrit
672 5626 818 5665 mors
848 5613 919 5664 ei.
952 5611 1243 5666 Nimirum
1276 5625 1343 5664 ex
1373 5605 1532 5674 LXX,
1573 5605 1726 5680 apud
1784 5623 1931 5680 quos

266 5633 443 5745 festas
515 5689 789 5745 ἔμπροσθεν
842 5687 992 5743 αὐτοῦ
1075 5689 1240 5745 τρέχει
1319 5686 1553 5745 ἁπώλιια,
1659 5681 1779 5745 aut,
1868 5683 1931 5741 ut

301 5701 443 5765 egas
515 5689 789 5760 ἔμπροσθεν
842 5687 992 5743 αὐτοῦ
1075 5689 1240 5762 τρέχει
1319 5686 1553 5751 ἁπώλιια,
1659 5681 1779 5752 aut,
1868 5683 1936 5741 ut

2038 4673 2268 4740 saeculo,
2301 4688 2434 4726 cum
2466 4670 2804 4726 hominibus
2829 4688 2939 4726 non
2967 4673 3436 4746 flagellabuntur.
3454 4681 3549 4736 νω
3575 4683 3685 4735 mi-

2038 4761 2130 4816 hi!
2166 4760 2215 4814 si
2247 4759 2317 4814 de
2365 4775 2456 4812 me
2497 4759 2766 4816 dicatur:
2801 4782 2828 4809 ‹‹
2888 4761 3072 4817 Habet
3128 4767 3456 4820 mercedem
3515 4783 3683 4822 suam

2039 4848 2244 4922 (Matth.
2278 4864 2355 4912 v1,
2386 4850 2463 4915 2).
2491 4870 2518 4896 ››
2541 4847 2599 4901 Si
2631 4849 2849 4903 bonum
2882 4849 3100 4905 factum
3133 4851 3240 4905 hac
3264 4854 3687 4908 condemnatur

2041 4935 2352 5000 sententia,
2383 4941 2599 5006 quanto
2633 4937 2820 5010 magis
2851 4938 3068 4994 crimen
3101 4940 3418 5009 gravatur?
3438 4941 3583 4996 Nam
3633 4942 3683 4997 si

2040 5023 2439 5080 misericordia
2467 5024 2622 5080 facili
2652 5027 2868 5098 jactata
2907 5042 3192 5090 sermone,
3235 5025 3424 5081 fructu
3451 5030 3683 5084 frauda-

2039 5117 2136 5169 tur
2165 5118 2401 5180 aaterno,
2429 5118 2648 5184 quanto
2683 5113 2871 5185 magis
2911 5113 3238 5183 iniquitatis
3295 5131 3464 5186 poena
3494 5119 3684 5174 acerbi

2039 5203 2256 5258 fenoris
2279 5202 2609 5257 accessione
2629 5201 2894 5255 differtur
2912 5200 2938 5254 ‘I
2969 5201 3116 5270 Ergo
3148 5202 3246 5272 qui
3279 5204 3683 5273 paenitentiam

2039 5291 2178 5363 agit,
2213 5291 2416 5346 oli‘erre
2446 5305 2506 5343 se
2561 5289 2733 5342 debet
2781 5287 2852 5341 ad
2886 5304 3139 5358 poenam,
3175 5294 3239 5344 ut
3271 5289 3362 5347 hic
3408 5294 3684 5364 puniatur

2038 5395 2071 5434 a
2101 5379 2366 5445 Domino,
2401 5393 2516 5430 non
2549 5375 2618 5430 ad
2653 5373 2942 5446 supplicia
2969 5380 3183 5433 aeterna
3213 5385 3472 5437 servetur
3527 5383 3677 5454 (i8):

2037 5537 2265 5604 Aquila,
2296 5535 2506 5597 ἐκλιμία.
3330 5569 3334 5573 -

2039 5608 2221 5742 ιαὲἅδ)
2251 5608 2454 5670 Plures
2481 5622 2646 5679 mss.,
2683 5622 2793 5665 non
2821 5608 2891 5666 ad
2929 5611 3199 5686 supplicia
3251 5615 3449 5688 futura
3503 5631 3681 5679 serve.
