4116 6188
449 208 603 274 1063

1903 205 1966 266 S.
2017 197 2398 268 AMBROSII

3710 201 3867 278 1064

447 359 552 399 nec
582 342 914 411 exspectare
944 340 1201 409 tempus,
1226 335 1326 393 sed
1361 351 1662 393 occurrere
1693 336 1899 393 divina:
1948 335 2098 390 indi-
2129 335 2184 408 Α
2213 337 2516 408 Scriptura
2545 337 2832 405 hortatur,
2859 339 2923 393 ut
2953 339 3012 394 et
3041 338 3106 394 tu
3134 339 3538 411 paenitentiam
3563 353 3687 400 non
3723 335 3867 391 refu-

445 427 723 502 gnaﬁont

515 517 600 572 14.
636 514 780 571 Vide
812 515 963 570 facta
1005 515 1183 571 David
1243 515 1372 585 ejus
1430 514 1703 587 precibus
1761 513 2089 569 convenire.

441 603 773 660 Otfenderat
802 603 1139 670 Dominum,
1176 603 1313 674 quia
1343 603 1637 658 numerari
1671 603 1933 674 jusserat
1987 618 2092 673 po-

440 691 671 764 pulum.
704 692 1080 748 Confessione
1111 691 1390 763 praevenit
1420 692 1521 747 Dei
1555 691 2092 762 nuntium,peccas-

442 797 506 838 se
537 797 598 837 se
627 780 814 846 valde,
843 785 899 835 et
929 780 1108 836 nimis
1139 781 1316 836 stulte
1349 781 1554 835 fecisse
1580 795 2048 835 commemorans
2073 795 2086 832 :

441 888 555 926 non
588 869 755 942 quasi
809 869 1151 925 admoneret
1201 869 1474 934 oblitum,
1508 870 1605 924 sed
1642 868 1810 940 quasi
1862 871 2092 939 urgeret

441 963 764 1015 morantem
793 977 804 1026 ;
840 975 912 1013 ne
951 959 1177 1014 diutius
1209 959 1659 1014 commotionem
1694 957 1953 1012 differret
2000 956 2088 1011 ef-

438 1049 634 1104 fensae.
670 1070 697 1097 ‹‹
732 1046 992 1109 Peccavi.
1023 1046 1236 1119 inquit,
1267 1046 1455 1114 valde,
1507 1047 1785 1118 quoniam
1843 1045 2085 1100 verbum

436 1136 546 1192 hoc
567 1136 672 1191 feci
697 1137 744 1205 (Ι
770 1137 899 1190 Par.
959 1153 1053 1190 xxx
1107 1135 1202 1205 8);
1239 1158 1265 1185 »
1327 1140 1382 1190 et
1428 1151 1604 1201 nunc,
1649 1134 1909 1198 Domine,
1961 1131 2087 1187 dele

439 1224 808 1296 iniquitatem
843 1225 989 1279 servi
1024 1224 1130 1278 tui.
1173 1224 1472 1290 Quomodo
1531 1227 1724 1278 autem
1784 1222 2090 1277 deleantur

437 1318 693 1387 peccata,
721 1312 862 1368 audi
896 1313 1179 1369 dicentem
1217 1329 1229 1366 :
1266 1336 1293 1361 ‹‹
1323 1312 1590 1367 Solutum
1641 1315 1729 1367 est
1784 1313 2087 1381 peccatum

438 1405 586 1475 ejus,
617 1403 751 1474 quia
783 1403 1001 1474 recepit
1038 1403 1109 1458 de
1138 1418 1317 1456 manu
1351 1400 1581 1456 Domini
1609 1399 1863 1472 duplicia
1894 1415 2091 1471 pecca-

429 1497 489 1548 ta
520 1493 905 1560 sua'(l.sa-.xr.,
937 1493 1073 1562 2).»
1120 1491 1243 1545 Non
1304 1505 1440 1563 ergo
1493 1489 1726 1560 penitus
1784 1487 1895 1544 sibi
1954 1504 2088 1558 pec-

429 1586 626 1638 catum
665 1580 887 1636 remitti
947 1579 1234 1652 postulat,
1280 1581 1380 1634 sed
1440 1580 1740 1633 moderata
1799 1577 2087 1632 solutione

429 1671 630 1740 deleri,
662 1669 770 1724 hoc
793 1672 900 1735 est,
930 1672 994 1722 ut
1023 1668 1082 1721 in
1112 1669 1377 1722 futurum
1409 1667 1536 1737 ejus
1566 1667 1849 1722 memoria
1895 1663 2084 1720 delea-
2118 1697 2167 1762 B

429 1761 544 1811 tur.
581 1756 842 1826 Denique
873 1754 1039 1826 quasi
1085 1753 1513 1824 interpellantis
1569 1769 1706 1807 voce
1765 1755 2084 1806 conventus

429 1845 737 1912 Dominus,
771 1860 840 1898 ne
871 1842 1131 1898 vindicta
1163 1842 1464 1898 commissi
1494 1840 1883 1913 protelaretur
1928 1855 2085 1895 erro-

429 1931 716 1998 ris,-misit
747 1933 819 1988 ad
855 1947 988 1987 eum
1022 1931 1251 1986 Nathan
1311 1931 1420 2001 (49)
1479 1929 1821 2001 prophetam
1856 1946 1868 1995 ;
1902 1933 1959 1983 et
1988 1927 2085 1982 ille

426 2021 586 2077 venit
614 2022 685 2077 ad
720 2037 938 2093 regem,
971 2024 1027 2075 et
1053 2020 1198 2074 dixit
1229 2019 1278 2074 ei
1304 2036 1317 2074 :
1355 2041 1380 2067 «
1401 2018 1548 2084 Quid
1580 2018 1703 2072 ﬁeri
1725 2015 1889 2081 velis,
1915 2016 2081 2088 elige:

427 2111 750 2167 triennium
782 2110 994 2165 famem
1026 2125 1204 2180 super
1232 2112 1469 2175 terram,
1522 2112 1624 2162 aut
1680 2107 1870 2161 tribus
1920 2123 2082 2161 men-

428 2199 594 2255 sibus
628 2199 828 2269 fugere
884 2202 938 2252 te
999 2215 1032 2252 a
1087 2197 1234 2252 facie
1281 2197 1654 2251 inimicorum
1713 2200 1974 2262 tuorum,
2029 2200 2085 2250 et

427 2287 560 2343 illos
581 2290 1034 2360 persequentes;
1070 2290 1170 2341 aut
1204 2284 1392 2340 triduo
1423 2285 1546 2340 fieri
1581 2287 1825 2340 mortem
1876 2284 1934 2338 in
1968 2288 2082 2338 ter-

434 2393 517 2432 ra.
540 2377 610 2432 Et
640 2391 796 2430 nunc
828 2376 997 2440 scito,
1030 2379 1086 2429 et
1117 2374 1246 2428 vide
1279 2373 1418 2445 quid
1450 2374 1833 2444 reSpondeam
1867 2371 1950 2426 illi
1982 2372 2081 2443 qui

429 2465 592 2521 misit
619 2481 712 2520 me
746 2464 798 2535 (Ι
813 2468 945 2519 Par.
971 2480 1085 2529 XXI,
1116 2463 1199 2530 11,
1228 2463 1333 2533 12).
1367 2485 1393 2511 »
1411 2461 1555 2517 Vide
1579 2462 1878 2516 docentem
1897 2461 2081 2516 Deum

429 2571 545 2626 qua
575 2552 978 2608 moderatione
1009 2552 1137 2622 ejus
1167 2550 1494 2624 indignatio
1525 2550 1797 2616 leniatur,
1858 2550 1906 2605 si
1963 2566 2079 2604 non

427 2642 664 2716 penitus
687 2643 927 2697 verbera
945 2656 1288 2696 recusemus
1315 2659 1327 2707 ;
1351 2641 1451 2694 sed
1467 2639 1806 2711 qualitatem
1831 2638 2077 2704 levandi,

428 2750 540 2788 non
575 2731 828 2786 evitandi
863 2728 1135 2801 supplicii
1167 2727 1553 2800 postulemus.
1587 2727 1722 2782 Tria
1753 2726 2077 2798 proposuit,

429 2827 492 2876 ut
522 2821 677 2891 quod
711 2818 1071 2873 moderatius
1104 2820 1352 2888 putaret,
1386 2816 1641 2887 eligeret.
1703 2815 1847 2869 Vide
1905 2814 2079 2869 etiam

429 2907 926 2981 quemadmodum
961 2906 1030 2960 ad
1057 2903 1458 2976 paenitentiam
1507 2907 1815 2974 provocat;
1852 2907 1918 2957 ut
1973 2919 2080 2958 nos

426 2998 740 3053 offeramus
771 2993 1021 3066 injuriae,
1057 2993 1267 3064 eligere
1300 3008 1528 3064 poenam
1562 2992 1872 3057 mandans,
1904 2993 1972 3044 ut
2017 2991 2075 3044 in

2163 449 2168 452 -
2207 425 2354 498 gias,
2393 427 2492 481 sed
2525 428 2793 499 sequaris
2824 427 3029 494 Deum,
3056 443 3230 500 quem
3261 427 3425 501 sequi
3457 427 3662 482 debes.
3716 424 3868 480 Bene

2204 514 2452 584 addidit,
2488 531 2724 588 «super
2774 514 3091 584 malitiam;
3145 539 3172 565 ››
3249 516 3384 588 quia
3442 516 3684 574 videtur
3745 530 3867 569 om-

2203 602 2295 657 nis
2321 603 2466 658 dura
2482 620 2608 658 esse
2627 603 2902 660 vindicta.
2935 604 3068 660 Ideo
3099 609 3156 659 et
3186 604 3309 660 dies
3333 604 3567 677 judicii,
3611 602 3748 660 dies
3782 603 3867 658 di-

2200 692 2356 747 citur
2386 691 2559 756 mala,
2593 693 2664 747 de
2694 708 2811 764 qua
2837 693 3041 748 beatus
3071 697 3158 748 est
3181 693 3280 766 qui
3314 710 3414 766 per
3441 693 3632 748 Deum
3653 691 3866 748 libera-

2201 783 2338 848 tur;
2372 785 2435 835 ut
2466 780 2747 851 scriptum
2773 785 2895 836 est:
2927 804 2954 831 «
2986 783 3048 836 In
3084 783 3175 838 die
3215 783 3370 838 mala
3400 781 3677 838 liberavit
3735 797 3864 836 eum

2200 869 2485 925 Dominus
2517 870 2690 940 (Psal.
2724 887 2814 938 XL,
2837 870 2913 940 2).
2941 892 2967 920 ››
2998 872 3069 925 Et
3101 871 3264 938 dixit,
3286 871 3498 942 inquit,
3519 868 3736 944 angelo
3765 875 3865 926 Do-

2201 958 2400 1012 minus
2422 958 2608 1013 uttibi
2633 958 3073 1029 parceret.Vide
3099 965 3294 1015 autem
3325 960 3461 1032 quia
3484 959 3729 1031 quando
3756 959 3862 1015 Do-

2200 1047 2400 1100 minus
2429 1046 2554 1100 vult
2582 1046 2901 1118 ignoscere,
2929 1048 3033 1102 dat
3065 1049 3313 1120 gratiam
3354 1052 3412 1104 et
3448 1047 3729 1103 ﬁduciam
3765 1047 3860 1102 de-

2201 1134 2499 1206 precandi.
2558 1136 2623 1188 Et
2653 1134 2797 1189 vidit
2826 1135 3002 1190 David
3035 1135 3330 1192 ferientem
3366 1137 3654 1209 angelum,
3689 1141 3749 1191 et
3770 1136 3860 1190 di-

2195 1223 2315 1278 xit:
2344 1247 2364 1270 «
2405 1223 2541 1277 Ecce
2574 1239 2680 1295 ego
2709 1240 2840 1278 sum
2867 1241 2879 1291 ;
2903 1240 3007 1296 ego
3040 1226 3293 1296 peccavi,
3318 1230 3375 1280 et
3406 1230 3719 1298 egopastor
3736 1241 3861 1281 ma.

2196 1311 2248 1366 le
2283 1311 2411 1378 feci,
2439 1318 2495 1366 et
2525 1311 2624 1365 isti
2654 1311 2712 1365 in
2773 1312 2880 1367 hoc
2937 1329 3112 1385 grege
3168 1314 3310 1385 quid
3372 1313 3676 1370 fecerunt?
3731 1313 3857 1368 Eiet

2199 1417 2410 1455 manus
2435 1399 2612 1455 tuain
2646 1417 2738 1455 me
2770 1404 2827 1455 et
2856 1400 2913 1456 in
2946 1403 3185 1456 domum
3220 1401 3401 1473 patris
3426 1401 3542 1457 mei
3573 1402 3623 1473 (ι
3671 1402 3851 1457 Paral.

2196 1505 2311 1554 xxx,
2338 1489 2446 1558 17).
2486 1511 2512 1535 ››
2536 1487 2595 1543 Si
2628 1489 3002 1544 mandaverat
3031 1489 3312 1544 Dominus
3353 1489 3564 1562 angelo
3605 1493 3673 1545 ut
3730 1506 3852 1561 par-

2197 1580 2371 1641 ceret,
2396 1578 2689 1647 quomodo
2723 1577 2964 1632 feriebat
3005 1577 3197 1633 adhuc
3227 1579 3474 1650 angelus
3506 1597 3518 1632 :
3555 1578 3675 1633 nisi
3723 1579 3852 1650 quia

2198 1664 2482 1719 Dominus
2514 1664 2622 1718 etsi
2652 1664 2774 1719 vult
2804 1665 3125 1736 ignoscere,
3157 1665 3279 1722 vult
3310 1668 3526 1738 rogari,
3561 1673 3615 1722 et
3651 1673 3715 1722 ut
3763 1686 3851 1723 ro—

2200 1757 2370 1824 getur
2401 1753 2534 1822 (50),
2570 1753 2884 1824 operatur?
2911 1753 3026 1808 Nec
3066 1753 3308 1810 vidisset
3344 1755 3523 1811 homo
3584 1756 3849 1828 angelum

2201 1841 2523 1906 ferientem,
2557 1841 2669 1895 nisi
2701 1842 2981 1896 Dominus
3015 1843 3140 1912 ejus
3171 1843 3358 1899 oculis
3390 1843 3675 1917 angelum
3709 1860 3849 1901 reve-

2199 1928 2394 1984 lasset.
2430 1929 2591 1984 Unde
2623 1932 2680 1984 et
2709 1930 2950 1986 Elisaeus
2981 1931 3157 1988 dicit:
3196 1955 3221 1982 «
3247 1933 3850 2006 Domine,aperinunc

2198 2016 2397 2072 oculos
2428 2017 2590 2088 pueri
2625 2017 2824 2088 hujus,
2860 2023 2923 2074 ut
2949 2020 3162 2076 videat.
3195 2022 3265 2075 Et
3297 2021 3484 2092 aperti
3521 2027 3663 2078 sunt
3702 2022 3852 2077 oculi

2197 2106 2360 2176 pueri
2390 2107 2537 2176 ejus,
2571 2110 2626 2161 et
2651 2105 2796 2162 vidit
2827 2113 3085 2165 montem
3119 2111 3283 2181 equis
3317 2109 3602 2182 repletum
3633 2114 3690 2165 et
3721 2127 3853 2166 cur-

2195 2193 2358 2248 ribus
2385 2193 2444 2247 in
2469 2193 2709 2249 circuitu
2744 2196 3037 2267 prophetae
3090 2197 3182 2268 (IV
3238 2199 3453 2266 Regm,
3519 2198 3627 2267 t7).
3665 2219 3692 2244 η
3732 2197 3853 2252 Nec

2194 2286 2249 2337 te
2280 2285 2506 2338 moveat
2526 2284 2678 2353 quod
2714 2300 2962 2355 persona
2982 2284 3152 2340 vilior
3179 2285 3415 2353 servuli,
3467 2301 3655 2358 quam
3715 2303 3850 2357 pro-

2193 2371 2379 2442 pheta:
2398 2369 2484 2426 vel
2517 2370 2709 2443 regis;
2740 2374 2876 2443 quia
2905 2372 3072 2428 vilior
3092 2377 3148 2428 et
3169 2390 3456 2445 equorum
3487 2378 3547 2429 et
3569 2389 3847 2430 curruum

2192 2459 2436 2532 species,
2472 2476 2648 2531 quam
2679 2462 2960 2516 sanctitas
2993 2461 3358 2534 angelorum.

2262 2548 2348 2603 l6.
2379 2549 2450 2602 Et
2479 2548 2726 2604 fortasse
2757 2548 3053 2621 aliquibus
3087 2551 3485 2622 perfunctorie
3509 2551 3846 2624 legentibus

2190 2638 2406 2692 durum
2427 2637 2693 2692 videatur
2723 2639 2876 2709 quod
2907 2639 3081 2692 David
3117 2637 3210 2692 ille
3243 2639 3490 2695 humilis
3525 2641 3704 2696 corde
3757 2647 3847 2697 eat-

2192 2743 2302 2797 que
2332 2731 2696 2793 mansuetus,
2723 2727 2819 2797 qui
2855 2728 3128 2797 parcebat
3156 2727 3434 2794 inimicis,
3460 2732 3719 2785 mortem
3743 2747 3853 2786 ma-

2190 2814 2279 2886 gis
2312 2813 2506 2887 populi
2558 2814 2748 2884 elegit,
2777 2831 2970 2886 quam
3004 2831 3172 2870 suam
3207 2817 3426 2888 fugam,
3483 2823 3589 2873 aut
3646 2819 3850 2875 famem

2191 2920 2368 2976 super
2386 2908 2621 2958 terram.
2652 2903 2884 2957 Famem
2927 2903 3128 2975 populi
3169 2904 3393 2972 vitavit,
3430 2907 3580 2978 quia
3628 2907 3851 2980 gravior

2191 2996 2374 3047 morte
2404 2996 2458 3045 et
2490 2991 2769 3046 omnibus
2801 2991 3108 3062 suppliciis
3142 2992 3413 3062 habetur,
3447 3011 3638 3066 quam
3672 2996 3852 3068 sequi-

829 3049 852 3066 .,
1010 3049 1021 3060 ι
1135 3049 1168 3064 υ
1300 3049 1317 3064 .
1860 3049 1869 3057 ι
2876 3049 2932 3062 ..
3400 3049 3413 3062 .
3464 3049 3484 3066 ι

428 3085 557 3157 ipsa
586 3101 754 3156 pcena
783 3082 1083 3138 electionis
1116 3081 1382 3151 quaedam
1409 3080 1787 3151 praerogativa
1818 3083 2079 3134 servetur
2108 3049 2150 3113 ί]
2184 3086 2282 3136 tur
2310 3081 2484 3135 etiam
2533 3079 2882 3152 pestilentia,
2916 3097 3042 3152 quas
3076 3081 3286 3136 caelum
3307 3085 3850 3155 contaminat,mor~

425 3173 573 3231 821
606 3177 662 3228 et
701 3188 796 3228 reo
829 3187 934 3225 suo
959 3168 1293 3223 blandiatur
1322 3167 1429 3221 hoc
1460 3168 1652 3222 verbo.
1692 3169 1756 3220 Et
1794 3166 1939 3220 dixit
1968 3167 2078 3221 Da-

424 3263 517 3317 vid
540 3263 611 3317 ad
643 3260 873 3315 Nathan
901 3275 960 3311 :«
994 3257 1291 3327 Angustias
1313 3253 1456 3308 mihi
1492 3259 1631 3308 sunt
1659 3253 1718 3308 in
1746 3254 1837 3310 his
1867 3255 2074 3310 tribus:

428 3351 527 3405 sed
559 3348 748 3418 magis
780 3345 1037 3400 incidam
1097 3343 1157 3397 in
1223 3359 1438 3397 manus
1489 3341 1737 3411 Domini,
1800 3343 2078 3414 quoniam

428 3452 643 3509 magna
667 3438 754 3490 est
784 3431 1187 3489 misericordia
1217 3431 1399 3498 illius,
1434 3447 1609 3503 quam
1652 3431 1709 3485 in
1771 3431 2078 3487 hominum

428 3540 639 3581 manus
672 3522 831 3594 (Ibid.
892 3521 1002 3592 13).
1032 3543 1056 3568 ν)
1115 3519 1393 3590 Nunquid
1441 3519 1644 3574 donari
1679 3519 1787 3574 sibi
1850 3537 2078 3591 poenam

428 3612 721 3686 proposcit
750 3609 1006 3665 erroris?
1039 3609 1200 3674 Quod
1226 3609 1274 3664 si
1307 3607 1562 3671 fecisset,
1589 3608 1962 3679 impudentiae
1988 3627 2082 3663 no-

427 3706 665 3765 taretur,
694 3700 794 3771 qui
827 3697 1210 3754 moderationi
1258 3696 1466 3751 divinae
1519 3697 1727 3752 fuisset
1788 3697 2076 3768 ingratus.

427 3791 571 3846 Nam
595 3788 916 3860 plurimum
936 3786 1292 3857 suffragatur
1311 3799 1409 3839 reo
1430 3786 1754 3839 verecunda
1771 3787 2078 3853 confessio;

426 3885 484 3935 et
515 3893 748 3952 poenam
782 3893 960 3948 quam
987 3873 1327 3929 defensione
1357 3873 1574 3928 evitare
1605 3890 1716 3928 non
1744 3891 2080 3945 possumus,

427 3968 653 4040 pudore
685 3965 968 4020 levamus.
1004 3963 1191 4034 Elegit
1220 3979 1335 4018 non
1369 3963 1525 4034 quod
1559 3979 1594 4017 a
1642 3962 1870 4034 ﬂagello
1929 3968 2084 4019 esset

427 4058 718 4124 immune,
753 4053 855 4110 sed
888 4052 1042 4124 quod
1097 4051 1458 4107 moderatius
1489 4050 1814 4122 judicavit;
1874 4057 1935 4106 ut
1982 4052 2082 4107 Dei

425 4143 651 4200 lenitati
682 4142 873 4214 magis
903 4140 1004 4212 qui
1055 4144 1254 4195 nosset
1300 4140 1624 4212 ignoscere,
1676 4157 1854 4211 quam
1894 4141 2082 4196 homi-

428 4249 664 4293 num‘se
693 4231 1084 4287 committeret
1113 4229 1406 4301 potestati,
1431 4229 1528 4300 qui
1550 4245 1886 4284 mensuram
1911 4230 2083 4284 ultio-

430 4321 521 4376 nis
552 4322 884 4392 frequenter
911 4319 1270 4374 excederent.
1306 4317 1615 4373 Miseretur
1645 4319 1839 4389 itaque
1854 4321 1951 4390 qui
1989 4335 2080 4373 ne-

2187 3175 2303 3224 tem
2330 3173 2574 3224 acervat.
2600 3169 2781 3223 Suam
2805 3168 3000 3241 fugem
3034 3187 3149 3225 non
3185 3172 3473 3242 poposcit,
3511 3179 3756 3245 propter
3782 3174 3852 3229 il-

2187 3257 2310 3324 lur];
2347 3256 2485 3328 quia
2515 3257 2798 3327 propheta
2825 3274 2928 3328 pro
2971 3257 3186 3330 populo
3229 3259 3535 3331 deprecari
3602 3266 3852 3333 poterat,

2190 3346 2342 3400 sicut
2370 3345 2588 3400 factum
2613 3344 2985 3417 estzpopulus
3015 3363 3119 3418 pro
3152 3348 3439 3420 propheta
3499 3350 3851 3406 intervenire

2191 3451 2304 3489 non
2333 3433 2884 3505 poterat.Scriptum
2907 3437 2997 3490 est
3015 3434 3171 3489 enim
3202 3452 3214 3490 :
3241 3436 3298 3490 Si
3335 3437 3588 3509 populus
3616 3453 3850 3494 errave-

2192 3522 2564 3590 rit,sacerdos
2585 3521 2776 3576 orabit
2805 3538 2907 3594 pro
2925 3539 3021 3590 eo;
3045 3523 3092 3578 si
3115 3524 3390 3580 sacerdos
3411 3527 3857 3598 erraverit,quis

2192 3610 2418 3682 rogabit
2445 3626 2547 3682 pro
2581 3624 2648 3665 eo
2667 3610 2696 3665 ?
2725 3611 2795 3665 Et
2813 3614 3009 3666 tamen
3033 3611 3133 3666 ubi
3160 3612 3310 3667 vidit
3330 3613 3516 3669 occidi
3541 3615 3856 3688 populum.

2189 3701 2312 3770 ipse
2356 3714 2417 3754 se
2445 3697 2652 3769 angelo
2673 3700 2826 3755 8‘22
2859 3699 3086 3754 ferienti
3120 3699 3374 3769 obtulit;
3409 3707 3474 3757 ut
3507 3704 3641 3774 ipse
3660 3705 3859 3776 potius

2191 3804 2293 3859 pro
2326 3787 2537 3859 populo
2570 3787 2856 3843 feriretur.
2878 3786 3017 3843 Plus
3047 3792 3138 3843 cst
3166 3790 3320 3860 quod
3343 3790 3599 3863 necipsa
3630 3798 3858 3864 perter-

2194 3875 2341 3930 ritus
2373 3875 2576 3946 specie
2596 3879 2962 3930 mortuorum
2993 3876 3188 3948 gladio
3220 3893 3282 3933 se
3313 3877 3546 3946 obtulit,
3583 3897 3770 3952 quam
3810 3883 3857 3938 si

2192 3979 2519 4020 sermonem
2552 3963 2868 4037 propositze
2901 3965 3253 4022 conditionis
3286 3971 3570 4039 optasset.
3610 3971 3670 4024 In
3708 3970 3858 4027 elec-

2190 4053 2346 4108 tione
2360 4052 2557 4124 itaque
2573 4051 2855 4108 rationem
2881 4059 3118 4110 secutus
3131 4059 3237 4125 est,
3257 4055 3315 4110 in
3335 4055 3538 4113 dolore
3548 4058 3855 4130 pietatem.

2263 4142 2349 4196 17.
2376 4140 2522 4195 Vide
2555 4144 2751 4197 autem
2784 4141 3016 4196 Domini
3047 4143 3320 4215 gratiam,
3346 4146 3506 4216 quod
3538 4149 3594 4200 et
3635 4146 3765 4218 ipse
3824 4166 3860 4204 δ

2190 4230 2485 4301 proposita
2515 4228 2845 4286 conditione
2879 4229 3132 4287 deﬂexit.
3158 4230 3463 4304 Numquid
3486 4233 3715 4305 aliquod
3743 4237 3860 4290 mi-

2191 4317 2497 4374 serationis
2521 4322 2609 4372 est
2639 4318 2858 4374 crimen
2897 4335 2910 4374 :
2941 4319 3079 4391 quia
3108 4318 3240 4391 plus
3260 4321 3545 4394 minatur,
3562 4328 3620 4378 et
3647 4323 3861 4380 minus

430 4409 540 4465 scit
569 4425 759 4464 errare
786 4426 797 4475 ;
833 4425 946 4462 non
981 4408 1311 4475 miseretur,
1347 4406 1447 4478 qui
1489 4407 1704 4462 erroris
1761 4413 1848 4461 est
1906 4408 2084 4478 parti-
2117 4414 2160 4478 Ι)
2192 4407 2412 4480 exigit?
2440 4406 2547 4470 Qui
2578 4407 2636 4462 in
2667 4407 3132 4463 remuneratione
3163 4410 3546 4480 praemiorum
3579 4429 3689 4468 sua
3721 4430 3861 4486 pro-

430 4513 588 4570 ceps.

509 4589 590 4642 15.
626 4586 739 4641 Nec
772 4583 980 4640 fefellit
1011 4588 1280 4640 sanctum
1315 4583 1488 4638 David
1545 4584 1690 4640 fides
1722 4601 1848 4652 sua,
1882 4586 1980 4640 sed
2022 4585 2081 4640 in

428 4676 556 4748 ipsa
587 4690 819 4747 quoque
838 4673 1155 4729 offensione
1185 4671 1434 4744 gratiam
1468 4672 1673 4728 divinae
1688 4673 2083 4729 miserationis

427 4765 694 4821 emeruit.
727 4764 871 4818 Nam
906 4762 1005 4833 qui
1027 4764 1415 4833 proposuerat
1437 4765 1680 4816 mortem
1712 4761 1906 4816 triduo
1929 4777 2083 4817 exero

427 4871 556 4911 cere
581 4854 643 4909 in
675 4858 849 4917 terra,
879 4868 949 4905 ne
980 4865 1164 4905 unum
1227 4849 1465 4921 quidem
1525 4850 1679 4904 diem
1740 4867 1952 4922 passus
1995 4855 2086 4906 est

429 4942 759 5017 praeterire;
793 4941 893 4996 sed
927 4939 997 4995 ad
1029 4939 1232 4994 horam
1270 4937 1506 5010 prandii
1539 4937 1792 4995 libenter
1815 4939 2082 5010 indulsit,

426 5036 485 5088 et
533 5033 620 5092 (ut
649 5031 821 5087 verbo
852 5029 1168 5100 Scriptura
1199 5027 1349 5098 utar)
1382 5049 1409 5076 ‹‹
1443 5026 1648 5082 habuit
1677 5028 2081 5100 paenitentiam

428 5138 607 5195 super
635 5118 926 5176 malitiam
949 5118 1020 5190 (II
1040 5118 1165 5189 Reg.
1187 5133 1344 5182 xxrv,
1382 5116 1489 5184 16).
1517 5137 1544 5165 ››
1564 5116 1702 5173 Vide
1716 5119 2007 5188 quomodo
2027 5121 2084 5175 te

438 5331 440 5334 ,
498 5280 608 5351 (49)
641 5280 808 5351 Rom.
841 5279 980 5335 edit.
1014 5277 1110 5334 hic
1171 5282 1232 5351 et
1273 5277 1429 5351 infra
1485 5278 1748 5351 reposuit
1809 5293 1868 5351 ei
1897 5279 2082 5336 sacris

431 5350 558 5422 eod.
594 5351 725 5406 Gud.
759 5350 974 5406 Verum
996 5366 1129 5405 cum
1163 5349 1289 5405 aliae
1315 5349 1454 5404 edit.
1480 5349 1655 5422 atque
1680 5367 1830 5422 mss.
1857 5350 1914 5404 in
1947 5367 2084 5422 voce

432 5420 650 5493 Nathanp
674 5423 1060 5486 consentiant,
1092 5424 1332 5493 apparet
1367 5420 1650 5478 memoria
1678 5421 1910 5493 lapsum
1937 5421 2080 5478 fuis-

432 5507 496 5554 se
523 5491 924 5574 Ambrosium,
957 5489 1147 5567 quem'
1157 5489 1500 5552 auctoritate
1519 5489 1755 5568 propria
1773 5494 2083 5553 emendare

2192 4496 2373 4552 missa
2404 4496 2678 4560 custodit,
2699 4497 2757 4550 in
2782 4497 3078 4552 exactione
3099 4513 3399 4569 pennarum
3432 4503 3859 4575 prazscriptum

2191 4585 2499 4640 remordet.
2533 4583 2676 4638 Cum
2709 4585 2981 4641 irascitur
3009 4585 3069 4640 in
3101 4601 3288 4654 reum,
3309 4587 3543 4643 differt:
3580 4605 3722 4645 cum
3755 4591 3863 4647 mi-

2193 4678 2436 4740 seretur,
2469 4676 2772 4745 properat,
2803 4677 2866 4728 ut
2887 4672 3181 4741 absolvat;
3215 4679 3414 4743 terret,
3463 4682 3532 4732 ut
3553 4679 3860 4752 corrigat;

2191 4763 2484 4830 admonet,
2518 4765 2583 4816 ut
2611 4763 2916 4828 emendet;
2951 4762 3245 4833 praevenit,
3269 4767 3336 4818 ut
3378 4763 3674 4837 ignoscat.
3743 4768 3861 4824 Un-

2189 4852 2262 4906 de
2292 4855 2349 4906 et
2376 4850 2512 4905 alibi
2541 4849 2622 4904 ait
2644 4850 2930 4922 Propheta
2949 4851 3019 4906 de
3041 4851 3288 4908 Domino
3313 4870 3326 4907 :
3352 4875 3382 4902 «
3406 4853 3572 4909 Calix
3588 4855 3651 4910 in
3673 4871 3864 4911 manu

2191 4939 2424 4996 Domini
2453 4937 2570 4994 vini
2595 4939 2739 4993 meri
2773 4938 2981 5011 plenus
3011 4943 3099 4995 est
3130 4939 3377 4996 misto...
3430 4948 3858 5000 verumtamen

2189 5029 2298 5085 faex
2329 5029 2455 5101 ejus
2487 5043 2602 5082 non
2633 5031 2722 5083 est
2749 5028 3044 5084 exinanita
3083 5030 3256 5100 (Psal.
3313 5046 3502 5100 LXXIV,
3561 5032 3644 5105 9).
3683 5057 3713 5082 ››
3777 5032 3861 5088 Ad

2191 5119 2529 5175 terrendum
2560 5114 2770 5188 plenus
2797 5122 2888 5172 est
2919 5117 3084 5187 calix,
3119 5118 3191 5174 ad
3223 5119 3558 5176 feriendum
3594 5138 3718 5178 non
3773 5124 3861 5177 est

2191 5277 2597 5352 religioniest.

2262 5347 2384 5430 (50)
2407 5348 2553 5430 Edit.
2583 5363 2788 5430 omnes
2818 5347 2878 5402 in
2901 5364 3160 5430 corpore,
3193 5359 3247 5406 et
3275 5355 3594 5430 utrogetgr,
3659 5353 3857 5430 horta:

2192 5418 2304 5479 tur.
2340 5418 2465 5486 Vet.
2497 5424 2696 5476 autem
2726 5418 2785 5474 in
2815 5418 3119 5492 margine,
3155 5418 3424 5495 cumque
3467 5423 3598 5484 illis
3657 5422 3861 5488 cuncti

2191 5510 2360 5566 mea,
2391 5496 2524 5553 etut
2548 5498 2792 5566 rogetur,
2818 5500 3097 5566 aperatur.
