4078 6196
143 359 152 371 “
237 353 396 418 1065

1285 356 1738 421 ENARRATIO
1785 359 1861 422 IN
1909 355 2290 423 PSALMUM
2336 359 2627 422 XXXVII.

3487 362 3644 425 1066

236 485 596 546 exinanitae.
630 489 846 547 Plenus
875 497 998 547 erat
1029 492 1194 559 calix,
1229 509 1363 547 cum
1401 509 1556 549 mors
1578 508 1681 566 per
1703 494 1889 548 tridu-
1922 495 1974 562 Α
2003 509 2240 550 summa
2292 493 2575 567 patientia
2633 492 2924 549 celebrare
2980 491 3320 560 vin-dictam,
3380 509 3644 552 exercere

239 589 342 635 um
372 581 754 635 mandaretur
786 596 798 634 :
835 580 938 636 sed
968 582 1220 636 occurrit
1251 577 1656 638 misericordia
1685 583 1894 647 Dei,te-

238 668 373 723 nuit
403 683 648 724 manum
680 669 895 740 angeli,
929 670 1276 741 prius-quam
1293 670 1530 726 calicem
1562 671 1742 728 istum
1775 671 1891 726 exi-

241 756 495 813 naniret.
521 755 592 812 Ut
622 757 775 812 scias
806 762 1001 814 autem
1034 757 1173 831 quia
1203 759 1351 814 calix
1399 777 1570 832 poma
1624 759 1711 815 vel
1770 759 1891 832 gla-

240 847 378 902 dius
408 849 519 913 est,
539 846 675 901 audi
705 847 994 902 dicentem
1021 866 1035 904 :
1061 870 1088 898 ‹‹
1118 848 1328 920 Accipe
1357 849 1594 905 calicem
1621 848 1741 903 vini
1771 865 1891 904 me-

239 935 286 990 ri
310 934 494 1006 hujus
516 935 588 990 de
613 951 794 990 manu
827 952 980 1007 mea,
1002 941 1063 992 et
1092 937 1421 1008 potionabis
1443 953 1647 994 omnes
1667 942 1890 1010 gentes,

240 1025 313 1080 ad
348 1039 496 1096 quas
525 1039 632 1096 ego
663 1023 893 1080 mittam
921 1031 979 1081 te
1003 1042 1016 1079 :
1075 1031 1133 1082 et
1159 1031 1488 1091 voment,et
1536 1026 1831 1082 insanient
1860 1043 1895 1082 a

239 1113 386 1168 facie
409 1111 586 1184 gladii
613 1112 830 1183 (Jerem.
855 1131 984 1181 xxv,
1008 1114 1092 1181 15,
1152 1115 1262 1186 46).
1291 1140 1312 1167 ι
1363 1115 1433 1169 Et
1463 1116 1534 1170 ad
1564 1114 1891 1171 Jerusalem

240 1201 456 1257 dicitur
487 1218 500 1255 :
535 1224 562 1250 ‹‹
589 1199 796 1257 Bibisti
827 1201 1071 1258 calicem
1105 1203 1202 1257 iraa
1259 1205 1331 1259 de
1391 1219 1569 1259 manu
1621 1203 1890 1260 Domini:

240 1290 478 1345 calicem
505 1290 660 1345 enim
688 1291 870 1345 ruinae
893 1290 1092 1347 bibisti
1148 1292 1353 1363 (51),et
1398 1293 1733 1358 exinanisti,
1787 1309 1892 1348 nec

239 1385 362 1435 erat
379 1379 477 1451 qui
496 1384 553 1435 te
575 1379 978 1436 consolaretur
999 1381 1134 1451 (lea.
1152 1381 1376 1450 L1,l7).s
1396 1381 1720 1437 Jerusalem
1738 1397 1895 1436 men-

239 1484 437 1524 suram
454 1467 624 1536 bibit,
645 1485 772 1540 quae
793 1481 972 1542 supra
985 1485 1321 1526 mensuram
1337 1471 1613 1542 peccavit.
1638 1471 1896 1526 Ecclesia

239 1556 706 1612 Christianorum
731 1555 971 1613 calicem
994 1559 1094 1614 irae
1115 1558 1412 1614 exinanire
1435 1575 1549 1614 non
1581 1559 1756 1627 novit,
1793 1560 1891 1615 sed

240 1646 603 1701 exinanitum
636 1652 1004 1719 unguentum
1034 1665 1047 1715 ;
1072 1651 1312 1720 propter
1331 1663 1508 1720 quam
1536 1663 1598 1703 se
1625 1647 1895 1704 Christus

241 1735 578 1806 exinanivit,
630 1739 694 1791 ut
727 1737 942 1808 ubique
975 1737 1277 1808 frugi-aret.
1318 1737 1398 1792 De
1427 1753 1608 1792 manu
1663 1737 1895 1793 Domini

240 1824 349 1880 hoc
378 1841 595 1882 munus
625 1825 850 1896 accepit
885 1843 898 1893 ;
933 1825 1211 1898 poculum
1243 1831 1436 1882 autem
1472 1827 1678 1882 mortis
1732 1826 1894 1899 igno~
1923 1862 1971 1928 B

239 1918 347 1970 rat.
382 1919 538 1969 Duos
569 1913 779 1970 calices
810 1914 957 1986 lego,
989 1931 1173 1969 unum
1209 1916 1440 1985 mortis,
1473 1915 1723 1971 alterum
1741 1915 1893 1984 vitae,

239 2001 442 2057 Mortis
473 2000 709 2058 calicem
741 2015 847 2057 suo
879 2002 1148 2058 Christus
1195 2003 1514 2058 exinanivit
1545 2004 1605 2059 in
1655 2003 1895 2076 sangui-

240 2107 312 2148 ne
341 2108 352 2159 ;
386 2094 443 2146 et
486 2100 699 2148 no‘vum
758 2090 996 2146 calicem
1055 2092 1434 2160 ministravit,
1462 2098 1526 2148 ut
1581 2093 1846 2149 dicamus
1880 2109 1892 2148 :

238 2203 266 2229 ‹‹
303 2178 553 2236 Calicem
578 2180 855 2236 salutaris
885 2180 1167 2252 accipiam
1203 2181 1378 2250 (Psal.
1404 2197 1527 2249 cxv,
1565 2183 1672 2253 13).
1709 2203 1736 2231 ››
1779 2186 1896 2237 Νο-

235 2269 292 2324 vi
322 2268 472 2324 calix
496 2273 588 2324 est
614 2269 1003 2336 Testamenti,
1039 2269 1140 2339 qui
1170 2269 1227 2323 in
1262 2270 1672 2326 remissionem
1708 2272 1895 2326 effun-

239 2357 400 2413 ditur
428 2361 818 2428 peccatorum.
850 2357 1187 2415 Eﬂ‘unditur
1217 2357 1311 2413 hic
1343 2357 1512 2426 calix,
1545 2365 1603 2415 et
1634 2359 1739 2414 faex
1768 2361 1897 2430 ejus

240 2462 357 2500 non
416 2445 714 2502 invenitur
769 2446 903 2517 (52),
976 2446 1114 2518 quia
1179 2447 1428 2502 mundat
1485 2463 1657 2502 omne
1713 2447 1894 2503 delic-

240 2540 386 2590 tum.

313 2625 401 2679 18.
433 2623 700 2680 Diximus
731 2623 1231 2696 quemadmodum
1266 2625 1322 2679 in
1352 2624 1688 2681 ulciscendo
1735 2625 1896 2681 intle-

241 2716 361 2768 ctat
390 2711 676 2771 Dominus
707 2711 1162 2768 commotionem
1187 2728 1354 2768 suam
1374 2731 1385 2768 :
1406 2713 1671 2770 dicamus
1691 2731 1894 2786 quem-

240 2802 564 2859 admodum
594 2803 653 2857 in
686 2802 1114 2858 remunerando
1145 2804 1459 2874 praeveniat
1479 2807 1740 2859 nostram
1765 2820 1894 2876 pre-

241 2892 556 2959 cationem,
588 2896 646 2946 et
673 2891 990 2947 doceamus
1049 2889 1336 2962 exemplo.
1397 2891 1547 2947 Audi
1604 2891 1772 2947 illum
1828 2909 1898 2948 ex

242 2979 474 3037 duobus
506 2979 792 3036 latronem
822 2978 1114 3036 dicentem
1158 2979 1408 3034 Domino
1443 2997 1455 3034 :
1519 3002 1547 3029 «
1608 2981 1896 3036 Memento

242 3069 378 3136 mei,
406 3069 665 3136 Domine,
701 3083 833 3124 eum
865 3068 1094 3123 veneris
1123 3068 1184 3123 in
1232 3084 1480 3140 regnum
1510 3072 1679 3124 tuum
1740 3070 1892 3138 (Luc.

233 3173 398 3226 xxI-Ii,
431 3159 542 3229 42).
577 3180 605 3207 ››
639 3157 963 3230 Respondit
996 3157 1276 3212 Dominus
1308 3174 1322 3212 ε
1367 3180 1393 3206 ‹‹
1425 3160 1606 3214 Amen
1667 3157 1796 3214 dico
1829 3158 1893 3214 ti-

2000 588 2310 638 tormenta.
2344 585 2460 639 Cur
2488 597 2623 656 ergo
2659 583 2888 639 mireris
2915 583 2975 638 in
3033 582 3168 649 Deo,
3206 583 3255 637 si
3312 580 3420 638 hoc
3478 583 3648 640 inter-

2002 672 2145 728 dum
2172 672 2233 726 in
2277 672 2514 727 homine
2571 671 3012 744 recognoscas?
3065 669 3398 726 Vindictam
3448 678 3646 728 autem

2002 759 2149 815 iram
2181 777 2308 817 esse
2338 772 2518 832 supra
2548 760 2825 816 diximus.
2858 759 3121 831 Denique
3150 775 3296 816 usus
3353 760 3551 826 habet,
3582 765 3651 816 ut

2003 848 2270 905 dicamus
2296 850 2368 904 de
2398 865 2695 921 quoquam
2728 849 2952 922 punito,
2985 848 3124 921 quia
3152 847 3300 905 iram
3333 848 3539 905 incidit
3566 848 3648 905 le-

2002 953 2140 1010 gum
2171 955 2183 992 :
2216 954 2333 994 non
2363 939 2501 1010 quia
2529 937 2725 1011 legum
2757 939 2928 1008 iram,
2961 938 3061 994 sed
3087 937 3228 1010 quia
3254 937 3452 1011 legum
3484 955 3648 996 sevc-

2002 1025 2233 1082 ritatem
2263 1028 2487 1083 incidit.
2520 1027 2615 1082 Sic
2639 1030 2697 1083 et
2726 1026 2873 1081 alibi.
2893 1027 2965 1081 de
2995 1027 3194 1082 decem
3240 1026 3429 1099 plagis
3487 1028 3652 1100 Egy-

2001 1115 2259 1186 ptiorum
2293 1117 2412 1172 ait:
2441 1139 2467 1167 «
2500 1116 2658 1171 Misit
2685 1116 2745 1170 in
2776 1129 2876 1171 eos
2907 1117 3054 1171 iram
3083 1132 3182 1189 per
3211 1115 3450 1188 angelos
3466 1116 3652 1172 malos

2002 1205 2177 1274 (Psal.
2201 1205 2524 1274 Lxxvnﬁg),
2558 1226 2586 1255 n
2619 1205 2674 1259 id
2694 1204 3112 1260 estvindictam
3138 1223 3151 1272 ;
3185 1205 3274 1260 lex
3286 1205 3442 1261 enim
3467 1204 3654 1261 nescit

2006 1293 2202 1362 irasci,
2236 1293 2336 1348 sed
2369 1295 2481 1348 scit
2508 1293 2704 1365 legum
2733 1293 3020 1350 minister.
3062 1291 3258 1350 Nescit
3281 1309 3417 1367 ergo
3473 1293 3652 1350 irasci

2005 1381 2107 1452 qui
2136 1385 2340 1437 auctor
2368 1387 2458 1438 est
2501 1382 2716 1454 legum,
2751 1383 2847 1438 cui
2904 1383 3160 1438 terrendi
3215 1389 3309 1440 est
3360 1382 3652 1454 voluntas,

2003 1486 2118 1525 non
2146 1470 2447 1542 puniendi.
2483 1471 2800 1526 lmitamini
2834 1487 2993 1543 ergo,
3025 1471 3428 1544 imperatores,
3457 1488 3651 1528 exem-

2004 1555 2165 1628 plum
2203 1555 2462 1611 divinum
2495 1575 2508 1623 ;
2543 1562 2606 1612 ut
2635 1557 2764 1612 sitis
2797 1558 2856 1613 in
2888 1560 3216 1616 statuendis
3245 1560 3476 1632 legibus
3499 1577 3655 1616 seve-

2004 1644 2211 1711 riores,
2246 1644 2305 1699 in
2336 1645 2636 1717 exigendis
2669 1645 2978 1718 suppliciis
3007 1648 3438 1705 misericordes.
3481 1653 3657 1722 δῦνε-ς

2003 1734 2150 1789 ritas
2183 1733 2377 1807 legum
2407 1734 2754 1790 insolentem
2787 1737 3103 1809 restringat
3161 1739 3493 1805 audaciam,
3552 1738 3657 1793 mi-

2003 1823 2318 1878 sericordia
2349 1823 2682 1894 principum
2715 1840 2844 1880 reos
2877 1825 3190 1882 subtrahat
3245 1843 3446 1897 poenae.
3477 1827 3652 1882 Reco-

2003 1912 2232 1984 gnoscit
2261 1911 2442 1984 igitur
2469 1913 2757 1984 PrOpheta
2785 1912 3020 1984 culpam
3074 1931 3267 1980 suam,
3325 1913 3482 1970 videt
3535 1913 3656 1982 vul-

2005 2017 2165 2068 nera,
2199 2001 2388 2056 curari
2423 2003 2700 2073 postulat.
2744 2003 2854 2067 Qui
2887 2004 3081 2058 sanari
3137 2004 3284 2070 vult,
3314 2003 3481 2075 argui
3537 2019 3656 2060 non

2005 2089 2345 2145 reformidat
2377 2108 2391 2146 :
2425 2091 2525 2146 sed
2561 2108 2673 2146 non
2706 2091 2829 2146 vult
2857 2092 3024 2164 argui
3051 2093 3110 2148 in
3158 2093 3374 2161 furore,
3431 2092 3532 2148 sed
3590 2093 3651 2147 in

2004 2179 2179 2235 verbo
2210 2179 2330 2234 Dei.
2364 2179 2620 2234 Verbum
2658 2180 2773 2248 Dei,
2806 2180 3029 2236 sanitas
3059 2186 3169 2238 est.
3203 2181 3296 2237 Sic
3326 2181 3482 2237 enim
3513 2179 3656 2253 legi-

2007 2283 2140 2324 mus
2175 2284 2187 2322 :
2223 2291 2250 2317 ‹‹
2282 2268 2441 2323 Misit
2468 2267 2726 2324 Verbum
2757 2286 2959 2336 suum,
2989 2275 3048 2325 et
3075 2270 3305 2326 sanavit
3333 2286 3432 2326 eos
3481 2271 3655 2340 (Psal.

2005 2373 2116 2423 cvx,
2145 2358 2259 2428 20),
2293 2380 2320 2406 ››
2354 2358 2477 2413 Non
2507 2356 2632 2412 vult
2661 2358 2880 2413 erudiri
2931 2359 2991 2413 in
3023 2359 3132 2428 ira,
3159 2360 3260 2415 sed
3321 2359 3383 2414 in
3443 2359 3658 2415 doctri-

2007 2462 2082 2500 na
2115 2463 2128 2511 ;
2162 2449 2227 2500 ut
2258 2445 2308 2500 si
2341 2444 2632 2500 medicum
2667 2462 2856 2518 roges,
2902 2464 2974 2505 ne
3005 2450 3161 2503 secet
3217 2446 3435 2504 vulnus
3463 2452 3656 2520 tuum,

2008 2535 2110 2589 sed
2141 2533 2638 2589 medicamentum
2669 2537 2926 2607 apponat
2958 2554 2972 2603 ;
3004 2540 3172 2608 urget
3201 2537 3668 2606 medicamento,

2006 2624 2107 2677 sed
2142 2638 2257 2677 non
2288 2627 2467 2677 secat.
2530 2623 2785 2694 Denique
2840 2629 2930 2680 est
2978 2625 3164 2693 dolor,
3222 2626 3324 2682 sed
3381 2642 3498 2681 non
3553 2643 3657 2682 su-

2007 2727 2110 2782 pra
2164 2727 2500 2766 mensuram
2563 2710 2782 2768 doloris
2815 2728 2827 2768 :
2861 2714 3110 2784 mordet,
3143 2714 3244 2770 sed
3276 2729 3393 2770 non
3451 2731 3656 2772 cruen-

2003 2803 2108 2854 tat.
2882 2815 2896 2823 ·’

2074 2889 2162 2943 20.
2197 2888 2381 2957 (Vers.
2423 2890 2502 2960 3.)
2561 2889 2629 2944 Et
2685 2887 2956 2945 addidit:
3023 2891 3370 2954 «Quoniam
3426 2891 3655 2964 sagitta

2005 2983 2121 3033 tuas
2149 2977 2337 3033 infixae
2365 2981 2506 3034 sunt
2534 2977 2700 3033 mihi.
2735 3000 2762 3028 ››
2796 2978 3010 3034 Eadem
3037 2979 3268 3035 videtur
3287 2979 3499 3048 dicere,
3525 2997 3652 3052 quis

2006 3070 2245 3122 sanctus
2273 3067 2384 3122 Job
2419 3083 2431 3120 :
2466 3067 2566 3122 sed
2601 3067 2828 3122 diversa
2858 3071 3016 3123 sunt.
3076 3068 3225 3124 Nam
3257 3074 3314 3124 et
3368 3067 3464 3124 ille
3517 3067 3597 3124 ait
3630 3085 3642 3124 :

2007 3179 2033 3205 (ς
2070 3156 2304 3229 Sagittae
2333 3157 2493 3211 enim
2523 3156 2751 3211 Domini
2780 3155 2839 3210 in
2871 3171 3112 3228 corpore
3133 3172 3262 3214 meo
3311 3161 3470 3224 sunt,
3505 3173 3657 3228 qua-

235 3247 322 3315 bi,
349 3245 521 3303 hodie
551 3261 782 3302 mecum
814 3246 932 3301 eris
959 3245 1019 3300 in
1049 3245 1320 3316 paradiso
1361 3247 1521 3316 (Ibid.
1556 3247 1668 3317 43).
1706 3269 1734 3296 κ
1790 3246 1890 3303 Ille
1919 3231 1964 3298 C
2003 3261 2134 3299 rum
2166 3246 2329 3300 furor
2359 3243 2508 3299 bibit
2537 3244 2884 3316 sanguinem
2942 3261 3140 3300 meum
3173 3262 3186 3299 :
3245 3261 3382 3300 cum
3436 3245 3654 3318 incipio

235 3335 428 3392 adhuc
457 3336 701 3408 rogabat
729 3339 796 3390 ut
827 3334 1198 3390 meminisset
1228 3333 1320 3389 sui
1351 3350 1486 3389 cum
1515 3335 1774 3391 venisset
1829 3337 1889 3390 in

238 3441 484 3498 regnum
517 3440 691 3481 suum
727 3441 740 3491 ;
772 3427 830 3480 et
859 3421 1166 3489 Dominus,
1215 3438 1348 3477 cum
1382 3425 1645 3478 nondum
1700 3423 1890 3479 venis-

239 3518 349 3580 set,
384 3514 435 3569 ei
460 3515 585 3584 jam
620 3527 862 3584 regnum
896 3510 1126 3567 cmleste
1163 3511 1478 3566 tribuebat.
1512 3511 1696 3575 Quam
1728 3510 1894 3567 velox

238 3601 647 3660 misericordia
679 3602 691 3655 l
726 3601 978 3656 Tardius
1005 3604 1205 3656 votum
1239 3599 1553 3672 precantis,
1587 3616 1764 3671 quam
1800 3617 1891 3656 re-

237 3688 613 3746 munerantis
642 3691 730 3744 est
758 3688 1087 3760 praemium.

317 3779 407 3834 19.
445 3777 578 3833 Ideo
609 3793 744 3851 ergo
782 3776 962 3832 David
1021 3777 1481 3833 moderationem
1537 3778 1746 3848 tenuit,
1779 3794 1894 3835 non

240 3867 655 3924 remissionem
689 3865 873 3922 oravit
901 3865 1105 3922 dicens
1136 3881 1148 3921 :
1184 3887 1212 3915 ‹‹
1247 3864 1516 3934 Domine,
1550 3883 1622 3922 ne
1651 3867 1740 3923 ira
1795 3872 1898 3924 tua

246 3973 463 4030 arguas
493 3972 605 4022 me,
633 3973 824 4027 neque
879 3955 938 4010 in
997 3956 1193 4012 furore
1221 3957 1322 4010 tuo
1377 3956 1659 4029 corripias
1718 3971 1829 4014 me.
1865 3983 1893 4010 ››

239 4049 430 4103 Furor
459 4045 651 4100 Graece
683 4045 830 4107 θυμὸς
883 4043 1118 4114 dicitur,
1174 4049 1232 4100 et
1291 4043 1388 4099 iraa
1444 4045 1719 4117 impetus.
1780 4047 1896 4104 Hoc

243 4151 383 4208 ergo
413 4134 655 4190 Latinus
685 4133 868 4189 voluit
897 4134 1223 4206 exprimere
1254 4152 1272 4187 :
1300 4133 1496 4206 Neque
1534 4135 1592 4191 in
1626 4136 1732 4207 ira,
1793 4153 1897 4193 ne-

247 4241 361 4297 que
385 4225 442 4278 in
467 4225 592 4296 ipso
608 4224 827 4295 impetu
853 4223 948 4277 ira:
971 4237 1185 4296 arguas
1203 4241 1316 4291 me,
1340 4228 1440 4278 aut
1452 4225 1899 4297 corripias,Cor-

254 4314 438 4386 reptio
471 4317 687 4380 autem,
723 4311 976 4368 eruditio
1011 4317 1118 4368 est.
1157 4315 1288 4385 ipsa
1319 4313 1511 4368 Graece
1541 4313 1757 4368 dicitur
1789 4324 1901 4370 παί-

257 4402 432 4462 δευσις,
465 4401 536 4456 de
565 4415 683 4472 qua
725 4398 984 4455 dicitur:
1049 4423 1077 4449 ‹‹
1110 4399 1320 4454 Beatus
1377 4399 1552 4456 homo
1605 4418 1781 4473 quem
1837 4407 1902 4458 tu

257 4489 567 4558 erudieris,
605 4489 762 4546 828
808 4488 1052 4544 Domine
1083 4489 1254 4559 (Psal.
1303 4504 1459 4556 xcm,
1500 4489 1580 4561 13)
1617 4491 1628 4545 l
1691 4513 1719 4540 »
1777 4491 1904 4546 Non

1999 3333 2185 3405 loqui,
2219 3338 2626 3406 compungunt
2657 3350 2750 3389 me
2778 3334 2922 3404 (Job.
2955 3350 3032 3400 v1,
3065 3335 3140 3405 ἁ).
3175 3355 3202 3384 ››
3259 3334 3361 3390 Ille
3398 3336 3470 3392 de
3528 3335 3654 3391 vul-

2000 3439 2138 3477 nere
2168 3423 2260 3477 sui
2318 3421 2578 3492 corporis
2629 3423 2942 3493 queritur;
3001 3423 3096 3480 hic
3125 3422 3390 3496 deplorat
3445 3424 3654 3481 animm

2002 3527 2122 3564 suae
2152 3509 2412 3564 vulnera.
2448 3509 2514 3564 Et
2543 3511 2688 3565 forte
2713 3511 2806 3566 hic
2837 3512 2958 3583 agit
2987 3513 3390 3583 paenitentiam
3419 3514 3491 3569 de
3521 3529 3648 3586 pec-

2002 3606 2126 3654 cato
2159 3599 2273 3669 (53)
2306 3613 2320 3653 :
2353 3596 2453 3652 ille
2483 3614 2719 3653 causam
2753 3599 2875 3670 agit
2902 3600 3266 3656 inﬁrmitatis
3323 3603 3598 3659 humanae
3631 3620 3645 3671 ;

2002 3691 2062 3742 et
2087 3686 2257 3758 quasi
2290 3689 2500 3740 nostris
2532 3685 2948 3742 imbecillitatis
3005 3694 3280 3757 assertor,
3341 3691 3414 3746 ad
3464 3707 3648 3747 reme-

2003 3777 2167 3831 dium
2193 3775 2386 3846 operis
2417 3773 2698 3829 auxilium
2729 3775 3016 3830 Creatoris
3045 3777 3322 3848 exposcit.
3346 3777 3450 3834 Hic
3471 3779 3652 3850 igitur

2005 3869 2296 3937 precatur,
2344 3862 2440 3918 ille
2473 3862 2890 3935 patrocinatur.
2949 3864 3198 3935 Ideoque
3253 3865 3652 3921 vehementior

2006 3956 2186 4027 hujus
2219 3957 2309 4008 est
2364 3953 2568 4018 dolor;
2627 3952 2767 4024 quia
2825 3953 3032 4008 anima:
3088 3951 3332 4008 vulnera
3384 3953 3655 4024 graviora

2008 4059 2186 4116 quam
2209 4041 2401 4098 carnis
2425 4045 2584 4097 sunt.
2612 4040 2712 4096 Ille
2734 4040 2874 4096 dicit
2893 4041 3136 4114 sagittas
3166 4040 3400 4097 Domini
3440 4040 3500 4096 in
3544 4057 3652 4098 suo

2009 4149 2138 4190 esse
2161 4147 2419 4203 corpore,
2441 4131 2549 4186 iste
2565 4130 2830 4201 deplorat
2851 4129 3060 4187 infixas
3085 4156 3099 4199 ;
3123 4131 3283 4186 illius
3303 4129 3547 4202 sanguis
3564 4129 3652 4184 bi-

2010 4223 2188 4289 bitur,
2212 4221 2392 4291 hujus
2414 4218 2734 4274 eﬂ'unditur
2758 4237 2772 4287 ;
2795 4219 2892 4274 ille
2923 4218 3356 4291 compungitur,
3384 4218 3478 4275 hic
3525 4218 3652 4274 vul-

2012 4313 2252 4368 neratur
2274 4327 2286 4377 ;
2311 4307 2478 4363 illum
2501 4325 2713 4362 manus
2739 4307 2842 4363 Dei
2861 4308 3073 4379 tetigit,
3098 4324 3274 4379 super
3291 4307 3448 4364 hunc
3493 4306 3656 4380 gravi

2012 4400 2266 4472 pondere
2317 4396 2660 4452 conﬁrmata
2687 4401 2806 4462 est;
2864 4395 2958 4451 hic
2988 4395 3249 4452 animam
3280 4413 3448 4454 suam
3481 4397 3660 4452 deﬂet

2014 4488 2393 4544 illusionihus
2421 4499 2550 4540 esse
2580 4483 2954 4554 completam,
2987 4484 3086 4540 ille
3116 4501 3292 4541 suum
3325 4502 3536 4559 corpus
3566 4485 3651 4542 ul-

257 4581 414 4636 enim
449 4580 604 4636 Deus
636 4577 896 4652 passioni
926 4581 1106 4650 patet,
1163 4582 1228 4632 ut
1282 4579 1587 4648 irascatur,
1647 4595 1781 4635 cum
1831 4581 1908 4636 sit
1938 4600 1980 4666 D
2015 4575 2532 4666 ceribus.M_a_num
2556 4576 2750 4627 autem
2800 4573 3220 4666 Dei,virtutem
3269 4574 3656 4648 intelligimus

258 4668 648 4742 impassibilis
683 4687 696 4735 ;
731 4668 829 4724 sed
865 4667 1002 4738 quia
1033 4666 1309 4737 vindicat,
1341 4667 1571 4723 videtur
1603 4667 1908 4725 irasci.No-

258 4759 349 4815 bis
381 4759 490 4814 hoc
519 4757 748 4814 videtur
781 4775 793 4824 ;
825 4755 963 4828 quia
992 4755 1104 4829 ipsi
1135 4772 1268 4812 cum
1297 4757 1682 4815 commotione
1720 4757 1906 4814 vindi-

268 4864 399 4904 care
427 4847 860 4904 consuevimus.
917 4845 1269 4918 Plerumque
1298 4850 1494 4902 tamen
1524 4852 1581 4902 et
1637 4847 1909 4904 homines

261 4935 643 4994 inveniuntur
724 4951 858 4990 cum
932 4935 1252 5002 vindicant,
1313 4951 1425 4990 non
1486 4936 1744 5002 moveri;
1805 4938 1905 4992 sed

330 5113 444 5186 (5t)
475 5114 602 5186 Duo
627 5129 770 5169 mss.
799 5125 864 5186 ac
894 5114 1023 5186 _vet.
1071 5111 1212 5186 edit.
1236 5111 1295 5166 in
1345 5113 1633 5186 margine,
1682 5114 1908 5169 calicem

255 5183 404 5241 enim
426 5183 540 5242 irae
570 5185 775 5241 bibam.
808 5183 1006 5249 Hebr.,
1039 5183 1262 5238 calicem
1307 5185 1460 5238 enim
1486 5183 1697 5240 ivenem'
1723 5188 1909 5241 morti-

250 5257 509 5336 feri,_vel
540 5260 602 5311 ut
632 5254 1018 5336 Crot._vertit_,
1038 5255 1304 5336 poculum
1333 5255 1614 5336 horribile.
1675 5255 1906 5336 Chald.,

293 5328 511 5384 oculum
535 5325 956 5398 maledz’ctz'onis,
992 5325 1196 5398 bibisti.
1240 5325 1306 5380 Et
1337 5330 1469 5398 post
1525 5343 1641 5382 non
1699 5327 1904 5396 multa,

303 5415 420 5454 om.
454 5398 593 5455 edit.
628 5397 771 5464 sola,
817 5397 1116 5468 Jerusalem
1146 5413 1312 5468 supra
1340 5397 1691 5454 ’mensuram
1750 5399 1904 5468 bibit,

252 5473 412 5553 quia,
440 5475 547 5526 etc.
579 5467 774 5550 Minus
805 5469 952 5524 bene
973 5466 1549 5553 ;‘siquidcm'videtu.r
1563 5466 1908 5553 Ambrosius

254 5539 326 5599 ad
359 5543 416 5597 id
451 5540 801 5666 respexisse,
855 5539 1010 5610 quod
1076 5539 1238 5596 locus
1297 5541 1455 5597 Isaiae
1488 5539 1571 5596 sic
1623 5541 1909 5599 habeatur

252 5614 409 5688 apud
442 5613 555 5666 LX.
619 5627 631 5665 :
691 5609 1007 5688 fta-mtuam
1035 5612 1129 5676 γὰρ
1151 5613 1214 5670 τῆ
1242 5613 1484 5674 πτώσεως,
1511 5613 1567 5660 τὸ
1619 5611 1793 5661 κόνδον
1820 5615 1906 5664 τοῦ

251 5681 407 5765 θῦμοῦ
442 5689 638 5757 tum“,
720 5685 828 5747 etc.
916 5681 1064 5739 Nam
1141 5688 1286 5742 κόνδυ
1374 5699 1562 5759 genus
1615 5698 1906 5748 mensuras

575 5811 839 5879 PATBOL.
888 5807 1053 5874 XIV.

2017 4663 2320 4738 puniendi.
2345 4662 2476 4717 Haec
2495 4677 2704 4716 manus
2736 4678 2928 4734 regem
2976 4663 3376 4736 Egyptiorum
3423 4668 3660 4735 prapter

2015 4753 2260 4810 Abrahae
2281 4751 2560 4823 injuriam
2583 4752 2655 4806 ab
2688 4755 2970 4808 tentatum
2993 4753 3146 4809 Sam
3177 4753 3522 4825 pudicitiam
3555 4752 3657 4813 ﬂa-

2015 4842 2266 4916 gellavit.
2287 4841 2415 4896 Haec
2437 4858 2650 4896 manus
2693 4842 3093 4915 {Egyptiorum
3115 4858 3347 4910 currus,
3394 4856 3576 4911 equos
3603 4842 3662 4894 et

2017 4929 2264 5004 pOpulos
2306 4931 2484 4985 Rubri
2517 4931 2698 4988 maris
2727 4931 3006 4990 demersit
3033 4931 3342 5004 profundo.
3376 4929 3507 4986 Hac
3535 4944 3659 4984 ma-

2015 5115 2122 5180 est,
2157 5127 2334 5184 quam
2365 5111 2672 5184 Synagoga
2697 5116 2880 5168 totam
2909 5109 3248 5167 exhausisse
3277 5109 3371 5166 hic
3401 5108 3681 5166 declara-.

2013 5188 2129 5240 tur.

2087 5255 2198 5326 (52)
2233 5254 2396 5309 Rom.
2432 5253 2592 5318 edit.,
2627 5257 2678 5309 et
2704 5256 2816 5325 faex
2862 5256 3142 5326 eiusgmm
3198 5254 3469 5326 inanitur.
3522 5249 3656 5309 Aliae

2015 5315 2149 5382 cum
2182 5315 2372 5390 inss,..
2408 5342 2516 5380 non
2549 5315 2848 5379 invertit-ur.
2883 5315 3112 5393 Melius,
3147 5341 3277 5380 cum
3312 5325 3405 5379 hic
3436 5329 3659 5396 aperte

2017 5397 2379 5472 significatur
2428 5397 2674 5472 _calicem
2721 5396 2859 5451 Novi
2891 5394 3657 5472 Testamentifzeculentum

2017 5467 2132 5524 ndn
2162 5484 2323 5541 esse,_
2344 5467 2445 5521 sed
2478 5482 2692 5541 purum
2729 5485 2742 5534 ;
2777 5472 2840 5522 ut
2873 5472 3006 5541 pote
3052 5467 3151 5540 qui
3179 5467 3399 5523 nullam
3457 5467 3658 5524 crimi-

2017 5541 2109 5596 nis
2138 5537 2428 5594 maculam
2458 5537 2573 5593 non
2605 5537 2778 5594 eluat.

2087 5612 2199 5684 (55)
2228 5609 2631 5686 Videpriores
2683 5611 2836 5686 duos
2891 5609 3072 5671 libros
3103 5613 3176 5670 De
3221 5611 3662 5686 interpellatione

2087 5627 2199 5684 (DD)
2239 5627 2374 5664 Viue
2450 5627 2631 5665 mores
2688 5627 2744 5666 αι

2013 5692 2334 5745 sanctorum
2351 5627 2445 5746 1οῗ
2475 5689 2530 5745 ετ
2554 5680 2744 5744 David.

3261 5813 3342 5899 δή
