4078 6196
429 320 586 383 1067

1892 318 1954 380 S.
1990 312 2362 381 AMBROSII

3682 314 3849 379 1068

427 470 540 509 nus
569 454 824 506 mentem
855 449 1115 522 gravavit
1147 449 1299 523 regis
1332 450 1493 521 Saul,
1554 455 1620 506 ut
1674 451 1924 522 gratiam
1975 453 2064 508 sui
2098 454 2150 518 Α
2179 451 2279 523 qui
2309 451 2653 508 vulnerandi
2683 450 2953 526 permisit
2982 449 3218 509 diabolo
3249 453 3626 525 potestatem.
3659 451 3846 508 Deni-

425 538 852 598 conservatoris
881 539 1103 598 odisset
1136 557 1148 608 ;
1182 544 1238 596 et
1264 556 1367 612 pro
1430 540 1906 612 praevaricatione
1964 557 2075 595 cae-

419 628 582 686 lestis
604 627 837 702 imperii
867 629 1134 685 desertus
1167 647 1200 685 a
1221 629 1418 698 sociis,
1449 629 1817 701 interemptis
1841 645 2076 701 quoque

424 717 564 775 ﬁliis
595 717 934 789 destitutus,
963 718 1153 774 victus
1185 719 1256 774 ab
1288 718 1556 775 hostibus
1587 722 1724 790 (quo
1748 717 2076 790 spectaculo

429 807 578 865 nihil
606 812 696 864 est
725 808 1046 865 deformius
1075 809 1220 881 regi)
1253 807 1512 880 gladium
1546 807 1603 861 in
1637 825 1697 862 se
1728 824 1901 862 suum
1953 806 2077 878 ipse

429 901 807 965 converteret,
839 913 910 952 ne
941 897 1206 970 captivus
1237 912 1413 952 senex
1441 897 1654 952 viveret
1701 896 1837 950 ﬁliis
1869 899 1927 951 et
1985 913 2074 950 re-

427 1003 544 1060 gno
573 991 889 1058 superstes.
925 987 1085 1042 Hanc
1116 1003 1360 1041 manum
1409 985 1589 1041 David
1648 985 1707 1040 in
1765 984 1958 1056 seipso
1989 1001 2078 1039 ex-

429 1080 632 1148 pertus
651 1081 708 1132 et
733 1075 956 1142 liberis,
981 1075 1224 1132 alterius
1254 1075 1566 1141 incestum,
1599 1074 1840 1129 alterius
1892 1073 2076 1146 parri-

432 1164 654 1220 cidium
685 1163 1025 1237 deploravit,
1049 1169 1106 1220 et
1136 1166 1290 1222 824
1321 1165 1496 1236 (quod
1529 1165 1624 1236 pio
1657 1163 1806 1236 patri
1839 1164 2076 1236 gravius

436 1258 526 1310 est
578 1252 789 1310 salutis
820 1271 938 1310 suae
969 1252 1182 1325 exitiis)
1213 1251 1390 1309 simul
1420 1253 1700 1325 oppobria
1753 1251 1992 1320 sobolis,
2024 1256 2080 1307 et

428 1343 662 1415 pietatis
693 1343 924 1399 deflevit
953 1342 1213 1399 excidia:
1249 1359 1500 1414 quorum
1533 1341 1679 1398 alter
1695 1341 2076 1397 adincestum

429 1449 712 1490 accensus
743 1434 814 1488 de
843 1432 1252 1504 germanitatis
1284 1432 1516 1502 atl‘ectu,
1549 1432 1696 1486 alter
1723 1431 1795 1487 ad
1829 1430 2075 1502 parrici-

429 1522 592 1578 dium
628 1525 890 1578 armatus
922 1527 1012 1578 est
1040 1521 1236 1578 studio
1269 1521 1575 1577 castitatis.
1607 1520 1751 1574 Vide
1799 1521 2078 1591 quemad-

427 1612 668 1668 modum
702 1610 834 1666 illos
858 1611 915 1666 in
949 1609 1312 1682 gravissimis
1343 1608 1689 1663 criminibus
1721 1608 2076 1663 conﬁnialu-

426 1717 552 1756 sere
583 1700 888 1756 virtutum.
925 1699 1158 1755 Utinam
1192 1702 1292 1754 aut
1322 1697 1420 1752 ille
1451 1713 1710 1753 sororem
1742 1715 1853 1752 non
1888 1714 2078 1753 amas-

2185 556 2299 611 que
2330 541 2376 596 si
2411 543 2676 607 mandes,
2711 547 2773 598 ut
2803 545 2940 598 tuus
2971 541 3238 598 servulus
3268 542 3628 612 verberetur,
3647 557 3851 596 nonne

2184 629 2414 685 etiamsi
2445 631 2518 686 ab
2550 633 2822 688 adstante
2851 631 2962 687 alio
2995 633 3274 698 caedatur,
3307 648 3342 687 a
3370 635 3425 687 te
3456 630 3680 687 dicitur
3727 647 3850 686 ver-

2184 718 2469 774 beratus?
2503 721 2605 775 Est
2631 724 2688 775 et
2718 719 2821 774 illa
2854 720 2999 776 ratio
3030 739 3042 776 :
3078 720 3220 792 quia
3249 720 3534 776 Dominus
3565 719 3701 775 ideo
3750 719 3854 774 dat

2185 808 2459 863 tentatori
2505 812 2879 880 potestatem,
2911 814 2976 864 ut
3002 809 3384 865 hominumin
3416 809 3853 864 tentationibus

2183 897 2460 966 probetur
2491 897 2754 954 affectus.
2788 897 2923 954 Ideo
2956 898 3022 953 ﬁt
3053 897 3403 971 persecutio,
3455 902 3520 952 ut
3579 898 3732 952 fides
3763 897 3855 951 lu-

2184 989 2329 1052 ceat,
2364 986 2548 1041 virtus
2580 985 2843 1056 excellat,
2878 1003 3046 1044 mens
3076 986 3308 1043 interna
3349 985 3627 1042 omnibus
3661 985 3853 1042 mani-

2184 1074 2449 1129 festetur.

2253 1164 2341 1217 22.
2377 1164 2524 1236 Ergo
2558 1164 2798 1220 tentatio
2831 1165 3000 1236 quasi
3033 1164 3245 1236 sagitta
3277 1169 3536 1236 penetrat
3555 1164 3850 1220 interiora

2185 1250 2464 1318 hominis,
2495 1257 2552 1308 et
2580 1253 2749 1324 quasi
2779 1253 3013 1323 gladius
3048 1253 3171 1325 Dei,
3231 1254 3334 1325 qui
3394 1259 3682 1310 scrutatur
3739 1255 3840 1309 in-

2185 1344 2368 1396 terna.
2403 1340 2648 1397 Gladius
2677 1347 2875 1398 autem
2905 1343 3149 1398 verbum
3181 1347 3269 1398 est
3316 1342 3418 1398 Dei
3452 1342 3753 1408 validium,
3786 1345 3850 1397 et

2187 1430 2415 1485 acutius
2446 1430 2603 1485 omni
2634 1429 2826 1502 gladio
2859 1431 3202 1487 acutissimo
3238 1449 3250 1487 :
3282 1431 3352 1486 de
3382 1448 3497 1503 quo
3519 1430 3722 1502 gladio
3744 1448 3851 1485 au-

2187 1518 2243 1571 di
2278 1518 2566 1575 dicentem
2599 1519 2794 1575 Mariae
2827 1520 3161 1576 Simeonem
3195 1537 3206 1575 :
3242 1544 3269 1569 ι(
3304 1521 3374 1575 Et
3430 1527 3597 1575 tuam
3660 1520 3850 1591 ipsius

2187 1608 2444 1662 anima'n
2479 1609 2860 1679 pertransibit
2889 1607 3122 1682 gladius
3149 1628 3161 1677 ;
3194 1613 3259 1664 ut
3288 1608 3851 1665 revelenturmulto-

2188 1713 2317 1749 rum
2359 1696 2620 1751 cordium
2677 1697 3059 1770 cogitationes
3115 1699 3265 1767 (Luc.
3327 1715 3388 1766 11,
3419 1699 3537 1770 35).
3599 1699 3846 1753 nVerbo

427 1794 537 1854 set,
572 1793 676 1844 aut
706 1788 794 1842 hic
827 1805 943 1842 non
974 1786 1367 1844 vindicasset!
1402 1787 1487 1840 Ad
1521 1789 1883 1856 postremum
1915 1791 1971 1841 et
1998 1785 2076 1857 ip-
2107 1821 2154 1885 B
2187 1785 2340 1839 enim
2375 1785 2475 1840 Dei
2511 1787 2710 1842 omnia
2739 1785 3090 1856 revelantur,
3123 1787 3183 1841 in
3207 1788 3376 1859 cujus
3392 1792 3714 1860 conspectu
3739 1805 3846 1842 nu-

426 1893 489 1932 se
517 1875 716 1948 patriae
747 1876 965 1932 finibus
996 1875 1206 1948 pulsus
1238 1892 1272 1931 a
1332 1874 1470 1940 filio,
1505 1875 1765 1947 fugiebat
1821 1875 2070 1943 hostem,

426 1982 604 2036 quem
645 1966 884 2038 optabat
938 1965 1279 2021 haredem:
1343 1965 1640 2020 metuebat
1697 1965 1950 2031 vincere,
2003 1980 2074 2020 ne

422 2054 656 2127 pietatis
672 2055 978 2127 dispendio
1006 2054 1354 2111 vinceretur.

493 2145 582 2200 2|.
618 2144 730 2200 Sed
759 2144 905 2200 forte
931 2143 1146 2215 aliquis
1177 2144 1332 2199 dicat
1368 2160 1378 2198 :
1432 2143 1734 2206 Quomodo
1767 2143 1824 2196 in
1887 2143 2072 2214 parri-

424 2233 597 2299 cidio,
631 2231 719 2288 vel
750 2232 807 2286 in
841 2233 1067 2288 incestu
1113 2249 1325 2287 manus
1355 2232 1532 2286 fuerit
1587 2232 1704 2296 Dei,
1739 2248 1873 2286 cum
1925 2248 2074 2303 opus

425 2319 574 2377 illud
600 2320 824 2377 inimici
855 2321 932 2377 sit
960 2321 987 2374 ?
1019 2322 1454 2393 Cognoscamus
1485 2321 1663 2392 igitur
1689 2319 1964 2392 quoniam
2018 2323 2076 2375 et

427 2409 528 2466 ubi
559 2409 830 2467 diabolus
887 2408 1172 2479 vulnerat,
1221 2409 1445 2482 sagitta:
1477 2409 1708 2464 Domini
1769 2409 2074 2465 vulnerare

426 2499 716 2556 dicantur.
751 2499 970 2572 Nempe
1001 2500 1086 2555 sic
1108 2498 1382 2570 legimus,
1416 2499 1570 2570 quod
1597 2515 1730 2554 cum
1763 2499 1819 2552 in
1880 2499 2072 2555 conci-

423 2587 503 2644 lio
533 2587 873 2660 angelorum
906 2591 1177 2643 sanctum
1208 2588 1317 2643 Job
1351 2587 1646 2643 servulum
1678 2605 1852 2643 suum
1886 2589 2075 2644 Domi-

420 2693 534 2733 nus
564 2693 880 2734 oonversus
911 2677 983 2733 ad
1004 2676 1306 2732 diabolum
1337 2677 1680 2748 praedicaret
1718 2678 1855 2749 (Job.
1893 2696 1930 2745 1,
1965 2680 2021 2747 8)
2056 2695 2068 2732 :

426 2769 488 2822 ut
517 2770 784 2823 ureretur
812 2765 1066 2836 invidus,
1086 2769 1142 2820 et
1171 2765 1409 2820 hamani
1441 2766 1672 2837 generis
1703 2766 2072 2822 adversarius

426 2855 578 2928 (laus
603 2855 760 2912 enim
791 2854 1084 2911 inferioris
1124 2853 1468 2910 substantiae
1499 2855 1603 2909 viri
1632 2855 1764 2925 (54),
1799 2856 2070 2912 condem-

428 2943 586 3000 natio
615 2944 743 3016 ejus
773 2944 884 3015 est)
905 2941 1269 3014 responderit
1297 2941 1585 3011 diabolus,
1619 2943 1758 3014 quia
1789 2961 1902 2999 non
1945 2962 2074 3018 gra-

427 3033 503 3089 tis
531 3033 640 3090 Job
674 3035 987 3089 Dominum
1013 3036 1407 3099 veneraretur,
1442 3032 1540 3103 qui
1575 3036 1718 3086 nutu
1751 3033 1850 3088 Dei
1881 3035 2068 3089 omni-

424 3121 537 3178 bus
568 3121 914 3178 abundaret.
949 3145 975 3171 ‹‹
1009 3121 1122 3177 Sed
1154 3119 1341 3188 mitte,
1379 3143 1406 3170 »
1467 3121 1678 3193 inquit,
1735 3145 1762 3169 «
1826 3139 2067 3178 manum

2185 1874 2260 1927 da
2289 1877 2345 1928 et
2373 1880 2570 1946 aperta
2603 1880 2741 1930 sunt
2771 1876 2988 1931 omnia.
3025 1877 3238 1932 Anima
3269 1876 3397 1950 ipsa
3446 1876 3682 1932 videtur
3713 1878 3846 1947 (56),

2184 1961 2454 2035 medulla:
2489 1963 2640 2020 825
2676 1964 3004 2031 interiores,
3037 1964 3542 2038 cogitationesque
3561 1966 3848 2021 maniles-

2183 2057 2254 2106 tae
2285 2056 2423 2106 sunt
2453 2054 2636 2123 (Hebr.
2672 2070 2749 2120 1v,
2790 2053 2852 2108 l2
2879 2057 2930 2108 et
2962 2055 3051 2125 13)
3088 2072 3100 2110 ;
3135 2071 3240 2110 nec
3271 2053 3391 2109 ulla
3423 2059 3732 2127 postremo
3759 2059 3850 2110 est

2183 2145 2466 2207 creatura,
2501 2146 2566 2195 ut
2597 2141 2896 2213 Scriptura
2925 2141 3087 2208 dicit,
3123 2160 3250 2214 qua:
3299 2159 3360 2198 se
3417 2160 3450 2199 a
3509 2144 3846 2216 cognitione

2183 2230 2311 2299 ejus
2341 2229 2662 2285 abscondat
2693 2232 2864 2301 (Psal.
2897 2248 3059 2298 xvm,
3082 2233 3156 2302 7).
3191 2233 3338 2304 Ergo
3367 2232 3699 2289 vendamus
3720 2249 3849 2288 om.

2184 2319 2302 2385 nia,
2334 2323 2398 2373 ut
2429 2319 2682 2375 Verbum
2716 2337 3003 2388 emamus,
3041 2322 3354 2394 ipsumque
3385 2322 3445 2377 in
3479 2323 3705 2378 nostris
3734 2324 3850 2378 vis-

2183 2408 2416 2463 ceribus
2449 2409 2858 2464 recondamus.

2252 2497 2341 2551 23.
2380 2498 2506 2568 Ipse
2538 2502 2832 2569 postremo
2867 2498 3136 2555 diabolus
3160 2499 3529 2569 testiﬁcatur,
3557 2501 3702 2572 quia
3723 2517 3849 2557 om—

2184 2585 2281 2641 nia
2311 2585 2412 2642 dat
2443 2586 2617 2643 homo
2649 2603 2776 2659 quae
2805 2586 2980 2643 habet
3009 2604 3113 2660 pro
3164 2587 3361 2644 anima
3416 2606 3547 2660 sua,
3595 2606 3707 2645 nec
3765 2591 3850 2645 di-

2181 2691 2364 2747 gnum
2396 2674 2537 2730 illud
2574 2676 2828 2747 pretium
2858 2675 3036 2733 totius
3080 2677 3418 2750 patrimonii
3448 2695 3551 2750 pro
3611 2679 3845 2735 redem-

2182 2763 2378 2835 ptione
2402 2765 2576 2819 unius
2609 2764 2815 2819 animae
2847 2765 3178 2821 conﬁtetur.
3212 2766 3359 2832 Quid
3391 2767 3697 2838 parcimus
3738 2785 3845 2841 pa-

2179 2852 2476 2922 trimonio,
2509 2854 2664 2924 quod
2696 2858 2753 2908 et
2786 2855 2908 2926 ipse
2939 2853 3210 2910 diabolus
3245 2854 3602 2927 vilejudicat
3622 2873 3732 2928 pro
3749 2874 3844 2913 sa-

2179 2940 2301 2996 lute
2330 2941 2356 2995 ?
2388 2943 2601 2997 Parum
2633 2941 2748 2997 dixi
2784 2959 2884 3014 pro
2911 2943 3118 3010 salute,
3164 2960 3374 3016 parum
3433 2961 3567 3001 esse
3611 2950 3672 3002 et
3722 2964 3836 3018 pro

2178 3047 2370 3086 errore
2399 3034 2666 3086 testatur.
2702 3031 2983 3103 Denique,
3033 3056 3060 3082 «
3095 3032 3217 3089 haec
3274 3034 3494 3102 omnia,
3533 3060 3553 3087 ι
3611 3035 3830 3106 inquit,

2181 3143 2208 3168 ‹‹
2240 3120 2346 3174 tibi
2377 3120 2548 3187 dabo,
2582 3119 2632 3174 ei
2663 3120 2972 3191 procidens
3003 3122 3337 3178 adoraveris
3368 3139 3463 3178 me
3506 3123 3715 3194 (Matth.
3746 3140 3832 3192 ιγ,

419 3214 606 3282 tuam,
638 3215 697 3266 et
725 3215 896 3284 tange
928 3210 1125 3266 omnia
1152 3227 1279 3282 quae
1311 3182 1523 3266 habet:
1548 3182 1860 3267 videamus
1881 3211 1929 3266 si
1950 3229 2066 3268 non
2099 3182 2141 3250 (ἶ
2179 3208 2255 3279 9).
2293 3231 2320 3258 )›
2352 3209 2463 3263 Nec
2496 3182 2688 3264 solum
2737 3209 2973 3265 divitias
3005 3211 3235 3277 mundi,
3267 3211 3367 3266 sed
3416 3182 3593 3267 etiam
3651 3182 3839 3269 bono:

421 3300 480 3354 in
511 3299 719 3356 faciem
752 3304 806 3355 te
826 3299 1128 3356 benedicat
1159 3298 1315 3370 (Ibid.
1354 3300 1462 3365 11).
1497 3322 1523 3347 ››
1585 3300 1650 3354 Et
1685 3301 1833 3356 Deus
1872 3305 2064 3372 potes-

417 3393 597 3445 tatem
637 3389 799 3444 dedit
828 3387 1079 3455 diabolo,
1115 3392 1180 3443 ut
1208 3388 1468 3444 mitteret
1520 3405 1762 3444 manum
1805 3406 1972 3445 suam
2003 3391 2063 3446 in

415 3477 615 3533 omnia
635 3494 762 3548 quas
786 3476 1024 3533 haberet
1043 3477 1172 3532 Job.
1190 3476 1413 3542 Quibus
1434 3478 1636 3549 gestis,
1661 3495 1795 3534 cum
1826 3484 2065 3535 sanctus

412 3565 522 3622 Job
599 3564 921 3621 immobilis
979 3564 1038 3620 in
1088 3582 1196 3620 sua
1252 3566 1598 3622 fortitudine
1656 3573 2060 3638 permaneret:

414 3653 786 3727 quianonest
805 3657 999 3711 motus
1047 3654 1156 3710 Job
1201 3660 1303 3711 aut
1354 3655 1593 3710 interitu
1643 3655 1919 3721 filiorum,
1962 3662 2064 3714 aut

415 3743 721 3816 dispendio
751 3743 1097 3800 facultatum
1133 3760 1145 3800 :
1178 3744 1390 3800 iterum
1425 3744 1708 3800 Dominus
1739 3745 1809 3800 ad
1854 3745 2061 3801 diabo—

415 3832 540 3889 lum
572 3832 1001 3902 dixit,illudens
1031 3833 1102 3899 ei,
1136 3833 1290 3905 quod
1319 3833 1664 3904 dissipasset
1700 3833 1900 3890 omnia
1932 3852 2060 3907 quae

411 3923 699 3980 habuerat
724 3923 860 3993 Job,
885 3923 1037 3978 filios
1059 3925 1187 3993 ejus
1209 3921 1601 3978 interemisset
1624 3939 1636 3976 :
1657 3923 1847 3995 ipsum
1866 3927 2059 3981 tamen

369 4065 377 4070 _
412 4029 786 4086 nequaquam
814 4029 1044 4068 movere
1086 4013 1158 4066 de
1187 4010 1419 4066 virtutis
1445 4011 1692 4068 statione
1749 4013 2058 4084 potuisset.

409 4101 478 4156 Et
506 4099 603 4157 ille
626 4101 926 4172 respondit
955 4117 967 4154 :
1003 4122 1030 4150 «
1061 4100 1431 4170 Quaecunque
1462 4099 1636 4155 habet
1697 4100 1894 4165 homo,
1956 4120 2058 4174 pro

409 4189 607 4246 anima
637 4206 745 4246 sua
774 4189 956 4245 dabit.
996 4189 1105 4245 Sed
1166 4188 1353 4258 mitte,
1384 4211 1409 4238 ››
1467 4188 1680 4260 inquit,
1746 4212 1774 4239 ‹‹
1811 4206 2054 4246 manum

405 4283 591 4346 tuam,
625 4282 681 4334 et
709 4282 884 4350 tange
915 4294 1151 4334 carnem
1184 4280 1239 4333 et
1269 4293 1404 4333 ossa
1433 4278 1561 4348 ejus
1590 4277 1725 4348 (Job.
1760 4295 1822 4345 ιι,
1862 4281 1906 4346 1,
1939 4280 2056 4349 5).»

404 4366 474 4420 Et
503 4367 727 4437 accepit
753 4365 964 4423 iterum
997 4370 1347 4440 potestatem
1380 4370 1444 4421 ut
1501 4367 1759 4422 mitteret
1812 4384 2054 4424 manum

403 4469 574 4508 suam
608 4453 667 4508 in
700 4471 912 4526 corpus
945 4457 1073 4527 ejus
1108 4481 1122 4523 ;
1183 4461 1378 4511 tamen
1431 4460 1495 4510 ut
1549 4455 1809 4511 animam
1868 4456 2055 4528 ipsius

2175 3313 2268 3354 res
2298 3304 2354 3352 et
2385 3314 2564 3370 regna
2595 3298 2958 3354 monstravit.
3014 3299 3070 3355 Si
3105 3303 3266 3356 tanto
3324 3305 3576 3368 constat,
3607 3307 3678 3356 ut
3705 3302 3835 3358 dia-

2176 3385 2346 3443 bolus
2377 3387 2687 3451 adoretur;
2721 3392 3008 3458 quantum
3041 3388 3412 3445 Christianus
3442 3389 3614 3446 debet
3663 3391 3840 3446 oﬂ‘er-

2174 3492 2256 3540 re,
2288 3481 2352 3531 ut
2381 3493 2514 3531 cum
2545 3476 2774 3532 Christo
2806 3477 3188 3533 resuscitetur
3219 3479 3376 3534 ?Sed
3403 3477 3705 3535 diabolum
3736 3480 3834 3534 di-

2173 3563 2477 3621 mittamus
2505 3565 2676 3636 quasi
2707 3565 2938 3620 hircum
2985 3567 3320 3623 emissionis
3353 3567 3410 3622 in
3468 3568 3773 3624 desertum
3815 3587 3830 3637 ;

2173 3669 2362 3725 neque
2383 3653 2540 3709 enim
2569 3653 2762 3709 ﬁdelis
2794 3659 3054 3710 assertor
3081 3660 3172 3711 est
3197 3655 3460 3711 veritatis
3488 3674 3501 3711 :
3566 3657 3677 3713 etsi
3710 3657 3824 3712 ali-

2172 3742 2406 3813 quando
2438 3742 2816 3814 transﬁguret
2845 3759 2908 3798 se
2929 3742 2989 3798 in
3019 3743 3296 3816 angelum
3325 3744 3495 3800 lucis.

2237 3831 2328 3887 24.
2361 3831 2676 3886 Abundant
2705 3830 2872 3887 nobis
2904 3831 3233 3888 divinarum
3282 3833 3618 3890 testimonia
3672 3837 3825 3891 scri-

2169 3925 2497 3992 pturarum,
2532 3920 2746 3991 quibus
2777 3919 3128 3976 instruimur
3149 3920 3296 3976 nihil
3326 3938 3455 3978 esse
3488 3923 3547 3978 in
3579 3922 3827 3980 homine

2167 4009 2481 4082 pretiosius
2514 4009 2646 4074 fide,
2680 4008 2908 4064 nullum
2950 4013 3180 4064 tantum
3210 4027 3339 4066 esse
3367 4011 3819 4083 patrimonium,

2167 4099 2322 4171 quod
2355 4097 2562 4154 salutis
2594 4101 2803 4153 nostrae
2835 4102 3009 4170 atque
3039 4097 3247 4153 anima:
3307 4099 3490 4171 pretio
3549 4100 3822 4157 confera-

2164 4191 2278 4243 tur.
2315 4187 2452 4242 Fide
2482 4185 2776 4242 Abraham
2808 4187 3057 4258 patriam
3107 4203 3278 4242 suam
3347 4187 3584 4260 reliquit
3655 4189 3816 4259 (Gen.

2166 4295 2265 4344 χιι,
2299 4277 2374 4345 4),
2408 4279 2465 4331 et
2494 4281 2731 4344 terram,
2765 4280 2820 4331 et
2850 4276 3144 4348 proximos
3213 4275 3387 4332 etiam
3449 4294 3590 4350 quos
3645 4279 3814 4334 vide-

2164 4367 2283 4434 bat,
2318 4370 2374 4422 et
2404 4381 2538 4421 eum
2579 4381 2752 4436 quem
2786 4381 2901 4420 non
2960 4365 3212 4434 videbat,
3272 4370 3552 4439 tanquam
3605 4367 3816 4440 adspi-

2161 4455 2322 4511 ciens
2347 4453 2722 4526 sequebatur.
2757 4454 2984 4527 Moyses
3015 4471 3251 4527 quoque
3281 4455 3492 4511 anima:
3538 4473 3656 4512 suis
3687 4475 3821 4529 pre-

403 4540 1102 4614 custodiret.Etperiudit
1131 4543 1428 4599 ulceribus
1457 4548 1730 4599 sanctum
1763 4545 1876 4599 Job
1900 4547 2043 4616 (Job.
2075 4551 2123 4615 Β
2155 4545 2306 4601 tium
2339 4545 2532 4615 majus
2577 4543 2852 4598 omnibus
2919 4544 3148 4617 Egypti
3215 4544 3436 4600 divitiis
3501 4546 3820 4603 aestimavit

395 4647 514 4699 xv1,
543 4629 633 4699 13,
667 4631 779 4702 15),
815 4630 911 4684 ubi
944 4637 1034 4686 est
1073 4647 1347 4704 egressus
1377 4649 1411 4687 a
1459 4633 1722 4689 Domino.
1782 4633 2046 4689 Adverti-

395 4737 532 4777 mus
564 4736 700 4793 ergo
750 4719 908 4791 quod
969 4737 1181 4775 manus
1225 4719 1453 4776 Domini
1492 4721 1740 4789 dicatur,
1802 4722 1901 4777 ubi
1961 4727 2050 4779 est

394 4808 674 4876 hominis,
694 4807 925 4865 diabolo
956 4808 1287 4875 infestante,
1333 4809 1596 4864 tentatio.
1658 4810 1958 4882 Siquidem
1991 4818 2047 4868 et

391 4899 504 4956 Job
537 4915 780 4955 manum
808 4898 1036 4954 Domini
1064 4896 1209 4953 dixit
1237 4913 1366 4954 esse
1397 4914 1522 4969 quae
1553 4915 1614 4953 se
1645 4899 1900 4972 tetigerit
1929 4902 2044 4972 (Job

391 5005 510 5053 ιιι,
540 4988 652 5059 2t),
687 4993 741 5044 et
765 4988 1010 5060 sagittas
1037 4987 1269 5043 Domini
1301 5003 1431 5042 esse
1472 4989 1817 5042 memoravit
1870 4991 2045 5062 sagit-

392 5080 482 5134 tas
510 5075 860 5148 piratarum.
896 5099 923 5128 «
957 5077 1025 5131 Et
1054 5075 1319 5145 tradidit,
1356 5097 1383 5124 ››
1416 5075 1629 5147 inquit,
1656 5100 1682 5126 ‹‹
1718 5093 1809 5132 me
1841 5078 1896 5132 in
1917 5095 2039 5134 ma-

390 5181 505 5221 nus
526 5165 731 5237 injusti
753 5166 874 5236 (Job
894 5183 1008 5234 xv1,
1043 5165 1153 5236 14).
1187 5187 1213 5214 ›ρ
1252 5165 1376 5236 [pse
1399 5165 1594 5236 itaque
1624 5164 1872 5220 absolvit
1901 5167 2036 5240 (55),

390 5253 528 5324 quia
557 5270 691 5310 cum
722 5253 992 5311 diabolus
1019 5254 1306 5322 vulnerat,
1343 5253 1570 5309 Domini
1604 5257 1745 5308 sunt
1791 5255 2036 5327 sagittae,

457 5411 570 5480 (54)
593 5413 760 5469 Rom.
786 5413 924 5470 edit.
959 5415 1291 5469 detraxerat
1332 5412 1439 5467 has
1464 5430 1654 5478 voces,
1714 5416 2037 5474 substantia:

383 5481 539 5558 viri._
563 5481 867 5558 No_n_s_atis
917 5485 1191 5558 consulte
1209 5500 1394 5558 ,'_nec_
1428 5485 1582 5539 enim
1619 5485 1712 5540 hic
1768 5486 2036 5558 signatur

383 5551 570 5621 aliud,
601 5553 973 5626 nisilaudem
1002 5557 1114 5612 Job
1146 5555 1270 5624 viri,
1305 5555 1475 5626 cujus
1522 5561 1646 5613 erat
1701 5551 2032 5617 substantia

379 5639 449 5706 ac
481 5627 690 5680 natura
718 5624 974 5696 inferior,
1004 5643 1182 5702 quam
1213 5624 1544 5696 substantia
1571 5643 1637 5690 ao
1679 5634 1890 5696 natura
1920 5633 2030 5690 dae-

640 5819 700 5863 Ἃ

2157 4634 2334 4705 (Hebr.
2367 4651 2444 4701 x1,
2474 4633 2586 4703 26).
2621 4632 2767 4698 Quid
2781 4633 2851 4687 de
2881 4631 3614 4706 virissublimibusloquar
3643 4635 3672 4690 ?
3707 4637 3818 4692 Ba-

2155 4723 2270 4778 hab
2302 4721 2578 4777 meretrix
2605 4722 2783 4792 (Iosue
2803 4735 2866 4788 ιι,
2901 4723 2954 4788 1,
2983 4721 3042 4791 9)
3070 4720 3400 4795 alienigena
3456 4721 3560 4780 illa
3602 4725 3677 4781 de
3706 4742 3814 4781 se.

2153 4812 2303 4880 culo,
2339 4817 2535 4866 tamen
2565 4809 2827 4865 animam
2860 4827 3034 4866 suam
3066 4827 3182 4867 non
3215 4811 3405 4867 solum
3465 4818 3810 4887 contemptu

2153 4901 2420 4956 omnium
2471 4916 2598 4971 qua:
2643 4898 2919 4965 habebat,
2952 4899 3055 4955 sed
3113 4901 3289 4956 ctiam
3339 4902 3469 4956 vita:
3527 4902 3808 4974 periculis

2152 4989 2376 5061 putavit
2405 5005 2533 5044 esse
2576 4988 2981 5042 redimendam
3017 5005 3028 5041 :
3059 5005 3213 5060 quae
3241 4988 3634 5062 exploratores
3662 4991 3806 5047 Jesu

2150 5079 2304 5134 Nave
2335 5078 2560 5133 civibus
2591 5076 2715 5132 suis
2743 5077 3140 5148 quaerentibus
3171 5077 3477 5150 denegavit
3508 5097 3523 5147 ;
3556 5084 3614 5135 et
3661 5080 3803 5137 hos-

2147 5172 2234 5224 tes
2257 5165 2732 5240 patrizeJegatost
2751 5181 2920 5221 amen
2939 5165 3072 5222 fidei
3091 5164 3299 5222 maluit
3314 5165 3606 5224 occultare
3622 5185 3804 5241 quam

2146 5257 2412 5328 prodere.
2446 5255 2570 5310 Non
2601 5271 2729 5311 eam
2765 5255 2935 5311 minae
2967 5255 3203 5324 civium,
3236 5272 3352 5312 non
3385 5256 3677 5315 bellorum
3708 5275 3801 5332 pe-

2145 5414 2360 5482 monis,
2391 5414 2655 5484 ejusdem
2690 5415 2972 5472 damonis
3003 5431 3132 5472 esse
3162 5415 3734 5474 condemnationem.

2236 5487 2327 5555 55)
2357 5487 2614 5553 Absolvit,
2649 5485 2708 5541 id
2739 5492 2848 5555 est,
2885 5486 3184 5543 concludit
3212 5504 3278 5543 ac
3308 5488 3543 5543 evincit.

2236 5487 2307 5540 55
2357 5487 2614 5553 Absolvit,
2649 5487 2708 5541 id
2739 5492 2848 5555 est,
2885 5487 3184 5543 concludit
3212 5504 3278 5543 ac
3308 5488 3484 5543 evinci

2214 5487 2327 5633 (56)
2358 5557 2498 5616 Mss.
2533 5556 2777 5633 aliquot,
2809 5559 3009 5616 Anima
3039 5561 3157 5634 ipsa
3189 5557 3484 5619 dividitur.
